contract_id,symbol,buyer_member_id,seller_member_id,volume,price,amount,buyer_broker,seller_broker,transaction_time
2026041001001458,GBIME,14,41,24,240.0,5760.0,Nepal Stock House (PVT) Ltd.,Linch Stock Market Ltd.,2026-04-10T11:05:12.154817
2026041001001701,GBIME,14,36,100,240.0,24000.0,Nepal Stock House (PVT) Ltd.,Secured Securities Ltd.,2026-04-10T11:06:11.211338
2026041001002037,GBIME,14,32,200,240.0,48000.0,Nepal Stock House (PVT) Ltd.,Premier Securities Company Ltd.,2026-04-10T11:07:07.052517
2026041001002159,GBIME,4,38,15,241.8,3627.0,Opal Securities Investment (PVT) Ltd.,Dipshikha Dhitopatra Karobar Co. Pvt Ltd.,2026-04-10T11:07:39.774886
2026041001002160,GBIME,4,32,135,242.0,32670.0,Opal Securities Investment (PVT) Ltd.,Premier Securities Company Ltd.,2026-04-10T11:07:39.775055
2026041001002420,GBIME,34,32,29,242.0,7018.0,Vision Securities Pvt. Ltd,Premier Securities Company Ltd.,2026-04-10T11:08:25.435592
2026041001002421,GBIME,34,32,200,242.0,48400.0,Vision Securities Pvt. Ltd,Premier Securities Company Ltd.,2026-04-10T11:08:25.435659
2026041001002422,GBIME,34,8,300,242.8,72840.0,Vision Securities Pvt. Ltd,Brilliant Securities Pvt. Ltd.,2026-04-10T11:08:25.435713
2026041001002423,GBIME,34,44,500,242.9,121450.0,Vision Securities Pvt. Ltd,Dynamic Money Managers Securities Pvt. Ltd.,2026-04-10T11:08:25.435749
2026041001002424,GBIME,34,42,100,242.9,24290.0,Vision Securities Pvt. Ltd,Sani Securities Company Ltd.,2026-04-10T11:08:25.435782
2026041001002425,GBIME,34,57,753,242.9,182903.7,Vision Securities Pvt. Ltd,Aryatara Investment & Securities,2026-04-10T11:08:25.435814
2026041001002426,GBIME,34,58,10,243.0,2430.0,Vision Securities Pvt. Ltd,Naasa Securities Co. Ltd.,2026-04-10T11:08:25.435846
2026041001002427,GBIME,34,34,100,243.0,24300.0,Vision Securities Pvt. Ltd,Vision Securities Pvt. Ltd,2026-04-10T11:08:25.435883
2026041001002428,GBIME,34,57,1000,243.0,243000.0,Vision Securities Pvt. Ltd,Aryatara Investment & Securities,2026-04-10T11:08:25.435911
2026041001002713,GBIME,58,42,40,241.0,9640.0,Naasa Securities Co. Ltd.,Sani Securities Company Ltd.,2026-04-10T11:09:21.724739
2026041001003405,GBIME,69,19,10,242.9,2429.0,INDEX SECURITIES LIMITED,Nepal Investment And Securities Trading Private Limited,2026-04-10T11:11:40.799356
2026041001003524,GBIME,58,11,10,241.0,2410.0,Naasa Securities Co. Ltd.,Malla & Malla Stock Broking Company Pvt. Limited,2026-04-10T11:12:24.401894
2026041001003525,GBIME,44,11,30,241.0,7230.0,Dynamic Money Managers Securities Pvt. Ltd.,Malla & Malla Stock Broking Company Pvt. Limited,2026-04-10T11:12:24.402154
2026041001003526,GBIME,34,11,80,241.0,19280.0,Vision Securities Pvt. Ltd,Malla & Malla Stock Broking Company Pvt. Limited,2026-04-10T11:12:24.402336
2026041001003527,GBIME,49,11,24,241.0,5784.0,Online Securities Pvt. Ltd.,Malla & Malla Stock Broking Company Pvt. Limited,2026-04-10T11:12:24.402497
2026041001003755,GBIME,58,49,95,242.0,22990.0,Naasa Securities Co. Ltd.,Online Securities Pvt. Ltd.,2026-04-10T11:13:33.037405
2026041001003756,GBIME,58,19,105,242.9,25504.5,Naasa Securities Co. Ltd.,Nepal Investment And Securities Trading Private Limited,2026-04-10T11:13:33.037484
2026041001003828,GBIME,32,57,200,241.5,48300.0,Premier Securities Company Ltd.,Aryatara Investment & Securities,2026-04-10T11:13:58.589263
2026041001004042,GBIME,58,49,21,241.5,5071.5,Naasa Securities Co. Ltd.,Online Securities Pvt. Ltd.,2026-04-10T11:14:51.862412
2026041001004152,GBIME,36,57,30,241.9,7257.0,Secured Securities Ltd.,Aryatara Investment & Securities,2026-04-10T11:15:22.31691
2026041001004227,GBIME,25,57,35,241.9,8466.5,Sweta Securities Private Limited,Aryatara Investment & Securities,2026-04-10T11:15:40.954002
2026041001004322,GBIME,4,57,12,241.9,2902.8,Opal Securities Investment (PVT) Ltd.,Aryatara Investment & Securities,2026-04-10T11:16:08.063876
2026041001004621,GBIME,58,4,29,241.5,7003.5,Naasa Securities Co. Ltd.,Opal Securities Investment (PVT) Ltd.,2026-04-10T11:17:26.8479
2026041001004622,GBIME,49,4,187,241.0,45067.0,Online Securities Pvt. Ltd.,Opal Securities Investment (PVT) Ltd.,2026-04-10T11:17:26.847999
2026041001004686,GBIME,49,36,100,241.0,24100.0,Online Securities Pvt. Ltd.,Secured Securities Ltd.,2026-04-10T11:17:44.070116
2026041001004743,GBIME,49,43,89,241.0,21449.0,Online Securities Pvt. Ltd.,South Asian Bulls Pvt. Ltd.,2026-04-10T11:17:59.489612
2026041001004744,GBIME,49,43,200,241.0,48200.0,Online Securities Pvt. Ltd.,South Asian Bulls Pvt. Ltd.,2026-04-10T11:17:59.489798
2026041001004745,GBIME,44,43,111,240.4,26684.4,Dynamic Money Managers Securities Pvt. Ltd.,South Asian Bulls Pvt. Ltd.,2026-04-10T11:17:59.489906
2026041001004945,GBIME,49,38,10,241.0,2410.0,Online Securities Pvt. Ltd.,Dipshikha Dhitopatra Karobar Co. Pvt Ltd.,2026-04-10T11:18:58.57653
2026041001005133,GBIME,49,1,20,241.0,4820.0,Online Securities Pvt. Ltd.,Kumari Securities Private Limited,2026-04-10T11:19:54.67721
2026041001005726,GBIME,34,57,223,241.9,53943.7,Vision Securities Pvt. Ltd,Aryatara Investment & Securities,2026-04-10T11:22:05.946803
2026041001005727,GBIME,34,16,200,241.9,48380.0,Vision Securities Pvt. Ltd,Primo Securities (PVT) Ltd.,2026-04-10T11:22:05.946904
2026041001005728,GBIME,34,56,100,242.0,24200.0,Vision Securities Pvt. Ltd,Sri Hari Securities Pvt. Ltd.,2026-04-10T11:22:05.946956
2026041001005729,GBIME,34,19,185,242.9,44936.5,Vision Securities Pvt. Ltd,Nepal Investment And Securities Trading Private Limited,2026-04-10T11:22:05.947004
2026041001005730,GBIME,34,6,100,242.9,24290.0,Vision Securities Pvt. Ltd,Agrawal Securities (PVT) Ltd.,2026-04-10T11:22:05.947058
2026041001005731,GBIME,34,36,100,242.9,24290.0,Vision Securities Pvt. Ltd,Secured Securities Ltd.,2026-04-10T11:22:05.947102
2026041001005732,GBIME,34,45,1000,242.9,242900.0,Vision Securities Pvt. Ltd,Imperial Securities Company Pvt. Ltd.,2026-04-10T11:22:05.947148
2026041001005733,GBIME,34,54,250,243.0,60750.0,Vision Securities Pvt. Ltd,Sewa Securities Pvt. Ltd.,2026-04-10T11:22:05.947204
2026041001005734,GBIME,34,32,100,243.0,24300.0,Vision Securities Pvt. Ltd,Premier Securities Company Ltd.,2026-04-10T11:22:05.947248
2026041001005735,GBIME,34,37,450,243.0,109350.0,Vision Securities Pvt. Ltd,Swarna Laxmi Securities Pvt. Ltd.,2026-04-10T11:22:05.947317
2026041001005736,GBIME,34,85,200,243.0,48600.0,Vision Securities Pvt. Ltd,Capital Hub P. Ltd,2026-04-10T11:22:05.947368
2026041001005737,GBIME,34,6,92,243.0,22356.0,Vision Securities Pvt. Ltd,Agrawal Securities (PVT) Ltd.,2026-04-10T11:22:05.947423
2026041001006086,GBIME,34,22,109,241.0,26269.0,Vision Securities Pvt. Ltd,Siprabi Securities Pvt. Ltd.,2026-04-10T11:23:24.833513
2026041001006190,GBIME,34,22,217,241.0,52297.0,Vision Securities Pvt. Ltd,Siprabi Securities Pvt. Ltd.,2026-04-10T11:24:01.982193
2026041001006244,GBIME,34,1,500,241.0,120500.0,Vision Securities Pvt. Ltd,Kumari Securities Private Limited,2026-04-10T11:24:24.381516
2026041001006703,GBIME,34,47,208,241.0,50128.0,Vision Securities Pvt. Ltd,Neev Securities Pvt. Ltd.,2026-04-10T11:25:34.776414
2026041001007240,GBIME,48,21,10,242.0,2420.0,Trishakti Securities Public Limited,Midas Stock Broking Company Private Limited,2026-04-10T11:27:46.252326
2026041001007682,GBIME,45,21,10,242.0,2420.0,Imperial Securities Company Pvt. Ltd.,Midas Stock Broking Company Private Limited,2026-04-10T11:29:03.584766
2026041001007903,GBIME,34,14,100,241.1,24110.0,Vision Securities Pvt. Ltd,Nepal Stock House (PVT) Ltd.,2026-04-10T11:29:32.018993
2026041001008217,GBIME,29,74,10,241.9,2419.0,Trisul Securities & Invt. Ltd.,KALASH STOCK MARKET PVT. LTD.,2026-04-10T11:30:21.839173
2026041001008530,GBIME,49,74,10,241.9,2419.0,Online Securities Pvt. Ltd.,KALASH STOCK MARKET PVT. LTD.,2026-04-10T11:31:27.489792
2026041001008698,GBIME,34,74,980,241.9,237062.0,Vision Securities Pvt. Ltd,KALASH STOCK MARKET PVT. LTD.,2026-04-10T11:32:05.965277
2026041001008769,GBIME,48,34,10,241.3,2413.0,Trishakti Securities Public Limited,Vision Securities Pvt. Ltd,2026-04-10T11:32:21.396557
2026041001009110,GBIME,57,58,12,242.0,2904.0,Aryatara Investment & Securities,Naasa Securities Co. Ltd.,2026-04-10T11:33:14.941445
2026041001009111,GBIME,57,42,29,242.0,7018.0,Aryatara Investment & Securities,Sani Securities Company Ltd.,2026-04-10T11:33:14.941571
2026041001009853,GBIME,34,25,250,241.9,60475.0,Vision Securities Pvt. Ltd,Sweta Securities Private Limited,2026-04-10T11:36:48.827
2026041001009854,GBIME,34,74,736,241.9,178038.4,Vision Securities Pvt. Ltd,KALASH STOCK MARKET PVT. LTD.,2026-04-10T11:36:48.827
2026041001009877,GBIME,38,74,50,241.9,12095.0,Dipshikha Dhitopatra Karobar Co. Pvt Ltd.,KALASH STOCK MARKET PVT. LTD.,2026-04-10T11:36:53.743
2026041001010289,GBIME,48,74,10,241.9,2419.0,Trishakti Securities Public Limited,KALASH STOCK MARKET PVT. LTD.,2026-04-10T11:39:05.727
2026041001010362,GBIME,45,6,300,241.4,72420.0,Imperial Securities Company Pvt. Ltd.,Agrawal Securities (PVT) Ltd.,2026-04-10T11:39:34.794
2026041001010641,GBIME,34,74,204,241.9,49347.6,Vision Securities Pvt. Ltd,KALASH STOCK MARKET PVT. LTD.,2026-04-10T11:41:09.454
2026041001010642,GBIME,34,32,1037,241.9,250850.3,Vision Securities Pvt. Ltd,Premier Securities Company Ltd.,2026-04-10T11:41:09.455
2026041001010643,GBIME,34,42,71,242.0,17182.0,Vision Securities Pvt. Ltd,Sani Securities Company Ltd.,2026-04-10T11:41:09.455
2026041001010644,GBIME,34,21,1002,242.0,242484.0,Vision Securities Pvt. Ltd,Midas Stock Broking Company Private Limited,2026-04-10T11:41:09.455
2026041001010686,GBIME,34,58,67,242.0,16214.0,Vision Securities Pvt. Ltd,Naasa Securities Co. Ltd.,2026-04-10T11:41:24.061
2026041001010826,GBIME,34,6,610,242.0,147620.0,Vision Securities Pvt. Ltd,Agrawal Securities (PVT) Ltd.,2026-04-10T11:42:15.328
2026041001011209,GBIME,89,16,25,241.9,6047.5,Global IME Securities Limited,Primo Securities (PVT) Ltd.,2026-04-10T11:45:11.504
2026041001011292,GBIME,34,16,175,241.9,42332.5,Vision Securities Pvt. Ltd,Primo Securities (PVT) Ltd.,2026-04-10T11:45:36.005
2026041001011293,GBIME,34,49,10,242.0,2420.0,Vision Securities Pvt. Ltd,Online Securities Pvt. Ltd.,2026-04-10T11:45:36.006
2026041001011294,GBIME,34,41,258,242.0,62436.0,Vision Securities Pvt. Ltd,Linch Stock Market Ltd.,2026-04-10T11:45:36.006
2026041001011295,GBIME,34,25,3566,242.0,862972.0,Vision Securities Pvt. Ltd,Sweta Securities Private Limited,2026-04-10T11:45:36.006
2026041001011667,GBIME,22,77,10,241.5,2415.0,Siprabi Securities Pvt. Ltd.,Nabil Stock Dealer Ltd.,2026-04-10T11:47:52.451
2026041001011680,GBIME,22,58,50,241.5,12075.0,Siprabi Securities Pvt. Ltd.,Naasa Securities Co. Ltd.,2026-04-10T11:48:01.605
2026041001011810,GBIME,58,41,10,241.8,2418.0,Naasa Securities Co. Ltd.,Linch Stock Market Ltd.,2026-04-10T11:48:48.478
2026041001012233,GBIME,56,41,50,241.4,12070.0,Sri Hari Securities Pvt. Ltd.,Linch Stock Market Ltd.,2026-04-10T11:51:31.137
2026041001012235,GBIME,34,41,50,241.3,12065.0,Vision Securities Pvt. Ltd,Linch Stock Market Ltd.,2026-04-10T11:51:31.138
2026041001012234,GBIME,57,41,100,241.3,24130.0,Aryatara Investment & Securities,Linch Stock Market Ltd.,2026-04-10T11:51:31.138
2026041001012296,GBIME,34,33,1950,241.3,470535.0,Vision Securities Pvt. Ltd,Dakshinkali Investment & Securities Pvt. Ltd.,2026-04-10T11:52:03.993
2026041001012371,GBIME,34,33,1000,241.1,241100.0,Vision Securities Pvt. Ltd,Dakshinkali Investment & Securities Pvt. Ltd.,2026-04-10T11:52:26.915
2026041001012394,GBIME,34,33,50,241.1,12055.0,Vision Securities Pvt. Ltd,Dakshinkali Investment & Securities Pvt. Ltd.,2026-04-10T11:52:39.684
2026041001012471,GBIME,34,58,262,241.1,63168.2,Vision Securities Pvt. Ltd,Naasa Securities Co. Ltd.,2026-04-10T11:53:21.48
2026041001012549,GBIME,76,57,10,241.7,2417.0,Machhapuchchhre Securities Limited,Aryatara Investment & Securities,2026-04-10T11:53:56.849
2026041001012598,GBIME,34,94,246,241.1,59310.6,Vision Securities Pvt. Ltd,K.B.L. Securities Limited ,2026-04-10T11:54:24.254
2026041001012723,GBIME,76,57,10,241.7,2417.0,Machhapuchchhre Securities Limited,Aryatara Investment & Securities,2026-04-10T11:55:18.968
2026041001012908,GBIME,34,47,200,241.1,48220.0,Vision Securities Pvt. Ltd,Neev Securities Pvt. Ltd.,2026-04-10T11:56:40.291
2026041001012958,GBIME,76,57,10,241.7,2417.0,Machhapuchchhre Securities Limited,Aryatara Investment & Securities,2026-04-10T11:57:06.847
2026041001013034,GBIME,34,58,15,241.1,3616.5,Vision Securities Pvt. Ltd,Naasa Securities Co. Ltd.,2026-04-10T11:57:47.759
2026041001013090,GBIME,34,38,10,241.1,2411.0,Vision Securities Pvt. Ltd,Dipshikha Dhitopatra Karobar Co. Pvt Ltd.,2026-04-10T11:58:10.534
2026041001013103,GBIME,34,41,10,242.0,2420.0,Vision Securities Pvt. Ltd,Linch Stock Market Ltd.,2026-04-10T11:58:20.123
2026041001013104,GBIME,34,58,12,242.0,2904.0,Vision Securities Pvt. Ltd,Naasa Securities Co. Ltd.,2026-04-10T11:58:20.123
2026041001013101,GBIME,34,57,470,241.7,113599.0,Vision Securities Pvt. Ltd,Aryatara Investment & Securities,2026-04-10T11:58:20.123
2026041001013102,GBIME,34,25,1434,242.0,347028.0,Vision Securities Pvt. Ltd,Sweta Securities Private Limited,2026-04-10T11:58:20.123
2026041001013106,GBIME,34,14,60,242.0,14520.0,Vision Securities Pvt. Ltd,Nepal Stock House (PVT) Ltd.,2026-04-10T11:58:20.124
2026041001013105,GBIME,34,58,16,242.0,3872.0,Vision Securities Pvt. Ltd,Naasa Securities Co. Ltd.,2026-04-10T11:58:20.124
2026041001013583,GBIME,7,52,30,242.0,7260.0,J.F. Securites (PVT) Ltd.,Sundhara Securities Limited,2026-04-10T12:01:09.578
2026041001014375,GBIME,58,52,16,242.0,3872.0,Naasa Securities Co. Ltd.,Sundhara Securities Limited,2026-04-10T12:05:53.96342
2026041001014459,GBIME,49,22,500,241.2,120600.0,Online Securities Pvt. Ltd.,Siprabi Securities Pvt. Ltd.,2026-04-10T12:07:01.130547
2026041001014477,GBIME,49,47,150,241.2,36180.0,Online Securities Pvt. Ltd.,Neev Securities Pvt. Ltd.,2026-04-10T12:07:10.519545
2026041001014653,GBIME,49,84,1350,241.2,325620.0,Online Securities Pvt. Ltd.,MILKY WAY SHARE BROKER COMPANY LTD ,2026-04-10T12:08:10.250559
2026041001014654,GBIME,34,84,117,241.1,28208.7,Vision Securities Pvt. Ltd,MILKY WAY SHARE BROKER COMPANY LTD ,2026-04-10T12:08:10.250725
2026041001014655,GBIME,58,84,50,241.1,12055.0,Naasa Securities Co. Ltd.,MILKY WAY SHARE BROKER COMPANY LTD ,2026-04-10T12:08:10.250879
2026041001014656,GBIME,51,84,99,241.1,23868.9,Oxford Securities Pvt. Ltd.,MILKY WAY SHARE BROKER COMPANY LTD ,2026-04-10T12:08:10.251116
2026041001014657,GBIME,21,84,150,241.0,36150.0,Midas Stock Broking Company Private Limited,MILKY WAY SHARE BROKER COMPANY LTD ,2026-04-10T12:08:10.251347
2026041001014658,GBIME,34,84,10,241.0,2410.0,Vision Securities Pvt. Ltd,MILKY WAY SHARE BROKER COMPANY LTD ,2026-04-10T12:08:10.251566
2026041001014659,GBIME,52,84,500,241.0,120500.0,Sundhara Securities Limited,MILKY WAY SHARE BROKER COMPANY LTD ,2026-04-10T12:08:10.251787
2026041001014660,GBIME,38,84,50,241.0,12050.0,Dipshikha Dhitopatra Karobar Co. Pvt Ltd.,MILKY WAY SHARE BROKER COMPANY LTD ,2026-04-10T12:08:10.252014
2026041001014661,GBIME,42,84,100,241.0,24100.0,Sani Securities Company Ltd.,MILKY WAY SHARE BROKER COMPANY LTD ,2026-04-10T12:08:10.252239
2026041001014662,GBIME,38,84,14,241.0,3374.0,Dipshikha Dhitopatra Karobar Co. Pvt Ltd.,MILKY WAY SHARE BROKER COMPANY LTD ,2026-04-10T12:08:10.252451
2026041001014663,GBIME,4,84,10,241.0,2410.0,Opal Securities Investment (PVT) Ltd.,MILKY WAY SHARE BROKER COMPANY LTD ,2026-04-10T12:08:10.252665
2026041001014664,GBIME,77,84,150,241.0,36150.0,Nabil Stock Dealer Ltd.,MILKY WAY SHARE BROKER COMPANY LTD ,2026-04-10T12:08:10.25287
2026041001014665,GBIME,34,84,51,241.0,12291.0,Vision Securities Pvt. Ltd,MILKY WAY SHARE BROKER COMPANY LTD ,2026-04-10T12:08:10.253092
2026041001014714,GBIME,34,34,1000,241.0,241000.0,Vision Securities Pvt. Ltd,Vision Securities Pvt. Ltd,2026-04-10T12:08:29.758268
2026041001014726,GBIME,34,39,500,241.0,120500.0,Vision Securities Pvt. Ltd,Sumeru Securities Pvt. Ltd.,2026-04-10T12:08:42.041189
2026041001014803,GBIME,34,14,983,241.0,236903.0,Vision Securities Pvt. Ltd,Nepal Stock House (PVT) Ltd.,2026-04-10T12:09:12.008377
2026041001014804,GBIME,49,14,17,241.0,4097.0,Online Securities Pvt. Ltd.,Nepal Stock House (PVT) Ltd.,2026-04-10T12:09:12.008559
2026041001014806,GBIME,49,7,100,241.0,24100.0,Online Securities Pvt. Ltd.,J.F. Securites (PVT) Ltd.,2026-04-10T12:09:12.894613
2026041001014818,GBIME,49,28,1883,241.0,453803.0,Online Securities Pvt. Ltd.,Shree Krishna Securities Ltd.,2026-04-10T12:09:17.510533
2026041001014824,GBIME,41,48,600,240.7,144420.0,Linch Stock Market Ltd.,Trishakti Securities Public Limited,2026-04-10T12:09:23.341
2026041001014825,GBIME,22,48,55,240.6,13233.0,Siprabi Securities Pvt. Ltd.,Trishakti Securities Public Limited,2026-04-10T12:09:23.341078
2026041001014829,GBIME,22,28,445,240.6,107067.0,Siprabi Securities Pvt. Ltd.,Shree Krishna Securities Ltd.,2026-04-10T12:09:26.259559
2026041001014830,GBIME,43,28,10,240.5,2405.0,South Asian Bulls Pvt. Ltd.,Shree Krishna Securities Ltd.,2026-04-10T12:09:26.259638
2026041001014831,GBIME,69,28,20,240.5,4810.0,INDEX SECURITIES LIMITED,Shree Krishna Securities Ltd.,2026-04-10T12:09:26.25968
2026041001014832,GBIME,17,28,80,240.5,19240.0,ABC Securities Private Limited,Shree Krishna Securities Ltd.,2026-04-10T12:09:26.259716
2026041001014833,GBIME,44,28,445,240.4,106978.0,Dynamic Money Managers Securities Pvt. Ltd.,Shree Krishna Securities Ltd.,2026-04-10T12:09:26.259742
2026041001014853,GBIME,44,28,444,240.4,106737.6,Dynamic Money Managers Securities Pvt. Ltd.,Shree Krishna Securities Ltd.,2026-04-10T12:09:34.723153
2026041001014854,GBIME,36,28,100,240.2,24020.0,Secured Securities Ltd.,Shree Krishna Securities Ltd.,2026-04-10T12:09:34.723208
2026041001014855,GBIME,57,28,100,240.1,24010.0,Aryatara Investment & Securities,Shree Krishna Securities Ltd.,2026-04-10T12:09:34.723236
2026041001014856,GBIME,14,28,121,240.0,29040.0,Nepal Stock House (PVT) Ltd.,Shree Krishna Securities Ltd.,2026-04-10T12:09:34.723261
2026041001014857,GBIME,58,28,50,240.0,12000.0,Naasa Securities Co. Ltd.,Shree Krishna Securities Ltd.,2026-04-10T12:09:34.723285
2026041001014858,GBIME,53,28,1000,240.0,240000.0,Investment Management Nepal Pvt. Ltd.,Shree Krishna Securities Ltd.,2026-04-10T12:09:34.723306
2026041001014859,GBIME,41,28,11,240.0,2640.0,Linch Stock Market Ltd.,Shree Krishna Securities Ltd.,2026-04-10T12:09:34.723338
2026041001014860,GBIME,58,28,174,240.0,41760.0,Naasa Securities Co. Ltd.,Shree Krishna Securities Ltd.,2026-04-10T12:09:34.723358
2026041001014872,GBIME,58,58,26,240.0,6240.0,Naasa Securities Co. Ltd.,Naasa Securities Co. Ltd.,2026-04-10T12:09:43.389259
2026041001014873,GBIME,21,58,34,240.0,8160.0,Midas Stock Broking Company Private Limited,Naasa Securities Co. Ltd.,2026-04-10T12:09:43.389466
2026041001014875,GBIME,50,28,500,240.0,120000.0,Cristal Kanchanjanga Securites Pvt. Ltd.,Shree Krishna Securities Ltd.,2026-04-10T12:09:44.502599
2026041001014876,GBIME,41,28,20,240.0,4800.0,Linch Stock Market Ltd.,Shree Krishna Securities Ltd.,2026-04-10T12:09:44.502698
2026041001014877,GBIME,46,28,20,240.0,4800.0,Kalika Securities Pvt. Ltd.,Shree Krishna Securities Ltd.,2026-04-10T12:09:44.50277
2026041001014878,GBIME,34,28,50,240.0,12000.0,Vision Securities Pvt. Ltd,Shree Krishna Securities Ltd.,2026-04-10T12:09:44.502842
2026041001014879,GBIME,38,28,15,240.0,3600.0,Dipshikha Dhitopatra Karobar Co. Pvt Ltd.,Shree Krishna Securities Ltd.,2026-04-10T12:09:44.502913
2026041001014880,GBIME,42,28,10,240.0,2400.0,Sani Securities Company Ltd.,Shree Krishna Securities Ltd.,2026-04-10T12:09:44.502982
2026041001014881,GBIME,45,28,400,240.0,96000.0,Imperial Securities Company Pvt. Ltd.,Shree Krishna Securities Ltd.,2026-04-10T12:09:44.50307
2026041001014882,GBIME,38,28,150,239.1,35865.0,Dipshikha Dhitopatra Karobar Co. Pvt Ltd.,Shree Krishna Securities Ltd.,2026-04-10T12:09:44.503147
2026041001014883,GBIME,22,28,500,239.1,119550.0,Siprabi Securities Pvt. Ltd.,Shree Krishna Securities Ltd.,2026-04-10T12:09:44.50322
2026041001014884,GBIME,11,28,1255,239.0,299945.0,Malla & Malla Stock Broking Company Pvt. Limited,Shree Krishna Securities Ltd.,2026-04-10T12:09:44.503296
2026041001014885,GBIME,58,28,50,239.0,11950.0,Naasa Securities Co. Ltd.,Shree Krishna Securities Ltd.,2026-04-10T12:09:44.503378
2026041001014886,GBIME,58,28,836,239.0,199804.0,Naasa Securities Co. Ltd.,Shree Krishna Securities Ltd.,2026-04-10T12:09:44.50345
2026041001014887,GBIME,53,28,1000,239.0,239000.0,Investment Management Nepal Pvt. Ltd.,Shree Krishna Securities Ltd.,2026-04-10T12:09:44.503518
2026041001014888,GBIME,16,28,1100,239.0,262900.0,Primo Securities (PVT) Ltd.,Shree Krishna Securities Ltd.,2026-04-10T12:09:44.503588
2026041001014889,GBIME,35,28,500,239.0,119500.0,Kohinoor Investment & Securities Pvt. Ltd.,Shree Krishna Securities Ltd.,2026-04-10T12:09:44.503658
2026041001014890,GBIME,48,28,10,239.0,2390.0,Trishakti Securities Public Limited,Shree Krishna Securities Ltd.,2026-04-10T12:09:44.503729
2026041001014891,GBIME,51,28,50,239.0,11950.0,Oxford Securities Pvt. Ltd.,Shree Krishna Securities Ltd.,2026-04-10T12:09:44.503784
2026041001014892,GBIME,58,28,100,238.2,23820.0,Naasa Securities Co. Ltd.,Shree Krishna Securities Ltd.,2026-04-10T12:09:44.503855
2026041001014893,GBIME,43,28,300,238.0,71400.0,South Asian Bulls Pvt. Ltd.,Shree Krishna Securities Ltd.,2026-04-10T12:09:44.503928
2026041001014894,GBIME,49,28,60,238.0,14280.0,Online Securities Pvt. Ltd.,Shree Krishna Securities Ltd.,2026-04-10T12:09:44.503999
2026041001014895,GBIME,8,28,100,238.0,23800.0,Brilliant Securities Pvt. Ltd.,Shree Krishna Securities Ltd.,2026-04-10T12:09:44.504086
2026041001014896,GBIME,34,28,1000,238.0,238000.0,Vision Securities Pvt. Ltd,Shree Krishna Securities Ltd.,2026-04-10T12:09:44.504154
2026041001014897,GBIME,53,28,1000,238.0,238000.0,Investment Management Nepal Pvt. Ltd.,Shree Krishna Securities Ltd.,2026-04-10T12:09:44.504223
2026041001014898,GBIME,44,28,200,238.0,47600.0,Dynamic Money Managers Securities Pvt. Ltd.,Shree Krishna Securities Ltd.,2026-04-10T12:09:44.504287
2026041001014899,GBIME,56,28,100,238.0,23800.0,Sri Hari Securities Pvt. Ltd.,Shree Krishna Securities Ltd.,2026-04-10T12:09:44.50435
2026041001014900,GBIME,42,28,20,238.0,4760.0,Sani Securities Company Ltd.,Shree Krishna Securities Ltd.,2026-04-10T12:09:44.50442
2026041001014901,GBIME,25,28,300,238.0,71400.0,Sweta Securities Private Limited,Shree Krishna Securities Ltd.,2026-04-10T12:09:44.50453
2026041001014902,GBIME,16,28,354,238.0,84252.0,Primo Securities (PVT) Ltd.,Shree Krishna Securities Ltd.,2026-04-10T12:09:44.504601
2026041001015034,GBIME,58,28,20,241.0,4820.0,Naasa Securities Co. Ltd.,Shree Krishna Securities Ltd.,2026-04-10T12:10:22.441152
2026041001015464,GBIME,56,19,15,241.0,3615.0,Sri Hari Securities Pvt. Ltd.,Nepal Investment And Securities Trading Private Limited,2026-04-10T12:12:43.701982
2026041001015465,GBIME,42,28,10,240.0,2400.0,Sani Securities Company Ltd.,Shree Krishna Securities Ltd.,2026-04-10T12:12:45.277777
2026041001015544,GBIME,34,43,1,236.2,236.2,Vision Securities Pvt. Ltd,South Asian Bulls Pvt. Ltd.,2026-04-10T12:13:29.028243
2026041001016319,GBIME,42,28,10,240.0,2400.0,Sani Securities Company Ltd.,Shree Krishna Securities Ltd.,2026-04-10T12:18:06.849067
2026041001016596,GBIME,44,58,229,238.2,54547.8,Dynamic Money Managers Securities Pvt. Ltd.,Naasa Securities Co. Ltd.,2026-04-10T12:19:15.31137
2026041001016776,GBIME,44,45,10,238.2,2382.0,Dynamic Money Managers Securities Pvt. Ltd.,Imperial Securities Company Pvt. Ltd.,2026-04-10T12:20:08.700717
2026041001017093,GBIME,44,48,761,238.2,181270.2,Dynamic Money Managers Securities Pvt. Ltd.,Trishakti Securities Public Limited,2026-04-10T12:21:19.668283
2026041001017094,GBIME,48,48,100,238.1,23810.0,Trishakti Securities Public Limited,Trishakti Securities Public Limited,2026-04-10T12:21:19.668431
2026041001017095,GBIME,16,48,139,238.0,33082.0,Primo Securities (PVT) Ltd.,Trishakti Securities Public Limited,2026-04-10T12:21:19.668502
2026041001017419,GBIME,16,48,607,238.0,144466.0,Primo Securities (PVT) Ltd.,Trishakti Securities Public Limited,2026-04-10T12:22:31.335371
2026041001017420,GBIME,47,48,200,238.0,47600.0,Neev Securities Pvt. Ltd.,Trishakti Securities Public Limited,2026-04-10T12:22:31.335678
2026041001017649,GBIME,41,48,10,237.7,2377.0,Linch Stock Market Ltd.,Trishakti Securities Public Limited,2026-04-10T12:23:26.425423
2026041001017795,GBIME,69,48,12,238.0,2856.0,INDEX SECURITIES LIMITED,Trishakti Securities Public Limited,2026-04-10T12:23:52.855899
2026041001017953,GBIME,41,13,240,237.7,57048.0,Linch Stock Market Ltd.,Thrive Brokerage House Pvt. Ltd,2026-04-10T12:24:21.842234
2026041001017954,GBIME,35,13,25,237.5,5937.5,Kohinoor Investment & Securities Pvt. Ltd.,Thrive Brokerage House Pvt. Ltd,2026-04-10T12:24:21.842539
2026041001017955,GBIME,42,13,174,237.5,41325.0,Sani Securities Company Ltd.,Thrive Brokerage House Pvt. Ltd,2026-04-10T12:24:21.842758
2026041001018376,GBIME,42,62,26,237.5,6175.0,Sani Securities Company Ltd.,Capital Max Securities Ltd,2026-04-10T12:26:06.93823
2026041001018377,GBIME,3,62,22,237.5,5225.0,Arun Securities (PVT) Ltd.,Capital Max Securities Ltd,2026-04-10T12:26:06.938567
2026041001018378,GBIME,44,62,1000,237.3,237300.0,Dynamic Money Managers Securities Pvt. Ltd.,Capital Max Securities Ltd,2026-04-10T12:26:06.93878
2026041001018662,GBIME,32,45,51,237.2,12097.2,Premier Securities Company Ltd.,Imperial Securities Company Pvt. Ltd.,2026-04-10T12:27:29.779905
2026041001018682,GBIME,58,45,35,237.2,8302.0,Naasa Securities Co. Ltd.,Imperial Securities Company Pvt. Ltd.,2026-04-10T12:27:33.981777
2026041001018825,GBIME,36,45,100,237.2,23720.0,Secured Securities Ltd.,Imperial Securities Company Pvt. Ltd.,2026-04-10T12:28:08.220995
2026041001018965,GBIME,41,45,114,237.2,27040.8,Linch Stock Market Ltd.,Imperial Securities Company Pvt. Ltd.,2026-04-10T12:28:39.596451
2026041001018966,GBIME,41,62,86,237.3,20407.8,Linch Stock Market Ltd.,Capital Max Securities Ltd,2026-04-10T12:28:39.596771
2026041001018979,GBIME,41,62,2866,237.3,680101.8,Linch Stock Market Ltd.,Capital Max Securities Ltd,2026-04-10T12:28:44.876167
2026041001018999,GBIME,41,6,84,237.3,19933.2,Linch Stock Market Ltd.,Agrawal Securities (PVT) Ltd.,2026-04-10T12:28:52.670975
2026041001019012,GBIME,49,35,152,237.9,36160.8,Online Securities Pvt. Ltd.,Kohinoor Investment & Securities Pvt. Ltd.,2026-04-10T12:28:58.807839
2026041001019013,GBIME,49,48,181,238.0,43078.0,Online Securities Pvt. Ltd.,Trishakti Securities Public Limited,2026-04-10T12:28:58.808219
2026041001019014,GBIME,49,33,200,238.0,47600.0,Online Securities Pvt. Ltd.,Dakshinkali Investment & Securities Pvt. Ltd.,2026-04-10T12:28:58.808432
2026041001019015,GBIME,49,39,100,238.0,23800.0,Online Securities Pvt. Ltd.,Sumeru Securities Pvt. Ltd.,2026-04-10T12:28:58.808634
2026041001019016,GBIME,49,48,367,238.0,87346.0,Online Securities Pvt. Ltd.,Trishakti Securities Public Limited,2026-04-10T12:28:58.808837
2026041001019026,GBIME,41,58,135,237.3,32035.5,Linch Stock Market Ltd.,Naasa Securities Co. Ltd.,2026-04-10T12:29:06.696492
2026041001019230,GBIME,64,48,10,238.0,2380.0,SUN SECURITIES PVT LTD,Trishakti Securities Public Limited,2026-04-10T12:30:33.972257
2026041001019312,GBIME,59,48,239,238.0,56882.0,Deevyaa Securities & Stock House Pvt. Ltd,Trishakti Securities Public Limited,2026-04-10T12:30:49.310913
2026041001019386,GBIME,25,48,150,238.0,35700.0,Sweta Securities Private Limited,Trishakti Securities Public Limited,2026-04-10T12:31:20.551654
2026041001019398,GBIME,33,48,200,238.0,47600.0,Dakshinkali Investment & Securities Pvt. Ltd.,Trishakti Securities Public Limited,2026-04-10T12:31:30.636836
2026041001019401,GBIME,7,48,34,238.0,8092.0,J.F. Securites (PVT) Ltd.,Trishakti Securities Public Limited,2026-04-10T12:31:32.105311
2026041001019510,GBIME,46,5,100,239.0,23900.0,Kalika Securities Pvt. Ltd.,Market Securities & Exchange (PVT) Ltd.,2026-04-10T12:32:32.334258
2026041001019642,GBIME,7,42,11,238.0,2618.0,J.F. Securites (PVT) Ltd.,Sani Securities Company Ltd.,2026-04-10T12:33:34.776059
2026041001019684,GBIME,10,5,100,239.0,23900.0,Pragyan Securities (PVT) Ltd.,Market Securities & Exchange (PVT) Ltd.,2026-04-10T12:33:54.291895
2026041001019847,GBIME,7,5,700,239.0,167300.0,J.F. Securites (PVT) Ltd.,Market Securities & Exchange (PVT) Ltd.,2026-04-10T12:35:33.148699
2026041001019921,GBIME,42,3,21,239.0,5019.0,Sani Securities Company Ltd.,Arun Securities (PVT) Ltd.,2026-04-10T12:36:11.693176
2026041001019922,GBIME,7,3,5,239.0,1195.0,J.F. Securites (PVT) Ltd.,Arun Securities (PVT) Ltd.,2026-04-10T12:36:11.693494
2026041001020006,GBIME,19,62,55,238.0,13090.0,Nepal Investment And Securities Trading Private Limited,Capital Max Securities Ltd,2026-04-10T12:37:00.070658
2026041001020007,GBIME,51,62,90,238.0,21420.0,Oxford Securities Pvt. Ltd.,Capital Max Securities Ltd,2026-04-10T12:37:00.071002
2026041001020008,GBIME,29,62,55,237.4,13057.0,Trisul Securities & Invt. Ltd.,Capital Max Securities Ltd,2026-04-10T12:37:00.071247
2026041001020398,GBIME,8,49,200,237.5,47500.0,Brilliant Securities Pvt. Ltd.,Online Securities Pvt. Ltd.,2026-04-10T12:39:16.897802
2026041001020412,GBIME,41,19,10,238.5,2385.0,Linch Stock Market Ltd.,Nepal Investment And Securities Trading Private Limited,2026-04-10T12:39:25.701479
2026041001020565,GBIME,41,38,241,237.5,57237.5,Linch Stock Market Ltd.,Dipshikha Dhitopatra Karobar Co. Pvt Ltd.,2026-04-10T12:40:24.491274
2026041001020589,GBIME,29,28,315,237.4,74781.0,Trisul Securities & Invt. Ltd.,Shree Krishna Securities Ltd.,2026-04-10T12:40:34.535759
2026041001020590,GBIME,41,28,915,237.3,217129.5,Linch Stock Market Ltd.,Shree Krishna Securities Ltd.,2026-04-10T12:40:34.536162
2026041001020591,GBIME,13,28,1200,237.1,284520.0,Thrive Brokerage House Pvt. Ltd,Shree Krishna Securities Ltd.,2026-04-10T12:40:34.536416
2026041001020592,GBIME,6,28,200,237.0,47400.0,Agrawal Securities (PVT) Ltd.,Shree Krishna Securities Ltd.,2026-04-10T12:40:34.536646
2026041001020593,GBIME,26,28,100,237.0,23700.0,Asian Securities Private Ltd.,Shree Krishna Securities Ltd.,2026-04-10T12:40:34.536893
2026041001020594,GBIME,36,28,50,237.0,11850.0,Secured Securities Ltd.,Shree Krishna Securities Ltd.,2026-04-10T12:40:34.537124
2026041001020595,GBIME,58,28,100,237.0,23700.0,Naasa Securities Co. Ltd.,Shree Krishna Securities Ltd.,2026-04-10T12:40:34.537403
2026041001020596,GBIME,46,28,50,237.0,11850.0,Kalika Securities Pvt. Ltd.,Shree Krishna Securities Ltd.,2026-04-10T12:40:34.53761
2026041001020597,GBIME,58,28,50,237.0,11850.0,Naasa Securities Co. Ltd.,Shree Krishna Securities Ltd.,2026-04-10T12:40:34.537849
2026041001020598,GBIME,51,28,20,237.0,4740.0,Oxford Securities Pvt. Ltd.,Shree Krishna Securities Ltd.,2026-04-10T12:40:34.538068
2026041001020852,GBIME,69,28,10,238.4,2384.0,INDEX SECURITIES LIMITED,Shree Krishna Securities Ltd.,2026-04-10T12:42:58.307938
2026041001020965,GBIME,32,48,15,238.0,3570.0,Premier Securities Company Ltd.,Trishakti Securities Public Limited,2026-04-10T12:43:47.194537
2026041001021135,GBIME,25,48,38,238.0,9044.0,Sweta Securities Private Limited,Trishakti Securities Public Limited,2026-04-10T12:45:07.921244
2026041001021177,GBIME,22,48,20,238.0,4760.0,Siprabi Securities Pvt. Ltd.,Trishakti Securities Public Limited,2026-04-10T12:45:28.777918
2026041001021244,GBIME,58,48,10,238.0,2380.0,Naasa Securities Co. Ltd.,Trishakti Securities Public Limited,2026-04-10T12:46:27.379074
2026041001021315,GBIME,77,48,10,238.0,2380.0,Nabil Stock Dealer Ltd.,Trishakti Securities Public Limited,2026-04-10T12:47:00.561661
2026041001021436,GBIME,51,58,120,237.0,28440.0,Oxford Securities Pvt. Ltd.,Naasa Securities Co. Ltd.,2026-04-10T12:48:35.45342
2026041001021442,GBIME,51,57,10,237.0,2370.0,Oxford Securities Pvt. Ltd.,Aryatara Investment & Securities,2026-04-10T12:48:40.351152
2026041001021443,GBIME,34,57,10,237.0,2370.0,Vision Securities Pvt. Ltd,Aryatara Investment & Securities,2026-04-10T12:48:40.351605
2026041001021444,GBIME,6,57,280,237.0,66360.0,Agrawal Securities (PVT) Ltd.,Aryatara Investment & Securities,2026-04-10T12:48:40.35186
2026041001021617,GBIME,62,48,907,238.0,215866.0,Capital Max Securities Ltd,Trishakti Securities Public Limited,2026-04-10T12:49:39.039008
2026041001021846,GBIME,62,62,196,238.0,46648.0,Capital Max Securities Ltd,Capital Max Securities Ltd,2026-04-10T12:51:59.073174
2026041001021854,GBIME,62,5,1500,238.0,357000.0,Capital Max Securities Ltd,Market Securities & Exchange (PVT) Ltd.,2026-04-10T12:52:00.132555
2026041001021927,GBIME,62,1,50,238.0,11900.0,Capital Max Securities Ltd,Kumari Securities Private Limited,2026-04-10T12:52:42.25322
2026041001021934,GBIME,62,28,1500,238.0,357000.0,Capital Max Securities Ltd,Shree Krishna Securities Ltd.,2026-04-10T12:52:48.539212
2026041001022660,GBIME,62,19,847,238.0,201586.0,Capital Max Securities Ltd,Nepal Investment And Securities Trading Private Limited,2026-04-10T12:57:41.25045
2026041001022661,GBIME,51,19,128,238.0,30464.0,Oxford Securities Pvt. Ltd.,Nepal Investment And Securities Trading Private Limited,2026-04-10T12:57:41.250908
2026041001022662,GBIME,57,19,100,238.0,23800.0,Aryatara Investment & Securities,Nepal Investment And Securities Trading Private Limited,2026-04-10T12:57:41.251177
2026041001022716,GBIME,41,48,700,237.2,166040.0,Linch Stock Market Ltd.,Trishakti Securities Public Limited,2026-04-10T12:58:06.945666
2026041001022717,GBIME,22,48,500,237.1,118550.0,Siprabi Securities Pvt. Ltd.,Trishakti Securities Public Limited,2026-04-10T12:58:06.945716
2026041001022718,GBIME,26,48,100,237.1,23710.0,Asian Securities Private Ltd.,Trishakti Securities Public Limited,2026-04-10T12:58:06.945753
2026041001022719,GBIME,38,48,100,237.1,23710.0,Dipshikha Dhitopatra Karobar Co. Pvt Ltd.,Trishakti Securities Public Limited,2026-04-10T12:58:06.945784
2026041001022720,GBIME,6,48,20,237.0,4740.0,Agrawal Securities (PVT) Ltd.,Trishakti Securities Public Limited,2026-04-10T12:58:06.945827
2026041001022721,GBIME,19,48,10,237.0,2370.0,Nepal Investment And Securities Trading Private Limited,Trishakti Securities Public Limited,2026-04-10T12:58:06.945853
2026041001022722,GBIME,57,48,1062,237.0,251694.0,Aryatara Investment & Securities,Trishakti Securities Public Limited,2026-04-10T12:58:06.945889
2026041001022761,GBIME,62,19,4925,238.0,1172150.0,Capital Max Securities Ltd,Nepal Investment And Securities Trading Private Limited,2026-04-10T12:58:22.717544
2026041001022892,GBIME,62,42,150,238.0,35700.0,Capital Max Securities Ltd,Sani Securities Company Ltd.,2026-04-10T12:59:17.002685
2026041001022911,GBIME,53,42,30,238.1,7143.0,Investment Management Nepal Pvt. Ltd.,Sani Securities Company Ltd.,2026-04-10T12:59:32.750961
2026041001022912,GBIME,53,57,500,238.2,119100.0,Investment Management Nepal Pvt. Ltd.,Aryatara Investment & Securities,2026-04-10T12:59:32.751162
2026041001022913,GBIME,53,51,500,238.3,119150.0,Investment Management Nepal Pvt. Ltd.,Oxford Securities Pvt. Ltd.,2026-04-10T12:59:32.751252
2026041001022914,GBIME,53,51,462,238.3,110094.6,Investment Management Nepal Pvt. Ltd.,Oxford Securities Pvt. Ltd.,2026-04-10T12:59:32.751332
2026041001022915,GBIME,53,44,500,239.9,119950.0,Investment Management Nepal Pvt. Ltd.,Dynamic Money Managers Securities Pvt. Ltd.,2026-04-10T12:59:32.751411
2026041001022923,GBIME,62,49,800,238.0,190400.0,Capital Max Securities Ltd,Online Securities Pvt. Ltd.,2026-04-10T12:59:42.634217
2026041001023092,GBIME,34,40,5,233.3,1166.5,Vision Securities Pvt. Ltd,Creative Securities Pvt Ltd,2026-04-10T13:01:17.040234
2026041001023229,GBIME,69,36,10,239.9,2399.0,INDEX SECURITIES LIMITED,Secured Securities Ltd.,2026-04-10T13:02:41.37856
2026041001023240,GBIME,38,5,10,238.1,2381.0,Dipshikha Dhitopatra Karobar Co. Pvt Ltd.,Market Securities & Exchange (PVT) Ltd.,2026-04-10T13:02:52.698279
2026041001023241,GBIME,4,5,29,238.1,6904.9,Opal Securities Investment (PVT) Ltd.,Market Securities & Exchange (PVT) Ltd.,2026-04-10T13:02:52.698377
2026041001023242,GBIME,62,5,161,238.0,38318.0,Capital Max Securities Ltd,Market Securities & Exchange (PVT) Ltd.,2026-04-10T13:02:52.698452
2026041001023306,GBIME,69,53,10,239.0,2390.0,INDEX SECURITIES LIMITED,Investment Management Nepal Pvt. Ltd.,2026-04-10T13:03:29.552245
2026041001023392,GBIME,89,53,20,239.0,4780.0,Global IME Securities Limited,Investment Management Nepal Pvt. Ltd.,2026-04-10T13:04:15.955104
2026041001023393,GBIME,14,53,390,239.0,93210.0,Nepal Stock House (PVT) Ltd.,Investment Management Nepal Pvt. Ltd.,2026-04-10T13:04:17.518629
2026041001023490,GBIME,57,36,11,239.9,2638.9,Aryatara Investment & Securities,Secured Securities Ltd.,2026-04-10T13:05:32.684197
2026041001023522,GBIME,14,13,20,239.0,4780.0,Nepal Stock House (PVT) Ltd.,Thrive Brokerage House Pvt. Ltd,2026-04-10T13:06:01.31027
2026041001023559,GBIME,62,13,180,238.0,42840.0,Capital Max Securities Ltd,Thrive Brokerage House Pvt. Ltd,2026-04-10T13:06:21.937638
2026041001023709,GBIME,76,16,10,239.8,2398.0,Machhapuchchhre Securities Limited,Primo Securities (PVT) Ltd.,2026-04-10T13:08:17.744233
2026041001023723,GBIME,62,45,120,238.0,28560.0,Capital Max Securities Ltd,Imperial Securities Company Pvt. Ltd.,2026-04-10T13:08:35.624174
2026041001023787,GBIME,76,16,10,239.8,2398.0,Machhapuchchhre Securities Limited,Primo Securities (PVT) Ltd.,2026-04-10T13:09:20.553742
2026041001023834,GBIME,62,28,3664,238.0,872032.0,Capital Max Securities Ltd,Shree Krishna Securities Ltd.,2026-04-10T13:09:59.14511
2026041001023835,GBIME,58,28,800,238.0,190400.0,Naasa Securities Co. Ltd.,Shree Krishna Securities Ltd.,2026-04-10T13:09:59.145518
2026041001023836,GBIME,57,28,3536,238.0,841568.0,Aryatara Investment & Securities,Shree Krishna Securities Ltd.,2026-04-10T13:09:59.145756
2026041001023854,GBIME,28,25,10,239.7,2397.0,Shree Krishna Securities Ltd.,Sweta Securities Private Limited,2026-04-10T13:10:05.847644
2026041001024129,GBIME,57,46,11,238.0,2618.0,Aryatara Investment & Securities,Kalika Securities Pvt. Ltd.,2026-04-10T13:13:18.807615
2026041001024139,GBIME,69,25,10,239.7,2397.0,INDEX SECURITIES LIMITED,Sweta Securities Private Limited,2026-04-10T13:13:30.473411
2026041001024185,GBIME,60,25,42,239.7,10067.4,Nagarik Stock Dealer ,Sweta Securities Private Limited,2026-04-10T13:13:53.050308
2026041001024289,GBIME,57,29,391,238.0,93058.0,Aryatara Investment & Securities,Trisul Securities & Invt. Ltd.,2026-04-10T13:15:07.306158
2026041001024290,GBIME,63,29,300,238.0,71400.0,Himalayan Brokerage Company Limited,Trisul Securities & Invt. Ltd.,2026-04-10T13:15:07.306203
2026041001024291,GBIME,35,29,335,238.0,79730.0,Kohinoor Investment & Securities Pvt. Ltd.,Trisul Securities & Invt. Ltd.,2026-04-10T13:15:07.306254
2026041001024338,GBIME,45,26,100,239.6,23960.0,Imperial Securities Company Pvt. Ltd.,Asian Securities Private Ltd.,2026-04-10T13:15:32.168104
2026041001024349,GBIME,35,57,545,238.0,129710.0,Kohinoor Investment & Securities Pvt. Ltd.,Aryatara Investment & Securities,2026-04-10T13:15:42.401886
2026041001024350,GBIME,21,57,300,238.0,71400.0,Midas Stock Broking Company Private Limited,Aryatara Investment & Securities,2026-04-10T13:15:42.401963
2026041001024351,GBIME,32,57,100,237.1,23710.0,Premier Securities Company Ltd.,Aryatara Investment & Securities,2026-04-10T13:15:42.401999
2026041001024352,GBIME,36,57,21,237.1,4979.1,Secured Securities Ltd.,Aryatara Investment & Securities,2026-04-10T13:15:42.402038
2026041001024353,GBIME,26,57,34,237.0,8058.0,Asian Securities Private Ltd.,Aryatara Investment & Securities,2026-04-10T13:15:42.402065
2026041001024666,GBIME,76,47,10,239.5,2395.0,Machhapuchchhre Securities Limited,Neev Securities Pvt. Ltd.,2026-04-10T13:18:54.99039
2026041001025034,GBIME,89,5,10,239.5,2395.0,Global IME Securities Limited,Market Securities & Exchange (PVT) Ltd.,2026-04-10T13:22:03.226083
2026041001025378,GBIME,57,28,1000,237.1,237100.0,Aryatara Investment & Securities,Shree Krishna Securities Ltd.,2026-04-10T13:24:35.39553
2026041001025379,GBIME,58,28,200,237.1,47420.0,Naasa Securities Co. Ltd.,Shree Krishna Securities Ltd.,2026-04-10T13:24:35.395951
2026041001025380,GBIME,26,28,66,237.0,15642.0,Asian Securities Private Ltd.,Shree Krishna Securities Ltd.,2026-04-10T13:24:35.39623
2026041001025381,GBIME,41,28,10,237.0,2370.0,Linch Stock Market Ltd.,Shree Krishna Securities Ltd.,2026-04-10T13:24:35.396467
2026041001025382,GBIME,38,28,1000,237.0,237000.0,Dipshikha Dhitopatra Karobar Co. Pvt Ltd.,Shree Krishna Securities Ltd.,2026-04-10T13:24:35.396723
2026041001025383,GBIME,42,28,80,237.0,18960.0,Sani Securities Company Ltd.,Shree Krishna Securities Ltd.,2026-04-10T13:24:35.396968
2026041001025384,GBIME,58,28,20,237.0,4740.0,Naasa Securities Co. Ltd.,Shree Krishna Securities Ltd.,2026-04-10T13:24:35.397225
2026041001025385,GBIME,29,28,101,237.0,23937.0,Trisul Securities & Invt. Ltd.,Shree Krishna Securities Ltd.,2026-04-10T13:24:35.39747
2026041001025386,GBIME,11,28,100,237.0,23700.0,Malla & Malla Stock Broking Company Pvt. Limited,Shree Krishna Securities Ltd.,2026-04-10T13:24:35.397718
2026041001025387,GBIME,56,28,50,237.0,11850.0,Sri Hari Securities Pvt. Ltd.,Shree Krishna Securities Ltd.,2026-04-10T13:24:35.397956
2026041001025388,GBIME,52,28,5000,237.0,1185000.0,Sundhara Securities Limited,Shree Krishna Securities Ltd.,2026-04-10T13:24:35.398195
2026041001025389,GBIME,58,28,10,237.0,2370.0,Naasa Securities Co. Ltd.,Shree Krishna Securities Ltd.,2026-04-10T13:24:35.398433
2026041001025390,GBIME,14,28,200,237.0,47400.0,Nepal Stock House (PVT) Ltd.,Shree Krishna Securities Ltd.,2026-04-10T13:24:35.398653
2026041001025391,GBIME,25,28,500,236.9,118450.0,Sweta Securities Private Limited,Shree Krishna Securities Ltd.,2026-04-10T13:24:35.398898
2026041001025392,GBIME,25,28,50,236.9,11845.0,Sweta Securities Private Limited,Shree Krishna Securities Ltd.,2026-04-10T13:24:35.399158
2026041001025393,GBIME,42,28,300,236.8,71040.0,Sani Securities Company Ltd.,Shree Krishna Securities Ltd.,2026-04-10T13:24:35.399397
2026041001025394,GBIME,41,28,2000,236.7,473400.0,Linch Stock Market Ltd.,Shree Krishna Securities Ltd.,2026-04-10T13:24:35.399673
2026041001025395,GBIME,4,28,185,236.6,43771.0,Opal Securities Investment (PVT) Ltd.,Shree Krishna Securities Ltd.,2026-04-10T13:24:35.399934
2026041001025396,GBIME,21,28,128,236.6,30284.8,Midas Stock Broking Company Private Limited,Shree Krishna Securities Ltd.,2026-04-10T13:24:35.400181
2026041001025415,GBIME,21,28,1372,236.6,324615.2,Midas Stock Broking Company Private Limited,Shree Krishna Securities Ltd.,2026-04-10T13:24:48.76144
2026041001025416,GBIME,21,28,1500,236.6,354900.0,Midas Stock Broking Company Private Limited,Shree Krishna Securities Ltd.,2026-04-10T13:24:48.761821
2026041001025417,GBIME,21,28,200,236.6,47320.0,Midas Stock Broking Company Private Limited,Shree Krishna Securities Ltd.,2026-04-10T13:24:48.76209
2026041001025587,GBIME,6,28,200,236.6,47320.0,Agrawal Securities (PVT) Ltd.,Shree Krishna Securities Ltd.,2026-04-10T13:25:33.523104
2026041001025588,GBIME,19,28,25,236.5,5912.5,Nepal Investment And Securities Trading Private Limited,Shree Krishna Securities Ltd.,2026-04-10T13:25:33.523167
2026041001025589,GBIME,44,28,1000,236.4,236400.0,Dynamic Money Managers Securities Pvt. Ltd.,Shree Krishna Securities Ltd.,2026-04-10T13:25:33.523203
2026041001025590,GBIME,1,28,300,236.2,70860.0,Kumari Securities Private Limited,Shree Krishna Securities Ltd.,2026-04-10T13:25:33.523234
2026041001025591,GBIME,57,28,100,236.1,23610.0,Aryatara Investment & Securities,Shree Krishna Securities Ltd.,2026-04-10T13:25:33.523313
2026041001025592,GBIME,25,28,300,236.1,70830.0,Sweta Securities Private Limited,Shree Krishna Securities Ltd.,2026-04-10T13:25:33.523362
2026041001025593,GBIME,38,28,10,236.0,2360.0,Dipshikha Dhitopatra Karobar Co. Pvt Ltd.,Shree Krishna Securities Ltd.,2026-04-10T13:25:33.523389
2026041001025594,GBIME,16,28,65,236.0,15340.0,Primo Securities (PVT) Ltd.,Shree Krishna Securities Ltd.,2026-04-10T13:25:33.523422
2026041001025598,GBIME,48,25,10,239.0,2390.0,Trishakti Securities Public Limited,Sweta Securities Private Limited,2026-04-10T13:25:35.668102
2026041001025810,GBIME,16,28,1035,236.0,244260.0,Primo Securities (PVT) Ltd.,Shree Krishna Securities Ltd.,2026-04-10T13:25:45.333308
2026041001025811,GBIME,34,28,50,236.0,11800.0,Vision Securities Pvt. Ltd,Shree Krishna Securities Ltd.,2026-04-10T13:25:45.33335
2026041001025812,GBIME,49,28,27,236.0,6372.0,Online Securities Pvt. Ltd.,Shree Krishna Securities Ltd.,2026-04-10T13:25:45.333373
2026041001025813,GBIME,5,28,200,236.0,47200.0,Market Securities & Exchange (PVT) Ltd.,Shree Krishna Securities Ltd.,2026-04-10T13:25:45.333397
2026041001025814,GBIME,42,28,500,236.0,118000.0,Sani Securities Company Ltd.,Shree Krishna Securities Ltd.,2026-04-10T13:25:45.33344
2026041001025815,GBIME,50,28,1000,236.0,236000.0,Cristal Kanchanjanga Securites Pvt. Ltd.,Shree Krishna Securities Ltd.,2026-04-10T13:25:45.333467
2026041001025816,GBIME,38,28,88,236.0,20768.0,Dipshikha Dhitopatra Karobar Co. Pvt Ltd.,Shree Krishna Securities Ltd.,2026-04-10T13:25:45.333488
2026041001025827,GBIME,28,25,10,239.0,2390.0,Shree Krishna Securities Ltd.,Sweta Securities Private Limited,2026-04-10T13:25:52.052601
2026041001025974,GBIME,13,28,1500,236.1,354150.0,Thrive Brokerage House Pvt. Ltd,Shree Krishna Securities Ltd.,2026-04-10T13:26:51.639435
2026041001025975,GBIME,11,28,100,236.1,23610.0,Malla & Malla Stock Broking Company Pvt. Limited,Shree Krishna Securities Ltd.,2026-04-10T13:26:51.639586
2026041001025976,GBIME,38,28,62,236.0,14632.0,Dipshikha Dhitopatra Karobar Co. Pvt Ltd.,Shree Krishna Securities Ltd.,2026-04-10T13:26:51.639656
2026041001025977,GBIME,58,28,10,236.0,2360.0,Naasa Securities Co. Ltd.,Shree Krishna Securities Ltd.,2026-04-10T13:26:51.639724
2026041001025978,GBIME,41,28,1000,236.0,236000.0,Linch Stock Market Ltd.,Shree Krishna Securities Ltd.,2026-04-10T13:26:51.63978
2026041001025979,GBIME,25,28,200,236.0,47200.0,Sweta Securities Private Limited,Shree Krishna Securities Ltd.,2026-04-10T13:26:51.639845
2026041001025980,GBIME,51,28,500,236.0,118000.0,Oxford Securities Pvt. Ltd.,Shree Krishna Securities Ltd.,2026-04-10T13:26:51.639907
2026041001025981,GBIME,45,28,200,236.0,47200.0,Imperial Securities Company Pvt. Ltd.,Shree Krishna Securities Ltd.,2026-04-10T13:26:51.639968
2026041001025982,GBIME,6,28,200,235.6,47120.0,Agrawal Securities (PVT) Ltd.,Shree Krishna Securities Ltd.,2026-04-10T13:26:51.640059
2026041001025983,GBIME,52,28,4228,235.5,995694.0,Sundhara Securities Limited,Shree Krishna Securities Ltd.,2026-04-10T13:26:51.640123
2026041001025995,GBIME,52,28,772,235.5,181806.0,Sundhara Securities Limited,Shree Krishna Securities Ltd.,2026-04-10T13:26:59.477452
2026041001025996,GBIME,17,28,212,235.3,49883.6,ABC Securities Private Limited,Shree Krishna Securities Ltd.,2026-04-10T13:26:59.477569
2026041001025997,GBIME,39,28,80,235.3,18824.0,Sumeru Securities Pvt. Ltd.,Shree Krishna Securities Ltd.,2026-04-10T13:26:59.477642
2026041001025998,GBIME,34,28,75,235.2,17640.0,Vision Securities Pvt. Ltd,Shree Krishna Securities Ltd.,2026-04-10T13:26:59.477712
2026041001025999,GBIME,19,28,20,235.2,4704.0,Nepal Investment And Securities Trading Private Limited,Shree Krishna Securities Ltd.,2026-04-10T13:26:59.477801
2026041001026000,GBIME,58,28,1900,235.2,446880.0,Naasa Securities Co. Ltd.,Shree Krishna Securities Ltd.,2026-04-10T13:26:59.477864
2026041001026001,GBIME,58,28,225,235.2,52920.0,Naasa Securities Co. Ltd.,Shree Krishna Securities Ltd.,2026-04-10T13:26:59.477931
2026041001026002,GBIME,57,28,10,235.2,2352.0,Aryatara Investment & Securities,Shree Krishna Securities Ltd.,2026-04-10T13:26:59.477996
2026041001026003,GBIME,56,28,630,235.2,148176.0,Sri Hari Securities Pvt. Ltd.,Shree Krishna Securities Ltd.,2026-04-10T13:26:59.478085
2026041001026004,GBIME,3,28,100,235.2,23520.0,Arun Securities (PVT) Ltd.,Shree Krishna Securities Ltd.,2026-04-10T13:26:59.478153
2026041001026005,GBIME,32,28,20,235.1,4702.0,Premier Securities Company Ltd.,Shree Krishna Securities Ltd.,2026-04-10T13:26:59.478233
2026041001026006,GBIME,34,28,1000,235.1,235100.0,Vision Securities Pvt. Ltd,Shree Krishna Securities Ltd.,2026-04-10T13:26:59.478297
2026041001026007,GBIME,26,28,150,235.1,35265.0,Asian Securities Private Ltd.,Shree Krishna Securities Ltd.,2026-04-10T13:26:59.478363
2026041001026008,GBIME,64,28,200,235.0,47000.0,SUN SECURITIES PVT LTD,Shree Krishna Securities Ltd.,2026-04-10T13:26:59.478431
2026041001026009,GBIME,58,28,60,235.0,14100.0,Naasa Securities Co. Ltd.,Shree Krishna Securities Ltd.,2026-04-10T13:26:59.4785
2026041001026010,GBIME,38,28,90,235.0,21150.0,Dipshikha Dhitopatra Karobar Co. Pvt Ltd.,Shree Krishna Securities Ltd.,2026-04-10T13:26:59.478562
2026041001026011,GBIME,42,28,800,235.0,188000.0,Sani Securities Company Ltd.,Shree Krishna Securities Ltd.,2026-04-10T13:26:59.478622
2026041001026012,GBIME,14,28,130,235.0,30550.0,Nepal Stock House (PVT) Ltd.,Shree Krishna Securities Ltd.,2026-04-10T13:26:59.47868
2026041001026013,GBIME,85,28,100,235.0,23500.0,Capital Hub P. Ltd,Shree Krishna Securities Ltd.,2026-04-10T13:26:59.478745
2026041001026014,GBIME,44,28,850,235.0,199750.0,Dynamic Money Managers Securities Pvt. Ltd.,Shree Krishna Securities Ltd.,2026-04-10T13:26:59.478811
2026041001026015,GBIME,44,28,200,235.0,47000.0,Dynamic Money Managers Securities Pvt. Ltd.,Shree Krishna Securities Ltd.,2026-04-10T13:26:59.478891
2026041001026016,GBIME,17,28,100,235.0,23500.0,ABC Securities Private Limited,Shree Krishna Securities Ltd.,2026-04-10T13:26:59.478948
2026041001026017,GBIME,49,28,30,235.0,7050.0,Online Securities Pvt. Ltd.,Shree Krishna Securities Ltd.,2026-04-10T13:26:59.479016
2026041001026018,GBIME,41,28,50,235.0,11750.0,Linch Stock Market Ltd.,Shree Krishna Securities Ltd.,2026-04-10T13:26:59.479085
2026041001026019,GBIME,41,28,196,235.0,46060.0,Linch Stock Market Ltd.,Shree Krishna Securities Ltd.,2026-04-10T13:26:59.479146
2026041001026034,GBIME,28,25,10,239.0,2390.0,Shree Krishna Securities Ltd.,Sweta Securities Private Limited,2026-04-10T13:27:08.860003
2026041001026123,GBIME,36,46,20,236.2,4724.0,Secured Securities Ltd.,Kalika Securities Pvt. Ltd.,2026-04-10T13:27:23.830431
2026041001026127,GBIME,36,44,12,236.2,2834.4,Secured Securities Ltd.,Dynamic Money Managers Securities Pvt. Ltd.,2026-04-10T13:27:26.481941
2026041001026160,GBIME,48,58,10,239.0,2390.0,Trishakti Securities Public Limited,Naasa Securities Co. Ltd.,2026-04-10T13:27:39.361242
2026041001026796,GBIME,58,58,10,239.0,2390.0,Naasa Securities Co. Ltd.,Naasa Securities Co. Ltd.,2026-04-10T13:32:57.916681
2026041001026922,GBIME,49,58,10,239.0,2390.0,Online Securities Pvt. Ltd.,Naasa Securities Co. Ltd.,2026-04-10T13:34:57.243363
2026041001027374,GBIME,14,5,53,238.9,12661.7,Nepal Stock House (PVT) Ltd.,Market Securities & Exchange (PVT) Ltd.,2026-04-10T13:40:11.24666
2026041001027525,GBIME,26,58,63,237.6,14968.8,Asian Securities Private Ltd.,Naasa Securities Co. Ltd.,2026-04-10T13:41:55.326499
2026041001027568,GBIME,48,41,10,238.8,2388.0,Trishakti Securities Public Limited,Linch Stock Market Ltd.,2026-04-10T13:42:43.85678
2026041001027985,GBIME,13,25,409,238.7,97628.3,Thrive Brokerage House Pvt. Ltd,Sweta Securities Private Limited,2026-04-10T13:46:11.142205
2026041001027986,GBIME,13,41,65,238.8,15522.0,Thrive Brokerage House Pvt. Ltd,Linch Stock Market Ltd.,2026-04-10T13:46:11.142251
2026041001027987,GBIME,13,44,26,238.8,6208.8,Thrive Brokerage House Pvt. Ltd,Dynamic Money Managers Securities Pvt. Ltd.,2026-04-10T13:46:11.142277
2026041001028574,GBIME,62,44,200,238.8,47760.0,Capital Max Securities Ltd,Dynamic Money Managers Securities Pvt. Ltd.,2026-04-10T13:51:44.883369
2026041001028703,GBIME,14,28,20,238.5,4770.0,Nepal Stock House (PVT) Ltd.,Shree Krishna Securities Ltd.,2026-04-10T13:52:39.478636
2026041001028704,GBIME,58,28,47,238.3,11200.1,Naasa Securities Co. Ltd.,Shree Krishna Securities Ltd.,2026-04-10T13:52:39.478677
2026041001028705,GBIME,34,28,248,238.2,59073.6,Vision Securities Pvt. Ltd,Shree Krishna Securities Ltd.,2026-04-10T13:52:39.478707
2026041001028706,GBIME,34,28,663,238.1,157860.3,Vision Securities Pvt. Ltd,Shree Krishna Securities Ltd.,2026-04-10T13:52:39.478734
2026041001028707,GBIME,44,28,1000,238.1,238100.0,Dynamic Money Managers Securities Pvt. Ltd.,Shree Krishna Securities Ltd.,2026-04-10T13:52:39.478763
2026041001028708,GBIME,21,28,22,238.0,5236.0,Midas Stock Broking Company Private Limited,Shree Krishna Securities Ltd.,2026-04-10T13:52:39.478792
2026041001028797,GBIME,21,28,38,238.0,9044.0,Midas Stock Broking Company Private Limited,Shree Krishna Securities Ltd.,2026-04-10T13:53:10.952308
2026041001028798,GBIME,58,28,22,237.9,5233.8,Naasa Securities Co. Ltd.,Shree Krishna Securities Ltd.,2026-04-10T13:53:10.952699
2026041001028799,GBIME,26,28,937,237.6,222631.2,Asian Securities Private Ltd.,Shree Krishna Securities Ltd.,2026-04-10T13:53:10.952941
2026041001028800,GBIME,22,28,1000,237.1,237100.0,Siprabi Securities Pvt. Ltd.,Shree Krishna Securities Ltd.,2026-04-10T13:53:10.953191
2026041001028801,GBIME,57,28,20,237.0,4740.0,Aryatara Investment & Securities,Shree Krishna Securities Ltd.,2026-04-10T13:53:10.953431
2026041001028802,GBIME,41,28,259,237.0,61383.0,Linch Stock Market Ltd.,Shree Krishna Securities Ltd.,2026-04-10T13:53:10.953654
2026041001028803,GBIME,17,28,100,237.0,23700.0,ABC Securities Private Limited,Shree Krishna Securities Ltd.,2026-04-10T13:53:10.95388
2026041001028804,GBIME,34,28,124,237.0,29388.0,Vision Securities Pvt. Ltd,Shree Krishna Securities Ltd.,2026-04-10T13:53:10.954117
2026041001028843,GBIME,34,28,76,237.0,18012.0,Vision Securities Pvt. Ltd,Shree Krishna Securities Ltd.,2026-04-10T13:53:18.403059
2026041001028844,GBIME,42,28,30,237.0,7110.0,Sani Securities Company Ltd.,Shree Krishna Securities Ltd.,2026-04-10T13:53:18.403151
2026041001028845,GBIME,50,28,1500,236.1,354150.0,Cristal Kanchanjanga Securites Pvt. Ltd.,Shree Krishna Securities Ltd.,2026-04-10T13:53:18.403222
2026041001028846,GBIME,36,28,100,236.0,23600.0,Secured Securities Ltd.,Shree Krishna Securities Ltd.,2026-04-10T13:53:18.403285
2026041001028847,GBIME,34,28,1000,236.0,236000.0,Vision Securities Pvt. Ltd,Shree Krishna Securities Ltd.,2026-04-10T13:53:18.403355
2026041001028848,GBIME,34,28,2000,236.0,472000.0,Vision Securities Pvt. Ltd,Shree Krishna Securities Ltd.,2026-04-10T13:53:18.403436
2026041001028849,GBIME,34,28,1000,236.0,236000.0,Vision Securities Pvt. Ltd,Shree Krishna Securities Ltd.,2026-04-10T13:53:18.403488
2026041001028850,GBIME,34,28,794,236.0,187384.0,Vision Securities Pvt. Ltd,Shree Krishna Securities Ltd.,2026-04-10T13:53:18.403549
2026041001028864,GBIME,48,44,10,238.8,2388.0,Trishakti Securities Public Limited,Dynamic Money Managers Securities Pvt. Ltd.,2026-04-10T13:53:25.793828
2026041001029220,GBIME,39,28,500,238.1,119050.0,Sumeru Securities Pvt. Ltd.,Shree Krishna Securities Ltd.,2026-04-10T13:55:59.461161
2026041001029397,GBIME,42,44,10,238.8,2388.0,Sani Securities Company Ltd.,Dynamic Money Managers Securities Pvt. Ltd.,2026-04-10T13:56:46.463594
2026041001029428,GBIME,50,28,300,236.5,70950.0,Cristal Kanchanjanga Securites Pvt. Ltd.,Shree Krishna Securities Ltd.,2026-04-10T13:57:00.404346
2026041001029429,GBIME,46,28,30,236.3,7089.0,Kalika Securities Pvt. Ltd.,Shree Krishna Securities Ltd.,2026-04-10T13:57:00.404401
2026041001029430,GBIME,47,28,100,236.1,23610.0,Neev Securities Pvt. Ltd.,Shree Krishna Securities Ltd.,2026-04-10T13:57:00.404433
2026041001029431,GBIME,34,28,570,236.0,134520.0,Vision Securities Pvt. Ltd,Shree Krishna Securities Ltd.,2026-04-10T13:57:00.404459
2026041001029443,GBIME,28,44,10,238.8,2388.0,Shree Krishna Securities Ltd.,Dynamic Money Managers Securities Pvt. Ltd.,2026-04-10T13:57:07.862752
2026041001029447,GBIME,48,44,10,238.8,2388.0,Trishakti Securities Public Limited,Dynamic Money Managers Securities Pvt. Ltd.,2026-04-10T13:57:15.003508
2026041001029497,GBIME,34,28,136,236.0,32096.0,Vision Securities Pvt. Ltd,Shree Krishna Securities Ltd.,2026-04-10T13:57:33.72685
2026041001029498,GBIME,11,28,200,235.6,47120.0,Malla & Malla Stock Broking Company Pvt. Limited,Shree Krishna Securities Ltd.,2026-04-10T13:57:33.727228
2026041001029499,GBIME,35,28,500,235.5,117750.0,Kohinoor Investment & Securities Pvt. Ltd.,Shree Krishna Securities Ltd.,2026-04-10T13:57:33.727478
2026041001029500,GBIME,13,28,100,235.5,23550.0,Thrive Brokerage House Pvt. Ltd,Shree Krishna Securities Ltd.,2026-04-10T13:57:33.727699
2026041001029501,GBIME,41,28,2000,235.4,470800.0,Linch Stock Market Ltd.,Shree Krishna Securities Ltd.,2026-04-10T13:57:33.727922
2026041001029502,GBIME,44,28,1000,235.3,235300.0,Dynamic Money Managers Securities Pvt. Ltd.,Shree Krishna Securities Ltd.,2026-04-10T13:57:33.728202
2026041001029503,GBIME,1,28,42,235.1,9874.2,Kumari Securities Private Limited,Shree Krishna Securities Ltd.,2026-04-10T13:57:33.728433
2026041001029504,GBIME,16,28,1100,235.1,258610.0,Primo Securities (PVT) Ltd.,Shree Krishna Securities Ltd.,2026-04-10T13:57:33.72864
2026041001029505,GBIME,41,28,114,235.0,26790.0,Linch Stock Market Ltd.,Shree Krishna Securities Ltd.,2026-04-10T13:57:33.728867
2026041001029506,GBIME,28,28,50,235.0,11750.0,Shree Krishna Securities Ltd.,Shree Krishna Securities Ltd.,2026-04-10T13:57:33.729101
2026041001029507,GBIME,45,28,50,235.0,11750.0,Imperial Securities Company Pvt. Ltd.,Shree Krishna Securities Ltd.,2026-04-10T13:57:33.729326
2026041001029508,GBIME,26,28,500,235.0,117500.0,Asian Securities Private Ltd.,Shree Krishna Securities Ltd.,2026-04-10T13:57:33.729544
2026041001029509,GBIME,41,28,873,235.0,205155.0,Linch Stock Market Ltd.,Shree Krishna Securities Ltd.,2026-04-10T13:57:33.72976
2026041001029553,GBIME,41,28,127,235.0,29845.0,Linch Stock Market Ltd.,Shree Krishna Securities Ltd.,2026-04-10T13:57:46.498763
2026041001029554,GBIME,42,28,90,235.0,21150.0,Sani Securities Company Ltd.,Shree Krishna Securities Ltd.,2026-04-10T13:57:46.499132
2026041001029555,GBIME,29,28,8000,235.0,1880000.0,Trisul Securities & Invt. Ltd.,Shree Krishna Securities Ltd.,2026-04-10T13:57:46.499349
2026041001029556,GBIME,58,28,15,235.0,3525.0,Naasa Securities Co. Ltd.,Shree Krishna Securities Ltd.,2026-04-10T13:57:46.499566
2026041001029557,GBIME,22,28,10,235.0,2350.0,Siprabi Securities Pvt. Ltd.,Shree Krishna Securities Ltd.,2026-04-10T13:57:46.499785
2026041001029558,GBIME,42,28,100,235.0,23500.0,Sani Securities Company Ltd.,Shree Krishna Securities Ltd.,2026-04-10T13:57:46.49999
2026041001029559,GBIME,26,28,1000,235.0,235000.0,Asian Securities Private Ltd.,Shree Krishna Securities Ltd.,2026-04-10T13:57:46.500215
2026041001029560,GBIME,85,28,1000,235.0,235000.0,Capital Hub P. Ltd,Shree Krishna Securities Ltd.,2026-04-10T13:57:46.500411
2026041001029561,GBIME,41,28,65,235.0,15275.0,Linch Stock Market Ltd.,Shree Krishna Securities Ltd.,2026-04-10T13:57:46.500629
2026041001029562,GBIME,42,28,50,235.0,11750.0,Sani Securities Company Ltd.,Shree Krishna Securities Ltd.,2026-04-10T13:57:46.500834
2026041001029563,GBIME,48,28,35,235.0,8225.0,Trishakti Securities Public Limited,Shree Krishna Securities Ltd.,2026-04-10T13:57:46.501059
2026041001029564,GBIME,58,28,1000,235.0,235000.0,Naasa Securities Co. Ltd.,Shree Krishna Securities Ltd.,2026-04-10T13:57:46.501279
2026041001029565,GBIME,58,28,85,234.3,19915.5,Naasa Securities Co. Ltd.,Shree Krishna Securities Ltd.,2026-04-10T13:57:46.501491
2026041001029566,GBIME,10,28,300,234.3,70290.0,Pragyan Securities (PVT) Ltd.,Shree Krishna Securities Ltd.,2026-04-10T13:57:46.501699
2026041001029567,GBIME,42,28,10,234.3,2343.0,Sani Securities Company Ltd.,Shree Krishna Securities Ltd.,2026-04-10T13:57:46.501944
2026041001029568,GBIME,47,28,207,234.1,48458.7,Neev Securities Pvt. Ltd.,Shree Krishna Securities Ltd.,2026-04-10T13:57:46.502164
2026041001029569,GBIME,22,28,500,234.0,117000.0,Siprabi Securities Pvt. Ltd.,Shree Krishna Securities Ltd.,2026-04-10T13:57:46.502358
2026041001029570,GBIME,59,28,1500,234.0,351000.0,Deevyaa Securities & Stock House Pvt. Ltd,Shree Krishna Securities Ltd.,2026-04-10T13:57:46.502566
2026041001029571,GBIME,16,28,1100,234.0,257400.0,Primo Securities (PVT) Ltd.,Shree Krishna Securities Ltd.,2026-04-10T13:57:46.502776
2026041001029572,GBIME,11,28,10,234.0,2340.0,Malla & Malla Stock Broking Company Pvt. Limited,Shree Krishna Securities Ltd.,2026-04-10T13:57:46.502979
2026041001029573,GBIME,54,28,200,234.0,46800.0,Sewa Securities Pvt. Ltd.,Shree Krishna Securities Ltd.,2026-04-10T13:57:46.503193
2026041001029574,GBIME,16,28,200,234.0,46800.0,Primo Securities (PVT) Ltd.,Shree Krishna Securities Ltd.,2026-04-10T13:57:46.503392
2026041001029575,GBIME,59,28,200,234.0,46800.0,Deevyaa Securities & Stock House Pvt. Ltd,Shree Krishna Securities Ltd.,2026-04-10T13:57:46.503593
2026041001029576,GBIME,43,28,500,234.0,117000.0,South Asian Bulls Pvt. Ltd.,Shree Krishna Securities Ltd.,2026-04-10T13:57:46.503796
2026041001029577,GBIME,56,28,3696,234.0,864864.0,Sri Hari Securities Pvt. Ltd.,Shree Krishna Securities Ltd.,2026-04-10T13:57:46.503989
2026041001029593,GBIME,28,44,10,238.8,2388.0,Shree Krishna Securities Ltd.,Dynamic Money Managers Securities Pvt. Ltd.,2026-04-10T13:57:52.47567
2026041001029715,GBIME,58,44,20,238.8,4776.0,Naasa Securities Co. Ltd.,Dynamic Money Managers Securities Pvt. Ltd.,2026-04-10T13:58:48.836811
2026041001030014,GBIME,94,28,39,237.0,9243.0,K.B.L. Securities Limited ,Shree Krishna Securities Ltd.,2026-04-10T14:01:34.990298
2026041001030015,GBIME,41,28,60,236.5,14190.0,Linch Stock Market Ltd.,Shree Krishna Securities Ltd.,2026-04-10T14:01:34.990403
2026041001030016,GBIME,58,28,44,235.0,10340.0,Naasa Securities Co. Ltd.,Shree Krishna Securities Ltd.,2026-04-10T14:01:34.990465
2026041001030017,GBIME,50,28,200,235.0,47000.0,Cristal Kanchanjanga Securites Pvt. Ltd.,Shree Krishna Securities Ltd.,2026-04-10T14:01:34.990529
2026041001030018,GBIME,3,28,100,234.1,23410.0,Arun Securities (PVT) Ltd.,Shree Krishna Securities Ltd.,2026-04-10T14:01:34.990593
2026041001030019,GBIME,6,28,100,234.1,23410.0,Agrawal Securities (PVT) Ltd.,Shree Krishna Securities Ltd.,2026-04-10T14:01:34.990653
2026041001030020,GBIME,49,28,9457,234.1,2213883.7,Online Securities Pvt. Ltd.,Shree Krishna Securities Ltd.,2026-04-10T14:01:34.990735
2026041001030033,GBIME,28,5,10,238.7,2387.0,Shree Krishna Securities Ltd.,Market Securities & Exchange (PVT) Ltd.,2026-04-10T14:01:40.567073
2026041001030694,GBIME,42,58,400,238.0,95200.0,Sani Securities Company Ltd.,Naasa Securities Co. Ltd.,2026-04-10T14:08:22.906815
2026041001030890,GBIME,42,86,94,237.0,22278.0,Sani Securities Company Ltd.,Stoxkarts Securities Limited,2026-04-10T14:10:37.102878
2026041001030917,GBIME,42,58,536,237.0,127032.0,Sani Securities Company Ltd.,Naasa Securities Co. Ltd.,2026-04-10T14:10:53.568498
2026041001030918,GBIME,46,58,14,236.5,3311.0,Kalika Securities Pvt. Ltd.,Naasa Securities Co. Ltd.,2026-04-10T14:10:53.568893
2026041001030919,GBIME,34,58,1050,236.5,248325.0,Vision Securities Pvt. Ltd,Naasa Securities Co. Ltd.,2026-04-10T14:10:53.569136
2026041001030971,GBIME,17,57,10,237.8,2378.0,ABC Securities Private Limited,Aryatara Investment & Securities,2026-04-10T14:11:32.847142
2026041001031033,GBIME,34,6,150,236.5,35475.0,Vision Securities Pvt. Ltd,Agrawal Securities (PVT) Ltd.,2026-04-10T14:12:15.565381
2026041001031055,GBIME,17,57,10,237.8,2378.0,ABC Securities Private Limited,Aryatara Investment & Securities,2026-04-10T14:12:34.785213
2026041001031132,GBIME,49,57,10,237.8,2378.0,Online Securities Pvt. Ltd.,Aryatara Investment & Securities,2026-04-10T14:13:10.777837
2026041001031268,GBIME,41,57,41,237.8,9749.8,Linch Stock Market Ltd.,Aryatara Investment & Securities,2026-04-10T14:14:46.355367
2026041001031271,GBIME,1,57,584,237.8,138875.2,Kumari Securities Private Limited,Aryatara Investment & Securities,2026-04-10T14:14:51.835949
2026041001031272,GBIME,1,86,200,237.8,47560.0,Kumari Securities Private Limited,Stoxkarts Securities Limited,2026-04-10T14:14:51.836162
2026041001031352,GBIME,46,44,420,237.9,99918.0,Kalika Securities Pvt. Ltd.,Dynamic Money Managers Securities Pvt. Ltd.,2026-04-10T14:16:05.36292
2026041001031419,GBIME,17,44,80,237.9,19032.0,ABC Securities Private Limited,Dynamic Money Managers Securities Pvt. Ltd.,2026-04-10T14:17:05.116565
2026041001031420,GBIME,17,59,10,238.0,2380.0,ABC Securities Private Limited,Deevyaa Securities & Stock House Pvt. Ltd,2026-04-10T14:17:05.116971
2026041001031421,GBIME,17,44,400,238.4,95360.0,ABC Securities Private Limited,Dynamic Money Managers Securities Pvt. Ltd.,2026-04-10T14:17:05.117258
2026041001031422,GBIME,17,19,10,238.5,2385.0,ABC Securities Private Limited,Nepal Investment And Securities Trading Private Limited,2026-04-10T14:17:05.117504
2026041001031489,GBIME,34,19,290,238.5,69165.0,Vision Securities Pvt. Ltd,Nepal Investment And Securities Trading Private Limited,2026-04-10T14:17:43.215074
2026041001031490,GBIME,34,5,990,238.5,236115.0,Vision Securities Pvt. Ltd,Market Securities & Exchange (PVT) Ltd.,2026-04-10T14:17:43.215283
2026041001031542,GBIME,34,86,200,238.5,47700.0,Vision Securities Pvt. Ltd,Stoxkarts Securities Limited,2026-04-10T14:18:01.311872
2026041001031555,GBIME,34,32,10,238.6,2386.0,Vision Securities Pvt. Ltd,Premier Securities Company Ltd.,2026-04-10T14:18:13.189762
2026041001031556,GBIME,34,52,128,238.6,30540.8,Vision Securities Pvt. Ltd,Sundhara Securities Limited,2026-04-10T14:18:13.190174
2026041001031557,GBIME,34,5,62,238.7,14799.4,Vision Securities Pvt. Ltd,Market Securities & Exchange (PVT) Ltd.,2026-04-10T14:18:13.190428
2026041001031558,GBIME,34,11,10,238.8,2388.0,Vision Securities Pvt. Ltd,Malla & Malla Stock Broking Company Pvt. Limited,2026-04-10T14:18:13.190693
2026041001031559,GBIME,34,36,32,238.8,7641.6,Vision Securities Pvt. Ltd,Secured Securities Ltd.,2026-04-10T14:18:13.190924
2026041001031560,GBIME,34,28,1885,238.8,450138.0,Vision Securities Pvt. Ltd,Shree Krishna Securities Ltd.,2026-04-10T14:18:13.191172
2026041001031573,GBIME,34,44,193,238.9,46107.7,Vision Securities Pvt. Ltd,Dynamic Money Managers Securities Pvt. Ltd.,2026-04-10T14:18:23.031656
2026041001031757,GBIME,1,44,299,237.9,71132.1,Kumari Securities Private Limited,Dynamic Money Managers Securities Pvt. Ltd.,2026-04-10T14:19:09.645116
2026041001031793,GBIME,17,44,10,238.9,2389.0,ABC Securities Private Limited,Dynamic Money Managers Securities Pvt. Ltd.,2026-04-10T14:19:28.189975
2026041001031878,GBIME,49,6,10,237.9,2379.0,Online Securities Pvt. Ltd.,Agrawal Securities (PVT) Ltd.,2026-04-10T14:20:20.521568
2026041001031912,GBIME,47,6,38,237.9,9040.2,Neev Securities Pvt. Ltd.,Agrawal Securities (PVT) Ltd.,2026-04-10T14:20:27.223682
2026041001031935,GBIME,48,44,10,238.9,2389.0,Trishakti Securities Public Limited,Dynamic Money Managers Securities Pvt. Ltd.,2026-04-10T14:20:36.890588
2026041001032102,GBIME,47,16,12,238.0,2856.0,Neev Securities Pvt. Ltd.,Primo Securities (PVT) Ltd.,2026-04-10T14:21:41.148554
2026041001032252,GBIME,62,16,50,237.9,11895.0,Capital Max Securities Ltd,Primo Securities (PVT) Ltd.,2026-04-10T14:23:02.246312
2026041001032253,GBIME,1,16,62,237.9,14749.8,Kumari Securities Private Limited,Primo Securities (PVT) Ltd.,2026-04-10T14:23:02.24651
2026041001032485,GBIME,58,13,140,238.0,33320.0,Naasa Securities Co. Ltd.,Thrive Brokerage House Pvt. Ltd,2026-04-10T14:24:50.851539
2026041001032603,GBIME,58,45,260,238.0,61880.0,Naasa Securities Co. Ltd.,Imperial Securities Company Pvt. Ltd.,2026-04-10T14:25:58.879781
2026041001032604,GBIME,1,45,237,237.9,56382.3,Kumari Securities Private Limited,Imperial Securities Company Pvt. Ltd.,2026-04-10T14:25:58.880193
2026041001032682,GBIME,53,45,8,239.9,1919.2,Investment Management Nepal Pvt. Ltd.,Imperial Securities Company Pvt. Ltd.,2026-04-10T14:26:39.000261
2026041001033464,GBIME,21,86,200,237.9,47580.0,Midas Stock Broking Company Private Limited,Stoxkarts Securities Limited,2026-04-10T14:32:06.372701
2026041001033465,GBIME,21,86,50,238.0,11900.0,Midas Stock Broking Company Private Limited,Stoxkarts Securities Limited,2026-04-10T14:32:06.372982
2026041001033556,GBIME,51,44,60,237.9,14274.0,Oxford Securities Pvt. Ltd.,Dynamic Money Managers Securities Pvt. Ltd.,2026-04-10T14:33:02.73368
2026041001033610,GBIME,48,38,56,237.0,13272.0,Trishakti Securities Public Limited,Dipshikha Dhitopatra Karobar Co. Pvt Ltd.,2026-04-10T14:33:28.066144
2026041001033668,GBIME,29,48,10,237.8,2378.0,Trisul Securities & Invt. Ltd.,Trishakti Securities Public Limited,2026-04-10T14:33:59.099386
2026041001033847,GBIME,48,52,69,237.0,16353.0,Trishakti Securities Public Limited,Sundhara Securities Limited,2026-04-10T14:35:17.202158
2026041001033875,GBIME,34,82,1,233.0,233.0,Vision Securities Pvt. Ltd,N.M.B. SECURITIES LIMITED,2026-04-10T14:35:33.433553
2026041001034055,GBIME,49,52,10,237.0,2370.0,Online Securities Pvt. Ltd.,Sundhara Securities Limited,2026-04-10T14:37:01.879231
2026041001034152,GBIME,41,52,100,237.0,23700.0,Linch Stock Market Ltd.,Sundhara Securities Limited,2026-04-10T14:37:36.612402
2026041001034380,GBIME,96,52,21,237.0,4977.0,Himalayan Securities Limited,Sundhara Securities Limited,2026-04-10T14:38:54.425256
2026041001034381,GBIME,96,43,79,237.0,18723.0,Himalayan Securities Limited,South Asian Bulls Pvt. Ltd.,2026-04-10T14:38:54.425478
2026041001034429,GBIME,17,43,21,237.0,4977.0,ABC Securities Private Limited,South Asian Bulls Pvt. Ltd.,2026-04-10T14:39:17.011348
2026041001034430,GBIME,17,14,135,237.0,31995.0,ABC Securities Private Limited,Nepal Stock House (PVT) Ltd.,2026-04-10T14:39:17.011788
2026041001034453,GBIME,22,69,15,236.6,3549.0,Siprabi Securities Pvt. Ltd.,INDEX SECURITIES LIMITED,2026-04-10T14:39:21.394923
2026041001034454,GBIME,45,69,135,236.5,31927.5,Imperial Securities Company Pvt. Ltd.,INDEX SECURITIES LIMITED,2026-04-10T14:39:21.395018
2026041001034460,GBIME,89,22,21,236.6,4968.6,Global IME Securities Limited,Siprabi Securities Pvt. Ltd.,2026-04-10T14:39:26.238517
2026041001034543,GBIME,45,48,195,236.5,46117.5,Imperial Securities Company Pvt. Ltd.,Trishakti Securities Public Limited,2026-04-10T14:39:54.479577
2026041001034544,GBIME,22,48,50,236.5,11825.0,Siprabi Securities Pvt. Ltd.,Trishakti Securities Public Limited,2026-04-10T14:39:54.479799
2026041001034545,GBIME,44,48,745,236.2,175969.0,Dynamic Money Managers Securities Pvt. Ltd.,Trishakti Securities Public Limited,2026-04-10T14:39:54.479889
2026041001034603,GBIME,44,86,50,236.2,11810.0,Dynamic Money Managers Securities Pvt. Ltd.,Stoxkarts Securities Limited,2026-04-10T14:40:27.188001
2026041001034642,GBIME,21,22,12,236.6,2839.2,Midas Stock Broking Company Private Limited,Siprabi Securities Pvt. Ltd.,2026-04-10T14:40:49.377377
2026041001034690,GBIME,44,76,205,236.2,48421.0,Dynamic Money Managers Securities Pvt. Ltd.,Machhapuchchhre Securities Limited,2026-04-10T14:41:12.190246
2026041001034691,GBIME,49,76,200,236.0,47200.0,Online Securities Pvt. Ltd.,Machhapuchchhre Securities Limited,2026-04-10T14:41:12.190292
2026041001034692,GBIME,96,76,200,236.0,47200.0,Himalayan Securities Limited,Machhapuchchhre Securities Limited,2026-04-10T14:41:12.190315
2026041001034693,GBIME,32,76,666,236.0,157176.0,Premier Securities Company Ltd.,Machhapuchchhre Securities Limited,2026-04-10T14:41:12.190337
2026041001034971,GBIME,32,45,334,236.0,78824.0,Premier Securities Company Ltd.,Imperial Securities Company Pvt. Ltd.,2026-04-10T14:43:03.320168
2026041001034972,GBIME,57,45,50,236.0,11800.0,Aryatara Investment & Securities,Imperial Securities Company Pvt. Ltd.,2026-04-10T14:43:03.320596
2026041001034990,GBIME,21,35,6,240.0,1440.0,Midas Stock Broking Company Private Limited,Kohinoor Investment & Securities Pvt. Ltd.,2026-04-10T14:43:11.342356
2026041001035039,GBIME,49,45,20,236.0,4720.0,Online Securities Pvt. Ltd.,Imperial Securities Company Pvt. Ltd.,2026-04-10T14:43:34.263021
2026041001035058,GBIME,41,45,200,236.0,47200.0,Linch Stock Market Ltd.,Imperial Securities Company Pvt. Ltd.,2026-04-10T14:43:40.599085
2026041001035073,GBIME,57,45,40,236.0,9440.0,Aryatara Investment & Securities,Imperial Securities Company Pvt. Ltd.,2026-04-10T14:43:49.094912
2026041001035133,GBIME,32,45,1700,236.0,401200.0,Premier Securities Company Ltd.,Imperial Securities Company Pvt. Ltd.,2026-04-10T14:44:03.58945
2026041001035150,GBIME,1,45,456,236.0,107616.0,Kumari Securities Private Limited,Imperial Securities Company Pvt. Ltd.,2026-04-10T14:44:06.763559
2026041001035201,GBIME,1,1,44,236.0,10384.0,Kumari Securities Private Limited,Kumari Securities Private Limited,2026-04-10T14:44:22.320292
2026041001035202,GBIME,16,1,36,235.5,8478.0,Primo Securities (PVT) Ltd.,Kumari Securities Private Limited,2026-04-10T14:44:22.320391
2026041001035383,GBIME,34,56,10,236.0,2360.0,Vision Securities Pvt. Ltd,Sri Hari Securities Pvt. Ltd.,2026-04-10T14:45:13.00786
2026041001035432,GBIME,7,56,65,236.0,15340.0,J.F. Securites (PVT) Ltd.,Sri Hari Securities Pvt. Ltd.,2026-04-10T14:45:29.820977
2026041001035742,GBIME,7,45,435,236.0,102660.0,J.F. Securites (PVT) Ltd.,Imperial Securities Company Pvt. Ltd.,2026-04-10T14:47:28.750103
2026041001035871,GBIME,42,45,65,236.0,15340.0,Sani Securities Company Ltd.,Imperial Securities Company Pvt. Ltd.,2026-04-10T14:48:13.530891
2026041001036013,GBIME,42,52,50,236.0,11800.0,Sani Securities Company Ltd.,Sundhara Securities Limited,2026-04-10T14:49:01.664346
2026041001036188,GBIME,58,37,229,236.2,54089.8,Naasa Securities Co. Ltd.,Swarna Laxmi Securities Pvt. Ltd.,2026-04-10T14:49:46.248811
2026041001036306,GBIME,1,22,13,236.6,3075.8,Kumari Securities Private Limited,Siprabi Securities Pvt. Ltd.,2026-04-10T14:50:21.909121
2026041001036411,GBIME,1,14,115,237.0,27255.0,Kumari Securities Private Limited,Nepal Stock House (PVT) Ltd.,2026-04-10T14:50:54.748044
2026041001036632,GBIME,19,25,18,237.0,4266.0,Nepal Investment And Securities Trading Private Limited,Sweta Securities Private Limited,2026-04-10T14:52:07.488763
2026041001036769,GBIME,58,78,10,236.6,2366.0,Naasa Securities Co. Ltd.,Garima Securities Limited,2026-04-10T14:52:46.319788
2026041001037010,GBIME,45,29,12,237.0,2844.0,Imperial Securities Company Pvt. Ltd.,Trisul Securities & Invt. Ltd.,2026-04-10T14:53:35.596955
2026041001037259,GBIME,45,16,23,237.0,5451.0,Imperial Securities Company Pvt. Ltd.,Primo Securities (PVT) Ltd.,2026-04-10T14:54:33.185778
2026041001037298,GBIME,25,56,20,237.0,4740.0,Sweta Securities Private Limited,Sri Hari Securities Pvt. Ltd.,2026-04-10T14:54:44.086849
2026041001037397,GBIME,25,45,280,237.0,66360.0,Sweta Securities Private Limited,Imperial Securities Company Pvt. Ltd.,2026-04-10T14:55:05.502805
2026041001037398,GBIME,19,45,20,237.0,4740.0,Nepal Investment And Securities Trading Private Limited,Imperial Securities Company Pvt. Ltd.,2026-04-10T14:55:05.503305
2026041001037399,GBIME,58,45,211,237.0,50007.0,Naasa Securities Co. Ltd.,Imperial Securities Company Pvt. Ltd.,2026-04-10T14:55:05.50358
2026041001037495,GBIME,59,45,16,237.0,3792.0,Deevyaa Securities & Stock House Pvt. Ltd,Imperial Securities Company Pvt. Ltd.,2026-04-10T14:55:23.224267
2026041001037496,GBIME,59,19,384,237.5,91200.0,Deevyaa Securities & Stock House Pvt. Ltd,Nepal Investment And Securities Trading Private Limited,2026-04-10T14:55:23.224721
2026041001037695,GBIME,34,42,112,236.8,26521.6,Vision Securities Pvt. Ltd,Sani Securities Company Ltd.,2026-04-10T14:56:01.869431
2026041001037808,GBIME,57,19,116,237.5,27550.0,Aryatara Investment & Securities,Nepal Investment And Securities Trading Private Limited,2026-04-10T14:56:28.579724
2026041001037809,GBIME,57,41,100,237.5,23750.0,Aryatara Investment & Securities,Linch Stock Market Ltd.,2026-04-10T14:56:28.57995
2026041001037810,GBIME,57,45,284,237.6,67478.4,Aryatara Investment & Securities,Imperial Securities Company Pvt. Ltd.,2026-04-10T14:56:28.580054
2026041001037825,GBIME,34,11,57,237.0,13509.0,Vision Securities Pvt. Ltd,Malla & Malla Stock Broking Company Pvt. Limited,2026-04-10T14:56:32.424512
2026041001037826,GBIME,34,45,212,237.6,50371.2,Vision Securities Pvt. Ltd,Imperial Securities Company Pvt. Ltd.,2026-04-10T14:56:32.424967
2026041001037958,GBIME,58,45,100,237.6,23760.0,Naasa Securities Co. Ltd.,Imperial Securities Company Pvt. Ltd.,2026-04-10T14:56:57.696313
2026041001038236,GBIME,59,78,10,237.0,2370.0,Deevyaa Securities & Stock House Pvt. Ltd,Garima Securities Limited,2026-04-10T14:57:47.822494
2026041001038237,GBIME,54,38,95,237.5,22562.5,Sewa Securities Pvt. Ltd.,Dipshikha Dhitopatra Karobar Co. Pvt Ltd.,2026-04-10T14:57:48.020075
2026041001038342,GBIME,45,38,160,237.5,38000.0,Imperial Securities Company Pvt. Ltd.,Dipshikha Dhitopatra Karobar Co. Pvt Ltd.,2026-04-10T14:58:10.842363
2026041001038343,GBIME,45,11,50,237.6,11880.0,Imperial Securities Company Pvt. Ltd.,Malla & Malla Stock Broking Company Pvt. Limited,2026-04-10T14:58:10.842602
2026041001038344,GBIME,45,19,500,237.8,118900.0,Imperial Securities Company Pvt. Ltd.,Nepal Investment And Securities Trading Private Limited,2026-04-10T14:58:10.842707
2026041001038345,GBIME,45,44,240,237.9,57096.0,Imperial Securities Company Pvt. Ltd.,Dynamic Money Managers Securities Pvt. Ltd.,2026-04-10T14:58:10.842809
2026041001038346,GBIME,45,6,20,238.0,4760.0,Imperial Securities Company Pvt. Ltd.,Agrawal Securities (PVT) Ltd.,2026-04-10T14:58:10.842909
2026041001038347,GBIME,45,3,246,238.0,58548.0,Imperial Securities Company Pvt. Ltd.,Arun Securities (PVT) Ltd.,2026-04-10T14:58:10.843009
2026041001038348,GBIME,45,14,284,238.0,67592.0,Imperial Securities Company Pvt. Ltd.,Nepal Stock House (PVT) Ltd.,2026-04-10T14:58:10.843116
2026041001038453,GBIME,59,36,190,237.0,45030.0,Deevyaa Securities & Stock House Pvt. Ltd,Secured Securities Ltd.,2026-04-10T14:58:25.500359
2026041001038454,GBIME,57,36,1510,236.8,357568.0,Aryatara Investment & Securities,Secured Securities Ltd.,2026-04-10T14:58:25.500396
2026041001038457,GBIME,19,19,10,237.9,2379.0,Nepal Investment And Securities Trading Private Limited,Nepal Investment And Securities Trading Private Limited,2026-04-10T14:58:25.892714
2026041001038499,GBIME,57,19,490,237.9,116571.0,Aryatara Investment & Securities,Nepal Investment And Securities Trading Private Limited,2026-04-10T14:58:34.917402
2026041001038678,GBIME,38,14,500,238.0,119000.0,Dipshikha Dhitopatra Karobar Co. Pvt Ltd.,Nepal Stock House (PVT) Ltd.,2026-04-10T14:59:05.136326
2026041001038760,GBIME,57,36,300,237.9,71370.0,Aryatara Investment & Securities,Secured Securities Ltd.,2026-04-10T14:59:16.036414
2026041001038761,GBIME,57,19,210,237.9,49959.0,Aryatara Investment & Securities,Nepal Investment And Securities Trading Private Limited,2026-04-10T14:59:16.203929
2026041001038791,GBIME,33,19,68,237.0,16116.0,Dakshinkali Investment & Securities Pvt. Ltd.,Nepal Investment And Securities Trading Private Limited,2026-04-10T14:59:20.275335
2026041001038836,GBIME,57,19,100,237.9,23790.0,Aryatara Investment & Securities,Nepal Investment And Securities Trading Private Limited,2026-04-10T14:59:27.201837
2026041001038891,GBIME,45,19,100,237.9,23790.0,Imperial Securities Company Pvt. Ltd.,Nepal Investment And Securities Trading Private Limited,2026-04-10T14:59:32.462159
2026041001039001,GBIME,33,38,32,237.0,7584.0,Dakshinkali Investment & Securities Pvt. Ltd.,Dipshikha Dhitopatra Karobar Co. Pvt Ltd.,2026-04-10T14:59:41.915735
2026041001039002,GBIME,4,38,20,237.0,4740.0,Opal Securities Investment (PVT) Ltd.,Dipshikha Dhitopatra Karobar Co. Pvt Ltd.,2026-04-10T14:59:41.915797
2026041001039003,GBIME,57,38,72,236.8,17049.6,Aryatara Investment & Securities,Dipshikha Dhitopatra Karobar Co. Pvt Ltd.,2026-04-10T14:59:41.915833
2026041001039168,GBIME,58,19,11,237.9,2616.9,Naasa Securities Co. Ltd.,Nepal Investment And Securities Trading Private Limited,2026-04-10T14:59:53.873259
