contractId,stockSymbol,buyerMemberId,sellerMemberId,quantity,price,amount,businessDate,tradeBookId,stockId,buyerBrokerName,sellerBrokerName,transaction_time,securityName
2026041004000080,GHL,43,21,750,260.0,195000.0,2026-04-10,185886485,2806,South Asian Bulls Pvt. Ltd.,Midas Stock Broking Company Private Limited,2026-04-10T11:01:01.574544,Ghalemdi Hydro Limited
2026041004000133,GHL,32,25,750,260.0,195000.0,2026-04-10,185887312,2806,Premier Securities Company Ltd.,Sweta Securities Private Limited,2026-04-10T11:01:51.153364,Ghalemdi Hydro Limited
2026041004000134,GHL,32,67,250,260.0,65000.0,2026-04-10,185887315,2806,Premier Securities Company Ltd.,Property Wiard Limited,2026-04-10T11:01:51.153496,Ghalemdi Hydro Limited
2026041004000319,GHL,44,39,40,258.0,10320.0,2026-04-10,185889585,2806,Dynamic Money Managers Securities Pvt. Ltd.,Sumeru Securities Pvt. Ltd.,2026-04-10T11:04:15.173553,Ghalemdi Hydro Limited
2026041004000388,GHL,51,59,200,256.0,51200.0,2026-04-10,185890171,2806,Oxford Securities Pvt. Ltd.,Deevyaa Securities & Stock House Pvt. Ltd,2026-04-10T11:05:06.863838,Ghalemdi Hydro Limited
2026041004000389,GHL,35,59,400,256.0,102400.0,2026-04-10,185890172,2806,Kohinoor Investment & Securities Pvt. Ltd.,Deevyaa Securities & Stock House Pvt. Ltd,2026-04-10T11:05:06.863927,Ghalemdi Hydro Limited
2026041004000664,GHL,49,1,50,258.0,12900.0,2026-04-10,185892775,2806,Online Securities Pvt. Ltd.,Kumari Securities Private Limited,2026-04-10T11:07:42.846141,Ghalemdi Hydro Limited
2026041004000665,GHL,17,1,200,256.1,51220.0,2026-04-10,185892777,2806,ABC Securities Private Limited,Kumari Securities Private Limited,2026-04-10T11:07:42.846219,Ghalemdi Hydro Limited
2026041004000666,GHL,35,1,100,256.0,25600.0,2026-04-10,185892779,2806,Kohinoor Investment & Securities Pvt. Ltd.,Kumari Securities Private Limited,2026-04-10T11:07:42.846274,Ghalemdi Hydro Limited
2026041004000667,GHL,58,1,300,256.0,76800.0,2026-04-10,185892780,2806,Naasa Securities Co. Ltd.,Kumari Securities Private Limited,2026-04-10T11:07:42.846309,Ghalemdi Hydro Limited
2026041004001442,GHL,41,58,10,257.0,2570.0,2026-04-10,185898776,2806,Linch Stock Market Ltd.,Naasa Securities Co. Ltd.,2026-04-10T11:14:14.065467,Ghalemdi Hydro Limited
2026041004001450,GHL,41,56,190,257.0,48830.0,2026-04-10,185898835,2806,Linch Stock Market Ltd.,Sri Hari Securities Pvt. Ltd.,2026-04-10T11:14:18.921372,Ghalemdi Hydro Limited
2026041004001451,GHL,44,56,40,257.0,10280.0,2026-04-10,185898837,2806,Dynamic Money Managers Securities Pvt. Ltd.,Sri Hari Securities Pvt. Ltd.,2026-04-10T11:14:18.921456,Ghalemdi Hydro Limited
2026041004001487,GHL,26,56,270,257.0,69390.0,2026-04-10,185899160,2806,Asian Securities Private Ltd.,Sri Hari Securities Pvt. Ltd.,2026-04-10T11:14:38.355776,Ghalemdi Hydro Limited
2026041004001608,GHL,26,59,300,257.0,77100.0,2026-04-10,185899716,2806,Asian Securities Private Ltd.,Deevyaa Securities & Stock House Pvt. Ltd,2026-04-10T11:15:05.792239,Ghalemdi Hydro Limited
2026041004001653,GHL,26,59,300,257.0,77100.0,2026-04-10,185899986,2806,Asian Securities Private Ltd.,Deevyaa Securities & Stock House Pvt. Ltd,2026-04-10T11:15:25.49,Ghalemdi Hydro Limited
2026041004001740,GHL,26,58,130,257.0,33410.0,2026-04-10,185900871,2806,Asian Securities Private Ltd.,Naasa Securities Co. Ltd.,2026-04-10T11:16:29.010586,Ghalemdi Hydro Limited
2026041004001741,GHL,34,58,370,257.0,95090.0,2026-04-10,185900872,2806,Vision Securities Pvt. Ltd,Naasa Securities Co. Ltd.,2026-04-10T11:16:29.010694,Ghalemdi Hydro Limited
2026041004002177,GHL,58,37,33,257.3,8490.9,2026-04-10,185904281,2806,Naasa Securities Co. Ltd.,Swarna Laxmi Securities Pvt. Ltd.,2026-04-10T11:20:24.360989,Ghalemdi Hydro Limited
2026041004002178,GHL,68,37,300,257.2,77160.0,2026-04-10,185904283,2806,Elite Stock House Limited,Swarna Laxmi Securities Pvt. Ltd.,2026-04-10T11:20:24.361183,Ghalemdi Hydro Limited
2026041004002179,GHL,58,37,460,257.2,118312.0,2026-04-10,185904285,2806,Naasa Securities Co. Ltd.,Swarna Laxmi Securities Pvt. Ltd.,2026-04-10T11:20:24.361338,Ghalemdi Hydro Limited
2026041004002180,GHL,68,37,207,257.1,53219.7,2026-04-10,185904286,2806,Elite Stock House Limited,Swarna Laxmi Securities Pvt. Ltd.,2026-04-10T11:20:24.361476,Ghalemdi Hydro Limited
2026041004002397,GHL,58,58,218,257.3,56091.4,2026-04-10,185905765,2806,Naasa Securities Co. Ltd.,Naasa Securities Co. Ltd.,2026-04-10T11:21:43.064481,Ghalemdi Hydro Limited
2026041004002455,GHL,42,52,50,257.2,12860.0,2026-04-10,185906194,2806,Sani Securities Company Ltd.,Sundhara Securities Limited,2026-04-10T11:22:05.954069,Ghalemdi Hydro Limited
2026041004002456,GHL,42,58,150,257.2,38580.0,2026-04-10,185906211,2806,Sani Securities Company Ltd.,Naasa Securities Co. Ltd.,2026-04-10T11:22:06.039843,Ghalemdi Hydro Limited
2026041004002490,GHL,68,46,200,257.1,51420.0,2026-04-10,185906600,2806,Elite Stock House Limited,Kalika Securities Pvt. Ltd.,2026-04-10T11:22:26.429309,Ghalemdi Hydro Limited
2026041004002553,GHL,16,58,132,257.2,33950.4,2026-04-10,185906974,2806,Primo Securities (PVT) Ltd.,Naasa Securities Co. Ltd.,2026-04-10T11:22:51.652524,Ghalemdi Hydro Limited
2026041004002623,GHL,16,58,23,257.3,5917.9,2026-04-10,185907597,2806,Primo Securities (PVT) Ltd.,Naasa Securities Co. Ltd.,2026-04-10T11:23:29.960447,Ghalemdi Hydro Limited
2026041004002638,GHL,68,58,100,257.1,25710.0,2026-04-10,185907694,2806,Elite Stock House Limited,Naasa Securities Co. Ltd.,2026-04-10T11:23:36.887162,Ghalemdi Hydro Limited
2026041004002740,GHL,68,34,2000,257.1,514200.0,2026-04-10,185908354,2806,Elite Stock House Limited,Vision Securities Pvt. Ltd,2026-04-10T11:24:18.442382,Ghalemdi Hydro Limited
2026041004002918,GHL,14,58,35,257.3,9005.5,2026-04-10,185909593,2806,Nepal Stock House (PVT) Ltd.,Naasa Securities Co. Ltd.,2026-04-10T11:25:10.086152,Ghalemdi Hydro Limited
2026041004002974,GHL,68,49,12,257.1,3085.2,2026-04-10,185910116,2806,Elite Stock House Limited,Online Securities Pvt. Ltd.,2026-04-10T11:25:32.785261,Ghalemdi Hydro Limited
2026041004003159,GHL,68,63,958,257.1,246301.8,2026-04-10,185911480,2806,Elite Stock House Limited,Himalayan Brokerage Company Limited,2026-04-10T11:27:08.422546,Ghalemdi Hydro Limited
2026041004003162,GHL,43,58,192,257.3,49401.6,2026-04-10,185911508,2806,South Asian Bulls Pvt. Ltd.,Naasa Securities Co. Ltd.,2026-04-10T11:27:10.898398,Ghalemdi Hydro Limited
2026041004003163,GHL,43,99,100,257.3,25730.0,2026-04-10,185911510,2806,South Asian Bulls Pvt. Ltd.,Prabhu Stock Market Limited,2026-04-10T11:27:10.898516,Ghalemdi Hydro Limited
2026041004003213,GHL,36,58,36,258.0,9288.0,2026-04-10,185912132,2806,Secured Securities Ltd.,Naasa Securities Co. Ltd.,2026-04-10T11:27:38.64049,Ghalemdi Hydro Limited
2026041004003293,GHL,25,59,100,258.8,25880.0,2026-04-10,185912784,2806,Sweta Securities Private Limited,Deevyaa Securities & Stock House Pvt. Ltd,2026-04-10T11:28:17.419665,Ghalemdi Hydro Limited
2026041004003294,GHL,25,29,200,259.0,51800.0,2026-04-10,185912786,2806,Sweta Securities Private Limited,Trisul Securities & Invt. Ltd.,2026-04-10T11:28:17.419887,Ghalemdi Hydro Limited
2026041004003295,GHL,25,5,700,259.0,181300.0,2026-04-10,185912789,2806,Sweta Securities Private Limited,Market Securities & Exchange (PVT) Ltd.,2026-04-10T11:28:17.420039,Ghalemdi Hydro Limited
2026041004003311,GHL,36,63,900,258.0,232200.0,2026-04-10,185912878,2806,Secured Securities Ltd.,Himalayan Brokerage Company Limited,2026-04-10T11:28:21.263861,Ghalemdi Hydro Limited
2026041004003394,GHL,49,5,60,259.0,15540.0,2026-04-10,185913654,2806,Online Securities Pvt. Ltd.,Market Securities & Exchange (PVT) Ltd.,2026-04-10T11:28:59.647376,Ghalemdi Hydro Limited
2026041004003397,GHL,49,63,50,259.0,12950.0,2026-04-10,185913766,2806,Online Securities Pvt. Ltd.,Himalayan Brokerage Company Limited,2026-04-10T11:29:02.977897,Ghalemdi Hydro Limited
2026041004003484,GHL,49,63,50,259.0,12950.0,2026-04-10,185914576,2806,Online Securities Pvt. Ltd.,Himalayan Brokerage Company Limited,2026-04-10T11:29:36.355745,Ghalemdi Hydro Limited
2026041004003601,GHL,49,63,240,259.0,62160.0,2026-04-10,185915452,2806,Online Securities Pvt. Ltd.,Himalayan Brokerage Company Limited,2026-04-10T11:30:11.705976,Ghalemdi Hydro Limited
2026041004003631,GHL,36,16,100,259.7,25970.0,2026-04-10,185915662,2806,Secured Securities Ltd.,Primo Securities (PVT) Ltd.,2026-04-10T11:30:24.775492,Ghalemdi Hydro Limited
2026041004003632,GHL,36,63,1400,259.7,363580.0,2026-04-10,185915665,2806,Secured Securities Ltd.,Himalayan Brokerage Company Limited,2026-04-10T11:30:24.77561,Ghalemdi Hydro Limited
2026041004003635,GHL,68,63,600,259.7,155820.0,2026-04-10,185915762,2806,Elite Stock House Limited,Himalayan Brokerage Company Limited,2026-04-10T11:30:31.116451,Ghalemdi Hydro Limited
2026041004003636,GHL,68,59,100,259.8,25980.0,2026-04-10,185915764,2806,Elite Stock House Limited,Deevyaa Securities & Stock House Pvt. Ltd,2026-04-10T11:30:31.116494,Ghalemdi Hydro Limited
2026041004003637,GHL,68,67,450,260.0,117000.0,2026-04-10,185915766,2806,Elite Stock House Limited,Property Wiard Limited,2026-04-10T11:30:31.116522,Ghalemdi Hydro Limited
2026041004003638,GHL,68,57,50,260.0,13000.0,2026-04-10,185915769,2806,Elite Stock House Limited,Aryatara Investment & Securities,2026-04-10T11:30:31.116548,Ghalemdi Hydro Limited
2026041004003639,GHL,68,57,100,260.0,26000.0,2026-04-10,185915772,2806,Elite Stock House Limited,Aryatara Investment & Securities,2026-04-10T11:30:31.116575,Ghalemdi Hydro Limited
2026041004003640,GHL,68,53,100,260.0,26000.0,2026-04-10,185915774,2806,Elite Stock House Limited,Investment Management Nepal Pvt. Ltd.,2026-04-10T11:30:31.116596,Ghalemdi Hydro Limited
2026041004003641,GHL,68,42,1000,260.0,260000.0,2026-04-10,185915776,2806,Elite Stock House Limited,Sani Securities Company Ltd.,2026-04-10T11:30:31.11662,Ghalemdi Hydro Limited
2026041004003642,GHL,68,21,270,260.0,70200.0,2026-04-10,185915778,2806,Elite Stock House Limited,Midas Stock Broking Company Private Limited,2026-04-10T11:30:31.116646,Ghalemdi Hydro Limited
2026041004003643,GHL,68,45,10,260.0,2600.0,2026-04-10,185915780,2806,Elite Stock House Limited,Imperial Securities Company Pvt. Ltd.,2026-04-10T11:30:31.116671,Ghalemdi Hydro Limited
2026041004003644,GHL,68,5,509,260.0,132340.0,2026-04-10,185915782,2806,Elite Stock House Limited,Market Securities & Exchange (PVT) Ltd.,2026-04-10T11:30:31.116694,Ghalemdi Hydro Limited
2026041004003645,GHL,68,70,1811,261.0,472671.0,2026-04-10,185915785,2806,Elite Stock House Limited,Infinity Securities Limited,2026-04-10T11:30:31.116719,Ghalemdi Hydro Limited
2026041004003652,GHL,68,70,645,261.0,168345.0,2026-04-10,185915858,2806,Elite Stock House Limited,Infinity Securities Limited,2026-04-10T11:30:38.265303,Ghalemdi Hydro Limited
2026041004003653,GHL,68,34,375,261.0,97875.0,2026-04-10,185915860,2806,Elite Stock House Limited,Vision Securities Pvt. Ltd,2026-04-10T11:30:38.265519,Ghalemdi Hydro Limited
2026041004003654,GHL,68,57,500,261.0,130500.0,2026-04-10,185915862,2806,Elite Stock House Limited,Aryatara Investment & Securities,2026-04-10T11:30:38.265657,Ghalemdi Hydro Limited
2026041004003655,GHL,68,4,20,261.0,5220.0,2026-04-10,185915864,2806,Elite Stock House Limited,Opal Securities Investment (PVT) Ltd.,2026-04-10T11:30:38.26579,Ghalemdi Hydro Limited
2026041004003656,GHL,68,58,203,261.0,52983.0,2026-04-10,185915866,2806,Elite Stock House Limited,Naasa Securities Co. Ltd.,2026-04-10T11:30:38.265918,Ghalemdi Hydro Limited
2026041004003668,GHL,34,32,242,261.1,63186.2,2026-04-10,185916050,2806,Vision Securities Pvt. Ltd,Premier Securities Company Ltd.,2026-04-10T11:30:44.5575,Ghalemdi Hydro Limited
2026041004003669,GHL,34,58,500,262.0,131000.0,2026-04-10,185916052,2806,Vision Securities Pvt. Ltd,Naasa Securities Co. Ltd.,2026-04-10T11:30:44.557742,Ghalemdi Hydro Limited
2026041004003670,GHL,34,16,1200,262.0,314400.0,2026-04-10,185916054,2806,Vision Securities Pvt. Ltd,Primo Securities (PVT) Ltd.,2026-04-10T11:30:44.55788,Ghalemdi Hydro Limited
2026041004003671,GHL,34,57,500,262.0,131000.0,2026-04-10,185916056,2806,Vision Securities Pvt. Ltd,Aryatara Investment & Securities,2026-04-10T11:30:44.558006,Ghalemdi Hydro Limited
2026041004003672,GHL,34,46,100,262.0,26200.0,2026-04-10,185916058,2806,Vision Securities Pvt. Ltd,Kalika Securities Pvt. Ltd.,2026-04-10T11:30:44.558145,Ghalemdi Hydro Limited
2026041004003673,GHL,34,4,100,262.0,26200.0,2026-04-10,185916060,2806,Vision Securities Pvt. Ltd,Opal Securities Investment (PVT) Ltd.,2026-04-10T11:30:44.558275,Ghalemdi Hydro Limited
2026041004003674,GHL,34,45,600,262.0,157200.0,2026-04-10,185916062,2806,Vision Securities Pvt. Ltd,Imperial Securities Company Pvt. Ltd.,2026-04-10T11:30:44.558413,Ghalemdi Hydro Limited
2026041004003702,GHL,34,63,760,262.0,199120.0,2026-04-10,185916286,2806,Vision Securities Pvt. Ltd,Himalayan Brokerage Company Limited,2026-04-10T11:31:02.798939,Ghalemdi Hydro Limited
2026041004003731,GHL,34,74,500,262.1,131050.0,2026-04-10,185916562,2806,Vision Securities Pvt. Ltd,KALASH STOCK MARKET PVT. LTD.,2026-04-10T11:31:12.972992,Ghalemdi Hydro Limited
2026041004003732,GHL,34,6,200,262.2,52440.0,2026-04-10,185916564,2806,Vision Securities Pvt. Ltd,Agrawal Securities (PVT) Ltd.,2026-04-10T11:31:12.973204,Ghalemdi Hydro Limited
2026041004003888,GHL,34,33,50,262.5,13125.0,2026-04-10,185917734,2806,Vision Securities Pvt. Ltd,Dakshinkali Investment & Securities Pvt. Ltd.,2026-04-10T11:32:20.308253,Ghalemdi Hydro Limited
2026041004003889,GHL,43,82,708,263.0,186204.0,2026-04-10,185917777,2806,South Asian Bulls Pvt. Ltd.,N.M.B. SECURITIES LIMITED,2026-04-10T11:32:23.311398,Ghalemdi Hydro Limited
2026041004003904,GHL,34,3,248,262.5,65100.0,2026-04-10,186068792,2806,Vision Securities Pvt. Ltd,Arun Securities (PVT) Ltd.,2026-04-10T11:32:33.881,Ghalemdi Hydro Limited
2026041004003938,GHL,43,3,752,262.0,197024.0,2026-04-10,186071348,2806,South Asian Bulls Pvt. Ltd.,Arun Securities (PVT) Ltd.,2026-04-10T11:32:45.668,Ghalemdi Hydro Limited
2026041004004046,GHL,43,8,50,262.0,13100.0,2026-04-10,186071217,2806,South Asian Bulls Pvt. Ltd.,Brilliant Securities Pvt. Ltd.,2026-04-10T11:33:37.974,Ghalemdi Hydro Limited
2026041004004061,GHL,43,21,10,262.0,2620.0,2026-04-10,186071386,2806,South Asian Bulls Pvt. Ltd.,Midas Stock Broking Company Private Limited,2026-04-10T11:33:44.871,Ghalemdi Hydro Limited
2026041004004090,GHL,43,58,55,262.0,14410.0,2026-04-10,186071168,2806,South Asian Bulls Pvt. Ltd.,Naasa Securities Co. Ltd.,2026-04-10T11:33:57.731,Ghalemdi Hydro Limited
2026041004004091,GHL,43,25,133,262.0,34846.0,2026-04-10,186071166,2806,South Asian Bulls Pvt. Ltd.,Sweta Securities Private Limited,2026-04-10T11:33:59.042,Ghalemdi Hydro Limited
2026041004004117,GHL,32,25,17,262.0,4454.0,2026-04-10,186067176,2806,Premier Securities Company Ltd.,Sweta Securities Private Limited,2026-04-10T11:34:13.706,Ghalemdi Hydro Limited
2026041004004118,GHL,32,41,473,262.8,124304.4,2026-04-10,186067172,2806,Premier Securities Company Ltd.,Linch Stock Market Ltd.,2026-04-10T11:34:13.706,Ghalemdi Hydro Limited
2026041004004179,GHL,58,13,27,262.0,7074.0,2026-04-10,185918486,2806,Naasa Securities Co. Ltd.,Thrive Brokerage House Pvt. Ltd,2026-04-10T11:34:39.86448,Ghalemdi Hydro Limited
2026041004004383,GHL,68,49,10,261.0,2610.0,2026-04-10,186080321,2806,Elite Stock House Limited,Online Securities Pvt. Ltd.,2026-04-10T11:36:26.236,Ghalemdi Hydro Limited
2026041004004419,GHL,68,7,100,261.0,26100.0,2026-04-10,186080350,2806,Elite Stock House Limited,J.F. Securites (PVT) Ltd.,2026-04-10T11:36:48.74,Ghalemdi Hydro Limited
2026041004004423,GHL,58,33,653,261.0,170433.0,2026-04-10,186077636,2806,Naasa Securities Co. Ltd.,Dakshinkali Investment & Securities Pvt. Ltd.,2026-04-10T11:36:49.739,Ghalemdi Hydro Limited
2026041004004420,GHL,68,33,147,261.0,38367.0,2026-04-10,186080351,2806,Elite Stock House Limited,Dakshinkali Investment & Securities Pvt. Ltd.,2026-04-10T11:36:49.739,Ghalemdi Hydro Limited
2026041004004421,GHL,6,33,100,261.0,26100.0,2026-04-10,186063383,2806,Agrawal Securities (PVT) Ltd.,Dakshinkali Investment & Securities Pvt. Ltd.,2026-04-10T11:36:49.739,Ghalemdi Hydro Limited
2026041004004422,GHL,57,33,100,261.0,26100.0,2026-04-10,186076308,2806,Aryatara Investment & Securities,Dakshinkali Investment & Securities Pvt. Ltd.,2026-04-10T11:36:49.739,Ghalemdi Hydro Limited
2026041004004450,GHL,58,40,50,261.0,13050.0,2026-04-10,186077740,2806,Naasa Securities Co. Ltd.,Creative Securities Pvt Ltd,2026-04-10T11:36:59.841,Ghalemdi Hydro Limited
2026041004004478,GHL,58,35,200,261.0,52200.0,2026-04-10,186076693,2806,Naasa Securities Co. Ltd.,Kohinoor Investment & Securities Pvt. Ltd.,2026-04-10T11:37:14.51,Ghalemdi Hydro Limited
2026041004004496,GHL,3,57,50,261.8,13090.0,2026-04-10,186062500,2806,Arun Securities (PVT) Ltd.,Aryatara Investment & Securities,2026-04-10T11:37:24.748,Ghalemdi Hydro Limited
2026041004004501,GHL,58,45,597,261.0,155817.0,2026-04-10,186077313,2806,Naasa Securities Co. Ltd.,Imperial Securities Company Pvt. Ltd.,2026-04-10T11:37:31.1,Ghalemdi Hydro Limited
2026041004004502,GHL,39,45,103,261.0,26883.0,2026-04-10,186071500,2806,Sumeru Securities Pvt. Ltd.,Imperial Securities Company Pvt. Ltd.,2026-04-10T11:37:31.101,Ghalemdi Hydro Limited
2026041004004771,GHL,38,34,100,260.2,26020.0,2026-04-10,186071141,2806,Dipshikha Dhitopatra Karobar Co. Pvt Ltd.,Vision Securities Pvt. Ltd,2026-04-10T11:39:23.696,Ghalemdi Hydro Limited
2026041004004984,GHL,36,85,64,261.0,16704.0,2026-04-10,186069473,2806,Secured Securities Ltd.,Capital Hub P. Ltd,2026-04-10T11:41:43.754,Ghalemdi Hydro Limited
2026041004005035,GHL,40,85,200,261.0,52200.0,2026-04-10,186067610,2806,Creative Securities Pvt Ltd,Capital Hub P. Ltd,2026-04-10T11:42:25.309,Ghalemdi Hydro Limited
2026041004005039,GHL,35,62,10,260.1,2601.0,2026-04-10,186069109,2806,Kohinoor Investment & Securities Pvt. Ltd.,Capital Max Securities Ltd,2026-04-10T11:42:34.735,Ghalemdi Hydro Limited
2026041004005040,GHL,17,62,20,260.0,5200.0,2026-04-10,186064753,2806,ABC Securities Private Limited,Capital Max Securities Ltd,2026-04-10T11:42:34.735,Ghalemdi Hydro Limited
2026041004005041,GHL,10,62,70,260.0,18200.0,2026-04-10,186063788,2806,Pragyan Securities (PVT) Ltd.,Capital Max Securities Ltd,2026-04-10T11:42:34.736,Ghalemdi Hydro Limited
2026041004005088,GHL,40,85,200,261.0,52200.0,2026-04-10,186067552,2806,Creative Securities Pvt Ltd,Capital Hub P. Ltd,2026-04-10T11:43:09.471,Ghalemdi Hydro Limited
2026041004005151,GHL,40,85,100,261.0,26100.0,2026-04-10,186067609,2806,Creative Securities Pvt Ltd,Capital Hub P. Ltd,2026-04-10T11:43:55.784,Ghalemdi Hydro Limited
2026041004005167,GHL,43,85,136,261.0,35496.0,2026-04-10,186071162,2806,South Asian Bulls Pvt. Ltd.,Capital Hub P. Ltd,2026-04-10T11:44:01.721,Ghalemdi Hydro Limited
2026041004005168,GHL,43,41,24,261.0,6264.0,2026-04-10,186071307,2806,South Asian Bulls Pvt. Ltd.,Linch Stock Market Ltd.,2026-04-10T11:44:01.721,Ghalemdi Hydro Limited
2026041004005172,GHL,43,21,750,261.0,195750.0,2026-04-10,186071158,2806,South Asian Bulls Pvt. Ltd.,Midas Stock Broking Company Private Limited,2026-04-10T11:44:05.458,Ghalemdi Hydro Limited
2026041004005177,GHL,43,21,90,261.0,23490.0,2026-04-10,186071154,2806,South Asian Bulls Pvt. Ltd.,Midas Stock Broking Company Private Limited,2026-04-10T11:44:16.759,Ghalemdi Hydro Limited
2026041004005178,GHL,53,21,310,260.1,80631.0,2026-04-10,186075839,2806,Investment Management Nepal Pvt. Ltd.,Midas Stock Broking Company Private Limited,2026-04-10T11:44:16.759,Ghalemdi Hydro Limited
2026041004005179,GHL,10,21,1100,260.0,286000.0,2026-04-10,186063807,2806,Pragyan Securities (PVT) Ltd.,Midas Stock Broking Company Private Limited,2026-04-10T11:44:16.76,Ghalemdi Hydro Limited
2026041004005210,GHL,4,57,11,261.8,2879.8,2026-04-10,186062663,2806,Opal Securities Investment (PVT) Ltd.,Aryatara Investment & Securities,2026-04-10T11:44:29.011,Ghalemdi Hydro Limited
2026041004005259,GHL,58,34,130,261.7,34021.0,2026-04-10,186077399,2806,Naasa Securities Co. Ltd.,Vision Securities Pvt. Ltd,2026-04-10T11:45:01.704,Ghalemdi Hydro Limited
2026041004005313,GHL,54,34,20,260.9,5218.0,2026-04-10,186075708,2806,Sewa Securities Pvt. Ltd.,Vision Securities Pvt. Ltd,2026-04-10T11:45:41.691,Ghalemdi Hydro Limited
2026041004005314,GHL,54,39,80,261.0,20880.0,2026-04-10,186075703,2806,Sewa Securities Pvt. Ltd.,Sumeru Securities Pvt. Ltd.,2026-04-10T11:45:41.691,Ghalemdi Hydro Limited
2026041004005318,GHL,49,39,220,261.0,57420.0,2026-04-10,186073983,2806,Online Securities Pvt. Ltd.,Sumeru Securities Pvt. Ltd.,2026-04-10T11:45:44.95,Ghalemdi Hydro Limited
2026041004005345,GHL,49,19,600,261.0,156600.0,2026-04-10,186074267,2806,Online Securities Pvt. Ltd.,Nepal Investment And Securities Trading Private Limited,2026-04-10T11:46:06.822,Ghalemdi Hydro Limited
2026041004005350,GHL,49,45,300,261.0,78300.0,2026-04-10,186074269,2806,Online Securities Pvt. Ltd.,Imperial Securities Company Pvt. Ltd.,2026-04-10T11:46:12.999,Ghalemdi Hydro Limited
2026041004005362,GHL,49,57,30,261.0,7830.0,2026-04-10,186074288,2806,Online Securities Pvt. Ltd.,Aryatara Investment & Securities,2026-04-10T11:46:16.128,Ghalemdi Hydro Limited
2026041004005373,GHL,21,16,35,261.5,9152.5,2026-04-10,186065657,2806,Midas Stock Broking Company Private Limited,Primo Securities (PVT) Ltd.,2026-04-10T11:46:26.152,Ghalemdi Hydro Limited
2026041004005403,GHL,49,38,250,261.0,65250.0,2026-04-10,186074204,2806,Online Securities Pvt. Ltd.,Dipshikha Dhitopatra Karobar Co. Pvt Ltd.,2026-04-10T11:46:39.566,Ghalemdi Hydro Limited
2026041004005470,GHL,95,38,930,261.0,242730.0,2026-04-10,186081929,2806,Magnet Securities and Investment Company Private Limited,Dipshikha Dhitopatra Karobar Co. Pvt Ltd.,2026-04-10T11:47:22.154,Ghalemdi Hydro Limited
2026041004005644,GHL,43,89,500,261.0,130500.0,2026-04-10,186071148,2806,South Asian Bulls Pvt. Ltd.,Global IME Securities Limited,2026-04-10T11:49:24.611,Ghalemdi Hydro Limited
2026041004005645,GHL,43,38,500,261.0,130500.0,2026-04-10,186071295,2806,South Asian Bulls Pvt. Ltd.,Dipshikha Dhitopatra Karobar Co. Pvt Ltd.,2026-04-10T11:49:24.611,Ghalemdi Hydro Limited
2026041004005663,GHL,62,38,265,261.0,69165.0,2026-04-10,186079982,2806,Capital Max Securities Ltd,Dipshikha Dhitopatra Karobar Co. Pvt Ltd.,2026-04-10T11:49:33.889,Ghalemdi Hydro Limited
2026041004005745,GHL,62,38,35,261.0,9135.0,2026-04-10,186079878,2806,Capital Max Securities Ltd,Dipshikha Dhitopatra Karobar Co. Pvt Ltd.,2026-04-10T11:50:29.617,Ghalemdi Hydro Limited
2026041004005749,GHL,66,16,65,261.5,16997.5,2026-04-10,186079607,2806,Miyo Securities Pvt Ltd,Primo Securities (PVT) Ltd.,2026-04-10T11:50:36.275,Ghalemdi Hydro Limited
2026041004005750,GHL,66,16,80,261.7,20936.0,2026-04-10,186079664,2806,Miyo Securities Pvt Ltd,Primo Securities (PVT) Ltd.,2026-04-10T11:50:36.275,Ghalemdi Hydro Limited
2026041004005846,GHL,36,49,345,261.9,90355.5,2026-04-10,186069436,2806,Secured Securities Ltd.,Online Securities Pvt. Ltd.,2026-04-10T11:51:57.452,Ghalemdi Hydro Limited
2026041004005845,GHL,36,65,150,261.9,39285.0,2026-04-10,186069669,2806,Secured Securities Ltd.,Sharepro Securities Private Limited,2026-04-10T11:51:57.452,Ghalemdi Hydro Limited
2026041004005842,GHL,36,4,415,261.7,108605.5,2026-04-10,186069666,2806,Secured Securities Ltd.,Opal Securities Investment (PVT) Ltd.,2026-04-10T11:51:57.452,Ghalemdi Hydro Limited
2026041004005843,GHL,36,34,870,261.8,227766.0,2026-04-10,186069632,2806,Secured Securities Ltd.,Vision Securities Pvt. Ltd,2026-04-10T11:51:57.452,Ghalemdi Hydro Limited
2026041004005844,GHL,36,35,200,261.9,52380.0,2026-04-10,186069451,2806,Secured Securities Ltd.,Kohinoor Investment & Securities Pvt. Ltd.,2026-04-10T11:51:57.452,Ghalemdi Hydro Limited
2026041004005841,GHL,36,16,20,261.7,5234.0,2026-04-10,186069438,2806,Secured Securities Ltd.,Primo Securities (PVT) Ltd.,2026-04-10T11:51:57.452,Ghalemdi Hydro Limited
2026041004005929,GHL,62,49,235,261.9,61546.5,2026-04-10,186079954,2806,Capital Max Securities Ltd,Online Securities Pvt. Ltd.,2026-04-10T11:52:33.404,Ghalemdi Hydro Limited
2026041004006083,GHL,36,58,100,261.1,26110.0,2026-04-10,186069362,2806,Secured Securities Ltd.,Naasa Securities Co. Ltd.,2026-04-10T11:54:55.287,Ghalemdi Hydro Limited
2026041004006125,GHL,62,13,395,262.0,103490.0,2026-04-10,186079774,2806,Capital Max Securities Ltd,Thrive Brokerage House Pvt. Ltd,2026-04-10T11:55:29.051,Ghalemdi Hydro Limited
2026041004006123,GHL,62,32,10,261.7,2617.0,2026-04-10,186079981,2806,Capital Max Securities Ltd,Premier Securities Company Ltd.,2026-04-10T11:55:29.051,Ghalemdi Hydro Limited
2026041004006124,GHL,62,49,60,261.9,15714.0,2026-04-10,186079943,2806,Capital Max Securities Ltd,Online Securities Pvt. Ltd.,2026-04-10T11:55:29.051,Ghalemdi Hydro Limited
2026041004006170,GHL,56,13,200,262.0,52400.0,2026-04-10,186075434,2806,Sri Hari Securities Pvt. Ltd.,Thrive Brokerage House Pvt. Ltd,2026-04-10T11:55:54.149,Ghalemdi Hydro Limited
2026041004006178,GHL,36,45,400,261.1,104440.0,2026-04-10,186069657,2806,Secured Securities Ltd.,Imperial Securities Company Pvt. Ltd.,2026-04-10T11:56:00.065,Ghalemdi Hydro Limited
2026041004006181,GHL,75,13,10,262.0,2620.0,2026-04-10,186080240,2806,N.I.M.B. Stock Markets Limited,Thrive Brokerage House Pvt. Ltd,2026-04-10T11:56:05.636,Ghalemdi Hydro Limited
2026041004006211,GHL,36,13,1000,262.0,262000.0,2026-04-10,186069490,2806,Secured Securities Ltd.,Thrive Brokerage House Pvt. Ltd,2026-04-10T11:56:23.264,Ghalemdi Hydro Limited
2026041004006246,GHL,36,13,1000,262.0,262000.0,2026-04-10,186069614,2806,Secured Securities Ltd.,Thrive Brokerage House Pvt. Ltd,2026-04-10T11:56:49.123,Ghalemdi Hydro Limited
2026041004006249,GHL,62,14,50,262.0,13100.0,2026-04-10,186079995,2806,Capital Max Securities Ltd,Nepal Stock House (PVT) Ltd.,2026-04-10T11:56:49.238,Ghalemdi Hydro Limited
2026041004006248,GHL,62,14,100,262.0,26200.0,2026-04-10,186079964,2806,Capital Max Securities Ltd,Nepal Stock House (PVT) Ltd.,2026-04-10T11:56:49.238,Ghalemdi Hydro Limited
2026041004006247,GHL,62,13,203,262.0,53186.0,2026-04-10,186079962,2806,Capital Max Securities Ltd,Thrive Brokerage House Pvt. Ltd,2026-04-10T11:56:49.238,Ghalemdi Hydro Limited
2026041004006280,GHL,26,41,10,262.8,2628.0,2026-04-10,186066611,2806,Asian Securities Private Ltd.,Linch Stock Market Ltd.,2026-04-10T11:57:21.974,Ghalemdi Hydro Limited
2026041004006320,GHL,62,35,22,262.9,5783.8,2026-04-10,186079930,2806,Capital Max Securities Ltd,Kohinoor Investment & Securities Pvt. Ltd.,2026-04-10T11:58:03.434,Ghalemdi Hydro Limited
2026041004006330,GHL,6,8,50,262.0,13100.0,2026-04-10,186063394,2806,Agrawal Securities (PVT) Ltd.,Brilliant Securities Pvt. Ltd.,2026-04-10T11:58:05.654,Ghalemdi Hydro Limited
2026041004006403,GHL,45,70,500,262.0,131000.0,2026-04-10,186072456,2806,Imperial Securities Company Pvt. Ltd.,Infinity Securities Limited,2026-04-10T11:58:46.459,Ghalemdi Hydro Limited
2026041004006444,GHL,6,45,100,261.0,26100.0,2026-04-10,186063071,2806,Agrawal Securities (PVT) Ltd.,Imperial Securities Company Pvt. Ltd.,2026-04-10T11:59:16.007,Ghalemdi Hydro Limited
2026041004006497,GHL,42,58,300,261.9,78570.0,2026-04-10,186070353,2806,Sani Securities Company Ltd.,Naasa Securities Co. Ltd.,2026-04-10T12:00:08.865,Ghalemdi Hydro Limited
2026041004006509,GHL,58,58,10,261.9,2619.0,2026-04-10,186077207,2806,Naasa Securities Co. Ltd.,Naasa Securities Co. Ltd.,2026-04-10T12:00:17.983,Ghalemdi Hydro Limited
2026041004006585,GHL,47,65,5000,260.2,1301000.0,2026-04-10,186073130,2806,Neev Securities Pvt. Ltd.,Sharepro Securities Private Limited,2026-04-10T12:01:18.321,Ghalemdi Hydro Limited
2026041004006590,GHL,10,65,5584,260.0,1451840.0,2026-04-10,186063765,2806,Pragyan Securities (PVT) Ltd.,Sharepro Securities Private Limited,2026-04-10T12:01:18.322,Ghalemdi Hydro Limited
2026041004006589,GHL,16,65,1000,260.1,260100.0,2026-04-10,186064457,2806,Primo Securities (PVT) Ltd.,Sharepro Securities Private Limited,2026-04-10T12:01:18.322,Ghalemdi Hydro Limited
2026041004006587,GHL,6,65,416,260.2,108243.2,2026-04-10,186063351,2806,Agrawal Securities (PVT) Ltd.,Sharepro Securities Private Limited,2026-04-10T12:01:18.322,Ghalemdi Hydro Limited
2026041004006586,GHL,62,65,1000,260.2,260200.0,2026-04-10,186079992,2806,Capital Max Securities Ltd,Sharepro Securities Private Limited,2026-04-10T12:01:18.322,Ghalemdi Hydro Limited
2026041004006588,GHL,89,65,500,260.1,130050.0,2026-04-10,186081794,2806,Global IME Securities Limited,Sharepro Securities Private Limited,2026-04-10T12:01:18.322,Ghalemdi Hydro Limited
2026041004006597,GHL,10,62,105,260.0,27300.0,2026-04-10,186063758,2806,Pragyan Securities (PVT) Ltd.,Capital Max Securities Ltd,2026-04-10T12:01:24.755,Ghalemdi Hydro Limited
2026041004006757,GHL,35,39,500,260.1,130050.0,2026-04-10,185921071,2806,Kohinoor Investment & Securities Pvt. Ltd.,Sumeru Securities Pvt. Ltd.,2026-04-10T12:03:03.841222,Ghalemdi Hydro Limited
2026041004006772,GHL,43,95,70,260.1,18207.0,2026-04-10,185921150,2806,South Asian Bulls Pvt. Ltd.,Magnet Securities and Investment Company Private Limited,2026-04-10T12:03:11.229216,Ghalemdi Hydro Limited
2026041004006773,GHL,10,95,430,260.0,111800.0,2026-04-10,185921151,2806,Pragyan Securities (PVT) Ltd.,Magnet Securities and Investment Company Private Limited,2026-04-10T12:03:11.229555,Ghalemdi Hydro Limited
2026041004006805,GHL,10,34,300,260.0,78000.0,2026-04-10,185921425,2806,Pragyan Securities (PVT) Ltd.,Vision Securities Pvt. Ltd,2026-04-10T12:03:38.467573,Ghalemdi Hydro Limited
2026041004006858,GHL,10,34,50,260.0,13000.0,2026-04-10,185921787,2806,Pragyan Securities (PVT) Ltd.,Vision Securities Pvt. Ltd,2026-04-10T12:04:13.868523,Ghalemdi Hydro Limited
2026041004006876,GHL,10,6,200,260.0,52000.0,2026-04-10,185921939,2806,Pragyan Securities (PVT) Ltd.,Agrawal Securities (PVT) Ltd.,2026-04-10T12:04:24.389403,Ghalemdi Hydro Limited
2026041004006888,GHL,10,41,17,260.0,4420.0,2026-04-10,185922027,2806,Pragyan Securities (PVT) Ltd.,Linch Stock Market Ltd.,2026-04-10T12:04:36.642482,Ghalemdi Hydro Limited
2026041004006974,GHL,10,32,3144,260.0,817440.0,2026-04-10,185922600,2806,Pragyan Securities (PVT) Ltd.,Premier Securities Company Ltd.,2026-04-10T12:05:22.104641,Ghalemdi Hydro Limited
2026041004006975,GHL,39,32,97,260.0,25220.0,2026-04-10,185922602,2806,Sumeru Securities Pvt. Ltd.,Premier Securities Company Ltd.,2026-04-10T12:05:22.104849,Ghalemdi Hydro Limited
2026041004006976,GHL,21,32,759,260.0,197340.0,2026-04-10,185922603,2806,Midas Stock Broking Company Private Limited,Premier Securities Company Ltd.,2026-04-10T12:05:22.104925,Ghalemdi Hydro Limited
2026041004006989,GHL,21,42,241,260.0,62660.0,2026-04-10,185922710,2806,Midas Stock Broking Company Private Limited,Sani Securities Company Ltd.,2026-04-10T12:05:33.776705,Ghalemdi Hydro Limited
2026041004006990,GHL,42,42,250,260.0,65000.0,2026-04-10,185922712,2806,Sani Securities Company Ltd.,Sani Securities Company Ltd.,2026-04-10T12:05:33.776912,Ghalemdi Hydro Limited
2026041004006991,GHL,58,42,10,260.0,2600.0,2026-04-10,185922714,2806,Naasa Securities Co. Ltd.,Sani Securities Company Ltd.,2026-04-10T12:05:33.776983,Ghalemdi Hydro Limited
2026041004006992,GHL,58,42,240,260.0,62400.0,2026-04-10,185922716,2806,Naasa Securities Co. Ltd.,Sani Securities Company Ltd.,2026-04-10T12:05:33.777046,Ghalemdi Hydro Limited
2026041004007002,GHL,68,97,100,259.0,25900.0,2026-04-10,185922840,2806,Elite Stock House Limited,R.B.B. Securities Company Ltd,2026-04-10T12:05:45.698932,Ghalemdi Hydro Limited
2026041004007003,GHL,35,97,20,259.0,5180.0,2026-04-10,185922842,2806,Kohinoor Investment & Securities Pvt. Ltd.,R.B.B. Securities Company Ltd,2026-04-10T12:05:45.699099,Ghalemdi Hydro Limited
2026041004007004,GHL,10,97,28880,259.0,7479920.0,2026-04-10,185922843,2806,Pragyan Securities (PVT) Ltd.,R.B.B. Securities Company Ltd,2026-04-10T12:05:45.699179,Ghalemdi Hydro Limited
2026041004007029,GHL,10,97,120,259.0,31080.0,2026-04-10,185923034,2806,Pragyan Securities (PVT) Ltd.,R.B.B. Securities Company Ltd,2026-04-10T12:06:02.071306,Ghalemdi Hydro Limited
2026041004007030,GHL,62,45,1000,259.0,259000.0,2026-04-10,185923050,2806,Capital Max Securities Ltd,Imperial Securities Company Pvt. Ltd.,2026-04-10T12:06:03.35997,Ghalemdi Hydro Limited
2026041004007031,GHL,25,45,340,259.0,88060.0,2026-04-10,185923052,2806,Sweta Securities Private Limited,Imperial Securities Company Pvt. Ltd.,2026-04-10T12:06:03.360169,Ghalemdi Hydro Limited
2026041004007032,GHL,86,45,100,259.0,25900.0,2026-04-10,185923054,2806,Stoxkarts Securities Limited,Imperial Securities Company Pvt. Ltd.,2026-04-10T12:06:03.360244,Ghalemdi Hydro Limited
2026041004007033,GHL,57,45,60,259.0,15540.0,2026-04-10,185923055,2806,Aryatara Investment & Securities,Imperial Securities Company Pvt. Ltd.,2026-04-10T12:06:03.360304,Ghalemdi Hydro Limited
2026041004007188,GHL,57,65,40,259.0,10360.0,2026-04-10,185923902,2806,Aryatara Investment & Securities,Sharepro Securities Private Limited,2026-04-10T12:07:10.127011,Ghalemdi Hydro Limited
2026041004007189,GHL,25,65,30,259.0,7770.0,2026-04-10,185923903,2806,Sweta Securities Private Limited,Sharepro Securities Private Limited,2026-04-10T12:07:10.127337,Ghalemdi Hydro Limited
2026041004007214,GHL,17,45,20,258.0,5160.0,2026-04-10,185924154,2806,ABC Securities Private Limited,Imperial Securities Company Pvt. Ltd.,2026-04-10T12:07:29.570298,Ghalemdi Hydro Limited
2026041004007215,GHL,35,45,28,258.0,7224.0,2026-04-10,185924156,2806,Kohinoor Investment & Securities Pvt. Ltd.,Imperial Securities Company Pvt. Ltd.,2026-04-10T12:07:29.570523,Ghalemdi Hydro Limited
2026041004007216,GHL,32,45,202,258.0,52116.0,2026-04-10,185924157,2806,Premier Securities Company Ltd.,Imperial Securities Company Pvt. Ltd.,2026-04-10T12:07:29.570607,Ghalemdi Hydro Limited
2026041004007533,GHL,47,56,1000,259.2,259200.0,2026-04-10,185926290,2806,Neev Securities Pvt. Ltd.,Sri Hari Securities Pvt. Ltd.,2026-04-10T12:09:54.385574,Ghalemdi Hydro Limited
2026041004007534,GHL,47,56,1000,259.2,259200.0,2026-04-10,185926291,2806,Neev Securities Pvt. Ltd.,Sri Hari Securities Pvt. Ltd.,2026-04-10T12:09:54.385741,Ghalemdi Hydro Limited
2026041004007547,GHL,57,34,500,259.1,129550.0,2026-04-10,185926395,2806,Aryatara Investment & Securities,Vision Securities Pvt. Ltd,2026-04-10T12:10:02.357685,Ghalemdi Hydro Limited
2026041004007613,GHL,57,65,100,259.1,25910.0,2026-04-10,185926937,2806,Aryatara Investment & Securities,Sharepro Securities Private Limited,2026-04-10T12:10:32.826146,Ghalemdi Hydro Limited
2026041004007690,GHL,57,25,200,259.1,51820.0,2026-04-10,185927405,2806,Aryatara Investment & Securities,Sweta Securities Private Limited,2026-04-10T12:11:05.128877,Ghalemdi Hydro Limited
2026041004007728,GHL,32,47,98,258.0,25284.0,2026-04-10,185927614,2806,Premier Securities Company Ltd.,Neev Securities Pvt. Ltd.,2026-04-10T12:11:19.886001,Ghalemdi Hydro Limited
2026041004007729,GHL,77,47,500,258.0,129000.0,2026-04-10,185927616,2806,Nabil Stock Dealer Ltd.,Neev Securities Pvt. Ltd.,2026-04-10T12:11:19.886091,Ghalemdi Hydro Limited
2026041004007730,GHL,32,47,500,258.0,129000.0,2026-04-10,185927618,2806,Premier Securities Company Ltd.,Neev Securities Pvt. Ltd.,2026-04-10T12:11:19.886166,Ghalemdi Hydro Limited
2026041004007731,GHL,17,47,200,257.2,51440.0,2026-04-10,185927620,2806,ABC Securities Private Limited,Neev Securities Pvt. Ltd.,2026-04-10T12:11:19.886246,Ghalemdi Hydro Limited
2026041004007732,GHL,33,47,500,257.2,128600.0,2026-04-10,185927622,2806,Dakshinkali Investment & Securities Pvt. Ltd.,Neev Securities Pvt. Ltd.,2026-04-10T12:11:19.886336,Ghalemdi Hydro Limited
2026041004007733,GHL,34,47,630,257.0,161910.0,2026-04-10,185927624,2806,Vision Securities Pvt. Ltd,Neev Securities Pvt. Ltd.,2026-04-10T12:11:19.886411,Ghalemdi Hydro Limited
2026041004007734,GHL,26,47,500,257.0,128500.0,2026-04-10,185927626,2806,Asian Securities Private Ltd.,Neev Securities Pvt. Ltd.,2026-04-10T12:11:19.886484,Ghalemdi Hydro Limited
2026041004007735,GHL,26,47,500,257.0,128500.0,2026-04-10,185927628,2806,Asian Securities Private Ltd.,Neev Securities Pvt. Ltd.,2026-04-10T12:11:19.886554,Ghalemdi Hydro Limited
2026041004007736,GHL,33,47,2000,257.0,514000.0,2026-04-10,185927630,2806,Dakshinkali Investment & Securities Pvt. Ltd.,Neev Securities Pvt. Ltd.,2026-04-10T12:11:19.886624,Ghalemdi Hydro Limited
2026041004007737,GHL,58,47,100,257.0,25700.0,2026-04-10,185927632,2806,Naasa Securities Co. Ltd.,Neev Securities Pvt. Ltd.,2026-04-10T12:11:19.886696,Ghalemdi Hydro Limited
2026041004007738,GHL,11,47,250,257.0,64250.0,2026-04-10,185927634,2806,Malla & Malla Stock Broking Company Pvt. Limited,Neev Securities Pvt. Ltd.,2026-04-10T12:11:19.886825,Ghalemdi Hydro Limited
2026041004007739,GHL,77,47,100,257.0,25700.0,2026-04-10,185927636,2806,Nabil Stock Dealer Ltd.,Neev Securities Pvt. Ltd.,2026-04-10T12:11:19.886884,Ghalemdi Hydro Limited
2026041004007740,GHL,89,47,100,257.0,25700.0,2026-04-10,185927638,2806,Global IME Securities Limited,Neev Securities Pvt. Ltd.,2026-04-10T12:11:19.886935,Ghalemdi Hydro Limited
2026041004007741,GHL,21,47,22,257.0,5654.0,2026-04-10,185927639,2806,Midas Stock Broking Company Private Limited,Neev Securities Pvt. Ltd.,2026-04-10T12:11:19.886991,Ghalemdi Hydro Limited
2026041004008238,GHL,21,48,150,257.0,38550.0,2026-04-10,185930951,2806,Midas Stock Broking Company Private Limited,Trishakti Securities Public Limited,2026-04-10T12:14:19.697794,Ghalemdi Hydro Limited
2026041004008484,GHL,21,7,120,257.0,30840.0,2026-04-10,185932480,2806,Midas Stock Broking Company Private Limited,J.F. Securites (PVT) Ltd.,2026-04-10T12:15:48.05029,Ghalemdi Hydro Limited
2026041004008494,GHL,21,53,98,257.0,25186.0,2026-04-10,185932612,2806,Midas Stock Broking Company Private Limited,Investment Management Nepal Pvt. Ltd.,2026-04-10T12:15:53.675389,Ghalemdi Hydro Limited
2026041004008495,GHL,17,53,10,257.0,2570.0,2026-04-10,185932614,2806,ABC Securities Private Limited,Investment Management Nepal Pvt. Ltd.,2026-04-10T12:15:53.67557,Ghalemdi Hydro Limited
2026041004008496,GHL,32,53,500,257.0,128500.0,2026-04-10,185932616,2806,Premier Securities Company Ltd.,Investment Management Nepal Pvt. Ltd.,2026-04-10T12:15:53.675634,Ghalemdi Hydro Limited
2026041004008549,GHL,42,48,50,256.1,12805.0,2026-04-10,185932929,2806,Sani Securities Company Ltd.,Trishakti Securities Public Limited,2026-04-10T12:16:10.101883,Ghalemdi Hydro Limited
2026041004008555,GHL,42,38,1000,256.1,256100.0,2026-04-10,185933019,2806,Sani Securities Company Ltd.,Dipshikha Dhitopatra Karobar Co. Pvt Ltd.,2026-04-10T12:16:14.586822,Ghalemdi Hydro Limited
2026041004008606,GHL,42,82,950,256.1,243295.0,2026-04-10,185933616,2806,Sani Securities Company Ltd.,N.M.B. SECURITIES LIMITED,2026-04-10T12:16:43.117454,Ghalemdi Hydro Limited
2026041004008607,GHL,35,82,75,256.1,19207.5,2026-04-10,185933618,2806,Kohinoor Investment & Securities Pvt. Ltd.,N.M.B. SECURITIES LIMITED,2026-04-10T12:16:43.11766,Ghalemdi Hydro Limited
2026041004008670,GHL,58,22,200,256.0,51200.0,2026-04-10,185933956,2806,Naasa Securities Co. Ltd.,Siprabi Securities Pvt. Ltd.,2026-04-10T12:17:05.109124,Ghalemdi Hydro Limited
2026041004008671,GHL,49,22,25,256.0,6400.0,2026-04-10,185933958,2806,Online Securities Pvt. Ltd.,Siprabi Securities Pvt. Ltd.,2026-04-10T12:17:05.109182,Ghalemdi Hydro Limited
2026041004008672,GHL,58,22,10,256.0,2560.0,2026-04-10,185933960,2806,Naasa Securities Co. Ltd.,Siprabi Securities Pvt. Ltd.,2026-04-10T12:17:05.109207,Ghalemdi Hydro Limited
2026041004008673,GHL,57,22,200,256.0,51200.0,2026-04-10,185933962,2806,Aryatara Investment & Securities,Siprabi Securities Pvt. Ltd.,2026-04-10T12:17:05.109232,Ghalemdi Hydro Limited
2026041004008674,GHL,7,22,65,256.0,16640.0,2026-04-10,185933963,2806,J.F. Securites (PVT) Ltd.,Siprabi Securities Pvt. Ltd.,2026-04-10T12:17:05.109258,Ghalemdi Hydro Limited
2026041004008799,GHL,7,57,700,256.0,179200.0,2026-04-10,185934793,2806,J.F. Securites (PVT) Ltd.,Aryatara Investment & Securities,2026-04-10T12:17:46.264353,Ghalemdi Hydro Limited
2026041004008977,GHL,7,48,709,256.0,181504.0,2026-04-10,185935629,2806,J.F. Securites (PVT) Ltd.,Trishakti Securities Public Limited,2026-04-10T12:18:29.469763,Ghalemdi Hydro Limited
2026041004008982,GHL,7,82,267,256.0,68352.0,2026-04-10,185935681,2806,J.F. Securites (PVT) Ltd.,N.M.B. SECURITIES LIMITED,2026-04-10T12:18:32.68755,Ghalemdi Hydro Limited
2026041004009014,GHL,7,54,1000,256.0,256000.0,2026-04-10,185935999,2806,J.F. Securites (PVT) Ltd.,Sewa Securities Pvt. Ltd.,2026-04-10T12:18:50.205062,Ghalemdi Hydro Limited
2026041004009015,GHL,7,17,200,256.0,51200.0,2026-04-10,185936021,2806,J.F. Securites (PVT) Ltd.,ABC Securities Private Limited,2026-04-10T12:18:50.709007,Ghalemdi Hydro Limited
2026041004009049,GHL,7,94,59,256.0,15104.0,2026-04-10,185936276,2806,J.F. Securites (PVT) Ltd.,K.B.L. Securities Limited ,2026-04-10T12:18:58.246319,Ghalemdi Hydro Limited
2026041004009050,GHL,45,94,430,256.0,110080.0,2026-04-10,185936278,2806,Imperial Securities Company Pvt. Ltd.,K.B.L. Securities Limited ,2026-04-10T12:18:58.246468,Ghalemdi Hydro Limited
2026041004009051,GHL,86,94,11,256.0,2816.0,2026-04-10,185936279,2806,Stoxkarts Securities Limited,K.B.L. Securities Limited ,2026-04-10T12:18:58.246538,Ghalemdi Hydro Limited
2026041004009207,GHL,41,53,100,257.0,25700.0,2026-04-10,185936976,2806,Linch Stock Market Ltd.,Investment Management Nepal Pvt. Ltd.,2026-04-10T12:19:32.217725,Ghalemdi Hydro Limited
2026041004009283,GHL,41,58,1,255.0,255.0,2026-04-10,185937659,2806,Linch Stock Market Ltd.,Naasa Securities Co. Ltd.,2026-04-10T12:20:08.165793,Ghalemdi Hydro Limited
2026041004009285,GHL,86,74,89,256.0,22784.0,2026-04-10,185937672,2806,Stoxkarts Securities Limited,KALASH STOCK MARKET PVT. LTD.,2026-04-10T12:20:09.230908,Ghalemdi Hydro Limited
2026041004009286,GHL,32,74,1000,255.8,255800.0,2026-04-10,185937674,2806,Premier Securities Company Ltd.,KALASH STOCK MARKET PVT. LTD.,2026-04-10T12:20:09.231186,Ghalemdi Hydro Limited
2026041004009287,GHL,44,74,500,255.8,127900.0,2026-04-10,185937676,2806,Dynamic Money Managers Securities Pvt. Ltd.,KALASH STOCK MARKET PVT. LTD.,2026-04-10T12:20:09.231393,Ghalemdi Hydro Limited
2026041004009292,GHL,57,74,360,255.8,92088.0,2026-04-10,185937688,2806,Aryatara Investment & Securities,KALASH STOCK MARKET PVT. LTD.,2026-04-10T12:20:10.50734,Ghalemdi Hydro Limited
2026041004009418,GHL,35,48,70,255.1,17857.0,2026-04-10,185938602,2806,Kohinoor Investment & Securities Pvt. Ltd.,Trishakti Securities Public Limited,2026-04-10T12:20:51.099686,Ghalemdi Hydro Limited
2026041004009419,GHL,38,48,100,255.0,25500.0,2026-04-10,185938604,2806,Dipshikha Dhitopatra Karobar Co. Pvt Ltd.,Trishakti Securities Public Limited,2026-04-10T12:20:51.099968,Ghalemdi Hydro Limited
2026041004009420,GHL,14,48,200,255.0,51000.0,2026-04-10,185938606,2806,Nepal Stock House (PVT) Ltd.,Trishakti Securities Public Limited,2026-04-10T12:20:51.100167,Ghalemdi Hydro Limited
2026041004009421,GHL,3,48,1000,255.0,255000.0,2026-04-10,185938608,2806,Arun Securities (PVT) Ltd.,Trishakti Securities Public Limited,2026-04-10T12:20:51.100371,Ghalemdi Hydro Limited
2026041004009422,GHL,34,48,500,255.0,127500.0,2026-04-10,185938610,2806,Vision Securities Pvt. Ltd,Trishakti Securities Public Limited,2026-04-10T12:20:51.100537,Ghalemdi Hydro Limited
2026041004009423,GHL,17,48,20,255.0,5100.0,2026-04-10,185938612,2806,ABC Securities Private Limited,Trishakti Securities Public Limited,2026-04-10T12:20:51.100717,Ghalemdi Hydro Limited
2026041004009542,GHL,7,50,1000,254.1,254100.0,2026-04-10,185939505,2806,J.F. Securites (PVT) Ltd.,Cristal Kanchanjanga Securites Pvt. Ltd.,2026-04-10T12:21:31.5467,Ghalemdi Hydro Limited
2026041004009576,GHL,7,25,150,254.1,38115.0,2026-04-10,185939711,2806,J.F. Securites (PVT) Ltd.,Sweta Securities Private Limited,2026-04-10T12:21:42.62566,Ghalemdi Hydro Limited
2026041004009650,GHL,29,48,25,255.0,6375.0,2026-04-10,185940224,2806,Trisul Securities & Invt. Ltd.,Trishakti Securities Public Limited,2026-04-10T12:22:02.635521,Ghalemdi Hydro Limited
2026041004009797,GHL,7,48,850,254.1,215985.0,2026-04-10,185941310,2806,J.F. Securites (PVT) Ltd.,Trishakti Securities Public Limited,2026-04-10T12:22:47.598256,Ghalemdi Hydro Limited
2026041004009798,GHL,26,48,500,254.1,127050.0,2026-04-10,185941312,2806,Asian Securities Private Ltd.,Trishakti Securities Public Limited,2026-04-10T12:22:47.598437,Ghalemdi Hydro Limited
2026041004009799,GHL,65,48,50,254.0,12700.0,2026-04-10,185941314,2806,Sharepro Securities Private Limited,Trishakti Securities Public Limited,2026-04-10T12:22:47.598503,Ghalemdi Hydro Limited
2026041004009800,GHL,14,48,200,254.0,50800.0,2026-04-10,185941316,2806,Nepal Stock House (PVT) Ltd.,Trishakti Securities Public Limited,2026-04-10T12:22:47.598572,Ghalemdi Hydro Limited
2026041004009801,GHL,21,48,1000,254.0,254000.0,2026-04-10,185941318,2806,Midas Stock Broking Company Private Limited,Trishakti Securities Public Limited,2026-04-10T12:22:47.598632,Ghalemdi Hydro Limited
2026041004009802,GHL,42,48,100,254.0,25400.0,2026-04-10,185941320,2806,Sani Securities Company Ltd.,Trishakti Securities Public Limited,2026-04-10T12:22:47.598705,Ghalemdi Hydro Limited
2026041004009915,GHL,16,38,10,253.9,2539.0,2026-04-10,185942079,2806,Primo Securities (PVT) Ltd.,Dipshikha Dhitopatra Karobar Co. Pvt Ltd.,2026-04-10T12:23:20.493769,Ghalemdi Hydro Limited
2026041004009978,GHL,16,53,990,253.9,251361.0,2026-04-10,185942432,2806,Primo Securities (PVT) Ltd.,Investment Management Nepal Pvt. Ltd.,2026-04-10T12:23:34.854376,Ghalemdi Hydro Limited
2026041004010071,GHL,41,53,20,253.9,5078.0,2026-04-10,185943274,2806,Linch Stock Market Ltd.,Investment Management Nepal Pvt. Ltd.,2026-04-10T12:24:14.304972,Ghalemdi Hydro Limited
2026041004010313,GHL,3,49,500,253.8,126900.0,2026-04-10,185945200,2806,Arun Securities (PVT) Ltd.,Online Securities Pvt. Ltd.,2026-04-10T12:25:51.091013,Ghalemdi Hydro Limited
2026041004010510,GHL,57,43,30,253.7,7611.0,2026-04-10,185946540,2806,Aryatara Investment & Securities,South Asian Bulls Pvt. Ltd.,2026-04-10T12:27:03.613946,Ghalemdi Hydro Limited
2026041004010534,GHL,58,43,70,253.7,17759.0,2026-04-10,185946751,2806,Naasa Securities Co. Ltd.,South Asian Bulls Pvt. Ltd.,2026-04-10T12:27:12.910691,Ghalemdi Hydro Limited
2026041004010572,GHL,43,53,900,253.9,228510.0,2026-04-10,185946982,2806,South Asian Bulls Pvt. Ltd.,Investment Management Nepal Pvt. Ltd.,2026-04-10T12:27:23.737065,Ghalemdi Hydro Limited
2026041004010587,GHL,26,53,1000,253.9,253900.0,2026-04-10,185947102,2806,Asian Securities Private Ltd.,Investment Management Nepal Pvt. Ltd.,2026-04-10T12:27:29.898611,Ghalemdi Hydro Limited
2026041004010589,GHL,21,53,90,253.9,22851.0,2026-04-10,185947129,2806,Midas Stock Broking Company Private Limited,Investment Management Nepal Pvt. Ltd.,2026-04-10T12:27:31.174806,Ghalemdi Hydro Limited
2026041004010604,GHL,33,48,200,254.0,50800.0,2026-04-10,185947296,2806,Dakshinkali Investment & Securities Pvt. Ltd.,Trishakti Securities Public Limited,2026-04-10T12:27:38.314555,Ghalemdi Hydro Limited
2026041004010615,GHL,21,48,100,254.0,25400.0,2026-04-10,185947335,2806,Midas Stock Broking Company Private Limited,Trishakti Securities Public Limited,2026-04-10T12:27:40.302574,Ghalemdi Hydro Limited
2026041004010616,GHL,21,36,310,254.0,78740.0,2026-04-10,185947338,2806,Midas Stock Broking Company Private Limited,Secured Securities Ltd.,2026-04-10T12:27:40.302741,Ghalemdi Hydro Limited
2026041004010637,GHL,33,36,840,254.0,213360.0,2026-04-10,185947489,2806,Dakshinkali Investment & Securities Pvt. Ltd.,Secured Securities Ltd.,2026-04-10T12:27:47.092441,Ghalemdi Hydro Limited
2026041004010724,GHL,75,48,10,255.0,2550.0,2026-04-10,185948070,2806,N.I.M.B. Stock Markets Limited,Trishakti Securities Public Limited,2026-04-10T12:28:17.505907,Ghalemdi Hydro Limited
2026041004010752,GHL,65,48,75,255.0,19125.0,2026-04-10,185948230,2806,Sharepro Securities Private Limited,Trishakti Securities Public Limited,2026-04-10T12:28:25.412281,Ghalemdi Hydro Limited
2026041004010846,GHL,21,74,51,255.8,13045.8,2026-04-10,185949121,2806,Midas Stock Broking Company Private Limited,KALASH STOCK MARKET PVT. LTD.,2026-04-10T12:29:27.971967,Ghalemdi Hydro Limited
2026041004010866,GHL,53,38,400,256.5,102600.0,2026-04-10,185949218,2806,Investment Management Nepal Pvt. Ltd.,Dipshikha Dhitopatra Karobar Co. Pvt Ltd.,2026-04-10T12:29:32.540051,Ghalemdi Hydro Limited
2026041004010884,GHL,58,38,200,256.5,51300.0,2026-04-10,185949406,2806,Naasa Securities Co. Ltd.,Dipshikha Dhitopatra Karobar Co. Pvt Ltd.,2026-04-10T12:29:44.537448,Ghalemdi Hydro Limited
2026041004010941,GHL,14,38,250,256.5,64125.0,2026-04-10,185949674,2806,Nepal Stock House (PVT) Ltd.,Dipshikha Dhitopatra Karobar Co. Pvt Ltd.,2026-04-10T12:29:59.674156,Ghalemdi Hydro Limited
2026041004010979,GHL,34,38,150,256.5,38475.0,2026-04-10,185949829,2806,Vision Securities Pvt. Ltd,Dipshikha Dhitopatra Karobar Co. Pvt Ltd.,2026-04-10T12:30:09.567678,Ghalemdi Hydro Limited
2026041004010980,GHL,34,53,1242,257.0,319194.0,2026-04-10,185949831,2806,Vision Securities Pvt. Ltd,Investment Management Nepal Pvt. Ltd.,2026-04-10T12:30:09.567854,Ghalemdi Hydro Limited
2026041004010981,GHL,34,57,30,257.0,7710.0,2026-04-10,185949833,2806,Vision Securities Pvt. Ltd,Aryatara Investment & Securities,2026-04-10T12:30:09.567925,Ghalemdi Hydro Limited
2026041004011311,GHL,62,38,600,257.2,154320.0,2026-04-10,185951767,2806,Capital Max Securities Ltd,Dipshikha Dhitopatra Karobar Co. Pvt Ltd.,2026-04-10T12:32:42.22997,Ghalemdi Hydro Limited
2026041004011464,GHL,26,35,10,259.1,2591.0,2026-04-10,185952934,2806,Asian Securities Private Ltd.,Kohinoor Investment & Securities Pvt. Ltd.,2026-04-10T12:34:14.453711,Ghalemdi Hydro Limited
2026041004011561,GHL,34,35,190,259.1,49229.0,2026-04-10,185953497,2806,Vision Securities Pvt. Ltd,Kohinoor Investment & Securities Pvt. Ltd.,2026-04-10T12:35:06.263305,Ghalemdi Hydro Limited
2026041004011562,GHL,34,21,500,259.2,129600.0,2026-04-10,185953499,2806,Vision Securities Pvt. Ltd,Midas Stock Broking Company Private Limited,2026-04-10T12:35:06.263656,Ghalemdi Hydro Limited
2026041004011563,GHL,34,25,200,259.7,51940.0,2026-04-10,185953501,2806,Vision Securities Pvt. Ltd,Sweta Securities Private Limited,2026-04-10T12:35:06.263862,Ghalemdi Hydro Limited
2026041004011564,GHL,34,49,1000,259.8,259800.0,2026-04-10,185953503,2806,Vision Securities Pvt. Ltd,Online Securities Pvt. Ltd.,2026-04-10T12:35:06.264061,Ghalemdi Hydro Limited
2026041004011565,GHL,34,49,1000,259.9,259900.0,2026-04-10,185953505,2806,Vision Securities Pvt. Ltd,Online Securities Pvt. Ltd.,2026-04-10T12:35:06.264261,Ghalemdi Hydro Limited
2026041004011566,GHL,34,54,100,260.0,26000.0,2026-04-10,185953507,2806,Vision Securities Pvt. Ltd,Sewa Securities Pvt. Ltd.,2026-04-10T12:35:06.264469,Ghalemdi Hydro Limited
2026041004011567,GHL,34,35,10,260.0,2600.0,2026-04-10,185953510,2806,Vision Securities Pvt. Ltd,Kohinoor Investment & Securities Pvt. Ltd.,2026-04-10T12:35:06.264667,Ghalemdi Hydro Limited
2026041004011609,GHL,58,35,100,260.0,26000.0,2026-04-10,185953690,2806,Naasa Securities Co. Ltd.,Kohinoor Investment & Securities Pvt. Ltd.,2026-04-10T12:35:21.958642,Ghalemdi Hydro Limited
2026041004011706,GHL,58,5,20,259.9,5198.0,2026-04-10,185954320,2806,Naasa Securities Co. Ltd.,Market Securities & Exchange (PVT) Ltd.,2026-04-10T12:36:20.012582,Ghalemdi Hydro Limited
2026041004011802,GHL,39,49,200,257.5,51500.0,2026-04-10,185954831,2806,Sumeru Securities Pvt. Ltd.,Online Securities Pvt. Ltd.,2026-04-10T12:37:09.010213,Ghalemdi Hydro Limited
2026041004011868,GHL,39,58,200,257.5,51500.0,2026-04-10,185955290,2806,Sumeru Securities Pvt. Ltd.,Naasa Securities Co. Ltd.,2026-04-10T12:37:35.497351,Ghalemdi Hydro Limited
2026041004011907,GHL,62,50,310,257.2,79732.0,2026-04-10,185955562,2806,Capital Max Securities Ltd,Cristal Kanchanjanga Securites Pvt. Ltd.,2026-04-10T12:37:44.181268,Ghalemdi Hydro Limited
2026041004011908,GHL,74,50,500,257.1,128550.0,2026-04-10,185955564,2806,KALASH STOCK MARKET PVT. LTD.,Cristal Kanchanjanga Securites Pvt. Ltd.,2026-04-10T12:37:44.181308,Ghalemdi Hydro Limited
2026041004011909,GHL,45,50,190,257.1,48849.0,2026-04-10,185955565,2806,Imperial Securities Company Pvt. Ltd.,Cristal Kanchanjanga Securites Pvt. Ltd.,2026-04-10T12:37:44.181361,Ghalemdi Hydro Limited
2026041004011916,GHL,45,49,200,257.1,51420.0,2026-04-10,185955607,2806,Imperial Securities Company Pvt. Ltd.,Online Securities Pvt. Ltd.,2026-04-10T12:37:46.246396,Ghalemdi Hydro Limited
2026041004011953,GHL,45,57,10,257.1,2571.0,2026-04-10,185955874,2806,Imperial Securities Company Pvt. Ltd.,Aryatara Investment & Securities,2026-04-10T12:38:04.176957,Ghalemdi Hydro Limited
2026041004011954,GHL,65,57,150,256.5,38475.0,2026-04-10,185955876,2806,Sharepro Securities Private Limited,Aryatara Investment & Securities,2026-04-10T12:38:04.177168,Ghalemdi Hydro Limited
2026041004011955,GHL,47,57,340,256.5,87210.0,2026-04-10,185955877,2806,Neev Securities Pvt. Ltd.,Aryatara Investment & Securities,2026-04-10T12:38:04.177237,Ghalemdi Hydro Limited
2026041004011968,GHL,47,58,1160,256.5,297540.0,2026-04-10,185955956,2806,Neev Securities Pvt. Ltd.,Naasa Securities Co. Ltd.,2026-04-10T12:38:09.045087,Ghalemdi Hydro Limited
2026041004011985,GHL,21,49,449,256.0,114944.0,2026-04-10,185956016,2806,Midas Stock Broking Company Private Limited,Online Securities Pvt. Ltd.,2026-04-10T12:38:12.116373,Ghalemdi Hydro Limited
2026041004011986,GHL,33,49,300,256.0,76800.0,2026-04-10,185956018,2806,Dakshinkali Investment & Securities Pvt. Ltd.,Online Securities Pvt. Ltd.,2026-04-10T12:38:12.116679,Ghalemdi Hydro Limited
2026041004012023,GHL,58,49,250,255.0,63750.0,2026-04-10,185956182,2806,Naasa Securities Co. Ltd.,Online Securities Pvt. Ltd.,2026-04-10T12:38:24.39621,Ghalemdi Hydro Limited
2026041004012024,GHL,32,49,1797,255.0,458235.0,2026-04-10,185956183,2806,Premier Securities Company Ltd.,Online Securities Pvt. Ltd.,2026-04-10T12:38:24.396527,Ghalemdi Hydro Limited
2026041004012058,GHL,32,58,50,255.0,12750.0,2026-04-10,185956469,2806,Premier Securities Company Ltd.,Naasa Securities Co. Ltd.,2026-04-10T12:38:37.881328,Ghalemdi Hydro Limited
2026041004012115,GHL,32,42,559,255.0,142545.0,2026-04-10,185956793,2806,Premier Securities Company Ltd.,Sani Securities Company Ltd.,2026-04-10T12:38:58.638787,Ghalemdi Hydro Limited
2026041004012273,GHL,32,45,1750,255.0,446250.0,2026-04-10,185957605,2806,Premier Securities Company Ltd.,Imperial Securities Company Pvt. Ltd.,2026-04-10T12:39:49.620081,Ghalemdi Hydro Limited
2026041004012321,GHL,32,58,70,255.0,17850.0,2026-04-10,185958159,2806,Premier Securities Company Ltd.,Naasa Securities Co. Ltd.,2026-04-10T12:40:35.503646,Ghalemdi Hydro Limited
2026041004012641,GHL,32,85,774,255.0,197370.0,2026-04-10,185960424,2806,Premier Securities Company Ltd.,Capital Hub P. Ltd,2026-04-10T12:44:21.70678,Ghalemdi Hydro Limited
2026041004012642,GHL,58,85,20,255.0,5100.0,2026-04-10,185960426,2806,Naasa Securities Co. Ltd.,Capital Hub P. Ltd,2026-04-10T12:44:21.707011,Ghalemdi Hydro Limited
2026041004012643,GHL,51,85,700,255.0,178500.0,2026-04-10,185960428,2806,Oxford Securities Pvt. Ltd.,Capital Hub P. Ltd,2026-04-10T12:44:21.707083,Ghalemdi Hydro Limited
2026041004012644,GHL,57,85,10,255.0,2550.0,2026-04-10,185960430,2806,Aryatara Investment & Securities,Capital Hub P. Ltd,2026-04-10T12:44:21.707155,Ghalemdi Hydro Limited
2026041004012683,GHL,64,58,340,256.5,87210.0,2026-04-10,185960865,2806,SUN SECURITIES PVT LTD,Naasa Securities Co. Ltd.,2026-04-10T12:45:04.978915,Ghalemdi Hydro Limited
2026041004012846,GHL,26,58,10,258.5,2585.0,2026-04-10,185962106,2806,Asian Securities Private Ltd.,Naasa Securities Co. Ltd.,2026-04-10T12:47:36.897031,Ghalemdi Hydro Limited
2026041004012858,GHL,62,58,10,258.5,2585.0,2026-04-10,185962206,2806,Capital Max Securities Ltd,Naasa Securities Co. Ltd.,2026-04-10T12:47:48.409436,Ghalemdi Hydro Limited
2026041004013189,GHL,62,13,15,257.9,3868.5,2026-04-10,185965150,2806,Capital Max Securities Ltd,Thrive Brokerage House Pvt. Ltd,2026-04-10T12:53:23.614181,Ghalemdi Hydro Limited
2026041004013201,GHL,58,59,10,257.0,2570.0,2026-04-10,185965400,2806,Naasa Securities Co. Ltd.,Deevyaa Securities & Stock House Pvt. Ltd,2026-04-10T12:53:53.526846,Ghalemdi Hydro Limited
2026041004013202,GHL,64,59,90,256.5,23085.0,2026-04-10,185965401,2806,SUN SECURITIES PVT LTD,Deevyaa Securities & Stock House Pvt. Ltd,2026-04-10T12:53:53.526894,Ghalemdi Hydro Limited
2026041004013322,GHL,64,26,70,256.5,17955.0,2026-04-10,185966490,2806,SUN SECURITIES PVT LTD,Asian Securities Private Ltd.,2026-04-10T12:55:29.605575,Ghalemdi Hydro Limited
2026041004013323,GHL,50,26,50,256.5,12825.0,2026-04-10,185966491,2806,Cristal Kanchanjanga Securites Pvt. Ltd.,Asian Securities Private Ltd.,2026-04-10T12:55:29.605819,Ghalemdi Hydro Limited
2026041004013429,GHL,14,13,75,257.9,19342.5,2026-04-10,185967509,2806,Nepal Stock House (PVT) Ltd.,Thrive Brokerage House Pvt. Ltd,2026-04-10T12:57:29.004222,Ghalemdi Hydro Limited
2026041004013430,GHL,14,32,25,258.0,6450.0,2026-04-10,185967512,2806,Nepal Stock House (PVT) Ltd.,Premier Securities Company Ltd.,2026-04-10T12:57:29.004614,Ghalemdi Hydro Limited
2026041004013610,GHL,45,32,475,258.0,122550.0,2026-04-10,185968908,2806,Imperial Securities Company Pvt. Ltd.,Premier Securities Company Ltd.,2026-04-10T12:59:56.209096,Ghalemdi Hydro Limited
2026041004013682,GHL,50,39,15,256.5,3847.5,2026-04-10,185969534,2806,Cristal Kanchanjanga Securites Pvt. Ltd.,Sumeru Securities Pvt. Ltd.,2026-04-10T13:01:15.450851,Ghalemdi Hydro Limited
2026041004013683,GHL,21,39,85,256.1,21768.5,2026-04-10,185969535,2806,Midas Stock Broking Company Private Limited,Sumeru Securities Pvt. Ltd.,2026-04-10T13:01:15.451185,Ghalemdi Hydro Limited
2026041004013761,GHL,25,32,300,257.9,77370.0,2026-04-10,185970360,2806,Sweta Securities Private Limited,Premier Securities Company Ltd.,2026-04-10T13:03:01.696037,Ghalemdi Hydro Limited
2026041004013779,GHL,45,32,200,257.9,51580.0,2026-04-10,185970451,2806,Imperial Securities Company Pvt. Ltd.,Premier Securities Company Ltd.,2026-04-10T13:03:17.896526,Ghalemdi Hydro Limited
2026041004013796,GHL,45,32,300,257.9,77370.0,2026-04-10,185970606,2806,Imperial Securities Company Pvt. Ltd.,Premier Securities Company Ltd.,2026-04-10T13:03:35.847881,Ghalemdi Hydro Limited
2026041004013822,GHL,45,32,200,257.9,51580.0,2026-04-10,185970867,2806,Imperial Securities Company Pvt. Ltd.,Premier Securities Company Ltd.,2026-04-10T13:04:11.795962,Ghalemdi Hydro Limited
2026041004013830,GHL,45,32,500,257.9,128950.0,2026-04-10,185970947,2806,Imperial Securities Company Pvt. Ltd.,Premier Securities Company Ltd.,2026-04-10T13:04:28.538666,Ghalemdi Hydro Limited
2026041004014171,GHL,34,58,500,256.2,128100.0,2026-04-10,185973469,2806,Vision Securities Pvt. Ltd,Naasa Securities Co. Ltd.,2026-04-10T13:10:45.831271,Ghalemdi Hydro Limited
2026041004014211,GHL,34,6,11,256.2,2818.2,2026-04-10,185973791,2806,Vision Securities Pvt. Ltd,Agrawal Securities (PVT) Ltd.,2026-04-10T13:11:42.644051,Ghalemdi Hydro Limited
2026041004014376,GHL,43,32,500,257.0,128500.0,2026-04-10,185975060,2806,South Asian Bulls Pvt. Ltd.,Premier Securities Company Ltd.,2026-04-10T13:14:25.682428,Ghalemdi Hydro Limited
2026041004014527,GHL,42,32,200,257.0,51400.0,2026-04-10,185975998,2806,Sani Securities Company Ltd.,Premier Securities Company Ltd.,2026-04-10T13:16:35.166843,Ghalemdi Hydro Limited
2026041004014682,GHL,6,32,300,257.0,77100.0,2026-04-10,185977357,2806,Agrawal Securities (PVT) Ltd.,Premier Securities Company Ltd.,2026-04-10T13:19:48.833074,Ghalemdi Hydro Limited
2026041004014683,GHL,6,34,200,257.0,51400.0,2026-04-10,185977360,2806,Agrawal Securities (PVT) Ltd.,Vision Securities Pvt. Ltd,2026-04-10T13:19:48.833545,Ghalemdi Hydro Limited
2026041004014976,GHL,34,34,300,257.0,77100.0,2026-04-10,185979145,2806,Vision Securities Pvt. Ltd,Vision Securities Pvt. Ltd,2026-04-10T13:22:42.504697,Ghalemdi Hydro Limited
2026041004015138,GHL,58,32,10,257.5,2575.0,2026-04-10,185980060,2806,Naasa Securities Co. Ltd.,Premier Securities Company Ltd.,2026-04-10T13:24:09.795386,Ghalemdi Hydro Limited
2026041004015244,GHL,38,32,490,257.5,126175.0,2026-04-10,185980997,2806,Dipshikha Dhitopatra Karobar Co. Pvt Ltd.,Premier Securities Company Ltd.,2026-04-10T13:25:28.620468,Ghalemdi Hydro Limited
2026041004015245,GHL,38,32,500,257.9,128950.0,2026-04-10,185980999,2806,Dipshikha Dhitopatra Karobar Co. Pvt Ltd.,Premier Securities Company Ltd.,2026-04-10T13:25:28.620579,Ghalemdi Hydro Limited
2026041004015246,GHL,38,49,10,257.9,2579.0,2026-04-10,185981002,2806,Dipshikha Dhitopatra Karobar Co. Pvt Ltd.,Online Securities Pvt. Ltd.,2026-04-10T13:25:28.620647,Ghalemdi Hydro Limited
2026041004015314,GHL,74,49,90,257.9,23211.0,2026-04-10,185982053,2806,KALASH STOCK MARKET PVT. LTD.,Online Securities Pvt. Ltd.,2026-04-10T13:26:16.163172,Ghalemdi Hydro Limited
2026041004015315,GHL,74,65,55,257.9,14184.5,2026-04-10,185982056,2806,KALASH STOCK MARKET PVT. LTD.,Sharepro Securities Private Limited,2026-04-10T13:26:16.163408,Ghalemdi Hydro Limited
2026041004015339,GHL,38,65,300,257.9,77370.0,2026-04-10,185982198,2806,Dipshikha Dhitopatra Karobar Co. Pvt Ltd.,Sharepro Securities Private Limited,2026-04-10T13:26:31.981394,Ghalemdi Hydro Limited
2026041004015427,GHL,48,65,45,257.9,11605.5,2026-04-10,185982973,2806,Trishakti Securities Public Limited,Sharepro Securities Private Limited,2026-04-10T13:27:24.581046,Ghalemdi Hydro Limited
2026041004015469,GHL,48,33,455,258.0,117390.0,2026-04-10,185983224,2806,Trishakti Securities Public Limited,Dakshinkali Investment & Securities Pvt. Ltd.,2026-04-10T13:27:47.942065,Ghalemdi Hydro Limited
2026041004015475,GHL,48,33,400,258.0,103200.0,2026-04-10,185983290,2806,Trishakti Securities Public Limited,Dakshinkali Investment & Securities Pvt. Ltd.,2026-04-10T13:27:55.472622,Ghalemdi Hydro Limited
2026041004015476,GHL,42,33,10,258.0,2580.0,2026-04-10,185983298,2806,Sani Securities Company Ltd.,Dakshinkali Investment & Securities Pvt. Ltd.,2026-04-10T13:27:56.028564,Ghalemdi Hydro Limited
2026041004015523,GHL,33,33,135,258.0,34830.0,2026-04-10,185983609,2806,Dakshinkali Investment & Securities Pvt. Ltd.,Dakshinkali Investment & Securities Pvt. Ltd.,2026-04-10T13:28:37.409016,Ghalemdi Hydro Limited
2026041004015524,GHL,33,5,200,258.0,51600.0,2026-04-10,185983611,2806,Dakshinkali Investment & Securities Pvt. Ltd.,Market Securities & Exchange (PVT) Ltd.,2026-04-10T13:28:37.409405,Ghalemdi Hydro Limited
2026041004015525,GHL,33,58,32,258.0,8256.0,2026-04-10,185983613,2806,Dakshinkali Investment & Securities Pvt. Ltd.,Naasa Securities Co. Ltd.,2026-04-10T13:28:37.409636,Ghalemdi Hydro Limited
2026041004015629,GHL,41,32,300,258.4,77520.0,2026-04-10,185984302,2806,Linch Stock Market Ltd.,Premier Securities Company Ltd.,2026-04-10T13:29:46.388717,Ghalemdi Hydro Limited
2026041004015767,GHL,33,39,133,258.0,34314.0,2026-04-10,185985580,2806,Dakshinkali Investment & Securities Pvt. Ltd.,Sumeru Securities Pvt. Ltd.,2026-04-10T13:31:35.600997,Ghalemdi Hydro Limited
2026041004015768,GHL,29,39,301,258.0,77658.0,2026-04-10,185985582,2806,Trisul Securities & Invt. Ltd.,Sumeru Securities Pvt. Ltd.,2026-04-10T13:31:35.601202,Ghalemdi Hydro Limited
2026041004015774,GHL,64,32,62,258.3,16014.6,2026-04-10,185985662,2806,SUN SECURITIES PVT LTD,Premier Securities Company Ltd.,2026-04-10T13:31:38.521564,Ghalemdi Hydro Limited
2026041004016252,GHL,44,32,438,258.3,113135.4,2026-04-10,185988561,2806,Dynamic Money Managers Securities Pvt. Ltd.,Premier Securities Company Ltd.,2026-04-10T13:37:19.156094,Ghalemdi Hydro Limited
2026041004016253,GHL,44,11,62,258.3,16014.6,2026-04-10,185988564,2806,Dynamic Money Managers Securities Pvt. Ltd.,Malla & Malla Stock Broking Company Pvt. Limited,2026-04-10T13:37:19.156339,Ghalemdi Hydro Limited
2026041004016270,GHL,17,32,1000,258.1,258100.0,2026-04-10,185988641,2806,ABC Securities Private Limited,Premier Securities Company Ltd.,2026-04-10T13:37:33.022879,Ghalemdi Hydro Limited
2026041004016328,GHL,68,32,25,258.2,6455.0,2026-04-10,185989112,2806,Elite Stock House Limited,Premier Securities Company Ltd.,2026-04-10T13:38:15.226882,Ghalemdi Hydro Limited
2026041004016335,GHL,29,5,300,258.0,77400.0,2026-04-10,185989151,2806,Trisul Securities & Invt. Ltd.,Market Securities & Exchange (PVT) Ltd.,2026-04-10T13:38:18.314099,Ghalemdi Hydro Limited
2026041004016716,GHL,29,1,39,258.0,10062.0,2026-04-10,185991382,2806,Trisul Securities & Invt. Ltd.,Kumari Securities Private Limited,2026-04-10T13:42:08.557761,Ghalemdi Hydro Limited
2026041004016717,GHL,19,1,11,258.0,2838.0,2026-04-10,185991383,2806,Nepal Investment And Securities Trading Private Limited,Kumari Securities Private Limited,2026-04-10T13:42:08.557993,Ghalemdi Hydro Limited
2026041004016811,GHL,74,32,100,258.2,25820.0,2026-04-10,185991720,2806,KALASH STOCK MARKET PVT. LTD.,Premier Securities Company Ltd.,2026-04-10T13:42:38.754084,Ghalemdi Hydro Limited
2026041004016866,GHL,74,32,100,258.2,25820.0,2026-04-10,185992036,2806,KALASH STOCK MARKET PVT. LTD.,Premier Securities Company Ltd.,2026-04-10T13:43:01.100869,Ghalemdi Hydro Limited
2026041004016935,GHL,17,32,275,258.2,71005.0,2026-04-10,185992243,2806,ABC Securities Private Limited,Premier Securities Company Ltd.,2026-04-10T13:43:13.012056,Ghalemdi Hydro Limited
2026041004016936,GHL,17,11,938,258.3,242285.4,2026-04-10,185992245,2806,ABC Securities Private Limited,Malla & Malla Stock Broking Company Pvt. Limited,2026-04-10T13:43:13.012298,Ghalemdi Hydro Limited
2026041004016937,GHL,17,32,200,258.4,51680.0,2026-04-10,185992247,2806,ABC Securities Private Limited,Premier Securities Company Ltd.,2026-04-10T13:43:13.012405,Ghalemdi Hydro Limited
2026041004016938,GHL,17,6,14,258.4,3617.6,2026-04-10,185992249,2806,ABC Securities Private Limited,Agrawal Securities (PVT) Ltd.,2026-04-10T13:43:13.012485,Ghalemdi Hydro Limited
2026041004016939,GHL,17,58,980,258.5,253330.0,2026-04-10,185992251,2806,ABC Securities Private Limited,Naasa Securities Co. Ltd.,2026-04-10T13:43:13.012564,Ghalemdi Hydro Limited
2026041004016940,GHL,17,49,50,258.5,12925.0,2026-04-10,185992253,2806,ABC Securities Private Limited,Online Securities Pvt. Ltd.,2026-04-10T13:43:13.012646,Ghalemdi Hydro Limited
2026041004016986,GHL,62,33,10,258.7,2587.0,2026-04-10,185992464,2806,Capital Max Securities Ltd,Dakshinkali Investment & Securities Pvt. Ltd.,2026-04-10T13:43:34.784061,Ghalemdi Hydro Limited
2026041004017154,GHL,38,33,80,258.7,20696.0,2026-04-10,185993477,2806,Dipshikha Dhitopatra Karobar Co. Pvt Ltd.,Dakshinkali Investment & Securities Pvt. Ltd.,2026-04-10T13:45:11.673432,Ghalemdi Hydro Limited
2026041004017155,GHL,38,32,500,258.9,129450.0,2026-04-10,185993479,2806,Dipshikha Dhitopatra Karobar Co. Pvt Ltd.,Premier Securities Company Ltd.,2026-04-10T13:45:11.673848,Ghalemdi Hydro Limited
2026041004017156,GHL,38,58,420,259.0,108780.0,2026-04-10,185993482,2806,Dipshikha Dhitopatra Karobar Co. Pvt Ltd.,Naasa Securities Co. Ltd.,2026-04-10T13:45:11.674092,Ghalemdi Hydro Limited
2026041004017240,GHL,52,58,603,259.0,156177.0,2026-04-10,185994345,2806,Sundhara Securities Limited,Naasa Securities Co. Ltd.,2026-04-10T13:46:14.437128,Ghalemdi Hydro Limited
2026041004017241,GHL,52,58,10,259.0,2590.0,2026-04-10,185994347,2806,Sundhara Securities Limited,Naasa Securities Co. Ltd.,2026-04-10T13:46:14.437369,Ghalemdi Hydro Limited
2026041004017400,GHL,52,25,100,259.7,25970.0,2026-04-10,185995427,2806,Sundhara Securities Limited,Sweta Securities Private Limited,2026-04-10T13:47:41.054545,Ghalemdi Hydro Limited
2026041004017401,GHL,52,35,85,260.0,22100.0,2026-04-10,185995430,2806,Sundhara Securities Limited,Kohinoor Investment & Securities Pvt. Ltd.,2026-04-10T13:47:41.054956,Ghalemdi Hydro Limited
2026041004017431,GHL,17,35,805,260.0,209300.0,2026-04-10,185995573,2806,ABC Securities Private Limited,Kohinoor Investment & Securities Pvt. Ltd.,2026-04-10T13:48:02.820185,Ghalemdi Hydro Limited
2026041004017432,GHL,17,49,100,260.0,26000.0,2026-04-10,185995575,2806,ABC Securities Private Limited,Online Securities Pvt. Ltd.,2026-04-10T13:48:02.82042,Ghalemdi Hydro Limited
2026041004017433,GHL,17,45,32,260.0,8320.0,2026-04-10,185995577,2806,ABC Securities Private Limited,Imperial Securities Company Pvt. Ltd.,2026-04-10T13:48:02.820506,Ghalemdi Hydro Limited
2026041004017434,GHL,17,89,90,260.0,23400.0,2026-04-10,185995579,2806,ABC Securities Private Limited,Global IME Securities Limited,2026-04-10T13:48:02.820588,Ghalemdi Hydro Limited
2026041004017435,GHL,17,34,500,260.0,130000.0,2026-04-10,185995581,2806,ABC Securities Private Limited,Vision Securities Pvt. Ltd,2026-04-10T13:48:02.820672,Ghalemdi Hydro Limited
2026041004017436,GHL,17,5,300,260.0,78000.0,2026-04-10,185995583,2806,ABC Securities Private Limited,Market Securities & Exchange (PVT) Ltd.,2026-04-10T13:48:02.820751,Ghalemdi Hydro Limited
2026041004017437,GHL,17,52,173,260.0,44980.0,2026-04-10,185995586,2806,ABC Securities Private Limited,Sundhara Securities Limited,2026-04-10T13:48:02.820841,Ghalemdi Hydro Limited
2026041004017448,GHL,58,52,20,260.0,5200.0,2026-04-10,185995648,2806,Naasa Securities Co. Ltd.,Sundhara Securities Limited,2026-04-10T13:48:14.329044,Ghalemdi Hydro Limited
2026041004017512,GHL,59,52,207,260.0,53820.0,2026-04-10,185995937,2806,Deevyaa Securities & Stock House Pvt. Ltd,Sundhara Securities Limited,2026-04-10T13:48:46.88324,Ghalemdi Hydro Limited
2026041004017513,GHL,59,62,2000,260.0,520000.0,2026-04-10,185995939,2806,Deevyaa Securities & Stock House Pvt. Ltd,Capital Max Securities Ltd,2026-04-10T13:48:46.883629,Ghalemdi Hydro Limited
2026041004017517,GHL,59,50,1000,260.9,260900.0,2026-04-10,185995965,2806,Deevyaa Securities & Stock House Pvt. Ltd,Cristal Kanchanjanga Securites Pvt. Ltd.,2026-04-10T13:48:50.221714,Ghalemdi Hydro Limited
2026041004017544,GHL,59,58,30,261.0,7830.0,2026-04-10,185996191,2806,Deevyaa Securities & Stock House Pvt. Ltd,Naasa Securities Co. Ltd.,2026-04-10T13:49:12.415694,Ghalemdi Hydro Limited
2026041004017545,GHL,59,70,763,261.0,199143.0,2026-04-10,185996194,2806,Deevyaa Securities & Stock House Pvt. Ltd,Infinity Securities Limited,2026-04-10T13:49:12.415925,Ghalemdi Hydro Limited
2026041004017555,GHL,58,41,5,260.0,1300.0,2026-04-10,185996307,2806,Naasa Securities Co. Ltd.,Linch Stock Market Ltd.,2026-04-10T13:49:22.236915,Ghalemdi Hydro Limited
2026041004017811,GHL,43,29,300,260.0,78000.0,2026-04-10,185997907,2806,South Asian Bulls Pvt. Ltd.,Trisul Securities & Invt. Ltd.,2026-04-10T13:51:45.199319,Ghalemdi Hydro Limited
2026041004017847,GHL,59,5,100,260.0,26000.0,2026-04-10,185998139,2806,Deevyaa Securities & Stock House Pvt. Ltd,Market Securities & Exchange (PVT) Ltd.,2026-04-10T13:52:13.866833,Ghalemdi Hydro Limited
2026041004017848,GHL,59,70,200,261.0,52200.0,2026-04-10,185998142,2806,Deevyaa Securities & Stock House Pvt. Ltd,Infinity Securities Limited,2026-04-10T13:52:13.867048,Ghalemdi Hydro Limited
2026041004018020,GHL,57,85,30,260.0,7800.0,2026-04-10,185999622,2806,Aryatara Investment & Securities,Capital Hub P. Ltd,2026-04-10T13:54:14.69344,Ghalemdi Hydro Limited
2026041004018065,GHL,25,53,100,259.2,25920.0,2026-04-10,185999842,2806,Sweta Securities Private Limited,Investment Management Nepal Pvt. Ltd.,2026-04-10T13:54:34.240562,Ghalemdi Hydro Limited
2026041004018066,GHL,17,53,274,259.1,70993.4,2026-04-10,185999843,2806,ABC Securities Private Limited,Investment Management Nepal Pvt. Ltd.,2026-04-10T13:54:34.240951,Ghalemdi Hydro Limited
2026041004018133,GHL,17,56,726,259.1,188106.6,2026-04-10,186000150,2806,ABC Securities Private Limited,Sri Hari Securities Pvt. Ltd.,2026-04-10T13:54:56.438793,Ghalemdi Hydro Limited
2026041004018134,GHL,21,56,2000,259.0,518000.0,2026-04-10,186000152,2806,Midas Stock Broking Company Private Limited,Sri Hari Securities Pvt. Ltd.,2026-04-10T13:54:56.439046,Ghalemdi Hydro Limited
2026041004018441,GHL,22,32,500,259.1,129550.0,2026-04-10,186001787,2806,Siprabi Securities Pvt. Ltd.,Premier Securities Company Ltd.,2026-04-10T13:56:10.370739,Ghalemdi Hydro Limited
2026041004018444,GHL,19,62,289,258.0,74562.0,2026-04-10,186001796,2806,Nepal Investment And Securities Trading Private Limited,Capital Max Securities Ltd,2026-04-10T13:56:11.26879,Ghalemdi Hydro Limited
2026041004018445,GHL,36,62,50,258.0,12900.0,2026-04-10,186001798,2806,Secured Securities Ltd.,Capital Max Securities Ltd,2026-04-10T13:56:11.268989,Ghalemdi Hydro Limited
2026041004018446,GHL,50,62,300,258.0,77400.0,2026-04-10,186001800,2806,Cristal Kanchanjanga Securites Pvt. Ltd.,Capital Max Securities Ltd,2026-04-10T13:56:11.269071,Ghalemdi Hydro Limited
2026041004018447,GHL,53,62,100,258.0,25800.0,2026-04-10,186001802,2806,Investment Management Nepal Pvt. Ltd.,Capital Max Securities Ltd,2026-04-10T13:56:11.269176,Ghalemdi Hydro Limited
2026041004018448,GHL,86,62,100,258.0,25800.0,2026-04-10,186001804,2806,Stoxkarts Securities Limited,Capital Max Securities Ltd,2026-04-10T13:56:11.269256,Ghalemdi Hydro Limited
2026041004018554,GHL,6,62,161,258.0,41538.0,2026-04-10,186002415,2806,Agrawal Securities (PVT) Ltd.,Capital Max Securities Ltd,2026-04-10T13:56:36.92657,Ghalemdi Hydro Limited
2026041004018773,GHL,6,14,39,258.0,10062.0,2026-04-10,186003906,2806,Agrawal Securities (PVT) Ltd.,Nepal Stock House (PVT) Ltd.,2026-04-10T13:57:48.483066,Ghalemdi Hydro Limited
2026041004018778,GHL,17,61,500,257.6,128800.0,2026-04-10,186003965,2806,ABC Securities Private Limited,BHOLE GANESH SECURITIES LTD,2026-04-10T13:57:52.569625,Ghalemdi Hydro Limited
2026041004018801,GHL,6,14,50,258.0,12900.0,2026-04-10,186004030,2806,Agrawal Securities (PVT) Ltd.,Nepal Stock House (PVT) Ltd.,2026-04-10T13:57:55.583692,Ghalemdi Hydro Limited
2026041004018802,GHL,17,62,500,257.6,128800.0,2026-04-10,186004036,2806,ABC Securities Private Limited,Capital Max Securities Ltd,2026-04-10T13:57:55.764734,Ghalemdi Hydro Limited
2026041004018842,GHL,10,57,2800,257.5,721000.0,2026-04-10,186004345,2806,Pragyan Securities (PVT) Ltd.,Aryatara Investment & Securities,2026-04-10T13:58:14.45155,Ghalemdi Hydro Limited
2026041004018904,GHL,10,38,125,257.5,32187.5,2026-04-10,186004607,2806,Pragyan Securities (PVT) Ltd.,Dipshikha Dhitopatra Karobar Co. Pvt Ltd.,2026-04-10T13:58:34.437864,Ghalemdi Hydro Limited
2026041004018978,GHL,8,62,500,257.2,128600.0,2026-04-10,186005187,2806,Brilliant Securities Pvt. Ltd.,Capital Max Securities Ltd,2026-04-10T13:59:17.404353,Ghalemdi Hydro Limited
2026041004019056,GHL,34,53,189,257.0,48573.0,2026-04-10,186005674,2806,Vision Securities Pvt. Ltd,Investment Management Nepal Pvt. Ltd.,2026-04-10T13:59:57.203492,Ghalemdi Hydro Limited
2026041004019057,GHL,86,53,11,257.0,2827.0,2026-04-10,186005675,2806,Stoxkarts Securities Limited,Investment Management Nepal Pvt. Ltd.,2026-04-10T13:59:57.203727,Ghalemdi Hydro Limited
2026041004019098,GHL,86,58,41,257.0,10537.0,2026-04-10,186005953,2806,Stoxkarts Securities Limited,Naasa Securities Co. Ltd.,2026-04-10T14:00:20.24682,Ghalemdi Hydro Limited
2026041004019236,GHL,86,89,48,257.0,12336.0,2026-04-10,186007054,2806,Stoxkarts Securities Limited,Global IME Securities Limited,2026-04-10T14:02:00.996155,Ghalemdi Hydro Limited
2026041004019237,GHL,58,89,400,256.2,102480.0,2026-04-10,186007056,2806,Naasa Securities Co. Ltd.,Global IME Securities Limited,2026-04-10T14:02:00.996427,Ghalemdi Hydro Limited
2026041004019238,GHL,10,89,552,256.1,141367.2,2026-04-10,186007057,2806,Pragyan Securities (PVT) Ltd.,Global IME Securities Limited,2026-04-10T14:02:00.996515,Ghalemdi Hydro Limited
2026041004019255,GHL,10,57,700,256.1,179270.0,2026-04-10,186007207,2806,Pragyan Securities (PVT) Ltd.,Aryatara Investment & Securities,2026-04-10T14:02:15.256271,Ghalemdi Hydro Limited
2026041004019393,GHL,17,14,411,258.0,106038.0,2026-04-10,186008095,2806,ABC Securities Private Limited,Nepal Stock House (PVT) Ltd.,2026-04-10T14:03:40.869067,Ghalemdi Hydro Limited
2026041004019394,GHL,17,38,1589,258.0,409962.0,2026-04-10,186008098,2806,ABC Securities Private Limited,Dipshikha Dhitopatra Karobar Co. Pvt Ltd.,2026-04-10T14:03:40.869124,Ghalemdi Hydro Limited
2026041004019560,GHL,45,38,23,258.0,5934.0,2026-04-10,186009489,2806,Imperial Securities Company Pvt. Ltd.,Dipshikha Dhitopatra Karobar Co. Pvt Ltd.,2026-04-10T14:06:17.894114,Ghalemdi Hydro Limited
2026041004019562,GHL,58,32,340,259.0,88060.0,2026-04-10,186009526,2806,Naasa Securities Co. Ltd.,Premier Securities Company Ltd.,2026-04-10T14:06:24.341565,Ghalemdi Hydro Limited
2026041004019582,GHL,58,32,15,259.0,3885.0,2026-04-10,186009684,2806,Naasa Securities Co. Ltd.,Premier Securities Company Ltd.,2026-04-10T14:06:48.809476,Ghalemdi Hydro Limited
2026041004019640,GHL,17,32,145,259.0,37555.0,2026-04-10,186010187,2806,ABC Securities Private Limited,Premier Securities Company Ltd.,2026-04-10T14:07:50.842119,Ghalemdi Hydro Limited
2026041004019641,GHL,17,29,400,259.6,103840.0,2026-04-10,186010189,2806,ABC Securities Private Limited,Trisul Securities & Invt. Ltd.,2026-04-10T14:07:50.84222,Ghalemdi Hydro Limited
2026041004019642,GHL,17,32,500,259.7,129850.0,2026-04-10,186010191,2806,ABC Securities Private Limited,Premier Securities Company Ltd.,2026-04-10T14:07:50.842297,Ghalemdi Hydro Limited
2026041004019643,GHL,17,85,1970,260.0,512200.0,2026-04-10,186010193,2806,ABC Securities Private Limited,Capital Hub P. Ltd,2026-04-10T14:07:50.842408,Ghalemdi Hydro Limited
2026041004019644,GHL,17,85,2496,260.0,648960.0,2026-04-10,186010195,2806,ABC Securities Private Limited,Capital Hub P. Ltd,2026-04-10T14:07:50.842481,Ghalemdi Hydro Limited
2026041004019645,GHL,17,57,500,260.0,130000.0,2026-04-10,186010197,2806,ABC Securities Private Limited,Aryatara Investment & Securities,2026-04-10T14:07:50.842552,Ghalemdi Hydro Limited
2026041004019646,GHL,17,7,1489,260.0,387140.0,2026-04-10,186010200,2806,ABC Securities Private Limited,J.F. Securites (PVT) Ltd.,2026-04-10T14:07:50.842627,Ghalemdi Hydro Limited
2026041004019887,GHL,38,39,500,259.0,129500.0,2026-04-10,186012015,2806,Dipshikha Dhitopatra Karobar Co. Pvt Ltd.,Sumeru Securities Pvt. Ltd.,2026-04-10T14:11:42.302596,Ghalemdi Hydro Limited
2026041004019949,GHL,38,89,188,259.0,48692.0,2026-04-10,186012626,2806,Dipshikha Dhitopatra Karobar Co. Pvt Ltd.,Global IME Securities Limited,2026-04-10T14:13:06.41546,Ghalemdi Hydro Limited
2026041004020255,GHL,8,59,1000,259.9,259900.0,2026-04-10,186014582,2806,Brilliant Securities Pvt. Ltd.,Deevyaa Securities & Stock House Pvt. Ltd,2026-04-10T14:17:11.79172,Ghalemdi Hydro Limited
2026041004020289,GHL,38,59,255,259.9,66274.5,2026-04-10,186015205,2806,Dipshikha Dhitopatra Karobar Co. Pvt Ltd.,Deevyaa Securities & Stock House Pvt. Ltd,2026-04-10T14:18:13.478798,Ghalemdi Hydro Limited
2026041004020296,GHL,21,51,115,260.0,29900.0,2026-04-10,186015291,2806,Midas Stock Broking Company Private Limited,Oxford Securities Pvt. Ltd.,2026-04-10T14:18:23.790253,Ghalemdi Hydro Limited
2026041004020297,GHL,21,26,885,260.0,230100.0,2026-04-10,186015294,2806,Midas Stock Broking Company Private Limited,Asian Securities Private Ltd.,2026-04-10T14:18:23.790681,Ghalemdi Hydro Limited
2026041004020320,GHL,51,26,115,260.0,29900.0,2026-04-10,186015583,2806,Oxford Securities Pvt. Ltd.,Asian Securities Private Ltd.,2026-04-10T14:18:47.311143,Ghalemdi Hydro Limited
2026041004020321,GHL,51,45,85,260.0,22100.0,2026-04-10,186015586,2806,Oxford Securities Pvt. Ltd.,Imperial Securities Company Pvt. Ltd.,2026-04-10T14:18:47.311598,Ghalemdi Hydro Limited
2026041004020362,GHL,38,45,57,260.0,14820.0,2026-04-10,186016014,2806,Dipshikha Dhitopatra Karobar Co. Pvt Ltd.,Imperial Securities Company Pvt. Ltd.,2026-04-10T14:19:10.743044,Ghalemdi Hydro Limited
2026041004020599,GHL,81,45,800,260.0,208000.0,2026-04-10,186018070,2806,Aakashbhairab Securities Ltd.,Imperial Securities Company Pvt. Ltd.,2026-04-10T14:22:23.439169,Ghalemdi Hydro Limited
2026041004020770,GHL,17,45,58,260.0,15080.0,2026-04-10,186019045,2806,ABC Securities Private Limited,Imperial Securities Company Pvt. Ltd.,2026-04-10T14:23:44.788383,Ghalemdi Hydro Limited
2026041004020771,GHL,17,47,207,260.9,54006.3,2026-04-10,186019047,2806,ABC Securities Private Limited,Neev Securities Pvt. Ltd.,2026-04-10T14:23:44.788484,Ghalemdi Hydro Limited
2026041004020772,GHL,17,70,37,261.0,9657.0,2026-04-10,186019049,2806,ABC Securities Private Limited,Infinity Securities Limited,2026-04-10T14:23:44.788555,Ghalemdi Hydro Limited
2026041004020773,GHL,17,85,1000,261.0,261000.0,2026-04-10,186019051,2806,ABC Securities Private Limited,Capital Hub P. Ltd,2026-04-10T14:23:44.788631,Ghalemdi Hydro Limited
2026041004020774,GHL,17,85,2000,261.0,522000.0,2026-04-10,186019053,2806,ABC Securities Private Limited,Capital Hub P. Ltd,2026-04-10T14:23:44.788699,Ghalemdi Hydro Limited
2026041004020775,GHL,17,52,300,261.0,78300.0,2026-04-10,186019055,2806,ABC Securities Private Limited,Sundhara Securities Limited,2026-04-10T14:23:44.788774,Ghalemdi Hydro Limited
2026041004020776,GHL,17,5,398,261.0,103878.0,2026-04-10,186019058,2806,ABC Securities Private Limited,Market Securities & Exchange (PVT) Ltd.,2026-04-10T14:23:44.788846,Ghalemdi Hydro Limited
2026041004020846,GHL,57,77,365,259.7,94790.5,2026-04-10,186019364,2806,Aryatara Investment & Securities,Nabil Stock Dealer Ltd.,2026-04-10T14:23:58.08114,Ghalemdi Hydro Limited
2026041004020847,GHL,10,77,24823,259.6,6444050.8,2026-04-10,186019366,2806,Pragyan Securities (PVT) Ltd.,Nabil Stock Dealer Ltd.,2026-04-10T14:23:58.081364,Ghalemdi Hydro Limited
2026041004020848,GHL,42,77,500,259.6,129800.0,2026-04-10,186019368,2806,Sani Securities Company Ltd.,Nabil Stock Dealer Ltd.,2026-04-10T14:23:58.08145,Ghalemdi Hydro Limited
2026041004020924,GHL,41,38,100,259.8,25980.0,2026-04-10,186019693,2806,Linch Stock Market Ltd.,Dipshikha Dhitopatra Karobar Co. Pvt Ltd.,2026-04-10T14:24:25.011059,Ghalemdi Hydro Limited
2026041004020982,GHL,41,65,100,259.8,25980.0,2026-04-10,186019977,2806,Linch Stock Market Ltd.,Sharepro Securities Private Limited,2026-04-10T14:24:48.499788,Ghalemdi Hydro Limited
2026041004021003,GHL,58,58,6,255.0,1530.0,2026-04-10,186020103,2806,Naasa Securities Co. Ltd.,Naasa Securities Co. Ltd.,2026-04-10T14:24:57.790507,Ghalemdi Hydro Limited
2026041004021057,GHL,41,42,300,259.8,77940.0,2026-04-10,186020511,2806,Linch Stock Market Ltd.,Sani Securities Company Ltd.,2026-04-10T14:25:33.407859,Ghalemdi Hydro Limited
2026041004021122,GHL,57,77,1131,259.3,293268.3,2026-04-10,186020882,2806,Aryatara Investment & Securities,Nabil Stock Dealer Ltd.,2026-04-10T14:26:12.342726,Ghalemdi Hydro Limited
2026041004021158,GHL,57,42,15,259.0,3885.0,2026-04-10,186021050,2806,Aryatara Investment & Securities,Sani Securities Company Ltd.,2026-04-10T14:26:22.69395,Ghalemdi Hydro Limited
2026041004021159,GHL,58,42,185,259.0,47915.0,2026-04-10,186021051,2806,Naasa Securities Co. Ltd.,Sani Securities Company Ltd.,2026-04-10T14:26:22.694167,Ghalemdi Hydro Limited
2026041004021173,GHL,58,49,15,259.0,3885.0,2026-04-10,186021162,2806,Naasa Securities Co. Ltd.,Online Securities Pvt. Ltd.,2026-04-10T14:26:35.176433,Ghalemdi Hydro Limited
2026041004021174,GHL,41,49,500,259.0,129500.0,2026-04-10,186021164,2806,Linch Stock Market Ltd.,Online Securities Pvt. Ltd.,2026-04-10T14:26:35.176674,Ghalemdi Hydro Limited
2026041004021266,GHL,58,42,10,258.1,2581.0,2026-04-10,186021800,2806,Naasa Securities Co. Ltd.,Sani Securities Company Ltd.,2026-04-10T14:27:24.309842,Ghalemdi Hydro Limited
2026041004021267,GHL,45,42,277,258.0,71466.0,2026-04-10,186021802,2806,Imperial Securities Company Pvt. Ltd.,Sani Securities Company Ltd.,2026-04-10T14:27:24.310091,Ghalemdi Hydro Limited
2026041004021268,GHL,16,42,500,258.0,129000.0,2026-04-10,186021804,2806,Primo Securities (PVT) Ltd.,Sani Securities Company Ltd.,2026-04-10T14:27:24.31018,Ghalemdi Hydro Limited
2026041004021441,GHL,58,26,87,257.0,22359.0,2026-04-10,186022912,2806,Naasa Securities Co. Ltd.,Asian Securities Private Ltd.,2026-04-10T14:28:43.231473,Ghalemdi Hydro Limited
2026041004021442,GHL,38,26,13,257.0,3341.0,2026-04-10,186022913,2806,Dipshikha Dhitopatra Karobar Co. Pvt Ltd.,Asian Securities Private Ltd.,2026-04-10T14:28:43.231888,Ghalemdi Hydro Limited
2026041004021678,GHL,58,42,30,257.1,7713.0,2026-04-10,186024542,2806,Naasa Securities Co. Ltd.,Sani Securities Company Ltd.,2026-04-10T14:30:49.978157,Ghalemdi Hydro Limited
2026041004021679,GHL,38,42,683,257.0,175531.0,2026-04-10,186024543,2806,Dipshikha Dhitopatra Karobar Co. Pvt Ltd.,Sani Securities Company Ltd.,2026-04-10T14:30:49.978365,Ghalemdi Hydro Limited
2026041004021688,GHL,38,59,100,257.0,25700.0,2026-04-10,186024613,2806,Dipshikha Dhitopatra Karobar Co. Pvt Ltd.,Deevyaa Securities & Stock House Pvt. Ltd,2026-04-10T14:30:55.43362,Ghalemdi Hydro Limited
2026041004021760,GHL,59,11,200,258.0,51600.0,2026-04-10,186025114,2806,Deevyaa Securities & Stock House Pvt. Ltd,Malla & Malla Stock Broking Company Pvt. Limited,2026-04-10T14:31:35.43716,Ghalemdi Hydro Limited
2026041004022023,GHL,59,59,100,258.0,25800.0,2026-04-10,186027030,2806,Deevyaa Securities & Stock House Pvt. Ltd,Deevyaa Securities & Stock House Pvt. Ltd,2026-04-10T14:34:28.928685,Ghalemdi Hydro Limited
2026041004022187,GHL,58,45,60,257.5,15450.0,2026-04-10,186028359,2806,Naasa Securities Co. Ltd.,Imperial Securities Company Pvt. Ltd.,2026-04-10T14:36:18.049395,Ghalemdi Hydro Limited
2026041004022336,GHL,58,45,40,257.5,10300.0,2026-04-10,186029130,2806,Naasa Securities Co. Ltd.,Imperial Securities Company Pvt. Ltd.,2026-04-10T14:37:18.022115,Ghalemdi Hydro Limited
2026041004022480,GHL,38,47,204,257.0,52428.0,2026-04-10,186030426,2806,Dipshikha Dhitopatra Karobar Co. Pvt Ltd.,Neev Securities Pvt. Ltd.,2026-04-10T14:39:01.136668,Ghalemdi Hydro Limited
2026041004022481,GHL,6,47,696,257.0,178872.0,2026-04-10,186030427,2806,Agrawal Securities (PVT) Ltd.,Neev Securities Pvt. Ltd.,2026-04-10T14:39:01.136893,Ghalemdi Hydro Limited
2026041004022491,GHL,6,50,1304,257.0,335128.0,2026-04-10,186030534,2806,Agrawal Securities (PVT) Ltd.,Cristal Kanchanjanga Securites Pvt. Ltd.,2026-04-10T14:39:09.589701,Ghalemdi Hydro Limited
2026041004022492,GHL,49,50,196,257.0,50372.0,2026-04-10,186030535,2806,Online Securities Pvt. Ltd.,Cristal Kanchanjanga Securites Pvt. Ltd.,2026-04-10T14:39:09.58988,Ghalemdi Hydro Limited
2026041004022532,GHL,49,47,192,257.0,49344.0,2026-04-10,186030924,2806,Online Securities Pvt. Ltd.,Neev Securities Pvt. Ltd.,2026-04-10T14:39:37.059369,Ghalemdi Hydro Limited
2026041004022533,GHL,42,47,100,257.0,25700.0,2026-04-10,186030926,2806,Sani Securities Company Ltd.,Neev Securities Pvt. Ltd.,2026-04-10T14:39:37.059779,Ghalemdi Hydro Limited
2026041004022534,GHL,42,47,750,257.0,192750.0,2026-04-10,186030928,2806,Sani Securities Company Ltd.,Neev Securities Pvt. Ltd.,2026-04-10T14:39:37.060048,Ghalemdi Hydro Limited
2026041004022583,GHL,4,47,390,257.0,100230.0,2026-04-10,186031356,2806,Opal Securities Investment (PVT) Ltd.,Neev Securities Pvt. Ltd.,2026-04-10T14:40:05.174866,Ghalemdi Hydro Limited
2026041004022722,GHL,33,89,100,256.8,25680.0,2026-04-10,186032710,2806,Dakshinkali Investment & Securities Pvt. Ltd.,Global IME Securities Limited,2026-04-10T14:42:08.444023,Ghalemdi Hydro Limited
2026041004022723,GHL,10,89,25,256.8,6420.0,2026-04-10,186032712,2806,Pragyan Securities (PVT) Ltd.,Global IME Securities Limited,2026-04-10T14:42:08.444522,Ghalemdi Hydro Limited
2026041004022724,GHL,17,89,875,256.3,224262.5,2026-04-10,186032713,2806,ABC Securities Private Limited,Global IME Securities Limited,2026-04-10T14:42:08.444809,Ghalemdi Hydro Limited
2026041004022782,GHL,17,34,1000,256.3,256300.0,2026-04-10,186033209,2806,ABC Securities Private Limited,Vision Securities Pvt. Ltd,2026-04-10T14:42:43.948865,Ghalemdi Hydro Limited
2026041004022872,GHL,63,34,1000,256.9,256900.0,2026-04-10,186033784,2806,Himalayan Brokerage Company Limited,Vision Securities Pvt. Ltd,2026-04-10T14:43:12.308245,Ghalemdi Hydro Limited
2026041004022969,GHL,26,60,200,256.4,51280.0,2026-04-10,186034422,2806,Asian Securities Private Ltd.,Nagarik Stock Dealer ,2026-04-10T14:43:50.697722,Ghalemdi Hydro Limited
2026041004023019,GHL,17,45,125,256.3,32037.5,2026-04-10,186034954,2806,ABC Securities Private Limited,Imperial Securities Company Pvt. Ltd.,2026-04-10T14:44:14.578546,Ghalemdi Hydro Limited
2026041004023020,GHL,58,45,1000,256.2,256200.0,2026-04-10,186034956,2806,Naasa Securities Co. Ltd.,Imperial Securities Company Pvt. Ltd.,2026-04-10T14:44:14.578808,Ghalemdi Hydro Limited
2026041004023021,GHL,33,45,300,256.2,76860.0,2026-04-10,186034958,2806,Dakshinkali Investment & Securities Pvt. Ltd.,Imperial Securities Company Pvt. Ltd.,2026-04-10T14:44:14.578902,Ghalemdi Hydro Limited
2026041004023022,GHL,48,45,275,256.2,70455.0,2026-04-10,186034959,2806,Trishakti Securities Public Limited,Imperial Securities Company Pvt. Ltd.,2026-04-10T14:44:14.578995,Ghalemdi Hydro Limited
2026041004023166,GHL,48,49,725,256.2,185745.0,2026-04-10,186036190,2806,Trishakti Securities Public Limited,Online Securities Pvt. Ltd.,2026-04-10T14:45:24.254014,Ghalemdi Hydro Limited
2026041004023167,GHL,56,49,30,256.2,7686.0,2026-04-10,186036192,2806,Sri Hari Securities Pvt. Ltd.,Online Securities Pvt. Ltd.,2026-04-10T14:45:24.254063,Ghalemdi Hydro Limited
2026041004023168,GHL,41,49,100,256.0,25600.0,2026-04-10,186036194,2806,Linch Stock Market Ltd.,Online Securities Pvt. Ltd.,2026-04-10T14:45:24.25409,Ghalemdi Hydro Limited
2026041004023169,GHL,34,49,500,256.0,128000.0,2026-04-10,186036196,2806,Vision Securities Pvt. Ltd,Online Securities Pvt. Ltd.,2026-04-10T14:45:24.254113,Ghalemdi Hydro Limited
2026041004023170,GHL,58,49,150,256.0,38400.0,2026-04-10,186036198,2806,Naasa Securities Co. Ltd.,Online Securities Pvt. Ltd.,2026-04-10T14:45:24.254138,Ghalemdi Hydro Limited
2026041004023171,GHL,41,49,50,256.0,12800.0,2026-04-10,186036200,2806,Linch Stock Market Ltd.,Online Securities Pvt. Ltd.,2026-04-10T14:45:24.254161,Ghalemdi Hydro Limited
2026041004023172,GHL,41,49,200,256.0,51200.0,2026-04-10,186036202,2806,Linch Stock Market Ltd.,Online Securities Pvt. Ltd.,2026-04-10T14:45:24.254184,Ghalemdi Hydro Limited
2026041004023173,GHL,52,49,245,256.0,62720.0,2026-04-10,186036203,2806,Sundhara Securities Limited,Online Securities Pvt. Ltd.,2026-04-10T14:45:24.254208,Ghalemdi Hydro Limited
2026041004023246,GHL,52,17,255,256.0,65280.0,2026-04-10,186036538,2806,Sundhara Securities Limited,ABC Securities Private Limited,2026-04-10T14:45:40.155571,Ghalemdi Hydro Limited
2026041004023247,GHL,38,17,845,256.0,216320.0,2026-04-10,186036539,2806,Dipshikha Dhitopatra Karobar Co. Pvt Ltd.,ABC Securities Private Limited,2026-04-10T14:45:40.155982,Ghalemdi Hydro Limited
2026041004023282,GHL,38,49,155,256.0,39680.0,2026-04-10,186036706,2806,Dipshikha Dhitopatra Karobar Co. Pvt Ltd.,Online Securities Pvt. Ltd.,2026-04-10T14:45:48.927989,Ghalemdi Hydro Limited
2026041004023471,GHL,45,49,254,256.0,65024.0,2026-04-10,186037776,2806,Imperial Securities Company Pvt. Ltd.,Online Securities Pvt. Ltd.,2026-04-10T14:46:40.833011,Ghalemdi Hydro Limited
2026041004023520,GHL,88,49,91,256.0,23296.0,2026-04-10,186038199,2806,Blue Chip Securities Ltd,Online Securities Pvt. Ltd.,2026-04-10T14:47:02.119026,Ghalemdi Hydro Limited
2026041004023638,GHL,88,13,409,256.2,104785.8,2026-04-10,186039166,2806,Blue Chip Securities Ltd,Thrive Brokerage House Pvt. Ltd,2026-04-10T14:47:59.812874,Ghalemdi Hydro Limited
2026041004023639,GHL,14,13,50,256.0,12800.0,2026-04-10,186039168,2806,Nepal Stock House (PVT) Ltd.,Thrive Brokerage House Pvt. Ltd,2026-04-10T14:47:59.813158,Ghalemdi Hydro Limited
2026041004023754,GHL,25,63,40,255.8,10232.0,2026-04-10,186039870,2806,Sweta Securities Private Limited,Himalayan Brokerage Company Limited,2026-04-10T14:48:36.746141,Ghalemdi Hydro Limited
2026041004023755,GHL,17,63,200,255.2,51040.0,2026-04-10,186039872,2806,ABC Securities Private Limited,Himalayan Brokerage Company Limited,2026-04-10T14:48:36.746653,Ghalemdi Hydro Limited
2026041004023756,GHL,58,63,200,255.2,51040.0,2026-04-10,186039874,2806,Naasa Securities Co. Ltd.,Himalayan Brokerage Company Limited,2026-04-10T14:48:36.747058,Ghalemdi Hydro Limited
2026041004023757,GHL,59,63,100,255.1,25510.0,2026-04-10,186039876,2806,Deevyaa Securities & Stock House Pvt. Ltd,Himalayan Brokerage Company Limited,2026-04-10T14:48:36.747445,Ghalemdi Hydro Limited
2026041004023758,GHL,62,63,100,255.1,25510.0,2026-04-10,186039878,2806,Capital Max Securities Ltd,Himalayan Brokerage Company Limited,2026-04-10T14:48:36.747824,Ghalemdi Hydro Limited
2026041004023759,GHL,39,63,100,255.0,25500.0,2026-04-10,186039880,2806,Sumeru Securities Pvt. Ltd.,Himalayan Brokerage Company Limited,2026-04-10T14:48:36.748159,Ghalemdi Hydro Limited
2026041004023760,GHL,86,63,100,255.0,25500.0,2026-04-10,186039882,2806,Stoxkarts Securities Limited,Himalayan Brokerage Company Limited,2026-04-10T14:48:36.748441,Ghalemdi Hydro Limited
2026041004023761,GHL,57,63,60,255.0,15300.0,2026-04-10,186039884,2806,Aryatara Investment & Securities,Himalayan Brokerage Company Limited,2026-04-10T14:48:36.748711,Ghalemdi Hydro Limited
2026041004023762,GHL,45,63,30,255.0,7650.0,2026-04-10,186039886,2806,Imperial Securities Company Pvt. Ltd.,Himalayan Brokerage Company Limited,2026-04-10T14:48:36.748963,Ghalemdi Hydro Limited
2026041004023763,GHL,58,63,10,255.0,2550.0,2026-04-10,186039888,2806,Naasa Securities Co. Ltd.,Himalayan Brokerage Company Limited,2026-04-10T14:48:36.749215,Ghalemdi Hydro Limited
2026041004023764,GHL,58,63,960,255.0,244800.0,2026-04-10,186039889,2806,Naasa Securities Co. Ltd.,Himalayan Brokerage Company Limited,2026-04-10T14:48:36.749475,Ghalemdi Hydro Limited
2026041004023772,GHL,58,42,40,255.0,10200.0,2026-04-10,186039948,2806,Naasa Securities Co. Ltd.,Sani Securities Company Ltd.,2026-04-10T14:48:39.739081,Ghalemdi Hydro Limited
2026041004023773,GHL,17,42,2000,255.0,510000.0,2026-04-10,186039950,2806,ABC Securities Private Limited,Sani Securities Company Ltd.,2026-04-10T14:48:39.739289,Ghalemdi Hydro Limited
2026041004023774,GHL,35,42,500,255.0,127500.0,2026-04-10,186039952,2806,Kohinoor Investment & Securities Pvt. Ltd.,Sani Securities Company Ltd.,2026-04-10T14:48:39.739378,Ghalemdi Hydro Limited
2026041004023775,GHL,86,42,1000,255.0,255000.0,2026-04-10,186039954,2806,Stoxkarts Securities Limited,Sani Securities Company Ltd.,2026-04-10T14:48:39.739463,Ghalemdi Hydro Limited
2026041004023776,GHL,39,42,10,255.0,2550.0,2026-04-10,186039956,2806,Sumeru Securities Pvt. Ltd.,Sani Securities Company Ltd.,2026-04-10T14:48:39.739545,Ghalemdi Hydro Limited
2026041004023777,GHL,68,42,25,255.0,6375.0,2026-04-10,186039958,2806,Elite Stock House Limited,Sani Securities Company Ltd.,2026-04-10T14:48:39.739637,Ghalemdi Hydro Limited
2026041004023778,GHL,21,42,1000,255.0,255000.0,2026-04-10,186039960,2806,Midas Stock Broking Company Private Limited,Sani Securities Company Ltd.,2026-04-10T14:48:39.739718,Ghalemdi Hydro Limited
2026041004023779,GHL,58,42,132,255.0,33660.0,2026-04-10,186039962,2806,Naasa Securities Co. Ltd.,Sani Securities Company Ltd.,2026-04-10T14:48:39.7398,Ghalemdi Hydro Limited
2026041004023780,GHL,17,42,793,255.0,202215.0,2026-04-10,186039963,2806,ABC Securities Private Limited,Sani Securities Company Ltd.,2026-04-10T14:48:39.739881,Ghalemdi Hydro Limited
2026041004023823,GHL,17,63,2000,255.0,510000.0,2026-04-10,186040133,2806,ABC Securities Private Limited,Himalayan Brokerage Company Limited,2026-04-10T14:48:48.874106,Ghalemdi Hydro Limited
2026041004023910,GHL,69,49,600,255.1,153060.0,2026-04-10,186040879,2806,INDEX SECURITIES LIMITED,Online Securities Pvt. Ltd.,2026-04-10T14:49:29.871107,Ghalemdi Hydro Limited
2026041004023911,GHL,17,49,200,255.0,51000.0,2026-04-10,186040880,2806,ABC Securities Private Limited,Online Securities Pvt. Ltd.,2026-04-10T14:49:29.871349,Ghalemdi Hydro Limited
2026041004023939,GHL,62,47,10,255.1,2551.0,2026-04-10,186041134,2806,Capital Max Securities Ltd,Neev Securities Pvt. Ltd.,2026-04-10T14:49:41.7063,Ghalemdi Hydro Limited
2026041004023947,GHL,14,47,10,255.1,2551.0,2026-04-10,186041208,2806,Nepal Stock House (PVT) Ltd.,Neev Securities Pvt. Ltd.,2026-04-10T14:49:45.022064,Ghalemdi Hydro Limited
2026041004024033,GHL,17,59,100,255.0,25500.0,2026-04-10,186041741,2806,ABC Securities Private Limited,Deevyaa Securities & Stock House Pvt. Ltd,2026-04-10T14:50:13.585127,Ghalemdi Hydro Limited
2026041004024142,GHL,48,47,32,255.1,8163.2,2026-04-10,186042305,2806,Trishakti Securities Public Limited,Neev Securities Pvt. Ltd.,2026-04-10T14:50:34.707635,Ghalemdi Hydro Limited
2026041004024143,GHL,48,21,168,255.1,42856.8,2026-04-10,186042308,2806,Trishakti Securities Public Limited,Midas Stock Broking Company Private Limited,2026-04-10T14:50:34.707836,Ghalemdi Hydro Limited
2026041004024265,GHL,17,57,150,255.0,38250.0,2026-04-10,186043069,2806,ABC Securities Private Limited,Aryatara Investment & Securities,2026-04-10T14:51:10.833987,Ghalemdi Hydro Limited
2026041004024497,GHL,17,46,1500,255.0,382500.0,2026-04-10,186044473,2806,ABC Securities Private Limited,Kalika Securities Pvt. Ltd.,2026-04-10T14:52:13.768592,Ghalemdi Hydro Limited
2026041004024518,GHL,17,45,257,255.0,65535.0,2026-04-10,186044564,2806,ABC Securities Private Limited,Imperial Securities Company Pvt. Ltd.,2026-04-10T14:52:19.417823,Ghalemdi Hydro Limited
2026041004024519,GHL,35,45,243,255.0,61965.0,2026-04-10,186044565,2806,Kohinoor Investment & Securities Pvt. Ltd.,Imperial Securities Company Pvt. Ltd.,2026-04-10T14:52:19.418076,Ghalemdi Hydro Limited
2026041004024566,GHL,35,3,180,255.0,45900.0,2026-04-10,186044913,2806,Kohinoor Investment & Securities Pvt. Ltd.,Arun Securities (PVT) Ltd.,2026-04-10T14:52:36.100043,Ghalemdi Hydro Limited
2026041004024723,GHL,35,14,200,255.0,51000.0,2026-04-10,186045871,2806,Kohinoor Investment & Securities Pvt. Ltd.,Nepal Stock House (PVT) Ltd.,2026-04-10T14:53:15.251746,Ghalemdi Hydro Limited
2026041004024741,GHL,35,42,200,255.0,51000.0,2026-04-10,186045986,2806,Kohinoor Investment & Securities Pvt. Ltd.,Sani Securities Company Ltd.,2026-04-10T14:53:19.743877,Ghalemdi Hydro Limited
2026041004024814,GHL,42,21,32,255.1,8163.2,2026-04-10,186046617,2806,Sani Securities Company Ltd.,Midas Stock Broking Company Private Limited,2026-04-10T14:53:41.226476,Ghalemdi Hydro Limited
2026041004024815,GHL,42,60,768,256.4,196915.2,2026-04-10,186046620,2806,Sani Securities Company Ltd.,Nagarik Stock Dealer ,2026-04-10T14:53:41.22692,Ghalemdi Hydro Limited
2026041004024864,GHL,35,43,100,255.0,25500.0,2026-04-10,186046845,2806,Kohinoor Investment & Securities Pvt. Ltd.,South Asian Bulls Pvt. Ltd.,2026-04-10T14:53:49.479501,Ghalemdi Hydro Limited
2026041004024909,GHL,35,38,1077,255.0,274635.0,2026-04-10,186047345,2806,Kohinoor Investment & Securities Pvt. Ltd.,Dipshikha Dhitopatra Karobar Co. Pvt Ltd.,2026-04-10T14:54:06.698975,Ghalemdi Hydro Limited
2026041004024910,GHL,6,38,523,255.0,133365.0,2026-04-10,186047347,2806,Agrawal Securities (PVT) Ltd.,Dipshikha Dhitopatra Karobar Co. Pvt Ltd.,2026-04-10T14:54:06.699407,Ghalemdi Hydro Limited
2026041004025428,GHL,38,62,11,256.1,2817.1,2026-04-10,186050398,2806,Dipshikha Dhitopatra Karobar Co. Pvt Ltd.,Capital Max Securities Ltd,2026-04-10T14:55:57.208727,Ghalemdi Hydro Limited
2026041004025429,GHL,49,62,10,256.0,2560.0,2026-04-10,186050402,2806,Online Securities Pvt. Ltd.,Capital Max Securities Ltd,2026-04-10T14:55:57.20896,Ghalemdi Hydro Limited
2026041004025430,GHL,83,62,12,255.1,3061.2,2026-04-10,186050404,2806,Sanima Securities Limited,Capital Max Securities Ltd,2026-04-10T14:55:57.209047,Ghalemdi Hydro Limited
2026041004025431,GHL,32,62,15,255.1,3826.5,2026-04-10,186050406,2806,Premier Securities Company Ltd.,Capital Max Securities Ltd,2026-04-10T14:55:57.209179,Ghalemdi Hydro Limited
2026041004025432,GHL,33,62,160,255.1,40816.0,2026-04-10,186050408,2806,Dakshinkali Investment & Securities Pvt. Ltd.,Capital Max Securities Ltd,2026-04-10T14:55:57.209469,Ghalemdi Hydro Limited
2026041004025433,GHL,6,62,477,255.0,121635.0,2026-04-10,186050410,2806,Agrawal Securities (PVT) Ltd.,Capital Max Securities Ltd,2026-04-10T14:55:57.209728,Ghalemdi Hydro Limited
