contractId,stockSymbol,buyerMemberId,sellerMemberId,quantity,price,amount,businessDate,tradeBookId,stockId,buyerBrokerName,sellerBrokerName,transaction_time,securityName
2026041003000019,GRDBL,22,87,10,1059.0,10590.0,2026-04-10,185886739,2744,Siprabi Securities Pvt. Ltd.,S.P.S.A. Securities Limited,2026-04-10T11:01:18.54201,Green Development Bank Ltd.
2026041003000020,GRDBL,17,87,10,1050.0,10500.0,2026-04-10,185886740,2744,ABC Securities Private Limited,S.P.S.A. Securities Limited,2026-04-10T11:01:18.542088,Green Development Bank Ltd.
2026041003000440,GRDBL,42,59,10,1070.0,10700.0,2026-04-10,185905000,2744,Sani Securities Company Ltd.,Deevyaa Securities & Stock House Pvt. Ltd,2026-04-10T11:21:06.743399,Green Development Bank Ltd.
2026041003000491,GRDBL,42,42,90,1070.0,96300.0,2026-04-10,185906896,2744,Sani Securities Company Ltd.,Sani Securities Company Ltd.,2026-04-10T11:22:45.626226,Green Development Bank Ltd.
2026041003000496,GRDBL,14,87,10,1066.0,10660.0,2026-04-10,185907344,2744,Nepal Stock House (PVT) Ltd.,S.P.S.A. Securities Limited,2026-04-10T11:23:10.494523,Green Development Bank Ltd.
2026041003000603,GRDBL,38,42,200,1067.0,213400.0,2026-04-10,185910417,2744,Dipshikha Dhitopatra Karobar Co. Pvt Ltd.,Sani Securities Company Ltd.,2026-04-10T11:25:54.80287,Green Development Bank Ltd.
2026041003000604,GRDBL,14,42,10,1066.0,10660.0,2026-04-10,185910419,2744,Nepal Stock House (PVT) Ltd.,Sani Securities Company Ltd.,2026-04-10T11:25:54.803009,Green Development Bank Ltd.
2026041003000605,GRDBL,42,42,40,1066.0,42640.0,2026-04-10,185910420,2744,Sani Securities Company Ltd.,Sani Securities Company Ltd.,2026-04-10T11:25:54.803069,Green Development Bank Ltd.
2026041003001096,GRDBL,14,95,140,1070.0,149800.0,2026-04-10,186064395,2744,Nepal Stock House (PVT) Ltd.,Magnet Securities and Investment Company Private Limited,2026-04-10T11:45:34.388,Green Development Bank Ltd.
2026041003001167,GRDBL,14,87,10,1066.6,10666.0,2026-04-10,186064068,2744,Nepal Stock House (PVT) Ltd.,S.P.S.A. Securities Limited,2026-04-10T11:48:40.627,Green Development Bank Ltd.
2026041003001300,GRDBL,87,57,10,1072.0,10720.0,2026-04-10,186081250,2744,S.P.S.A. Securities Limited,Aryatara Investment & Securities,2026-04-10T11:56:20.429,Green Development Bank Ltd.
2026041003001311,GRDBL,14,57,50,1072.0,53600.0,2026-04-10,186064409,2744,Nepal Stock House (PVT) Ltd.,Aryatara Investment & Securities,2026-04-10T11:56:49.435,Green Development Bank Ltd.
2026041003001332,GRDBL,14,57,10,1072.0,10720.0,2026-04-10,186064157,2744,Nepal Stock House (PVT) Ltd.,Aryatara Investment & Securities,2026-04-10T11:57:54.892,Green Development Bank Ltd.
2026041003001339,GRDBL,14,57,15,1072.0,16080.0,2026-04-10,186064167,2744,Nepal Stock House (PVT) Ltd.,Aryatara Investment & Securities,2026-04-10T11:58:20.006,Green Development Bank Ltd.
2026041003001349,GRDBL,14,57,70,1072.0,75040.0,2026-04-10,186064169,2744,Nepal Stock House (PVT) Ltd.,Aryatara Investment & Securities,2026-04-10T11:58:44.119,Green Development Bank Ltd.
2026041003001376,GRDBL,87,16,10,1077.7,10777.0,2026-04-10,186081273,2744,S.P.S.A. Securities Limited,Primo Securities (PVT) Ltd.,2026-04-10T11:59:28.255,Green Development Bank Ltd.
2026041003001392,GRDBL,58,14,81,1071.0,86751.0,2026-04-10,186077227,2744,Naasa Securities Co. Ltd.,Nepal Stock House (PVT) Ltd.,2026-04-10T12:00:22.424,Green Development Bank Ltd.
2026041003001408,GRDBL,87,16,10,1077.7,10777.0,2026-04-10,186081285,2744,S.P.S.A. Securities Limited,Primo Securities (PVT) Ltd.,2026-04-10T12:01:08.349,Green Development Bank Ltd.
2026041003001520,GRDBL,58,16,19,1077.7,20476.3,2026-04-10,185922784,2744,Naasa Securities Co. Ltd.,Primo Securities (PVT) Ltd.,2026-04-10T12:05:40.148948,Green Development Bank Ltd.
2026041003001618,GRDBL,34,41,200,1071.0,214200.0,2026-04-10,185924864,2744,Vision Securities Pvt. Ltd,Linch Stock Market Ltd.,2026-04-10T12:08:17.206076,Green Development Bank Ltd.
2026041003001650,GRDBL,34,47,100,1070.0,107000.0,2026-04-10,185925469,2744,Vision Securities Pvt. Ltd,Neev Securities Pvt. Ltd.,2026-04-10T12:09:03.981596,Green Development Bank Ltd.
2026041003001734,GRDBL,34,49,300,1070.0,321000.0,2026-04-10,185927009,2744,Vision Securities Pvt. Ltd,Online Securities Pvt. Ltd.,2026-04-10T12:10:38.196121,Green Development Bank Ltd.
2026041003002068,GRDBL,42,26,10,1066.0,10660.0,2026-04-10,185932724,2744,Sani Securities Company Ltd.,Asian Securities Private Ltd.,2026-04-10T12:15:59.257912,Green Development Bank Ltd.
2026041003002069,GRDBL,42,26,50,1066.0,53300.0,2026-04-10,185932726,2744,Sani Securities Company Ltd.,Asian Securities Private Ltd.,2026-04-10T12:15:59.258042,Green Development Bank Ltd.
2026041003002070,GRDBL,8,26,50,1066.0,53300.0,2026-04-10,185932728,2744,Brilliant Securities Pvt. Ltd.,Asian Securities Private Ltd.,2026-04-10T12:15:59.258098,Green Development Bank Ltd.
2026041003002222,GRDBL,48,47,20,1065.0,21300.0,2026-04-10,185935556,2744,Trishakti Securities Public Limited,Neev Securities Pvt. Ltd.,2026-04-10T12:18:26.496385,Green Development Bank Ltd.
2026041003002434,GRDBL,44,43,100,1063.0,106300.0,2026-04-10,185940013,2744,Dynamic Money Managers Securities Pvt. Ltd.,South Asian Bulls Pvt. Ltd.,2026-04-10T12:21:53.035759,Green Development Bank Ltd.
2026041003002492,GRDBL,16,58,20,1062.0,21240.0,2026-04-10,185940925,2744,Primo Securities (PVT) Ltd.,Naasa Securities Co. Ltd.,2026-04-10T12:22:30.116642,Green Development Bank Ltd.
2026041003002544,GRDBL,16,58,30,1062.0,31860.0,2026-04-10,185941586,2744,Primo Securities (PVT) Ltd.,Naasa Securities Co. Ltd.,2026-04-10T12:23:02.816389,Green Development Bank Ltd.
2026041003002545,GRDBL,44,58,70,1060.2,74214.0,2026-04-10,185941587,2744,Dynamic Money Managers Securities Pvt. Ltd.,Naasa Securities Co. Ltd.,2026-04-10T12:23:02.816515,Green Development Bank Ltd.
2026041003002563,GRDBL,44,42,30,1060.2,31806.0,2026-04-10,185941832,2744,Dynamic Money Managers Securities Pvt. Ltd.,Sani Securities Company Ltd.,2026-04-10T12:23:13.366294,Green Development Bank Ltd.
2026041003002564,GRDBL,32,42,100,1060.0,106000.0,2026-04-10,185941834,2744,Premier Securities Company Ltd.,Sani Securities Company Ltd.,2026-04-10T12:23:13.366411,Green Development Bank Ltd.
2026041003002565,GRDBL,42,42,55,1060.0,58300.0,2026-04-10,185941835,2744,Sani Securities Company Ltd.,Sani Securities Company Ltd.,2026-04-10T12:23:13.366467,Green Development Bank Ltd.
2026041003002618,GRDBL,42,47,80,1060.0,84800.0,2026-04-10,185942989,2744,Sani Securities Company Ltd.,Neev Securities Pvt. Ltd.,2026-04-10T12:23:58.026524,Green Development Bank Ltd.
2026041003002620,GRDBL,42,8,65,1060.0,68900.0,2026-04-10,185943024,2744,Sani Securities Company Ltd.,Brilliant Securities Pvt. Ltd.,2026-04-10T12:24:01.211159,Green Development Bank Ltd.
2026041003002955,GRDBL,87,26,10,1066.0,10660.0,2026-04-10,185949736,2744,S.P.S.A. Securities Limited,Asian Securities Private Ltd.,2026-04-10T12:30:04.621632,Green Development Bank Ltd.
2026041003003040,GRDBL,87,26,10,1069.0,10690.0,2026-04-10,185951908,2744,S.P.S.A. Securities Limited,Asian Securities Private Ltd.,2026-04-10T12:32:47.907539,Green Development Bank Ltd.
2026041003003718,GRDBL,38,72,100,1060.0,106000.0,2026-04-10,185967880,2744,Dipshikha Dhitopatra Karobar Co. Pvt Ltd.,Hatemalo Financial Services Private Limited,2026-04-10T12:58:13.188439,Green Development Bank Ltd.
2026041003003719,GRDBL,38,72,100,1060.0,106000.0,2026-04-10,185967882,2744,Dipshikha Dhitopatra Karobar Co. Pvt Ltd.,Hatemalo Financial Services Private Limited,2026-04-10T12:58:13.188769,Green Development Bank Ltd.
2026041003003720,GRDBL,42,72,48,1060.0,50880.0,2026-04-10,185967884,2744,Sani Securities Company Ltd.,Hatemalo Financial Services Private Limited,2026-04-10T12:58:13.188942,Green Development Bank Ltd.
2026041003003721,GRDBL,58,72,33,1060.0,34980.0,2026-04-10,185967886,2744,Naasa Securities Co. Ltd.,Hatemalo Financial Services Private Limited,2026-04-10T12:58:13.189122,Green Development Bank Ltd.
2026041003003722,GRDBL,21,72,100,1056.5,105650.0,2026-04-10,185967888,2744,Midas Stock Broking Company Private Limited,Hatemalo Financial Services Private Limited,2026-04-10T12:58:13.189303,Green Development Bank Ltd.
2026041003003723,GRDBL,71,72,100,1056.1,105610.0,2026-04-10,185967890,2744,SHUBHAKAMANA SECURITIES PVT. LTD,Hatemalo Financial Services Private Limited,2026-04-10T12:58:13.189467,Green Development Bank Ltd.
2026041003003724,GRDBL,47,72,19,1056.0,20064.0,2026-04-10,185967891,2744,Neev Securities Pvt. Ltd.,Hatemalo Financial Services Private Limited,2026-04-10T12:58:13.189652,Green Development Bank Ltd.
2026041003003785,GRDBL,48,72,200,1060.0,212000.0,2026-04-10,185969697,2744,Trishakti Securities Public Limited,Hatemalo Financial Services Private Limited,2026-04-10T13:01:35.855847,Green Development Bank Ltd.
2026041003003817,GRDBL,14,72,100,1056.1,105610.0,2026-04-10,185970188,2744,Nepal Stock House (PVT) Ltd.,Hatemalo Financial Services Private Limited,2026-04-10T13:02:38.79541,Green Development Bank Ltd.
2026041003003818,GRDBL,46,72,200,1056.1,211220.0,2026-04-10,185970189,2744,Kalika Securities Pvt. Ltd.,Hatemalo Financial Services Private Limited,2026-04-10T13:02:38.795677,Green Development Bank Ltd.
2026041003003826,GRDBL,87,58,10,1066.0,10660.0,2026-04-10,185970358,2744,S.P.S.A. Securities Limited,Naasa Securities Co. Ltd.,2026-04-10T13:03:01.590631,Green Development Bank Ltd.
2026041003003832,GRDBL,35,11,15,1067.0,16005.0,2026-04-10,185970430,2744,Kohinoor Investment & Securities Pvt. Ltd.,Malla & Malla Stock Broking Company Pvt. Limited,2026-04-10T13:03:15.50989,Green Development Bank Ltd.
2026041003003904,GRDBL,25,41,11,1057.1,11628.1,2026-04-10,185972281,2744,Sweta Securities Private Limited,Linch Stock Market Ltd.,2026-04-10T13:07:45.039226,Green Development Bank Ltd.
2026041003003972,GRDBL,87,13,10,1067.0,10670.0,2026-04-10,185973560,2744,S.P.S.A. Securities Limited,Thrive Brokerage House Pvt. Ltd,2026-04-10T13:11:01.638382,Green Development Bank Ltd.
2026041003004007,GRDBL,38,13,20,1067.0,21340.0,2026-04-10,185974342,2744,Dipshikha Dhitopatra Karobar Co. Pvt Ltd.,Thrive Brokerage House Pvt. Ltd,2026-04-10T13:12:53.523167,Green Development Bank Ltd.
2026041003004148,GRDBL,42,34,50,1066.9,53345.0,2026-04-10,185978139,2744,Sani Securities Company Ltd.,Vision Securities Pvt. Ltd,2026-04-10T13:20:55.513757,Green Development Bank Ltd.
2026041003004149,GRDBL,42,13,26,1067.0,27742.0,2026-04-10,185978141,2744,Sani Securities Company Ltd.,Thrive Brokerage House Pvt. Ltd,2026-04-10T13:20:55.513935,Green Development Bank Ltd.
2026041003004161,GRDBL,25,14,29,1068.0,30972.0,2026-04-10,185978464,2744,Sweta Securities Private Limited,Nepal Stock House (PVT) Ltd.,2026-04-10T13:21:23.328735,Green Development Bank Ltd.
2026041003004176,GRDBL,87,14,12,1068.0,12816.0,2026-04-10,185978748,2744,S.P.S.A. Securities Limited,Nepal Stock House (PVT) Ltd.,2026-04-10T13:21:49.332891,Green Development Bank Ltd.
2026041003004177,GRDBL,87,26,10,1069.0,10690.0,2026-04-10,185978770,2744,S.P.S.A. Securities Limited,Asian Securities Private Ltd.,2026-04-10T13:21:53.393973,Green Development Bank Ltd.
2026041003004244,GRDBL,48,14,30,1068.8,32064.0,2026-04-10,185980707,2744,Trishakti Securities Public Limited,Nepal Stock House (PVT) Ltd.,2026-04-10T13:24:58.829782,Green Development Bank Ltd.
2026041003004258,GRDBL,48,49,100,1068.9,106890.0,2026-04-10,185981176,2744,Trishakti Securities Public Limited,Online Securities Pvt. Ltd.,2026-04-10T13:25:35.289835,Green Development Bank Ltd.
2026041003004261,GRDBL,48,26,250,1069.0,267250.0,2026-04-10,185981687,2744,Trishakti Securities Public Limited,Asian Securities Private Ltd.,2026-04-10T13:25:48.615794,Green Development Bank Ltd.
2026041003004262,GRDBL,48,20,56,1069.0,59864.0,2026-04-10,185981690,2744,Trishakti Securities Public Limited,Sipla Securities Private Limited,2026-04-10T13:25:48.616122,Green Development Bank Ltd.
2026041003004287,GRDBL,87,32,11,1070.0,11770.0,2026-04-10,185981882,2744,S.P.S.A. Securities Limited,Premier Securities Company Ltd.,2026-04-10T13:26:03.460497,Green Development Bank Ltd.
2026041003004328,GRDBL,87,41,10,1071.0,10710.0,2026-04-10,185983000,2744,S.P.S.A. Securities Limited,Linch Stock Market Ltd.,2026-04-10T13:27:28.975635,Green Development Bank Ltd.
2026041003004416,GRDBL,42,58,13,1070.0,13910.0,2026-04-10,185984265,2744,Sani Securities Company Ltd.,Naasa Securities Co. Ltd.,2026-04-10T13:29:42.107352,Green Development Bank Ltd.
2026041003004417,GRDBL,42,41,11,1071.0,11781.0,2026-04-10,185984268,2744,Sani Securities Company Ltd.,Linch Stock Market Ltd.,2026-04-10T13:29:42.107623,Green Development Bank Ltd.
2026041003004418,GRDBL,71,14,2,1060.0,2120.0,2026-04-10,185984269,2744,SHUBHAKAMANA SECURITIES PVT. LTD,Nepal Stock House (PVT) Ltd.,2026-04-10T13:29:42.419995,Green Development Bank Ltd.
2026041003004431,GRDBL,71,45,1,1060.0,1060.0,2026-04-10,185984351,2744,SHUBHAKAMANA SECURITIES PVT. LTD,Imperial Securities Company Pvt. Ltd.,2026-04-10T13:29:53.32931,Green Development Bank Ltd.
2026041003004585,GRDBL,25,41,50,1071.0,53550.0,2026-04-10,185986734,2744,Sweta Securities Private Limited,Linch Stock Market Ltd.,2026-04-10T13:33:22.192309,Green Development Bank Ltd.
2026041003004597,GRDBL,49,41,50,1071.0,53550.0,2026-04-10,185986870,2744,Online Securities Pvt. Ltd.,Linch Stock Market Ltd.,2026-04-10T13:33:41.634067,Green Development Bank Ltd.
2026041003004616,GRDBL,87,41,20,1071.0,21420.0,2026-04-10,185987448,2744,S.P.S.A. Securities Limited,Linch Stock Market Ltd.,2026-04-10T13:35:03.098423,Green Development Bank Ltd.
2026041003004619,GRDBL,87,38,10,1077.0,10770.0,2026-04-10,185987508,2744,S.P.S.A. Securities Limited,Dipshikha Dhitopatra Karobar Co. Pvt Ltd.,2026-04-10T13:35:08.161745,Green Development Bank Ltd.
2026041003004652,GRDBL,74,96,50,1070.0,53500.0,2026-04-10,185988110,2744,KALASH STOCK MARKET PVT. LTD.,Himalayan Securities Limited,2026-04-10T13:36:18.048594,Green Development Bank Ltd.
2026041003004653,GRDBL,46,96,1940,1069.1,2074054.0,2026-04-10,185988111,2744,Kalika Securities Pvt. Ltd.,Himalayan Securities Limited,2026-04-10T13:36:18.048768,Green Development Bank Ltd.
2026041003004719,GRDBL,87,28,21,1075.0,22575.0,2026-04-10,185989746,2744,S.P.S.A. Securities Limited,Shree Krishna Securities Ltd.,2026-04-10T13:39:12.438147,Green Development Bank Ltd.
2026041003004724,GRDBL,87,38,81,1077.0,87237.0,2026-04-10,185989822,2744,S.P.S.A. Securities Limited,Dipshikha Dhitopatra Karobar Co. Pvt Ltd.,2026-04-10T13:39:19.134287,Green Development Bank Ltd.
2026041003004727,GRDBL,87,16,10,1077.7,10777.0,2026-04-10,185989910,2744,S.P.S.A. Securities Limited,Primo Securities (PVT) Ltd.,2026-04-10T13:39:23.861748,Green Development Bank Ltd.
2026041003004729,GRDBL,87,13,11,1078.6,11864.6,2026-04-10,185989926,2744,S.P.S.A. Securities Limited,Thrive Brokerage House Pvt. Ltd,2026-04-10T13:39:28.4944,Green Development Bank Ltd.
2026041003004730,GRDBL,87,32,10,1079.0,10790.0,2026-04-10,185989970,2744,S.P.S.A. Securities Limited,Premier Securities Company Ltd.,2026-04-10T13:39:35.003284,Green Development Bank Ltd.
2026041003005016,GRDBL,36,32,90,1079.0,97110.0,2026-04-10,185995480,2744,Secured Securities Ltd.,Premier Securities Company Ltd.,2026-04-10T13:47:47.586725,Green Development Bank Ltd.
2026041003005088,GRDBL,87,6,10,1079.0,10790.0,2026-04-10,185996661,2744,S.P.S.A. Securities Limited,Agrawal Securities (PVT) Ltd.,2026-04-10T13:49:54.041209,Green Development Bank Ltd.
2026041003005089,GRDBL,87,34,10,1079.9,10799.0,2026-04-10,185996664,2744,S.P.S.A. Securities Limited,Vision Securities Pvt. Ltd,2026-04-10T13:49:54.041305,Green Development Bank Ltd.
2026041003005183,GRDBL,38,14,30,1079.8,32394.0,2026-04-10,185998037,2744,Dipshikha Dhitopatra Karobar Co. Pvt Ltd.,Nepal Stock House (PVT) Ltd.,2026-04-10T13:52:02.560476,Green Development Bank Ltd.
2026041003005196,GRDBL,34,34,172,1079.9,185742.8,2026-04-10,185998181,2744,Vision Securities Pvt. Ltd,Vision Securities Pvt. Ltd,2026-04-10T13:52:15.301444,Green Development Bank Ltd.
2026041003005209,GRDBL,34,45,120,1080.0,129600.0,2026-04-10,185998397,2744,Vision Securities Pvt. Ltd,Imperial Securities Company Pvt. Ltd.,2026-04-10T13:52:37.023299,Green Development Bank Ltd.
2026041003005242,GRDBL,34,39,30,1080.0,32400.0,2026-04-10,185999315,2744,Vision Securities Pvt. Ltd,Sumeru Securities Pvt. Ltd.,2026-04-10T13:53:50.442864,Green Development Bank Ltd.
2026041003005281,GRDBL,34,39,36,1080.0,38880.0,2026-04-10,185999797,2744,Vision Securities Pvt. Ltd,Sumeru Securities Pvt. Ltd.,2026-04-10T13:54:28.743221,Green Development Bank Ltd.
2026041003005284,GRDBL,34,39,30,1080.0,32400.0,2026-04-10,185999911,2744,Vision Securities Pvt. Ltd,Sumeru Securities Pvt. Ltd.,2026-04-10T13:54:38.817891,Green Development Bank Ltd.
2026041003005287,GRDBL,34,14,12,1080.0,12960.0,2026-04-10,185999964,2744,Vision Securities Pvt. Ltd,Nepal Stock House (PVT) Ltd.,2026-04-10T13:54:42.895572,Green Development Bank Ltd.
2026041003005300,GRDBL,87,14,57,1080.0,61560.0,2026-04-10,186000264,2744,S.P.S.A. Securities Limited,Nepal Stock House (PVT) Ltd.,2026-04-10T13:55:03.343399,Green Development Bank Ltd.
2026041003005303,GRDBL,87,41,11,1083.0,11913.0,2026-04-10,186000318,2744,S.P.S.A. Securities Limited,Linch Stock Market Ltd.,2026-04-10T13:55:07.829317,Green Development Bank Ltd.
2026041003005304,GRDBL,87,28,10,1084.1,10841.0,2026-04-10,186000374,2744,S.P.S.A. Securities Limited,Shree Krishna Securities Ltd.,2026-04-10T13:55:13.280321,Green Development Bank Ltd.
2026041003005356,GRDBL,38,4,20,1079.8,21596.0,2026-04-10,186002007,2744,Dipshikha Dhitopatra Karobar Co. Pvt Ltd.,Opal Securities Investment (PVT) Ltd.,2026-04-10T13:56:18.49786,Green Development Bank Ltd.
2026041003005476,GRDBL,34,74,100,1075.0,107500.0,2026-04-10,186004357,2744,Vision Securities Pvt. Ltd,KALASH STOCK MARKET PVT. LTD.,2026-04-10T13:58:15.707265,Green Development Bank Ltd.
2026041003005485,GRDBL,34,58,22,1075.0,23650.0,2026-04-10,186004623,2744,Vision Securities Pvt. Ltd,Naasa Securities Co. Ltd.,2026-04-10T13:58:36.482319,Green Development Bank Ltd.
2026041003005488,GRDBL,34,42,78,1075.0,83850.0,2026-04-10,186004670,2744,Vision Securities Pvt. Ltd,Sani Securities Company Ltd.,2026-04-10T13:58:39.681645,Green Development Bank Ltd.
2026041003005590,GRDBL,17,87,10,1064.0,10640.0,2026-04-10,186006357,2744,ABC Securities Private Limited,S.P.S.A. Securities Limited,2026-04-10T14:01:01.85243,Green Development Bank Ltd.
2026041003005595,GRDBL,44,87,10,1062.0,10620.0,2026-04-10,186006501,2744,Dynamic Money Managers Securities Pvt. Ltd.,S.P.S.A. Securities Limited,2026-04-10T14:01:21.370087,Green Development Bank Ltd.
2026041003005685,GRDBL,44,96,85,1062.0,90270.0,2026-04-10,186007920,2744,Dynamic Money Managers Securities Pvt. Ltd.,Himalayan Securities Limited,2026-04-10T14:03:30.596007,Green Development Bank Ltd.
2026041003005686,GRDBL,57,96,100,1061.0,106100.0,2026-04-10,186007922,2744,Aryatara Investment & Securities,Himalayan Securities Limited,2026-04-10T14:03:30.596126,Green Development Bank Ltd.
2026041003005687,GRDBL,14,96,15,1060.2,15903.0,2026-04-10,186007923,2744,Nepal Stock House (PVT) Ltd.,Himalayan Securities Limited,2026-04-10T14:03:30.596217,Green Development Bank Ltd.
2026041003005714,GRDBL,34,21,14,1062.0,14868.0,2026-04-10,186008832,2744,Vision Securities Pvt. Ltd,Midas Stock Broking Company Private Limited,2026-04-10T14:05:02.002128,Green Development Bank Ltd.
2026041003006896,GRDBL,52,26,40,1070.0,42800.0,2026-04-10,186028175,2744,Sundhara Securities Limited,Asian Securities Private Ltd.,2026-04-10T14:36:07.534602,Green Development Bank Ltd.
2026041003006923,GRDBL,87,13,10,1076.6,10766.0,2026-04-10,186028967,2744,S.P.S.A. Securities Limited,Thrive Brokerage House Pvt. Ltd,2026-04-10T14:37:07.085509,Green Development Bank Ltd.
2026041003006924,GRDBL,87,7,10,1077.0,10770.0,2026-04-10,186028970,2744,S.P.S.A. Securities Limited,J.F. Securites (PVT) Ltd.,2026-04-10T14:37:07.085608,Green Development Bank Ltd.
2026041003006941,GRDBL,60,7,288,1077.0,310176.0,2026-04-10,186029395,2744,Nagarik Stock Dealer ,J.F. Securites (PVT) Ltd.,2026-04-10T14:37:40.292217,Green Development Bank Ltd.
2026041003006942,GRDBL,60,48,300,1079.0,323700.0,2026-04-10,186029397,2744,Nagarik Stock Dealer ,Trishakti Securities Public Limited,2026-04-10T14:37:40.292364,Green Development Bank Ltd.
2026041003006943,GRDBL,60,45,10,1080.0,10800.0,2026-04-10,186029399,2744,Nagarik Stock Dealer ,Imperial Securities Company Pvt. Ltd.,2026-04-10T14:37:40.292434,Green Development Bank Ltd.
2026041003006953,GRDBL,71,45,11,1079.0,11869.0,2026-04-10,186029751,2744,SHUBHAKAMANA SECURITIES PVT. LTD,Imperial Securities Company Pvt. Ltd.,2026-04-10T14:38:10.473248,Green Development Bank Ltd.
2026041003007013,GRDBL,71,87,489,1079.0,527631.0,2026-04-10,186030649,2744,SHUBHAKAMANA SECURITIES PVT. LTD,S.P.S.A. Securities Limited,2026-04-10T14:39:20.219221,Green Development Bank Ltd.
2026041003007018,GRDBL,87,13,10,1082.0,10820.0,2026-04-10,186030754,2744,S.P.S.A. Securities Limited,Thrive Brokerage House Pvt. Ltd,2026-04-10T14:39:27.140537,Green Development Bank Ltd.
2026041003007664,GRDBL,17,1,45,1075.5,48397.5,2026-04-10,186043793,2744,ABC Securities Private Limited,Kumari Securities Private Limited,2026-04-10T14:51:47.461931,Green Development Bank Ltd.
2026041003007665,GRDBL,17,6,25,1079.9,26997.5,2026-04-10,186043795,2744,ABC Securities Private Limited,Agrawal Securities (PVT) Ltd.,2026-04-10T14:51:47.462116,Green Development Bank Ltd.
2026041003007973,GRDBL,52,69,60,1070.0,64200.0,2026-04-10,186048970,2744,Sundhara Securities Limited,INDEX SECURITIES LIMITED,2026-04-10T14:55:09.88911,Green Development Bank Ltd.
2026041003007974,GRDBL,71,69,100,1065.1,106510.0,2026-04-10,186048972,2744,SHUBHAKAMANA SECURITIES PVT. LTD,INDEX SECURITIES LIMITED,2026-04-10T14:55:09.889217,Green Development Bank Ltd.
2026041003007975,GRDBL,34,69,100,1065.1,106510.0,2026-04-10,186048974,2744,Vision Securities Pvt. Ltd,INDEX SECURITIES LIMITED,2026-04-10T14:55:09.88928,Green Development Bank Ltd.
2026041003007976,GRDBL,8,69,200,1065.1,213020.0,2026-04-10,186048976,2744,Brilliant Securities Pvt. Ltd.,INDEX SECURITIES LIMITED,2026-04-10T14:55:09.889352,Green Development Bank Ltd.
2026041003007977,GRDBL,50,69,16,1065.0,17040.0,2026-04-10,186048978,2744,Cristal Kanchanjanga Securites Pvt. Ltd.,INDEX SECURITIES LIMITED,2026-04-10T14:55:09.889412,Green Development Bank Ltd.
2026041003007978,GRDBL,46,69,274,1065.0,291810.0,2026-04-10,186048979,2744,Kalika Securities Pvt. Ltd.,INDEX SECURITIES LIMITED,2026-04-10T14:55:09.889479,Green Development Bank Ltd.
2026041003008304,GRDBL,87,38,10,1079.0,10790.0,2026-04-10,186055124,2744,S.P.S.A. Securities Limited,Dipshikha Dhitopatra Karobar Co. Pvt Ltd.,2026-04-10T14:58:20.324401,Green Development Bank Ltd.
2026041003008316,GRDBL,47,87,100,1066.0,106600.0,2026-04-10,186055579,2744,Neev Securities Pvt. Ltd.,S.P.S.A. Securities Limited,2026-04-10T14:58:33.451214,Green Development Bank Ltd.
2026041003008375,GRDBL,71,41,10,1065.1,10651.0,2026-04-10,186056415,2744,SHUBHAKAMANA SECURITIES PVT. LTD,Linch Stock Market Ltd.,2026-04-10T14:58:53.730039,Green Development Bank Ltd.
2026041003008428,GRDBL,71,87,100,1066.0,106600.0,2026-04-10,186057263,2744,SHUBHAKAMANA SECURITIES PVT. LTD,S.P.S.A. Securities Limited,2026-04-10T14:59:08.227936,Green Development Bank Ltd.
2026041003008454,GRDBL,87,38,10,1079.0,10790.0,2026-04-10,186057689,2744,S.P.S.A. Securities Limited,Dipshikha Dhitopatra Karobar Co. Pvt Ltd.,2026-04-10T14:59:15.571622,Green Development Bank Ltd.
2026041003008455,GRDBL,87,28,10,1079.4,10794.0,2026-04-10,186057692,2744,S.P.S.A. Securities Limited,Shree Krishna Securities Ltd.,2026-04-10T14:59:15.571714,Green Development Bank Ltd.
2026041003008571,GRDBL,92,13,19,1079.0,20501.0,2026-04-10,186059377,2744,Roadshow securities limited,Thrive Brokerage House Pvt. Ltd,2026-04-10T14:59:39.055987,Green Development Bank Ltd.
2026041003008572,GRDBL,92,28,81,1079.4,87431.4,2026-04-10,186059380,2744,Roadshow securities limited,Shree Krishna Securities Ltd.,2026-04-10T14:59:39.056218,Green Development Bank Ltd.
2026041003008586,GRDBL,58,50,10,1070.0,10700.0,2026-04-10,186059687,2744,Naasa Securities Co. Ltd.,Cristal Kanchanjanga Securites Pvt. Ltd.,2026-04-10T14:59:42.378277,Green Development Bank Ltd.
2026041003008645,GRDBL,87,74,10,1079.5,10795.0,2026-04-10,186060472,2744,S.P.S.A. Securities Limited,KALASH STOCK MARKET PVT. LTD.,2026-04-10T14:59:49.939715,Green Development Bank Ltd.
