contract_id,symbol,buyer_member_id,seller_member_id,volume,price,amount,buyer_broker,seller_broker,transaction_time
2026041003000336,GUFL,38,21,10,557.0,5570.0,Dipshikha Dhitopatra Karobar Co. Pvt Ltd.,Midas Stock Broking Company Private Limited,2026-04-10T11:16:05.547648
2026041003000367,GUFL,49,40,18,557.0,10026.0,Online Securities Pvt. Ltd.,Creative Securities Pvt Ltd,2026-04-10T11:18:16.415674
2026041003000860,GUFL,47,49,50,546.0,27300.0,Neev Securities Pvt. Ltd.,Online Securities Pvt. Ltd.,2026-04-10T11:35:31.877959
2026041003001364,GUFL,6,19,100,540.4,54040.0,Agrawal Securities (PVT) Ltd.,Nepal Investment And Securities Trading Private Limited,2026-04-10T11:59:13.283
2026041003001365,GUFL,58,19,100,540.3,54030.0,Naasa Securities Co. Ltd.,Nepal Investment And Securities Trading Private Limited,2026-04-10T11:59:13.283
2026041003001366,GUFL,35,19,290,540.3,156687.0,Kohinoor Investment & Securities Pvt. Ltd.,Nepal Investment And Securities Trading Private Limited,2026-04-10T11:59:13.283
2026041003001367,GUFL,56,19,110,540.2,59422.0,Sri Hari Securities Pvt. Ltd.,Nepal Investment And Securities Trading Private Limited,2026-04-10T11:59:13.284
2026041003001405,GUFL,80,19,10,540.5,5405.0,Indira securities pvt. ltd,Nepal Investment And Securities Trading Private Limited,2026-04-10T12:01:04.465
2026041003001406,GUFL,56,19,15,540.2,8103.0,Sri Hari Securities Pvt. Ltd.,Nepal Investment And Securities Trading Private Limited,2026-04-10T12:01:04.465
2026041003001590,GUFL,53,49,70,550.0,38500.0,Investment Management Nepal Pvt. Ltd.,Online Securities Pvt. Ltd.,2026-04-10T12:07:25.618663
2026041003001591,GUFL,53,47,130,550.0,71500.0,Investment Management Nepal Pvt. Ltd.,Neev Securities Pvt. Ltd.,2026-04-10T12:07:25.618827
2026041003002181,GUFL,46,5,100,540.6,54060.0,Kalika Securities Pvt. Ltd.,Market Securities & Exchange (PVT) Ltd.,2026-04-10T12:17:29.832646
2026041003002182,GUFL,56,5,875,540.5,472937.5,Sri Hari Securities Pvt. Ltd.,Market Securities & Exchange (PVT) Ltd.,2026-04-10T12:17:29.832762
2026041003002183,GUFL,56,5,500,540.1,270050.0,Sri Hari Securities Pvt. Ltd.,Market Securities & Exchange (PVT) Ltd.,2026-04-10T12:17:29.832844
2026041003002184,GUFL,42,5,25,540.0,13500.0,Sani Securities Company Ltd.,Market Securities & Exchange (PVT) Ltd.,2026-04-10T12:17:29.832923
2026041003002577,GUFL,42,58,25,540.0,13500.0,Sani Securities Company Ltd.,Naasa Securities Co. Ltd.,2026-04-10T12:23:28.099896
2026041003002578,GUFL,28,58,30,540.0,16200.0,Shree Krishna Securities Ltd.,Naasa Securities Co. Ltd.,2026-04-10T12:23:28.099976
2026041003002579,GUFL,49,58,45,540.0,24300.0,Online Securities Pvt. Ltd.,Naasa Securities Co. Ltd.,2026-04-10T12:23:28.100015
2026041003002667,GUFL,44,48,400,542.6,217040.0,Dynamic Money Managers Securities Pvt. Ltd.,Trishakti Securities Public Limited,2026-04-10T12:24:46.062052
2026041003002690,GUFL,49,16,100,540.0,54000.0,Online Securities Pvt. Ltd.,Primo Securities (PVT) Ltd.,2026-04-10T12:25:06.954101
2026041003002813,GUFL,44,49,50,540.1,27005.0,Dynamic Money Managers Securities Pvt. Ltd.,Online Securities Pvt. Ltd.,2026-04-10T12:27:50.100834
2026041003002814,GUFL,49,49,100,540.0,54000.0,Online Securities Pvt. Ltd.,Online Securities Pvt. Ltd.,2026-04-10T12:27:50.100951
2026041003002835,GUFL,49,57,200,540.0,108000.0,Online Securities Pvt. Ltd.,Aryatara Investment & Securities,2026-04-10T12:28:15.273835
2026041003002940,GUFL,49,42,55,540.0,29700.0,Online Securities Pvt. Ltd.,Sani Securities Company Ltd.,2026-04-10T12:29:53.850891
2026041003002941,GUFL,49,42,10,540.0,5400.0,Online Securities Pvt. Ltd.,Sani Securities Company Ltd.,2026-04-10T12:29:53.851059
2026041003002942,GUFL,19,42,85,540.0,45900.0,Nepal Investment And Securities Trading Private Limited,Sani Securities Company Ltd.,2026-04-10T12:29:53.851161
2026041003002973,GUFL,44,42,50,540.0,27000.0,Dynamic Money Managers Securities Pvt. Ltd.,Sani Securities Company Ltd.,2026-04-10T12:30:34.045007
2026041003003116,GUFL,49,58,80,540.0,43200.0,Online Securities Pvt. Ltd.,Naasa Securities Co. Ltd.,2026-04-10T12:34:50.669799
2026041003003547,GUFL,44,37,95,540.0,51300.0,Dynamic Money Managers Securities Pvt. Ltd.,Swarna Laxmi Securities Pvt. Ltd.,2026-04-10T12:48:25.447877
2026041003003738,GUFL,48,37,50,540.0,27000.0,Trishakti Securities Public Limited,Swarna Laxmi Securities Pvt. Ltd.,2026-04-10T12:58:59.262448
2026041003003827,GUFL,42,37,16,540.0,8640.0,Sani Securities Company Ltd.,Swarna Laxmi Securities Pvt. Ltd.,2026-04-10T13:03:03.504487
2026041003003828,GUFL,42,49,94,540.0,50760.0,Sani Securities Company Ltd.,Online Securities Pvt. Ltd.,2026-04-10T13:03:03.504675
2026041003004358,GUFL,54,59,50,540.0,27000.0,Sewa Securities Pvt. Ltd.,Deevyaa Securities & Stock House Pvt. Ltd,2026-04-10T13:28:12.561075
2026041003004388,GUFL,42,47,200,546.0,109200.0,Sani Securities Company Ltd.,Neev Securities Pvt. Ltd.,2026-04-10T13:29:12.603301
2026041003004467,GUFL,42,47,100,546.0,54600.0,Sani Securities Company Ltd.,Neev Securities Pvt. Ltd.,2026-04-10T13:30:53.453942
2026041003004915,GUFL,49,47,10,546.0,5460.0,Online Securities Pvt. Ltd.,Neev Securities Pvt. Ltd.,2026-04-10T13:45:27.487365
2026041003004930,GUFL,21,49,6,540.0,3240.0,Midas Stock Broking Company Private Limited,Online Securities Pvt. Ltd.,2026-04-10T13:45:46.867283
2026041003004941,GUFL,49,47,50,546.0,27300.0,Online Securities Pvt. Ltd.,Neev Securities Pvt. Ltd.,2026-04-10T13:46:03.319254
2026041003005235,GUFL,49,47,10,546.0,5460.0,Online Securities Pvt. Ltd.,Neev Securities Pvt. Ltd.,2026-04-10T13:53:31.650543
2026041003005802,GUFL,88,48,400,545.8,218320.0,Blue Chip Securities Ltd,Trishakti Securities Public Limited,2026-04-10T14:08:33.056373
2026041003005803,GUFL,88,4,100,545.9,54590.0,Blue Chip Securities Ltd,Opal Securities Investment (PVT) Ltd.,2026-04-10T14:08:33.056504
2026041003005804,GUFL,88,44,650,545.9,354835.0,Blue Chip Securities Ltd,Dynamic Money Managers Securities Pvt. Ltd.,2026-04-10T14:08:33.05653
2026041003005805,GUFL,88,47,500,546.0,273000.0,Blue Chip Securities Ltd,Neev Securities Pvt. Ltd.,2026-04-10T14:08:33.056553
2026041003005806,GUFL,88,49,500,546.0,273000.0,Blue Chip Securities Ltd,Online Securities Pvt. Ltd.,2026-04-10T14:08:33.056574
2026041003005807,GUFL,88,57,20,546.0,10920.0,Blue Chip Securities Ltd,Aryatara Investment & Securities,2026-04-10T14:08:33.056594
2026041003005808,GUFL,88,58,755,546.0,412230.0,Blue Chip Securities Ltd,Naasa Securities Co. Ltd.,2026-04-10T14:08:33.056653
2026041003005809,GUFL,88,10,50,546.8,27340.0,Blue Chip Securities Ltd,Pragyan Securities (PVT) Ltd.,2026-04-10T14:08:33.056676
2026041003005810,GUFL,88,7,25,547.5,13687.5,Blue Chip Securities Ltd,J.F. Securites (PVT) Ltd.,2026-04-10T14:08:33.0567
2026041003006022,GUFL,45,13,5,540.0,2700.0,Imperial Securities Company Pvt. Ltd.,Thrive Brokerage House Pvt. Ltd,2026-04-10T14:16:37.907417
2026041003006118,GUFL,40,13,10,544.0,5440.0,Creative Securities Pvt Ltd,Thrive Brokerage House Pvt. Ltd,2026-04-10T14:18:29.986818
2026041003006296,GUFL,49,13,190,544.0,103360.0,Online Securities Pvt. Ltd.,Thrive Brokerage House Pvt. Ltd,2026-04-10T14:22:30.356248
2026041003006297,GUFL,49,45,100,544.0,54400.0,Online Securities Pvt. Ltd.,Imperial Securities Company Pvt. Ltd.,2026-04-10T14:22:30.356426
2026041003006423,GUFL,40,48,10,543.0,5430.0,Creative Securities Pvt Ltd,Trishakti Securities Public Limited,2026-04-10T14:25:30.870694
2026041003006424,GUFL,32,48,125,541.1,67637.5,Premier Securities Company Ltd.,Trishakti Securities Public Limited,2026-04-10T14:25:30.870733
2026041003006425,GUFL,88,48,200,540.6,108120.0,Blue Chip Securities Ltd,Trishakti Securities Public Limited,2026-04-10T14:25:30.870779
2026041003006426,GUFL,16,48,100,540.6,54060.0,Primo Securities (PVT) Ltd.,Trishakti Securities Public Limited,2026-04-10T14:25:30.870807
2026041003006427,GUFL,88,48,49,540.5,26484.5,Blue Chip Securities Ltd,Trishakti Securities Public Limited,2026-04-10T14:25:30.870837
2026041003006437,GUFL,88,64,100,540.5,54050.0,Blue Chip Securities Ltd,SUN SECURITIES PVT LTD,2026-04-10T14:25:49.980067
2026041003006554,GUFL,88,63,151,540.5,81615.5,Blue Chip Securities Ltd,Himalayan Brokerage Company Limited,2026-04-10T14:28:30.436575
2026041003006555,GUFL,88,63,300,540.4,162120.0,Blue Chip Securities Ltd,Himalayan Brokerage Company Limited,2026-04-10T14:28:30.436708
2026041003006556,GUFL,54,63,50,540.0,27000.0,Sewa Securities Pvt. Ltd.,Himalayan Brokerage Company Limited,2026-04-10T14:28:30.43678
2026041003006557,GUFL,51,63,349,540.0,188460.0,Oxford Securities Pvt. Ltd.,Himalayan Brokerage Company Limited,2026-04-10T14:28:30.436817
2026041003006558,GUFL,56,63,200,540.0,108000.0,Sri Hari Securities Pvt. Ltd.,Himalayan Brokerage Company Limited,2026-04-10T14:28:30.436861
2026041003006608,GUFL,40,63,20,539.1,10782.0,Creative Securities Pvt Ltd,Himalayan Brokerage Company Limited,2026-04-10T14:29:44.332162
2026041003006609,GUFL,58,63,20,539.0,10780.0,Naasa Securities Co. Ltd.,Himalayan Brokerage Company Limited,2026-04-10T14:29:44.332267
2026041003006610,GUFL,44,63,100,538.7,53870.0,Dynamic Money Managers Securities Pvt. Ltd.,Himalayan Brokerage Company Limited,2026-04-10T14:29:44.332311
2026041003006611,GUFL,50,63,200,538.2,107640.0,Cristal Kanchanjanga Securites Pvt. Ltd.,Himalayan Brokerage Company Limited,2026-04-10T14:29:44.332371
2026041003006612,GUFL,34,63,50,538.1,26905.0,Vision Securities Pvt. Ltd,Himalayan Brokerage Company Limited,2026-04-10T14:29:44.332425
2026041003006613,GUFL,48,63,86,538.0,46268.0,Trishakti Securities Public Limited,Himalayan Brokerage Company Limited,2026-04-10T14:29:44.332464
2026041003006635,GUFL,44,13,50,537.1,26855.0,Dynamic Money Managers Securities Pvt. Ltd.,Thrive Brokerage House Pvt. Ltd,2026-04-10T14:30:21.94572
2026041003006636,GUFL,49,13,205,537.0,110085.0,Online Securities Pvt. Ltd.,Thrive Brokerage House Pvt. Ltd,2026-04-10T14:30:21.945797
2026041003006637,GUFL,49,63,295,537.0,158415.0,Online Securities Pvt. Ltd.,Himalayan Brokerage Company Limited,2026-04-10T14:30:26.495394
2026041003006638,GUFL,83,63,100,536.0,53600.0,Sanima Securities Limited,Himalayan Brokerage Company Limited,2026-04-10T14:30:26.49552
2026041003006639,GUFL,43,63,250,536.0,134000.0,South Asian Bulls Pvt. Ltd.,Himalayan Brokerage Company Limited,2026-04-10T14:30:26.495588
2026041003006640,GUFL,56,63,400,535.1,214040.0,Sri Hari Securities Pvt. Ltd.,Himalayan Brokerage Company Limited,2026-04-10T14:30:26.495642
2026041003006641,GUFL,58,63,266,535.0,142310.0,Naasa Securities Co. Ltd.,Himalayan Brokerage Company Limited,2026-04-10T14:30:26.495695
2026041003006712,GUFL,40,16,11,535.1,5886.1,Creative Securities Pvt Ltd,Primo Securities (PVT) Ltd.,2026-04-10T14:31:37.086814
2026041003007525,GUFL,58,26,50,537.1,26855.0,Naasa Securities Co. Ltd.,Asian Securities Private Ltd.,2026-04-10T14:49:26.247002
2026041003007542,GUFL,49,26,50,537.2,26860.0,Online Securities Pvt. Ltd.,Asian Securities Private Ltd.,2026-04-10T14:49:46.540856
2026041003007593,GUFL,58,44,500,538.0,269000.0,Naasa Securities Co. Ltd.,Dynamic Money Managers Securities Pvt. Ltd.,2026-04-10T14:50:53.087823
2026041003008323,GUFL,33,49,50,538.6,26930.0,Dakshinkali Investment & Securities Pvt. Ltd.,Online Securities Pvt. Ltd.,2026-04-10T14:58:39.015771
2026041003008468,GUFL,49,49,50,539.0,26950.0,Online Securities Pvt. Ltd.,Online Securities Pvt. Ltd.,2026-04-10T14:59:17.263045
2026041003008576,GUFL,49,42,10,539.0,5390.0,Online Securities Pvt. Ltd.,Sani Securities Company Ltd.,2026-04-10T14:59:39.275304
2026041003008577,GUFL,38,42,180,539.0,97020.0,Dipshikha Dhitopatra Karobar Co. Pvt Ltd.,Sani Securities Company Ltd.,2026-04-10T14:59:39.275407
2026041003008731,GUFL,7,57,10,544.0,5440.0,J.F. Securites (PVT) Ltd.,Aryatara Investment & Securities,2026-04-10T14:59:59.559151
