contractId,stockSymbol,buyerMemberId,sellerMemberId,quantity,price,amount,businessDate,tradeBookId,stockId,buyerBrokerName,sellerBrokerName,transaction_time,securityName
2026041004000041,HDHPC,58,50,35,237.0,8295.0,2026-04-10,185886042,2880,Naasa Securities Co. Ltd.,Cristal Kanchanjanga Securites Pvt. Ltd.,2026-04-10T11:00:05.02225,Himal Dolakha Hydropower Company Limited
2026041004000058,HDHPC,58,58,10,237.0,2370.0,2026-04-10,185886184,2880,Naasa Securities Co. Ltd.,Naasa Securities Co. Ltd.,2026-04-10T11:00:34.878207,Himal Dolakha Hydropower Company Limited
2026041004000091,HDHPC,42,6,20,238.0,4760.0,2026-04-10,185886687,2880,Sani Securities Company Ltd.,Agrawal Securities (PVT) Ltd.,2026-04-10T11:01:15.543066,Himal Dolakha Hydropower Company Limited
2026041004000102,HDHPC,89,58,40,239.9,9596.0,2026-04-10,185886859,2880,Global IME Securities Limited,Naasa Securities Co. Ltd.,2026-04-10T11:01:23.518727,Himal Dolakha Hydropower Company Limited
2026041004000105,HDHPC,49,58,50,239.9,11995.0,2026-04-10,185886909,2880,Online Securities Pvt. Ltd.,Naasa Securities Co. Ltd.,2026-04-10T11:01:28.849786,Himal Dolakha Hydropower Company Limited
2026041004000124,HDHPC,57,58,400,239.9,95960.0,2026-04-10,185887235,2880,Aryatara Investment & Securities,Naasa Securities Co. Ltd.,2026-04-10T11:01:45.952855,Himal Dolakha Hydropower Company Limited
2026041004000127,HDHPC,16,58,10,239.9,2399.0,2026-04-10,185887251,2880,Primo Securities (PVT) Ltd.,Naasa Securities Co. Ltd.,2026-04-10T11:01:47.178154,Himal Dolakha Hydropower Company Limited
2026041004000129,HDHPC,42,58,240,239.9,57576.0,2026-04-10,185887266,2880,Sani Securities Company Ltd.,Naasa Securities Co. Ltd.,2026-04-10T11:01:48.218343,Himal Dolakha Hydropower Company Limited
2026041004000138,HDHPC,42,96,59,239.9,14154.1,2026-04-10,185887383,2880,Sani Securities Company Ltd.,Himalayan Securities Limited,2026-04-10T11:01:55.130327,Himal Dolakha Hydropower Company Limited
2026041004000139,HDHPC,34,96,25,239.9,5997.5,2026-04-10,185887385,2880,Vision Securities Pvt. Ltd,Himalayan Securities Limited,2026-04-10T11:01:55.130423,Himal Dolakha Hydropower Company Limited
2026041004000163,HDHPC,18,96,916,239.8,219656.8,2026-04-10,185887848,2880,Sagarmatha Securities Private Limited,Himalayan Securities Limited,2026-04-10T11:02:13.473936,Himal Dolakha Hydropower Company Limited
2026041004000165,HDHPC,18,32,84,239.8,20143.2,2026-04-10,185887855,2880,Sagarmatha Securities Private Limited,Premier Securities Company Ltd.,2026-04-10T11:02:13.81047,Himal Dolakha Hydropower Company Limited
2026041004000166,HDHPC,13,32,316,238.0,75208.0,2026-04-10,185887856,2880,Thrive Brokerage House Pvt. Ltd,Premier Securities Company Ltd.,2026-04-10T11:02:13.810556,Himal Dolakha Hydropower Company Limited
2026041004000168,HDHPC,58,39,200,240.0,48000.0,2026-04-10,185887895,2880,Naasa Securities Co. Ltd.,Sumeru Securities Pvt. Ltd.,2026-04-10T11:02:17.4264,Himal Dolakha Hydropower Company Limited
2026041004000182,HDHPC,38,39,300,240.0,72000.0,2026-04-10,185888098,2880,Dipshikha Dhitopatra Karobar Co. Pvt Ltd.,Sumeru Securities Pvt. Ltd.,2026-04-10T11:02:32.983014,Himal Dolakha Hydropower Company Limited
2026041004000183,HDHPC,38,83,700,240.0,168000.0,2026-04-10,185888101,2880,Dipshikha Dhitopatra Karobar Co. Pvt Ltd.,Sanima Securities Limited,2026-04-10T11:02:32.983193,Himal Dolakha Hydropower Company Limited
2026041004000185,HDHPC,37,59,200,239.8,47960.0,2026-04-10,185888120,2880,Swarna Laxmi Securities Pvt. Ltd.,Deevyaa Securities & Stock House Pvt. Ltd,2026-04-10T11:02:34.078781,Himal Dolakha Hydropower Company Limited
2026041004000188,HDHPC,37,51,100,239.8,23980.0,2026-04-10,185888159,2880,Swarna Laxmi Securities Pvt. Ltd.,Oxford Securities Pvt. Ltd.,2026-04-10T11:02:37.626658,Himal Dolakha Hydropower Company Limited
2026041004000204,HDHPC,45,51,90,239.8,21582.0,2026-04-10,185888262,2880,Imperial Securities Company Pvt. Ltd.,Oxford Securities Pvt. Ltd.,2026-04-10T11:02:45.37183,Himal Dolakha Hydropower Company Limited
2026041004000205,HDHPC,45,19,40,239.8,9592.0,2026-04-10,185888264,2880,Imperial Securities Company Pvt. Ltd.,Nepal Investment And Securities Trading Private Limited,2026-04-10T11:02:45.398469,Himal Dolakha Hydropower Company Limited
2026041004000214,HDHPC,42,83,300,240.0,72000.0,2026-04-10,185888364,2880,Sani Securities Company Ltd.,Sanima Securities Limited,2026-04-10T11:02:50.579134,Himal Dolakha Hydropower Company Limited
2026041004000215,HDHPC,42,47,1000,240.0,240000.0,2026-04-10,185888366,2880,Sani Securities Company Ltd.,Neev Securities Pvt. Ltd.,2026-04-10T11:02:50.579216,Himal Dolakha Hydropower Company Limited
2026041004000216,HDHPC,42,53,500,240.0,120000.0,2026-04-10,185888368,2880,Sani Securities Company Ltd.,Investment Management Nepal Pvt. Ltd.,2026-04-10T11:02:50.701969,Himal Dolakha Hydropower Company Limited
2026041004000234,HDHPC,42,96,10,240.0,2400.0,2026-04-10,185888500,2880,Sani Securities Company Ltd.,Himalayan Securities Limited,2026-04-10T11:03:01.5904,Himal Dolakha Hydropower Company Limited
2026041004000238,HDHPC,42,8,190,240.0,45600.0,2026-04-10,185888574,2880,Sani Securities Company Ltd.,Brilliant Securities Pvt. Ltd.,2026-04-10T11:03:04.832012,Himal Dolakha Hydropower Company Limited
2026041004000241,HDHPC,57,96,10,240.0,2400.0,2026-04-10,185888602,2880,Aryatara Investment & Securities,Himalayan Securities Limited,2026-04-10T11:03:08.092621,Himal Dolakha Hydropower Company Limited
2026041004000244,HDHPC,57,1,190,240.0,45600.0,2026-04-10,185888653,2880,Aryatara Investment & Securities,Kumari Securities Private Limited,2026-04-10T11:03:11.924461,Himal Dolakha Hydropower Company Limited
2026041004000245,HDHPC,45,1,51,239.8,12229.8,2026-04-10,185888655,2880,Imperial Securities Company Pvt. Ltd.,Kumari Securities Private Limited,2026-04-10T11:03:11.9246,Himal Dolakha Hydropower Company Limited
2026041004000246,HDHPC,42,1,764,239.0,182596.0,2026-04-10,185888656,2880,Sani Securities Company Ltd.,Kumari Securities Private Limited,2026-04-10T11:03:11.924656,Himal Dolakha Hydropower Company Limited
2026041004000268,HDHPC,42,58,50,239.0,11950.0,2026-04-10,185888852,2880,Sani Securities Company Ltd.,Naasa Securities Co. Ltd.,2026-04-10T11:03:23.819903,Himal Dolakha Hydropower Company Limited
2026041004000284,HDHPC,37,51,300,239.8,71940.0,2026-04-10,185888976,2880,Swarna Laxmi Securities Pvt. Ltd.,Oxford Securities Pvt. Ltd.,2026-04-10T11:03:35.288333,Himal Dolakha Hydropower Company Limited
2026041004000285,HDHPC,37,28,500,240.0,120000.0,2026-04-10,185888979,2880,Swarna Laxmi Securities Pvt. Ltd.,Shree Krishna Securities Ltd.,2026-04-10T11:03:35.288472,Himal Dolakha Hydropower Company Limited
2026041004000297,HDHPC,42,48,28,239.0,6692.0,2026-04-10,185889176,2880,Sani Securities Company Ltd.,Trishakti Securities Public Limited,2026-04-10T11:03:43.81883,Himal Dolakha Hydropower Company Limited
2026041004000298,HDHPC,21,6,200,240.0,48000.0,2026-04-10,185889179,2880,Midas Stock Broking Company Private Limited,Agrawal Securities (PVT) Ltd.,2026-04-10T11:03:43.844991,Himal Dolakha Hydropower Company Limited
2026041004000299,HDHPC,42,32,158,239.0,37762.0,2026-04-10,185889181,2880,Sani Securities Company Ltd.,Premier Securities Company Ltd.,2026-04-10T11:03:43.850727,Himal Dolakha Hydropower Company Limited
2026041004000321,HDHPC,34,32,25,239.0,5975.0,2026-04-10,185889593,2880,Vision Securities Pvt. Ltd,Premier Securities Company Ltd.,2026-04-10T11:04:15.922162,Himal Dolakha Hydropower Company Limited
2026041004000334,HDHPC,58,32,100,239.0,23900.0,2026-04-10,185889763,2880,Naasa Securities Co. Ltd.,Premier Securities Company Ltd.,2026-04-10T11:04:29.015427,Himal Dolakha Hydropower Company Limited
2026041004000377,HDHPC,58,26,200,238.1,47620.0,2026-04-10,185890105,2880,Naasa Securities Co. Ltd.,Asian Securities Private Ltd.,2026-04-10T11:05:01.900659,Himal Dolakha Hydropower Company Limited
2026041004000378,HDHPC,74,26,100,238.0,23800.0,2026-04-10,185890106,2880,KALASH STOCK MARKET PVT. LTD.,Asian Securities Private Ltd.,2026-04-10T11:05:01.900779,Himal Dolakha Hydropower Company Limited
2026041004000380,HDHPC,21,32,17,239.0,4063.0,2026-04-10,185890138,2880,Midas Stock Broking Company Private Limited,Premier Securities Company Ltd.,2026-04-10T11:05:04.516992,Himal Dolakha Hydropower Company Limited
2026041004000381,HDHPC,21,58,200,239.0,47800.0,2026-04-10,185890140,2880,Midas Stock Broking Company Private Limited,Naasa Securities Co. Ltd.,2026-04-10T11:05:04.517219,Himal Dolakha Hydropower Company Limited
2026041004000392,HDHPC,21,57,433,239.0,103487.0,2026-04-10,185890209,2880,Midas Stock Broking Company Private Limited,Aryatara Investment & Securities,2026-04-10T11:05:09.506004,Himal Dolakha Hydropower Company Limited
2026041004000421,HDHPC,74,34,900,238.0,214200.0,2026-04-10,185890509,2880,KALASH STOCK MARKET PVT. LTD.,Vision Securities Pvt. Ltd,2026-04-10T11:05:28.886549,Himal Dolakha Hydropower Company Limited
2026041004000422,HDHPC,34,34,1000,238.0,238000.0,2026-04-10,185890511,2880,Vision Securities Pvt. Ltd,Vision Securities Pvt. Ltd,2026-04-10T11:05:28.886699,Himal Dolakha Hydropower Company Limited
2026041004000423,HDHPC,16,34,10,238.0,2380.0,2026-04-10,185890513,2880,Primo Securities (PVT) Ltd.,Vision Securities Pvt. Ltd,2026-04-10T11:05:28.886756,Himal Dolakha Hydropower Company Limited
2026041004000424,HDHPC,45,34,90,238.0,21420.0,2026-04-10,185890514,2880,Imperial Securities Company Pvt. Ltd.,Vision Securities Pvt. Ltd,2026-04-10T11:05:28.886814,Himal Dolakha Hydropower Company Limited
2026041004000430,HDHPC,45,45,50,238.0,11900.0,2026-04-10,185890634,2880,Imperial Securities Company Pvt. Ltd.,Imperial Securities Company Pvt. Ltd.,2026-04-10T11:05:36.365791,Himal Dolakha Hydropower Company Limited
2026041004000433,HDHPC,45,17,360,238.0,85680.0,2026-04-10,185890655,2880,Imperial Securities Company Pvt. Ltd.,ABC Securities Private Limited,2026-04-10T11:05:37.819289,Himal Dolakha Hydropower Company Limited
2026041004000434,HDHPC,42,17,140,238.0,33320.0,2026-04-10,185890656,2880,Sani Securities Company Ltd.,ABC Securities Private Limited,2026-04-10T11:05:37.819414,Himal Dolakha Hydropower Company Limited
2026041004000440,HDHPC,42,22,100,238.0,23800.0,2026-04-10,185890778,2880,Sani Securities Company Ltd.,Siprabi Securities Pvt. Ltd.,2026-04-10T11:05:47.053215,Himal Dolakha Hydropower Company Limited
2026041004000454,HDHPC,42,77,110,238.0,26180.0,2026-04-10,185890894,2880,Sani Securities Company Ltd.,Nabil Stock Dealer Ltd.,2026-04-10T11:05:54.844442,Himal Dolakha Hydropower Company Limited
2026041004000477,HDHPC,42,66,99,238.0,23562.0,2026-04-10,185891084,2880,Sani Securities Company Ltd.,Miyo Securities Pvt Ltd,2026-04-10T11:06:07.293596,Himal Dolakha Hydropower Company Limited
2026041004000499,HDHPC,42,5,11,238.0,2618.0,2026-04-10,185891268,2880,Sani Securities Company Ltd.,Market Securities & Exchange (PVT) Ltd.,2026-04-10T11:06:17.677451,Himal Dolakha Hydropower Company Limited
2026041004000501,HDHPC,42,64,40,238.0,9520.0,2026-04-10,185891301,2880,Sani Securities Company Ltd.,SUN SECURITIES PVT LTD,2026-04-10T11:06:18.780418,Himal Dolakha Hydropower Company Limited
2026041004000533,HDHPC,22,64,60,238.0,14280.0,2026-04-10,185891617,2880,Siprabi Securities Pvt. Ltd.,SUN SECURITIES PVT LTD,2026-04-10T11:06:29.831442,Himal Dolakha Hydropower Company Limited
2026041004000534,HDHPC,22,57,167,239.0,39913.0,2026-04-10,185891619,2880,Siprabi Securities Pvt. Ltd.,Aryatara Investment & Securities,2026-04-10T11:06:29.831564,Himal Dolakha Hydropower Company Limited
2026041004000535,HDHPC,22,57,607,239.0,145073.0,2026-04-10,185891566,2880,Siprabi Securities Pvt. Ltd.,Aryatara Investment & Securities,2026-04-10T11:06:29.831633,Himal Dolakha Hydropower Company Limited
2026041004000559,HDHPC,58,84,55,237.0,13035.0,2026-04-10,185891887,2880,Naasa Securities Co. Ltd.,MILKY WAY SHARE BROKER COMPANY LTD ,2026-04-10T11:06:44.467528,Himal Dolakha Hydropower Company Limited
2026041004000560,HDHPC,58,84,50,237.0,11850.0,2026-04-10,185891889,2880,Naasa Securities Co. Ltd.,MILKY WAY SHARE BROKER COMPANY LTD ,2026-04-10T11:06:44.467665,Himal Dolakha Hydropower Company Limited
2026041004000561,HDHPC,7,84,100,237.0,23700.0,2026-04-10,185891891,2880,J.F. Securites (PVT) Ltd.,MILKY WAY SHARE BROKER COMPANY LTD ,2026-04-10T11:06:44.467719,Himal Dolakha Hydropower Company Limited
2026041004000598,HDHPC,43,44,1000,235.3,235300.0,2026-04-10,185892247,2880,South Asian Bulls Pvt. Ltd.,Dynamic Money Managers Securities Pvt. Ltd.,2026-04-10T11:07:08.805277,Himal Dolakha Hydropower Company Limited
2026041004000599,HDHPC,44,44,125,235.2,29400.0,2026-04-10,185892249,2880,Dynamic Money Managers Securities Pvt. Ltd.,Dynamic Money Managers Securities Pvt. Ltd.,2026-04-10T11:07:08.805395,Himal Dolakha Hydropower Company Limited
2026041004000600,HDHPC,16,44,100,235.1,23510.0,2026-04-10,185892251,2880,Primo Securities (PVT) Ltd.,Dynamic Money Managers Securities Pvt. Ltd.,2026-04-10T11:07:08.805495,Himal Dolakha Hydropower Company Limited
2026041004000601,HDHPC,52,44,100,235.0,23500.0,2026-04-10,185892253,2880,Sundhara Securities Limited,Dynamic Money Managers Securities Pvt. Ltd.,2026-04-10T11:07:08.805577,Himal Dolakha Hydropower Company Limited
2026041004000602,HDHPC,46,44,500,235.0,117500.0,2026-04-10,185892255,2880,Kalika Securities Pvt. Ltd.,Dynamic Money Managers Securities Pvt. Ltd.,2026-04-10T11:07:08.805658,Himal Dolakha Hydropower Company Limited
2026041004000603,HDHPC,58,44,30,235.0,7050.0,2026-04-10,185892257,2880,Naasa Securities Co. Ltd.,Dynamic Money Managers Securities Pvt. Ltd.,2026-04-10T11:07:08.805748,Himal Dolakha Hydropower Company Limited
2026041004000604,HDHPC,45,44,20,235.0,4700.0,2026-04-10,185892259,2880,Imperial Securities Company Pvt. Ltd.,Dynamic Money Managers Securities Pvt. Ltd.,2026-04-10T11:07:08.805813,Himal Dolakha Hydropower Company Limited
2026041004000605,HDHPC,50,44,150,235.0,35250.0,2026-04-10,185892261,2880,Cristal Kanchanjanga Securites Pvt. Ltd.,Dynamic Money Managers Securities Pvt. Ltd.,2026-04-10T11:07:08.805891,Himal Dolakha Hydropower Company Limited
2026041004000606,HDHPC,34,44,730,235.0,171550.0,2026-04-10,185892263,2880,Vision Securities Pvt. Ltd,Dynamic Money Managers Securities Pvt. Ltd.,2026-04-10T11:07:08.805971,Himal Dolakha Hydropower Company Limited
2026041004000607,HDHPC,41,44,3911,235.0,919085.0,2026-04-10,185892264,2880,Linch Stock Market Ltd.,Dynamic Money Managers Securities Pvt. Ltd.,2026-04-10T11:07:08.806061,Himal Dolakha Hydropower Company Limited
2026041004000620,HDHPC,41,56,7000,235.0,1645000.0,2026-04-10,185892384,2880,Linch Stock Market Ltd.,Sri Hari Securities Pvt. Ltd.,2026-04-10T11:07:18.072751,Himal Dolakha Hydropower Company Limited
2026041004000639,HDHPC,58,32,300,235.0,70500.0,2026-04-10,185892570,2880,Naasa Securities Co. Ltd.,Premier Securities Company Ltd.,2026-04-10T11:07:28.362553,Himal Dolakha Hydropower Company Limited
2026041004000731,HDHPC,52,84,200,237.0,47400.0,2026-04-10,185893503,2880,Sundhara Securities Limited,MILKY WAY SHARE BROKER COMPANY LTD ,2026-04-10T11:08:22.150645,Himal Dolakha Hydropower Company Limited
2026041004000754,HDHPC,22,3,330,234.6,77418.0,2026-04-10,185893768,2880,Siprabi Securities Pvt. Ltd.,Arun Securities (PVT) Ltd.,2026-04-10T11:08:36.078219,Himal Dolakha Hydropower Company Limited
2026041004000759,HDHPC,49,36,50,235.0,11750.0,2026-04-10,185893798,2880,Online Securities Pvt. Ltd.,Secured Securities Ltd.,2026-04-10T11:08:38.091582,Himal Dolakha Hydropower Company Limited
2026041004000778,HDHPC,49,46,35,235.0,8225.0,2026-04-10,185893869,2880,Online Securities Pvt. Ltd.,Kalika Securities Pvt. Ltd.,2026-04-10T11:08:41.547004,Himal Dolakha Hydropower Company Limited
2026041004000779,HDHPC,22,46,146,234.6,34251.6,2026-04-10,185893870,2880,Siprabi Securities Pvt. Ltd.,Kalika Securities Pvt. Ltd.,2026-04-10T11:08:41.547171,Himal Dolakha Hydropower Company Limited
2026041004000810,HDHPC,40,84,95,237.0,22515.0,2026-04-10,185894348,2880,Creative Securities Pvt Ltd,MILKY WAY SHARE BROKER COMPANY LTD ,2026-04-10T11:09:16.729446,Himal Dolakha Hydropower Company Limited
2026041004000811,HDHPC,40,26,10,237.0,2370.0,2026-04-10,185894350,2880,Creative Securities Pvt Ltd,Asian Securities Private Ltd.,2026-04-10T11:09:16.729498,Himal Dolakha Hydropower Company Limited
2026041004000812,HDHPC,40,62,100,237.0,23700.0,2026-04-10,185894352,2880,Creative Securities Pvt Ltd,Capital Max Securities Ltd,2026-04-10T11:09:16.729523,Himal Dolakha Hydropower Company Limited
2026041004000813,HDHPC,40,22,100,237.0,23700.0,2026-04-10,185894354,2880,Creative Securities Pvt Ltd,Siprabi Securities Pvt. Ltd.,2026-04-10T11:09:16.72955,Himal Dolakha Hydropower Company Limited
2026041004000814,HDHPC,40,58,195,238.0,46410.0,2026-04-10,185894357,2880,Creative Securities Pvt Ltd,Naasa Securities Co. Ltd.,2026-04-10T11:09:16.729579,Himal Dolakha Hydropower Company Limited
2026041004000858,HDHPC,58,58,10,238.0,2380.0,2026-04-10,185894999,2880,Naasa Securities Co. Ltd.,Naasa Securities Co. Ltd.,2026-04-10T11:09:52.699185,Himal Dolakha Hydropower Company Limited
2026041004000863,HDHPC,59,4,700,235.0,164500.0,2026-04-10,185895056,2880,Deevyaa Securities & Stock House Pvt. Ltd,Opal Securities Investment (PVT) Ltd.,2026-04-10T11:09:56.477348,Himal Dolakha Hydropower Company Limited
2026041004000879,HDHPC,36,43,100,237.9,23790.0,2026-04-10,185895331,2880,Secured Securities Ltd.,South Asian Bulls Pvt. Ltd.,2026-04-10T11:10:15.238945,Himal Dolakha Hydropower Company Limited
2026041004000995,HDHPC,45,44,300,237.6,71280.0,2026-04-10,185896207,2880,Imperial Securities Company Pvt. Ltd.,Dynamic Money Managers Securities Pvt. Ltd.,2026-04-10T11:11:14.400991,Himal Dolakha Hydropower Company Limited
2026041004001241,HDHPC,45,57,300,236.0,70800.0,2026-04-10,185897459,2880,Imperial Securities Company Pvt. Ltd.,Aryatara Investment & Securities,2026-04-10T11:12:40.735207,Himal Dolakha Hydropower Company Limited
2026041004001270,HDHPC,21,53,100,235.6,23560.0,2026-04-10,185897726,2880,Midas Stock Broking Company Private Limited,Investment Management Nepal Pvt. Ltd.,2026-04-10T11:12:58.915864,Himal Dolakha Hydropower Company Limited
2026041004001366,HDHPC,58,57,100,236.0,23600.0,2026-04-10,185898269,2880,Naasa Securities Co. Ltd.,Aryatara Investment & Securities,2026-04-10T11:13:34.673134,Himal Dolakha Hydropower Company Limited
2026041004001388,HDHPC,58,57,109,236.0,25724.0,2026-04-10,185898435,2880,Naasa Securities Co. Ltd.,Aryatara Investment & Securities,2026-04-10T11:13:47.420105,Himal Dolakha Hydropower Company Limited
2026041004001389,HDHPC,32,74,1000,235.8,235800.0,2026-04-10,185898442,2880,Premier Securities Company Ltd.,KALASH STOCK MARKET PVT. LTD.,2026-04-10T11:13:48.137792,Himal Dolakha Hydropower Company Limited
2026041004001398,HDHPC,38,57,1000,236.0,236000.0,2026-04-10,185898483,2880,Dipshikha Dhitopatra Karobar Co. Pvt Ltd.,Aryatara Investment & Securities,2026-04-10T11:13:51.826695,Himal Dolakha Hydropower Company Limited
2026041004001404,HDHPC,59,57,491,236.0,115876.0,2026-04-10,185898508,2880,Deevyaa Securities & Stock House Pvt. Ltd,Aryatara Investment & Securities,2026-04-10T11:13:53.711138,Himal Dolakha Hydropower Company Limited
2026041004001420,HDHPC,26,38,500,237.0,118500.0,2026-04-10,185898635,2880,Asian Securities Private Ltd.,Dipshikha Dhitopatra Karobar Co. Pvt Ltd.,2026-04-10T11:14:03.880258,Himal Dolakha Hydropower Company Limited
2026041004001445,HDHPC,26,32,400,237.4,94960.0,2026-04-10,185898785,2880,Asian Securities Private Ltd.,Premier Securities Company Ltd.,2026-04-10T11:14:14.995753,Himal Dolakha Hydropower Company Limited
2026041004001493,HDHPC,64,44,200,237.6,47520.0,2026-04-10,185899186,2880,SUN SECURITIES PVT LTD,Dynamic Money Managers Securities Pvt. Ltd.,2026-04-10T11:14:40.822295,Himal Dolakha Hydropower Company Limited
2026041004001594,HDHPC,26,58,1035,238.0,246330.0,2026-04-10,185899616,2880,Asian Securities Private Ltd.,Naasa Securities Co. Ltd.,2026-04-10T11:14:57.247731,Himal Dolakha Hydropower Company Limited
2026041004001595,HDHPC,26,95,300,238.0,71400.0,2026-04-10,185899619,2880,Asian Securities Private Ltd.,Magnet Securities and Investment Company Private Limited,2026-04-10T11:14:57.247925,Himal Dolakha Hydropower Company Limited
2026041004001662,HDHPC,37,49,10,238.0,2380.0,2026-04-10,185900068,2880,Swarna Laxmi Securities Pvt. Ltd.,Online Securities Pvt. Ltd.,2026-04-10T11:15:32.00559,Himal Dolakha Hydropower Company Limited
2026041004001663,HDHPC,37,28,300,238.0,71400.0,2026-04-10,185900070,2880,Swarna Laxmi Securities Pvt. Ltd.,Shree Krishna Securities Ltd.,2026-04-10T11:15:32.005787,Himal Dolakha Hydropower Company Limited
2026041004001688,HDHPC,33,6,100,238.5,23850.0,2026-04-10,185900274,2880,Dakshinkali Investment & Securities Pvt. Ltd.,Agrawal Securities (PVT) Ltd.,2026-04-10T11:15:47.0969,Himal Dolakha Hydropower Company Limited
2026041004001696,HDHPC,33,43,150,238.5,35775.0,2026-04-10,185900349,2880,Dakshinkali Investment & Securities Pvt. Ltd.,South Asian Bulls Pvt. Ltd.,2026-04-10T11:15:53.248698,Himal Dolakha Hydropower Company Limited
2026041004001697,HDHPC,37,43,690,238.0,164220.0,2026-04-10,185900351,2880,Swarna Laxmi Securities Pvt. Ltd.,South Asian Bulls Pvt. Ltd.,2026-04-10T11:15:53.248875,Himal Dolakha Hydropower Company Limited
2026041004001698,HDHPC,14,43,560,238.0,133280.0,2026-04-10,185900352,2880,Nepal Stock House (PVT) Ltd.,South Asian Bulls Pvt. Ltd.,2026-04-10T11:15:53.248957,Himal Dolakha Hydropower Company Limited
2026041004001717,HDHPC,14,65,1000,238.0,238000.0,2026-04-10,185900678,2880,Nepal Stock House (PVT) Ltd.,Sharepro Securities Private Limited,2026-04-10T11:16:16.955174,Himal Dolakha Hydropower Company Limited
2026041004001743,HDHPC,14,45,500,238.0,119000.0,2026-04-10,185900910,2880,Nepal Stock House (PVT) Ltd.,Imperial Securities Company Pvt. Ltd.,2026-04-10T11:16:31.423165,Himal Dolakha Hydropower Company Limited
2026041004001759,HDHPC,14,45,500,238.0,119000.0,2026-04-10,185901070,2880,Nepal Stock House (PVT) Ltd.,Imperial Securities Company Pvt. Ltd.,2026-04-10T11:16:43.769635,Himal Dolakha Hydropower Company Limited
2026041004001812,HDHPC,14,45,500,238.0,119000.0,2026-04-10,185901470,2880,Nepal Stock House (PVT) Ltd.,Imperial Securities Company Pvt. Ltd.,2026-04-10T11:17:12.757544,Himal Dolakha Hydropower Company Limited
2026041004001816,HDHPC,14,58,59,238.0,14042.0,2026-04-10,185901494,2880,Nepal Stock House (PVT) Ltd.,Naasa Securities Co. Ltd.,2026-04-10T11:17:17.119491,Himal Dolakha Hydropower Company Limited
2026041004001845,HDHPC,26,43,30,238.8,7164.0,2026-04-10,185901767,2880,Asian Securities Private Ltd.,South Asian Bulls Pvt. Ltd.,2026-04-10T11:17:39.514436,Himal Dolakha Hydropower Company Limited
2026041004001847,HDHPC,37,64,100,238.1,23810.0,2026-04-10,185901770,2880,Swarna Laxmi Securities Pvt. Ltd.,SUN SECURITIES PVT LTD,2026-04-10T11:17:40.423507,Himal Dolakha Hydropower Company Limited
2026041004001858,HDHPC,37,38,900,238.1,214290.0,2026-04-10,185901929,2880,Swarna Laxmi Securities Pvt. Ltd.,Dipshikha Dhitopatra Karobar Co. Pvt Ltd.,2026-04-10T11:17:51.585993,Himal Dolakha Hydropower Company Limited
2026041004001860,HDHPC,14,45,381,238.0,90678.0,2026-04-10,185901937,2880,Nepal Stock House (PVT) Ltd.,Imperial Securities Company Pvt. Ltd.,2026-04-10T11:17:52.549091,Himal Dolakha Hydropower Company Limited
2026041004001861,HDHPC,49,45,75,238.0,17850.0,2026-04-10,185901939,2880,Online Securities Pvt. Ltd.,Imperial Securities Company Pvt. Ltd.,2026-04-10T11:17:52.54928,Himal Dolakha Hydropower Company Limited
2026041004001866,HDHPC,58,45,544,238.0,129472.0,2026-04-10,185901968,2880,Naasa Securities Co. Ltd.,Imperial Securities Company Pvt. Ltd.,2026-04-10T11:17:56.553018,Himal Dolakha Hydropower Company Limited
2026041004001867,HDHPC,58,57,392,238.0,93296.0,2026-04-10,185901970,2880,Naasa Securities Co. Ltd.,Aryatara Investment & Securities,2026-04-10T11:17:56.553428,Himal Dolakha Hydropower Company Limited
2026041004001875,HDHPC,58,50,1164,238.0,277032.0,2026-04-10,185902121,2880,Naasa Securities Co. Ltd.,Cristal Kanchanjanga Securites Pvt. Ltd.,2026-04-10T11:18:04.838736,Himal Dolakha Hydropower Company Limited
2026041004001881,HDHPC,42,50,200,238.0,47600.0,2026-04-10,185902189,2880,Sani Securities Company Ltd.,Cristal Kanchanjanga Securites Pvt. Ltd.,2026-04-10T11:18:09.733844,Himal Dolakha Hydropower Company Limited
2026041004001913,HDHPC,58,50,100,238.0,23800.0,2026-04-10,185902387,2880,Naasa Securities Co. Ltd.,Cristal Kanchanjanga Securites Pvt. Ltd.,2026-04-10T11:18:19.415893,Himal Dolakha Hydropower Company Limited
2026041004001976,HDHPC,1,50,30,238.0,7140.0,2026-04-10,185902777,2880,Kumari Securities Private Limited,Cristal Kanchanjanga Securites Pvt. Ltd.,2026-04-10T11:18:48.125815,Himal Dolakha Hydropower Company Limited
2026041004001981,HDHPC,64,95,300,237.6,71280.0,2026-04-10,185902789,2880,SUN SECURITIES PVT LTD,Magnet Securities and Investment Company Private Limited,2026-04-10T11:18:48.781123,Himal Dolakha Hydropower Company Limited
2026041004001995,HDHPC,59,58,1000,236.0,236000.0,2026-04-10,185902956,2880,Deevyaa Securities & Stock House Pvt. Ltd,Naasa Securities Co. Ltd.,2026-04-10T11:19:02.082166,Himal Dolakha Hydropower Company Limited
2026041004002006,HDHPC,59,62,100,236.0,23600.0,2026-04-10,185903032,2880,Deevyaa Securities & Stock House Pvt. Ltd,Capital Max Securities Ltd,2026-04-10T11:19:07.303648,Himal Dolakha Hydropower Company Limited
2026041004002011,HDHPC,58,95,32,237.0,7584.0,2026-04-10,185903065,2880,Naasa Securities Co. Ltd.,Magnet Securities and Investment Company Private Limited,2026-04-10T11:19:09.875564,Himal Dolakha Hydropower Company Limited
2026041004002081,HDHPC,59,10,109,236.0,25724.0,2026-04-10,185903475,2880,Deevyaa Securities & Stock House Pvt. Ltd,Pragyan Securities (PVT) Ltd.,2026-04-10T11:19:34.462348,Himal Dolakha Hydropower Company Limited
2026041004002082,HDHPC,34,10,894,236.0,210984.0,2026-04-10,185903476,2880,Vision Securities Pvt. Ltd,Pragyan Securities (PVT) Ltd.,2026-04-10T11:19:34.462547,Himal Dolakha Hydropower Company Limited
2026041004002100,HDHPC,34,56,106,236.0,25016.0,2026-04-10,185903671,2880,Vision Securities Pvt. Ltd,Sri Hari Securities Pvt. Ltd.,2026-04-10T11:19:47.840634,Himal Dolakha Hydropower Company Limited
2026041004002101,HDHPC,25,56,100,236.0,23600.0,2026-04-10,185903673,2880,Sweta Securities Private Limited,Sri Hari Securities Pvt. Ltd.,2026-04-10T11:19:47.841054,Himal Dolakha Hydropower Company Limited
2026041004002102,HDHPC,49,56,44,236.0,10384.0,2026-04-10,185903674,2880,Online Securities Pvt. Ltd.,Sri Hari Securities Pvt. Ltd.,2026-04-10T11:19:47.841302,Himal Dolakha Hydropower Company Limited
2026041004002138,HDHPC,49,44,56,236.0,13216.0,2026-04-10,185903897,2880,Online Securities Pvt. Ltd.,Dynamic Money Managers Securities Pvt. Ltd.,2026-04-10T11:20:00.765768,Himal Dolakha Hydropower Company Limited
2026041004002183,HDHPC,42,19,450,235.5,105975.0,2026-04-10,185904327,2880,Sani Securities Company Ltd.,Nepal Investment And Securities Trading Private Limited,2026-04-10T11:20:28.032474,Himal Dolakha Hydropower Company Limited
2026041004002184,HDHPC,17,19,550,235.4,129470.0,2026-04-10,185904328,2880,ABC Securities Private Limited,Nepal Investment And Securities Trading Private Limited,2026-04-10T11:20:28.03289,Himal Dolakha Hydropower Company Limited
2026041004002211,HDHPC,17,45,195,235.4,45903.0,2026-04-10,185904440,2880,ABC Securities Private Limited,Imperial Securities Company Pvt. Ltd.,2026-04-10T11:20:36.132655,Himal Dolakha Hydropower Company Limited
2026041004002339,HDHPC,20,44,500,236.0,118000.0,2026-04-10,185905217,2880,Sipla Securities Private Limited,Dynamic Money Managers Securities Pvt. Ltd.,2026-04-10T11:21:16.01489,Himal Dolakha Hydropower Company Limited
2026041004002369,HDHPC,17,32,500,235.4,117700.0,2026-04-10,185905498,2880,ABC Securities Private Limited,Premier Securities Company Ltd.,2026-04-10T11:21:28.152246,Himal Dolakha Hydropower Company Limited
2026041004002444,HDHPC,32,4,100,235.5,23550.0,2026-04-10,185906068,2880,Premier Securities Company Ltd.,Opal Securities Investment (PVT) Ltd.,2026-04-10T11:21:59.161795,Himal Dolakha Hydropower Company Limited
2026041004002446,HDHPC,32,32,999,235.5,235264.5,2026-04-10,185906092,2880,Premier Securities Company Ltd.,Premier Securities Company Ltd.,2026-04-10T11:22:00.592732,Himal Dolakha Hydropower Company Limited
2026041004002449,HDHPC,45,44,444,236.0,104784.0,2026-04-10,185906118,2880,Imperial Securities Company Pvt. Ltd.,Dynamic Money Managers Securities Pvt. Ltd.,2026-04-10T11:22:02.157776,Himal Dolakha Hydropower Company Limited
2026041004002450,HDHPC,45,42,56,236.0,13216.0,2026-04-10,185906121,2880,Imperial Securities Company Pvt. Ltd.,Sani Securities Company Ltd.,2026-04-10T11:22:02.158012,Himal Dolakha Hydropower Company Limited
2026041004002478,HDHPC,32,53,500,235.5,117750.0,2026-04-10,185906442,2880,Premier Securities Company Ltd.,Investment Management Nepal Pvt. Ltd.,2026-04-10T11:22:17.260859,Himal Dolakha Hydropower Company Limited
2026041004002491,HDHPC,26,42,44,236.0,10384.0,2026-04-10,185906605,2880,Asian Securities Private Ltd.,Sani Securities Company Ltd.,2026-04-10T11:22:26.745735,Himal Dolakha Hydropower Company Limited
2026041004002542,HDHPC,32,36,284,235.5,66882.0,2026-04-10,185906918,2880,Premier Securities Company Ltd.,Secured Securities Ltd.,2026-04-10T11:22:46.917934,Himal Dolakha Hydropower Company Limited
2026041004002579,HDHPC,32,58,1000,235.5,235500.0,2026-04-10,185907100,2880,Premier Securities Company Ltd.,Naasa Securities Co. Ltd.,2026-04-10T11:23:00.9131,Himal Dolakha Hydropower Company Limited
2026041004002600,HDHPC,32,64,900,235.5,211950.0,2026-04-10,185907454,2880,Premier Securities Company Ltd.,SUN SECURITIES PVT LTD,2026-04-10T11:23:19.32523,Himal Dolakha Hydropower Company Limited
2026041004002652,HDHPC,32,58,300,235.5,70650.0,2026-04-10,185907748,2880,Premier Securities Company Ltd.,Naasa Securities Co. Ltd.,2026-04-10T11:23:40.21091,Himal Dolakha Hydropower Company Limited
2026041004002775,HDHPC,32,35,80,235.7,18856.0,2026-04-10,185908792,2880,Premier Securities Company Ltd.,Kohinoor Investment & Securities Pvt. Ltd.,2026-04-10T11:24:30.850863,Himal Dolakha Hydropower Company Limited
2026041004002822,HDHPC,32,36,370,235.7,87209.0,2026-04-10,185908969,2880,Premier Securities Company Ltd.,Secured Securities Ltd.,2026-04-10T11:24:37.78301,Himal Dolakha Hydropower Company Limited
2026041004002823,HDHPC,62,36,1588,235.6,374132.8,2026-04-10,185908971,2880,Capital Max Securities Ltd,Secured Securities Ltd.,2026-04-10T11:24:37.783465,Himal Dolakha Hydropower Company Limited
2026041004002824,HDHPC,28,36,42,235.6,9895.2,2026-04-10,185908972,2880,Shree Krishna Securities Ltd.,Secured Securities Ltd.,2026-04-10T11:24:37.783778,Himal Dolakha Hydropower Company Limited
2026041004002871,HDHPC,28,32,500,235.6,117800.0,2026-04-10,185909202,2880,Shree Krishna Securities Ltd.,Premier Securities Company Ltd.,2026-04-10T11:24:53.402121,Himal Dolakha Hydropower Company Limited
2026041004002903,HDHPC,28,20,1458,235.6,343504.8,2026-04-10,185909481,2880,Shree Krishna Securities Ltd.,Sipla Securities Private Limited,2026-04-10T11:25:00.755956,Himal Dolakha Hydropower Company Limited
2026041004002904,HDHPC,32,20,542,235.5,127641.0,2026-04-10,185909482,2880,Premier Securities Company Ltd.,Sipla Securities Private Limited,2026-04-10T11:25:00.756225,Himal Dolakha Hydropower Company Limited
2026041004002952,HDHPC,59,33,1000,236.0,236000.0,2026-04-10,185909977,2880,Deevyaa Securities & Stock House Pvt. Ltd,Dakshinkali Investment & Securities Pvt. Ltd.,2026-04-10T11:25:26.163243,Himal Dolakha Hydropower Company Limited
2026041004002963,HDHPC,32,56,3000,235.5,706500.0,2026-04-10,185910046,2880,Premier Securities Company Ltd.,Sri Hari Securities Pvt. Ltd.,2026-04-10T11:25:27.705168,Himal Dolakha Hydropower Company Limited
2026041004002965,HDHPC,4,33,1000,236.0,236000.0,2026-04-10,185910066,2880,Opal Securities Investment (PVT) Ltd.,Dakshinkali Investment & Securities Pvt. Ltd.,2026-04-10T11:25:29.654133,Himal Dolakha Hydropower Company Limited
2026041004002966,HDHPC,4,5,300,236.0,70800.0,2026-04-10,185910068,2880,Opal Securities Investment (PVT) Ltd.,Market Securities & Exchange (PVT) Ltd.,2026-04-10T11:25:29.654618,Himal Dolakha Hydropower Company Limited
2026041004002967,HDHPC,4,45,3000,236.0,708000.0,2026-04-10,185910070,2880,Opal Securities Investment (PVT) Ltd.,Imperial Securities Company Pvt. Ltd.,2026-04-10T11:25:29.654926,Himal Dolakha Hydropower Company Limited
2026041004002980,HDHPC,4,32,50,236.0,11800.0,2026-04-10,185910202,2880,Opal Securities Investment (PVT) Ltd.,Premier Securities Company Ltd.,2026-04-10T11:25:39.822564,Himal Dolakha Hydropower Company Limited
2026041004002982,HDHPC,4,37,350,236.0,82600.0,2026-04-10,185910211,2880,Opal Securities Investment (PVT) Ltd.,Swarna Laxmi Securities Pvt. Ltd.,2026-04-10T11:25:40.208449,Himal Dolakha Hydropower Company Limited
2026041004002983,HDHPC,58,37,500,235.6,117800.0,2026-04-10,185910213,2880,Naasa Securities Co. Ltd.,Swarna Laxmi Securities Pvt. Ltd.,2026-04-10T11:25:40.208666,Himal Dolakha Hydropower Company Limited
2026041004002984,HDHPC,58,37,200,235.6,47120.0,2026-04-10,185910216,2880,Naasa Securities Co. Ltd.,Swarna Laxmi Securities Pvt. Ltd.,2026-04-10T11:25:40.208766,Himal Dolakha Hydropower Company Limited
2026041004002985,HDHPC,58,37,150,235.6,35340.0,2026-04-10,185910218,2880,Naasa Securities Co. Ltd.,Swarna Laxmi Securities Pvt. Ltd.,2026-04-10T11:25:40.208859,Himal Dolakha Hydropower Company Limited
2026041004002986,HDHPC,58,39,50,235.6,11780.0,2026-04-10,185910223,2880,Naasa Securities Co. Ltd.,Sumeru Securities Pvt. Ltd.,2026-04-10T11:25:40.367917,Himal Dolakha Hydropower Company Limited
2026041004003003,HDHPC,48,39,100,235.6,23560.0,2026-04-10,185910329,2880,Trishakti Securities Public Limited,Sumeru Securities Pvt. Ltd.,2026-04-10T11:25:50.895782,Himal Dolakha Hydropower Company Limited
2026041004003004,HDHPC,28,39,350,235.6,82460.0,2026-04-10,185910338,2880,Shree Krishna Securities Ltd.,Sumeru Securities Pvt. Ltd.,2026-04-10T11:25:51.636097,Himal Dolakha Hydropower Company Limited
2026041004003006,HDHPC,48,42,365,236.5,86322.5,2026-04-10,185910360,2880,Trishakti Securities Public Limited,Sani Securities Company Ltd.,2026-04-10T11:25:52.862822,Himal Dolakha Hydropower Company Limited
2026041004003007,HDHPC,48,57,1000,236.8,236800.0,2026-04-10,185910362,2880,Trishakti Securities Public Limited,Aryatara Investment & Securities,2026-04-10T11:25:52.862901,Himal Dolakha Hydropower Company Limited
2026041004003008,HDHPC,48,95,668,237.0,158316.0,2026-04-10,185910364,2880,Trishakti Securities Public Limited,Magnet Securities and Investment Company Private Limited,2026-04-10T11:25:52.862926,Himal Dolakha Hydropower Company Limited
2026041004003009,HDHPC,48,58,30,237.0,7110.0,2026-04-10,185910366,2880,Trishakti Securities Public Limited,Naasa Securities Co. Ltd.,2026-04-10T11:25:52.862947,Himal Dolakha Hydropower Company Limited
2026041004003010,HDHPC,48,45,500,237.0,118500.0,2026-04-10,185910368,2880,Trishakti Securities Public Limited,Imperial Securities Company Pvt. Ltd.,2026-04-10T11:25:52.862972,Himal Dolakha Hydropower Company Limited
2026041004003011,HDHPC,48,43,50,237.8,11890.0,2026-04-10,185910370,2880,Trishakti Securities Public Limited,South Asian Bulls Pvt. Ltd.,2026-04-10T11:25:52.862998,Himal Dolakha Hydropower Company Limited
2026041004003012,HDHPC,48,4,50,237.9,11895.0,2026-04-10,185910372,2880,Trishakti Securities Public Limited,Opal Securities Investment (PVT) Ltd.,2026-04-10T11:25:52.863024,Himal Dolakha Hydropower Company Limited
2026041004003013,HDHPC,48,50,1306,238.0,310828.0,2026-04-10,185910374,2880,Trishakti Securities Public Limited,Cristal Kanchanjanga Securites Pvt. Ltd.,2026-04-10T11:25:52.863048,Himal Dolakha Hydropower Company Limited
2026041004003014,HDHPC,48,22,31,238.0,7378.0,2026-04-10,185910377,2880,Trishakti Securities Public Limited,Siprabi Securities Pvt. Ltd.,2026-04-10T11:25:52.863078,Himal Dolakha Hydropower Company Limited
2026041004003017,HDHPC,28,3,2000,235.6,471200.0,2026-04-10,185910424,2880,Shree Krishna Securities Ltd.,Arun Securities (PVT) Ltd.,2026-04-10T11:25:55.237426,Himal Dolakha Hydropower Company Limited
2026041004003069,HDHPC,54,77,300,236.0,70800.0,2026-04-10,185910903,2880,Sewa Securities Pvt. Ltd.,Nabil Stock Dealer Ltd.,2026-04-10T11:26:28.012546,Himal Dolakha Hydropower Company Limited
2026041004003070,HDHPC,36,77,200,236.0,47200.0,2026-04-10,185910904,2880,Secured Securities Ltd.,Nabil Stock Dealer Ltd.,2026-04-10T11:26:28.012818,Himal Dolakha Hydropower Company Limited
2026041004003086,HDHPC,36,28,300,236.0,70800.0,2026-04-10,185910995,2880,Secured Securities Ltd.,Shree Krishna Securities Ltd.,2026-04-10T11:26:35.398554,Himal Dolakha Hydropower Company Limited
2026041004003099,HDHPC,58,28,200,236.0,47200.0,2026-04-10,185911060,2880,Naasa Securities Co. Ltd.,Shree Krishna Securities Ltd.,2026-04-10T11:26:38.692052,Himal Dolakha Hydropower Company Limited
2026041004003166,HDHPC,58,32,42,236.1,9916.2,2026-04-10,185911540,2880,Naasa Securities Co. Ltd.,Premier Securities Company Ltd.,2026-04-10T11:27:13.461221,Himal Dolakha Hydropower Company Limited
2026041004003194,HDHPC,58,4,240,236.1,56664.0,2026-04-10,185911732,2880,Naasa Securities Co. Ltd.,Opal Securities Investment (PVT) Ltd.,2026-04-10T11:27:26.246492,Himal Dolakha Hydropower Company Limited
2026041004003280,HDHPC,33,3,58,237.0,13746.0,2026-04-10,185912664,2880,Dakshinkali Investment & Securities Pvt. Ltd.,Arun Securities (PVT) Ltd.,2026-04-10T11:28:12.768165,Himal Dolakha Hydropower Company Limited
2026041004003321,HDHPC,26,21,500,238.0,119000.0,2026-04-10,185912954,2880,Asian Securities Private Ltd.,Midas Stock Broking Company Private Limited,2026-04-10T11:28:25.408917,Himal Dolakha Hydropower Company Limited
2026041004003322,HDHPC,26,42,500,238.0,119000.0,2026-04-10,185912957,2880,Asian Securities Private Ltd.,Sani Securities Company Ltd.,2026-04-10T11:28:25.409378,Himal Dolakha Hydropower Company Limited
2026041004003341,HDHPC,17,6,10,238.0,2380.0,2026-04-10,185913098,2880,ABC Securities Private Limited,Agrawal Securities (PVT) Ltd.,2026-04-10T11:28:33.739535,Himal Dolakha Hydropower Company Limited
2026041004003342,HDHPC,17,45,100,238.0,23800.0,2026-04-10,185913100,2880,ABC Securities Private Limited,Imperial Securities Company Pvt. Ltd.,2026-04-10T11:28:33.740001,Himal Dolakha Hydropower Company Limited
2026041004003343,HDHPC,17,42,100,238.0,23800.0,2026-04-10,185913102,2880,ABC Securities Private Limited,Sani Securities Company Ltd.,2026-04-10T11:28:33.740335,Himal Dolakha Hydropower Company Limited
2026041004003344,HDHPC,17,58,50,238.0,11900.0,2026-04-10,185913104,2880,ABC Securities Private Limited,Naasa Securities Co. Ltd.,2026-04-10T11:28:33.740659,Himal Dolakha Hydropower Company Limited
2026041004003370,HDHPC,40,38,100,238.1,23810.0,2026-04-10,185913266,2880,Creative Securities Pvt Ltd,Dipshikha Dhitopatra Karobar Co. Pvt Ltd.,2026-04-10T11:28:44.03794,Himal Dolakha Hydropower Company Limited
2026041004003371,HDHPC,40,14,400,238.9,95560.0,2026-04-10,185913269,2880,Creative Securities Pvt Ltd,Nepal Stock House (PVT) Ltd.,2026-04-10T11:28:44.038036,Himal Dolakha Hydropower Company Limited
2026041004003378,HDHPC,17,14,600,238.9,143340.0,2026-04-10,185913352,2880,ABC Securities Private Limited,Nepal Stock House (PVT) Ltd.,2026-04-10T11:28:48.024884,Himal Dolakha Hydropower Company Limited
2026041004003379,HDHPC,17,49,14,238.9,3344.6,2026-04-10,185913354,2880,ABC Securities Private Limited,Online Securities Pvt. Ltd.,2026-04-10T11:28:48.024995,Himal Dolakha Hydropower Company Limited
2026041004003380,HDHPC,17,36,50,239.0,11950.0,2026-04-10,185913356,2880,ABC Securities Private Limited,Secured Securities Ltd.,2026-04-10T11:28:48.025073,Himal Dolakha Hydropower Company Limited
2026041004003381,HDHPC,17,1,336,239.0,80304.0,2026-04-10,185913359,2880,ABC Securities Private Limited,Kumari Securities Private Limited,2026-04-10T11:28:48.025147,Himal Dolakha Hydropower Company Limited
2026041004003384,HDHPC,20,1,164,239.0,39196.0,2026-04-10,185913378,2880,Sipla Securities Private Limited,Kumari Securities Private Limited,2026-04-10T11:28:50.061404,Himal Dolakha Hydropower Company Limited
2026041004003385,HDHPC,20,42,336,239.0,80304.0,2026-04-10,185913381,2880,Sipla Securities Private Limited,Sani Securities Company Ltd.,2026-04-10T11:28:50.061445,Himal Dolakha Hydropower Company Limited
2026041004003395,HDHPC,40,42,1000,239.0,239000.0,2026-04-10,185913659,2880,Creative Securities Pvt Ltd,Sani Securities Company Ltd.,2026-04-10T11:29:00.315754,Himal Dolakha Hydropower Company Limited
2026041004003413,HDHPC,32,56,785,238.3,187065.5,2026-04-10,185914110,2880,Premier Securities Company Ltd.,Sri Hari Securities Pvt. Ltd.,2026-04-10T11:29:15.516609,Himal Dolakha Hydropower Company Limited
2026041004003467,HDHPC,20,57,50,238.9,11945.0,2026-04-10,185914454,2880,Sipla Securities Private Limited,Aryatara Investment & Securities,2026-04-10T11:29:29.779566,Himal Dolakha Hydropower Company Limited
2026041004003468,HDHPC,20,42,450,239.0,107550.0,2026-04-10,185914457,2880,Sipla Securities Private Limited,Sani Securities Company Ltd.,2026-04-10T11:29:29.779685,Himal Dolakha Hydropower Company Limited
2026041004003487,HDHPC,42,49,150,238.5,35775.0,2026-04-10,185914596,2880,Sani Securities Company Ltd.,Online Securities Pvt. Ltd.,2026-04-10T11:29:37.972383,Himal Dolakha Hydropower Company Limited
2026041004003488,HDHPC,26,42,144,239.0,34416.0,2026-04-10,185914602,2880,Asian Securities Private Ltd.,Sani Securities Company Ltd.,2026-04-10T11:29:38.753396,Himal Dolakha Hydropower Company Limited
2026041004003489,HDHPC,26,39,500,239.0,119500.0,2026-04-10,185914605,2880,Asian Securities Private Ltd.,Sumeru Securities Pvt. Ltd.,2026-04-10T11:29:38.753644,Himal Dolakha Hydropower Company Limited
2026041004003580,HDHPC,14,46,300,239.0,71700.0,2026-04-10,185915214,2880,Nepal Stock House (PVT) Ltd.,Kalika Securities Pvt. Ltd.,2026-04-10T11:29:56.733463,Himal Dolakha Hydropower Company Limited
2026041004003596,HDHPC,40,1,250,239.5,59875.0,2026-04-10,185915428,2880,Creative Securities Pvt Ltd,Kumari Securities Private Limited,2026-04-10T11:30:09.82202,Himal Dolakha Hydropower Company Limited
2026041004003597,HDHPC,40,58,730,239.5,174835.0,2026-04-10,185915430,2880,Creative Securities Pvt Ltd,Naasa Securities Co. Ltd.,2026-04-10T11:30:09.822105,Himal Dolakha Hydropower Company Limited
2026041004003598,HDHPC,40,96,20,239.7,4794.0,2026-04-10,185915433,2880,Creative Securities Pvt Ltd,Himalayan Securities Limited,2026-04-10T11:30:09.82218,Himal Dolakha Hydropower Company Limited
2026041004003660,HDHPC,38,96,300,239.7,71910.0,2026-04-10,185915889,2880,Dipshikha Dhitopatra Karobar Co. Pvt Ltd.,Himalayan Securities Limited,2026-04-10T11:30:39.665682,Himal Dolakha Hydropower Company Limited
2026041004003667,HDHPC,32,53,190,239.1,45429.0,2026-04-10,185916025,2880,Premier Securities Company Ltd.,Investment Management Nepal Pvt. Ltd.,2026-04-10T11:30:43.517051,Himal Dolakha Hydropower Company Limited
2026041004003686,HDHPC,58,96,195,239.7,46741.5,2026-04-10,185916145,2880,Naasa Securities Co. Ltd.,Himalayan Securities Limited,2026-04-10T11:30:49.789464,Himal Dolakha Hydropower Company Limited
2026041004003687,HDHPC,56,96,485,239.7,116254.5,2026-04-10,185916168,2880,Sri Hari Securities Pvt. Ltd.,Himalayan Securities Limited,2026-04-10T11:30:51.936422,Himal Dolakha Hydropower Company Limited
2026041004003693,HDHPC,57,64,1000,239.9,239900.0,2026-04-10,185916211,2880,Aryatara Investment & Securities,SUN SECURITIES PVT LTD,2026-04-10T11:30:56.765027,Himal Dolakha Hydropower Company Limited
2026041004003694,HDHPC,28,64,500,239.9,119950.0,2026-04-10,185916217,2880,Shree Krishna Securities Ltd.,SUN SECURITIES PVT LTD,2026-04-10T11:30:57.896128,Himal Dolakha Hydropower Company Limited
2026041004003701,HDHPC,40,64,1000,239.9,239900.0,2026-04-10,185916271,2880,Creative Securities Pvt Ltd,SUN SECURITIES PVT LTD,2026-04-10T11:31:01.566491,Himal Dolakha Hydropower Company Limited
2026041004003721,HDHPC,42,96,1000,240.0,240000.0,2026-04-10,185916488,2880,Sani Securities Company Ltd.,Himalayan Securities Limited,2026-04-10T11:31:11.51745,Himal Dolakha Hydropower Company Limited
2026041004003722,HDHPC,42,22,10,240.0,2400.0,2026-04-10,185916490,2880,Sani Securities Company Ltd.,Siprabi Securities Pvt. Ltd.,2026-04-10T11:31:11.517714,Himal Dolakha Hydropower Company Limited
2026041004003723,HDHPC,42,45,2000,240.0,480000.0,2026-04-10,185916492,2880,Sani Securities Company Ltd.,Imperial Securities Company Pvt. Ltd.,2026-04-10T11:31:11.517819,Himal Dolakha Hydropower Company Limited
2026041004003724,HDHPC,42,52,1000,240.0,240000.0,2026-04-10,185916494,2880,Sani Securities Company Ltd.,Sundhara Securities Limited,2026-04-10T11:31:11.51792,Himal Dolakha Hydropower Company Limited
2026041004003725,HDHPC,42,14,20,240.0,4800.0,2026-04-10,185916496,2880,Sani Securities Company Ltd.,Nepal Stock House (PVT) Ltd.,2026-04-10T11:31:11.518019,Himal Dolakha Hydropower Company Limited
2026041004003726,HDHPC,42,28,792,240.0,190080.0,2026-04-10,185916498,2880,Sani Securities Company Ltd.,Shree Krishna Securities Ltd.,2026-04-10T11:31:11.518121,Himal Dolakha Hydropower Company Limited
2026041004003727,HDHPC,42,39,88,240.0,21120.0,2026-04-10,185916500,2880,Sani Securities Company Ltd.,Sumeru Securities Pvt. Ltd.,2026-04-10T11:31:11.518212,Himal Dolakha Hydropower Company Limited
2026041004003728,HDHPC,42,45,1000,240.0,240000.0,2026-04-10,185916502,2880,Sani Securities Company Ltd.,Imperial Securities Company Pvt. Ltd.,2026-04-10T11:31:11.51831,Himal Dolakha Hydropower Company Limited
2026041004003729,HDHPC,42,45,90,240.0,21600.0,2026-04-10,185916505,2880,Sani Securities Company Ltd.,Imperial Securities Company Pvt. Ltd.,2026-04-10T11:31:11.518428,Himal Dolakha Hydropower Company Limited
2026041004003737,HDHPC,29,45,410,240.0,98400.0,2026-04-10,185916728,2880,Trisul Securities & Invt. Ltd.,Imperial Securities Company Pvt. Ltd.,2026-04-10T11:31:22.543808,Himal Dolakha Hydropower Company Limited
2026041004003738,HDHPC,29,41,90,240.0,21600.0,2026-04-10,185916731,2880,Trisul Securities & Invt. Ltd.,Linch Stock Market Ltd.,2026-04-10T11:31:22.544248,Himal Dolakha Hydropower Company Limited
2026041004003739,HDHPC,58,41,183,240.0,43920.0,2026-04-10,185916733,2880,Naasa Securities Co. Ltd.,Linch Stock Market Ltd.,2026-04-10T11:31:23.473784,Himal Dolakha Hydropower Company Limited
2026041004003740,HDHPC,38,41,607,240.0,145680.0,2026-04-10,185916770,2880,Dipshikha Dhitopatra Karobar Co. Pvt Ltd.,Linch Stock Market Ltd.,2026-04-10T11:31:26.900857,Himal Dolakha Hydropower Company Limited
2026041004003741,HDHPC,38,42,393,240.0,94320.0,2026-04-10,185916773,2880,Dipshikha Dhitopatra Karobar Co. Pvt Ltd.,Sani Securities Company Ltd.,2026-04-10T11:31:26.901086,Himal Dolakha Hydropower Company Limited
2026041004003744,HDHPC,63,42,107,240.0,25680.0,2026-04-10,185916806,2880,Himalayan Brokerage Company Limited,Sani Securities Company Ltd.,2026-04-10T11:31:29.347948,Himal Dolakha Hydropower Company Limited
2026041004003745,HDHPC,63,49,100,240.0,24000.0,2026-04-10,185916808,2880,Himalayan Brokerage Company Limited,Online Securities Pvt. Ltd.,2026-04-10T11:31:29.348002,Himal Dolakha Hydropower Company Limited
2026041004003746,HDHPC,63,51,100,240.0,24000.0,2026-04-10,185916810,2880,Himalayan Brokerage Company Limited,Oxford Securities Pvt. Ltd.,2026-04-10T11:31:29.34803,Himal Dolakha Hydropower Company Limited
2026041004003747,HDHPC,63,34,200,240.0,48000.0,2026-04-10,185916812,2880,Himalayan Brokerage Company Limited,Vision Securities Pvt. Ltd,2026-04-10T11:31:29.348057,Himal Dolakha Hydropower Company Limited
2026041004003748,HDHPC,63,58,10,240.0,2400.0,2026-04-10,185916814,2880,Himalayan Brokerage Company Limited,Naasa Securities Co. Ltd.,2026-04-10T11:31:29.348091,Himal Dolakha Hydropower Company Limited
2026041004003749,HDHPC,63,58,150,240.0,36000.0,2026-04-10,185916816,2880,Himalayan Brokerage Company Limited,Naasa Securities Co. Ltd.,2026-04-10T11:31:29.348115,Himal Dolakha Hydropower Company Limited
2026041004003750,HDHPC,63,14,40,240.0,9600.0,2026-04-10,185916818,2880,Himalayan Brokerage Company Limited,Nepal Stock House (PVT) Ltd.,2026-04-10T11:31:29.348143,Himal Dolakha Hydropower Company Limited
2026041004003751,HDHPC,63,57,250,240.0,60000.0,2026-04-10,185916820,2880,Himalayan Brokerage Company Limited,Aryatara Investment & Securities,2026-04-10T11:31:29.348168,Himal Dolakha Hydropower Company Limited
2026041004003752,HDHPC,63,22,1000,240.2,240200.0,2026-04-10,185916822,2880,Himalayan Brokerage Company Limited,Siprabi Securities Pvt. Ltd.,2026-04-10T11:31:29.348194,Himal Dolakha Hydropower Company Limited
2026041004003753,HDHPC,63,48,500,240.2,120100.0,2026-04-10,185916824,2880,Himalayan Brokerage Company Limited,Trishakti Securities Public Limited,2026-04-10T11:31:29.348217,Himal Dolakha Hydropower Company Limited
2026041004003754,HDHPC,63,96,1000,240.6,240600.0,2026-04-10,185916826,2880,Himalayan Brokerage Company Limited,Himalayan Securities Limited,2026-04-10T11:31:29.348242,Himal Dolakha Hydropower Company Limited
2026041004003755,HDHPC,63,96,1000,240.8,240800.0,2026-04-10,185916828,2880,Himalayan Brokerage Company Limited,Himalayan Securities Limited,2026-04-10T11:31:29.348273,Himal Dolakha Hydropower Company Limited
2026041004003756,HDHPC,63,6,300,240.8,72240.0,2026-04-10,185916830,2880,Himalayan Brokerage Company Limited,Agrawal Securities (PVT) Ltd.,2026-04-10T11:31:29.348297,Himal Dolakha Hydropower Company Limited
2026041004003757,HDHPC,63,45,500,240.8,120400.0,2026-04-10,185916832,2880,Himalayan Brokerage Company Limited,Imperial Securities Company Pvt. Ltd.,2026-04-10T11:31:29.34833,Himal Dolakha Hydropower Company Limited
2026041004003758,HDHPC,63,92,100,241.0,24100.0,2026-04-10,185916834,2880,Himalayan Brokerage Company Limited,Roadshow securities limited,2026-04-10T11:31:29.348356,Himal Dolakha Hydropower Company Limited
2026041004003759,HDHPC,63,44,200,241.0,48200.0,2026-04-10,185916836,2880,Himalayan Brokerage Company Limited,Dynamic Money Managers Securities Pvt. Ltd.,2026-04-10T11:31:29.34838,Himal Dolakha Hydropower Company Limited
2026041004003760,HDHPC,63,74,1070,241.0,257870.0,2026-04-10,185916838,2880,Himalayan Brokerage Company Limited,KALASH STOCK MARKET PVT. LTD.,2026-04-10T11:31:29.348403,Himal Dolakha Hydropower Company Limited
2026041004003761,HDHPC,63,13,500,241.0,120500.0,2026-04-10,185916840,2880,Himalayan Brokerage Company Limited,Thrive Brokerage House Pvt. Ltd,2026-04-10T11:31:29.348425,Himal Dolakha Hydropower Company Limited
2026041004003762,HDHPC,63,58,500,241.0,120500.0,2026-04-10,185916842,2880,Himalayan Brokerage Company Limited,Naasa Securities Co. Ltd.,2026-04-10T11:31:29.348448,Himal Dolakha Hydropower Company Limited
2026041004003763,HDHPC,63,39,800,241.0,192800.0,2026-04-10,185916844,2880,Himalayan Brokerage Company Limited,Sumeru Securities Pvt. Ltd.,2026-04-10T11:31:29.348473,Himal Dolakha Hydropower Company Limited
2026041004003764,HDHPC,63,20,976,241.0,235216.0,2026-04-10,185916846,2880,Himalayan Brokerage Company Limited,Sipla Securities Private Limited,2026-04-10T11:31:29.348495,Himal Dolakha Hydropower Company Limited
2026041004003765,HDHPC,63,48,500,241.0,120500.0,2026-04-10,185916848,2880,Himalayan Brokerage Company Limited,Trishakti Securities Public Limited,2026-04-10T11:31:29.34852,Himal Dolakha Hydropower Company Limited
2026041004003766,HDHPC,63,45,100,241.3,24130.0,2026-04-10,185916850,2880,Himalayan Brokerage Company Limited,Imperial Securities Company Pvt. Ltd.,2026-04-10T11:31:29.348549,Himal Dolakha Hydropower Company Limited
2026041004003767,HDHPC,63,47,4997,241.5,1206775.5,2026-04-10,185916853,2880,Himalayan Brokerage Company Limited,Neev Securities Pvt. Ltd.,2026-04-10T11:31:29.348574,Himal Dolakha Hydropower Company Limited
2026041004003808,HDHPC,84,45,2000,241.5,483000.0,2026-04-10,185917236,2880,MILKY WAY SHARE BROKER COMPANY LTD ,Imperial Securities Company Pvt. Ltd.,2026-04-10T11:31:52.741762,Himal Dolakha Hydropower Company Limited
2026041004003809,HDHPC,84,6,500,241.7,120850.0,2026-04-10,185917238,2880,MILKY WAY SHARE BROKER COMPANY LTD ,Agrawal Securities (PVT) Ltd.,2026-04-10T11:31:52.742213,Himal Dolakha Hydropower Company Limited
2026041004003810,HDHPC,84,7,50,241.7,12085.0,2026-04-10,185917240,2880,MILKY WAY SHARE BROKER COMPANY LTD ,J.F. Securites (PVT) Ltd.,2026-04-10T11:31:52.742489,Himal Dolakha Hydropower Company Limited
2026041004003811,HDHPC,84,54,200,241.7,48340.0,2026-04-10,185917242,2880,MILKY WAY SHARE BROKER COMPANY LTD ,Sewa Securities Pvt. Ltd.,2026-04-10T11:31:52.742734,Himal Dolakha Hydropower Company Limited
2026041004003812,HDHPC,84,34,500,241.7,120850.0,2026-04-10,185917244,2880,MILKY WAY SHARE BROKER COMPANY LTD ,Vision Securities Pvt. Ltd,2026-04-10T11:31:52.742982,Himal Dolakha Hydropower Company Limited
2026041004003813,HDHPC,84,48,50,241.7,12085.0,2026-04-10,185917246,2880,MILKY WAY SHARE BROKER COMPANY LTD ,Trishakti Securities Public Limited,2026-04-10T11:31:52.743218,Himal Dolakha Hydropower Company Limited
2026041004003814,HDHPC,84,86,50,241.7,12085.0,2026-04-10,185917248,2880,MILKY WAY SHARE BROKER COMPANY LTD ,Stoxkarts Securities Limited,2026-04-10T11:31:52.74348,Himal Dolakha Hydropower Company Limited
2026041004003815,HDHPC,84,6,500,241.7,120850.0,2026-04-10,185917250,2880,MILKY WAY SHARE BROKER COMPANY LTD ,Agrawal Securities (PVT) Ltd.,2026-04-10T11:31:52.743747,Himal Dolakha Hydropower Company Limited
2026041004003816,HDHPC,84,5,1000,241.7,241700.0,2026-04-10,185917252,2880,MILKY WAY SHARE BROKER COMPANY LTD ,Market Securities & Exchange (PVT) Ltd.,2026-04-10T11:31:52.744005,Himal Dolakha Hydropower Company Limited
2026041004003817,HDHPC,84,7,50,242.0,12100.0,2026-04-10,185917254,2880,MILKY WAY SHARE BROKER COMPANY LTD ,J.F. Securites (PVT) Ltd.,2026-04-10T11:31:52.744246,Himal Dolakha Hydropower Company Limited
2026041004003818,HDHPC,84,14,1300,242.0,314600.0,2026-04-10,185917256,2880,MILKY WAY SHARE BROKER COMPANY LTD ,Nepal Stock House (PVT) Ltd.,2026-04-10T11:31:52.744534,Himal Dolakha Hydropower Company Limited
2026041004003819,HDHPC,84,57,380,242.0,91960.0,2026-04-10,185917258,2880,MILKY WAY SHARE BROKER COMPANY LTD ,Aryatara Investment & Securities,2026-04-10T11:31:52.744787,Himal Dolakha Hydropower Company Limited
2026041004003820,HDHPC,84,96,548,242.0,132616.0,2026-04-10,185917260,2880,MILKY WAY SHARE BROKER COMPANY LTD ,Himalayan Securities Limited,2026-04-10T11:31:52.74503,Himal Dolakha Hydropower Company Limited
2026041004003821,HDHPC,84,34,250,242.0,60500.0,2026-04-10,185917262,2880,MILKY WAY SHARE BROKER COMPANY LTD ,Vision Securities Pvt. Ltd,2026-04-10T11:31:52.745287,Himal Dolakha Hydropower Company Limited
2026041004003822,HDHPC,84,58,35,242.0,8470.0,2026-04-10,185917264,2880,MILKY WAY SHARE BROKER COMPANY LTD ,Naasa Securities Co. Ltd.,2026-04-10T11:31:52.74555,Himal Dolakha Hydropower Company Limited
2026041004003823,HDHPC,84,51,587,242.0,142054.0,2026-04-10,185917267,2880,MILKY WAY SHARE BROKER COMPANY LTD ,Oxford Securities Pvt. Ltd.,2026-04-10T11:31:52.745802,Himal Dolakha Hydropower Company Limited
2026041004003839,HDHPC,70,96,600,241.4,144840.0,2026-04-10,185917443,2880,Infinity Securities Limited,Himalayan Securities Limited,2026-04-10T11:32:02.856747,Himal Dolakha Hydropower Company Limited
2026041004003882,HDHPC,28,96,400,241.4,96560.0,2026-04-10,185917613,2880,Shree Krishna Securities Ltd.,Himalayan Securities Limited,2026-04-10T11:32:14.237082,Himal Dolakha Hydropower Company Limited
2026041004003905,HDHPC,84,96,1000,241.9,241900.0,2026-04-10,186081427,2880,MILKY WAY SHARE BROKER COMPANY LTD ,Himalayan Securities Limited,2026-04-10T11:32:34.812,Himal Dolakha Hydropower Company Limited
2026041004003906,HDHPC,84,51,1624,242.0,393008.0,2026-04-10,186081425,2880,MILKY WAY SHARE BROKER COMPANY LTD ,Oxford Securities Pvt. Ltd.,2026-04-10T11:32:34.812,Himal Dolakha Hydropower Company Limited
2026041004003907,HDHPC,84,34,50,242.0,12100.0,2026-04-10,186081420,2880,MILKY WAY SHARE BROKER COMPANY LTD ,Vision Securities Pvt. Ltd,2026-04-10T11:32:34.812,Himal Dolakha Hydropower Company Limited
2026041004003911,HDHPC,84,11,26,242.0,6292.0,2026-04-10,186081399,2880,MILKY WAY SHARE BROKER COMPANY LTD ,Malla & Malla Stock Broking Company Pvt. Limited,2026-04-10T11:32:34.813,Himal Dolakha Hydropower Company Limited
2026041004003908,HDHPC,84,51,150,242.0,36300.0,2026-04-10,186081429,2880,MILKY WAY SHARE BROKER COMPANY LTD ,Oxford Securities Pvt. Ltd.,2026-04-10T11:32:34.813,Himal Dolakha Hydropower Company Limited
2026041004003909,HDHPC,84,25,50,242.0,12100.0,2026-04-10,186081416,2880,MILKY WAY SHARE BROKER COMPANY LTD ,Sweta Securities Private Limited,2026-04-10T11:32:34.813,Himal Dolakha Hydropower Company Limited
2026041004003910,HDHPC,84,42,100,242.0,24200.0,2026-04-10,186081418,2880,MILKY WAY SHARE BROKER COMPANY LTD ,Sani Securities Company Ltd.,2026-04-10T11:32:34.813,Himal Dolakha Hydropower Company Limited
2026041004003971,HDHPC,56,74,500,241.9,120950.0,2026-04-10,186075430,2880,Sri Hari Securities Pvt. Ltd.,KALASH STOCK MARKET PVT. LTD.,2026-04-10T11:33:02.339,Himal Dolakha Hydropower Company Limited
2026041004003972,HDHPC,56,14,500,241.9,120950.0,2026-04-10,186075325,2880,Sri Hari Securities Pvt. Ltd.,Nepal Stock House (PVT) Ltd.,2026-04-10T11:33:02.339,Himal Dolakha Hydropower Company Limited
2026041004003980,HDHPC,74,14,500,241.9,120950.0,2026-04-10,186080727,2880,KALASH STOCK MARKET PVT. LTD.,Nepal Stock House (PVT) Ltd.,2026-04-10T11:33:07.107,Himal Dolakha Hydropower Company Limited
2026041004003981,HDHPC,74,11,14,242.0,3388.0,2026-04-10,186080735,2880,KALASH STOCK MARKET PVT. LTD.,Malla & Malla Stock Broking Company Pvt. Limited,2026-04-10T11:33:07.108,Himal Dolakha Hydropower Company Limited
2026041004003982,HDHPC,74,57,200,242.0,48400.0,2026-04-10,186080690,2880,KALASH STOCK MARKET PVT. LTD.,Aryatara Investment & Securities,2026-04-10T11:33:07.108,Himal Dolakha Hydropower Company Limited
2026041004003983,HDHPC,74,47,1000,242.0,242000.0,2026-04-10,186080729,2880,KALASH STOCK MARKET PVT. LTD.,Neev Securities Pvt. Ltd.,2026-04-10T11:33:07.108,Himal Dolakha Hydropower Company Limited
2026041004003984,HDHPC,74,11,800,242.0,193600.0,2026-04-10,186080688,2880,KALASH STOCK MARKET PVT. LTD.,Malla & Malla Stock Broking Company Pvt. Limited,2026-04-10T11:33:07.108,Himal Dolakha Hydropower Company Limited
2026041004003985,HDHPC,74,91,140,242.0,33880.0,2026-04-10,186080741,2880,KALASH STOCK MARKET PVT. LTD.,Citizens Share Broker Limited,2026-04-10T11:33:07.109,Himal Dolakha Hydropower Company Limited
2026041004003986,HDHPC,74,20,500,242.0,121000.0,2026-04-10,186080739,2880,KALASH STOCK MARKET PVT. LTD.,Sipla Securities Private Limited,2026-04-10T11:33:07.109,Himal Dolakha Hydropower Company Limited
2026041004004008,HDHPC,74,58,50,242.0,12100.0,2026-04-10,185918040,2880,KALASH STOCK MARKET PVT. LTD.,Naasa Securities Co. Ltd.,2026-04-10T11:33:13.946521,Himal Dolakha Hydropower Company Limited
2026041004004012,HDHPC,74,32,1000,242.0,242000.0,2026-04-10,185918074,2880,KALASH STOCK MARKET PVT. LTD.,Premier Securities Company Ltd.,2026-04-10T11:33:18.009176,Himal Dolakha Hydropower Company Limited
2026041004004050,HDHPC,74,69,610,242.0,147620.0,2026-04-10,186080804,2880,KALASH STOCK MARKET PVT. LTD.,INDEX SECURITIES LIMITED,2026-04-10T11:33:38.411,Himal Dolakha Hydropower Company Limited
2026041004004049,HDHPC,14,69,1000,242.1,242100.0,2026-04-10,186064215,2880,Nepal Stock House (PVT) Ltd.,INDEX SECURITIES LIMITED,2026-04-10T11:33:38.411,Himal Dolakha Hydropower Company Limited
2026041004004079,HDHPC,74,96,186,242.0,45012.0,2026-04-10,186080828,2880,KALASH STOCK MARKET PVT. LTD.,Himalayan Securities Limited,2026-04-10T11:33:52.814,Himal Dolakha Hydropower Company Limited
2026041004004129,HDHPC,14,96,700,242.0,169400.0,2026-04-10,186064407,2880,Nepal Stock House (PVT) Ltd.,Himalayan Securities Limited,2026-04-10T11:34:16.936,Himal Dolakha Hydropower Company Limited
2026041004004147,HDHPC,17,96,114,242.0,27588.0,2026-04-10,185918327,2880,ABC Securities Private Limited,Himalayan Securities Limited,2026-04-10T11:34:25.559268,Himal Dolakha Hydropower Company Limited
2026041004004148,HDHPC,17,44,386,242.0,93412.0,2026-04-10,185918330,2880,ABC Securities Private Limited,Dynamic Money Managers Securities Pvt. Ltd.,2026-04-10T11:34:25.559389,Himal Dolakha Hydropower Company Limited
2026041004004162,HDHPC,70,4,40,241.0,9640.0,2026-04-10,185918385,2880,Infinity Securities Limited,Opal Securities Investment (PVT) Ltd.,2026-04-10T11:34:29.519342,Himal Dolakha Hydropower Company Limited
2026041004004169,HDHPC,81,28,500,241.9,120950.0,2026-04-10,185918417,2880,Aakashbhairab Securities Ltd.,Shree Krishna Securities Ltd.,2026-04-10T11:34:32.647916,Himal Dolakha Hydropower Company Limited
2026041004004170,HDHPC,81,96,1000,241.9,241900.0,2026-04-10,185918420,2880,Aakashbhairab Securities Ltd.,Himalayan Securities Limited,2026-04-10T11:34:32.64816,Himal Dolakha Hydropower Company Limited
2026041004004205,HDHPC,70,44,100,241.0,24100.0,2026-04-10,186080087,2880,Infinity Securities Limited,Dynamic Money Managers Securities Pvt. Ltd.,2026-04-10T11:34:45.337,Himal Dolakha Hydropower Company Limited
2026041004004231,HDHPC,29,14,500,241.0,120500.0,2026-04-10,186067038,2880,Trisul Securities & Invt. Ltd.,Nepal Stock House (PVT) Ltd.,2026-04-10T11:34:48.769,Himal Dolakha Hydropower Company Limited
2026041004004233,HDHPC,58,14,212,241.0,51092.0,2026-04-10,186078014,2880,Naasa Securities Co. Ltd.,Nepal Stock House (PVT) Ltd.,2026-04-10T11:34:48.769,Himal Dolakha Hydropower Company Limited
2026041004004230,HDHPC,70,14,160,241.0,38560.0,2026-04-10,186080071,2880,Infinity Securities Limited,Nepal Stock House (PVT) Ltd.,2026-04-10T11:34:48.769,Himal Dolakha Hydropower Company Limited
2026041004004232,HDHPC,58,14,38,241.0,9158.0,2026-04-10,186078359,2880,Naasa Securities Co. Ltd.,Nepal Stock House (PVT) Ltd.,2026-04-10T11:34:48.769,Himal Dolakha Hydropower Company Limited
2026041004004235,HDHPC,58,21,288,241.0,69408.0,2026-04-10,186078365,2880,Naasa Securities Co. Ltd.,Midas Stock Broking Company Private Limited,2026-04-10T11:34:51.674,Himal Dolakha Hydropower Company Limited
2026041004004261,HDHPC,56,22,387,240.3,92996.1,2026-04-10,186075549,2880,Sri Hari Securities Pvt. Ltd.,Siprabi Securities Pvt. Ltd.,2026-04-10T11:35:09.132,Himal Dolakha Hydropower Company Limited
2026041004004260,HDHPC,19,22,613,240.3,147303.9,2026-04-10,186065250,2880,Nepal Investment And Securities Trading Private Limited,Siprabi Securities Pvt. Ltd.,2026-04-10T11:35:09.132,Himal Dolakha Hydropower Company Limited
2026041004004276,HDHPC,81,21,712,241.0,171592.0,2026-04-10,186081366,2880,Aakashbhairab Securities Ltd.,Midas Stock Broking Company Private Limited,2026-04-10T11:35:17.873,Himal Dolakha Hydropower Company Limited
2026041004004277,HDHPC,81,34,288,241.0,69408.0,2026-04-10,186081359,2880,Aakashbhairab Securities Ltd.,Vision Securities Pvt. Ltd,2026-04-10T11:35:17.873,Himal Dolakha Hydropower Company Limited
2026041004004281,HDHPC,26,64,130,240.1,31213.0,2026-04-10,186066751,2880,Asian Securities Private Ltd.,SUN SECURITIES PVT LTD,2026-04-10T11:35:20.163,Himal Dolakha Hydropower Company Limited
2026041004004280,HDHPC,56,64,4613,240.3,1108503.9,2026-04-10,186075625,2880,Sri Hari Securities Pvt. Ltd.,SUN SECURITIES PVT LTD,2026-04-10T11:35:20.163,Himal Dolakha Hydropower Company Limited
2026041004004282,HDHPC,42,64,4850,240.0,1164000.0,2026-04-10,186070279,2880,Sani Securities Company Ltd.,SUN SECURITIES PVT LTD,2026-04-10T11:35:20.163,Himal Dolakha Hydropower Company Limited
2026041004004285,HDHPC,38,64,100,240.0,24000.0,2026-04-10,186071145,2880,Dipshikha Dhitopatra Karobar Co. Pvt Ltd.,SUN SECURITIES PVT LTD,2026-04-10T11:35:20.164,Himal Dolakha Hydropower Company Limited
2026041004004283,HDHPC,34,64,500,240.0,120000.0,2026-04-10,186068342,2880,Vision Securities Pvt. Ltd,SUN SECURITIES PVT LTD,2026-04-10T11:35:20.164,Himal Dolakha Hydropower Company Limited
2026041004004284,HDHPC,42,64,415,240.0,99600.0,2026-04-10,186070275,2880,Sani Securities Company Ltd.,SUN SECURITIES PVT LTD,2026-04-10T11:35:20.164,Himal Dolakha Hydropower Company Limited
2026041004004286,HDHPC,32,64,900,240.0,216000.0,2026-04-10,186067217,2880,Premier Securities Company Ltd.,SUN SECURITIES PVT LTD,2026-04-10T11:35:20.165,Himal Dolakha Hydropower Company Limited
2026041004004287,HDHPC,57,64,492,240.0,118080.0,2026-04-10,186076083,2880,Aryatara Investment & Securities,SUN SECURITIES PVT LTD,2026-04-10T11:35:20.165,Himal Dolakha Hydropower Company Limited
2026041004004289,HDHPC,57,41,508,240.0,121920.0,2026-04-10,186076077,2880,Aryatara Investment & Securities,Linch Stock Market Ltd.,2026-04-10T11:35:22.975,Himal Dolakha Hydropower Company Limited
2026041004004323,HDHPC,74,51,50,240.0,12000.0,2026-04-10,185918846,2880,KALASH STOCK MARKET PVT. LTD.,Oxford Securities Pvt. Ltd.,2026-04-10T11:35:40.334735,Himal Dolakha Hydropower Company Limited
2026041004004324,HDHPC,74,65,450,240.0,108000.0,2026-04-10,185918849,2880,KALASH STOCK MARKET PVT. LTD.,Sharepro Securities Private Limited,2026-04-10T11:35:40.442989,Himal Dolakha Hydropower Company Limited
2026041004004325,HDHPC,56,65,50,239.7,11985.0,2026-04-10,185918850,2880,Sri Hari Securities Pvt. Ltd.,Sharepro Securities Private Limited,2026-04-10T11:35:40.443356,Himal Dolakha Hydropower Company Limited
2026041004004366,HDHPC,56,14,445,239.7,106666.5,2026-04-10,186075393,2880,Sri Hari Securities Pvt. Ltd.,Nepal Stock House (PVT) Ltd.,2026-04-10T11:36:19.123,Himal Dolakha Hydropower Company Limited
2026041004004425,HDHPC,58,65,42,239.7,10067.4,2026-04-10,186078087,2880,Naasa Securities Co. Ltd.,Sharepro Securities Private Limited,2026-04-10T11:36:50.476,Himal Dolakha Hydropower Company Limited
2026041004004460,HDHPC,34,65,58,239.7,13902.6,2026-04-10,186068582,2880,Vision Securities Pvt. Ltd,Sharepro Securities Private Limited,2026-04-10T11:37:03.695,Himal Dolakha Hydropower Company Limited
2026041004004461,HDHPC,34,53,200,239.9,47980.0,2026-04-10,186068503,2880,Vision Securities Pvt. Ltd,Investment Management Nepal Pvt. Ltd.,2026-04-10T11:37:03.696,Himal Dolakha Hydropower Company Limited
2026041004004462,HDHPC,34,49,572,240.0,137280.0,2026-04-10,186068584,2880,Vision Securities Pvt. Ltd,Online Securities Pvt. Ltd.,2026-04-10T11:37:03.696,Himal Dolakha Hydropower Company Limited
2026041004004488,HDHPC,36,49,328,240.0,78720.0,2026-04-10,186069661,2880,Secured Securities Ltd.,Online Securities Pvt. Ltd.,2026-04-10T11:37:20.447,Himal Dolakha Hydropower Company Limited
2026041004004489,HDHPC,36,1,125,240.0,30000.0,2026-04-10,186069495,2880,Secured Securities Ltd.,Kumari Securities Private Limited,2026-04-10T11:37:20.447,Himal Dolakha Hydropower Company Limited
2026041004004490,HDHPC,36,49,797,240.0,191280.0,2026-04-10,186069468,2880,Secured Securities Ltd.,Online Securities Pvt. Ltd.,2026-04-10T11:37:20.448,Himal Dolakha Hydropower Company Limited
2026041004004618,HDHPC,74,1,250,239.0,59750.0,2026-04-10,186080625,2880,KALASH STOCK MARKET PVT. LTD.,Kumari Securities Private Limited,2026-04-10T11:38:13.047,Himal Dolakha Hydropower Company Limited
2026041004004691,HDHPC,74,47,50,239.0,11950.0,2026-04-10,186080738,2880,KALASH STOCK MARKET PVT. LTD.,Neev Securities Pvt. Ltd.,2026-04-10T11:38:48.602,Himal Dolakha Hydropower Company Limited
2026041004004692,HDHPC,42,47,300,239.0,71700.0,2026-04-10,186070456,2880,Sani Securities Company Ltd.,Neev Securities Pvt. Ltd.,2026-04-10T11:38:48.602,Himal Dolakha Hydropower Company Limited
2026041004004693,HDHPC,58,47,20,239.0,4780.0,2026-04-10,186078084,2880,Naasa Securities Co. Ltd.,Neev Securities Pvt. Ltd.,2026-04-10T11:38:48.603,Himal Dolakha Hydropower Company Limited
2026041004004698,HDHPC,17,28,20,239.7,4794.0,2026-04-10,186064656,2880,ABC Securities Private Limited,Shree Krishna Securities Ltd.,2026-04-10T11:38:49.916,Himal Dolakha Hydropower Company Limited
2026041004004697,HDHPC,17,47,30,239.0,7170.0,2026-04-10,186064649,2880,ABC Securities Private Limited,Neev Securities Pvt. Ltd.,2026-04-10T11:38:49.916,Himal Dolakha Hydropower Company Limited
2026041004004708,HDHPC,17,47,110,239.0,26290.0,2026-04-10,186064651,2880,ABC Securities Private Limited,Neev Securities Pvt. Ltd.,2026-04-10T11:38:57.848,Himal Dolakha Hydropower Company Limited
2026041004004709,HDHPC,17,38,250,239.0,59750.0,2026-04-10,186064668,2880,ABC Securities Private Limited,Dipshikha Dhitopatra Karobar Co. Pvt Ltd.,2026-04-10T11:38:57.849,Himal Dolakha Hydropower Company Limited
2026041004004723,HDHPC,17,41,640,239.0,152960.0,2026-04-10,186064666,2880,ABC Securities Private Limited,Linch Stock Market Ltd.,2026-04-10T11:39:05.23,Himal Dolakha Hydropower Company Limited
2026041004004859,HDHPC,29,16,140,238.9,33446.0,2026-04-10,186066939,2880,Trisul Securities & Invt. Ltd.,Primo Securities (PVT) Ltd.,2026-04-10T11:40:03.251,Himal Dolakha Hydropower Company Limited
2026041004004886,HDHPC,51,45,500,238.5,119250.0,2026-04-10,186074908,2880,Oxford Securities Pvt. Ltd.,Imperial Securities Company Pvt. Ltd.,2026-04-10T11:40:22.445,Himal Dolakha Hydropower Company Limited
2026041004004887,HDHPC,58,45,10,238.0,2380.0,2026-04-10,186077161,2880,Naasa Securities Co. Ltd.,Imperial Securities Company Pvt. Ltd.,2026-04-10T11:40:22.445,Himal Dolakha Hydropower Company Limited
2026041004004888,HDHPC,45,45,490,238.0,116620.0,2026-04-10,186072649,2880,Imperial Securities Company Pvt. Ltd.,Imperial Securities Company Pvt. Ltd.,2026-04-10T11:40:22.445,Himal Dolakha Hydropower Company Limited
2026041004004904,HDHPC,45,58,580,238.0,138040.0,2026-04-10,186072527,2880,Imperial Securities Company Pvt. Ltd.,Naasa Securities Co. Ltd.,2026-04-10T11:40:46.422,Himal Dolakha Hydropower Company Limited
2026041004004913,HDHPC,45,64,430,238.0,102340.0,2026-04-10,186072535,2880,Imperial Securities Company Pvt. Ltd.,SUN SECURITIES PVT LTD,2026-04-10T11:40:53.67,Himal Dolakha Hydropower Company Limited
2026041004004914,HDHPC,35,64,2100,238.0,499800.0,2026-04-10,186069042,2880,Kohinoor Investment & Securities Pvt. Ltd.,SUN SECURITIES PVT LTD,2026-04-10T11:40:53.67,Himal Dolakha Hydropower Company Limited
2026041004004917,HDHPC,49,64,100,238.0,23800.0,2026-04-10,186074333,2880,Online Securities Pvt. Ltd.,SUN SECURITIES PVT LTD,2026-04-10T11:40:53.671,Himal Dolakha Hydropower Company Limited
2026041004004915,HDHPC,58,64,290,238.0,69020.0,2026-04-10,186077680,2880,Naasa Securities Co. Ltd.,SUN SECURITIES PVT LTD,2026-04-10T11:40:53.671,Himal Dolakha Hydropower Company Limited
2026041004004916,HDHPC,42,64,290,238.0,69020.0,2026-04-10,186069822,2880,Sani Securities Company Ltd.,SUN SECURITIES PVT LTD,2026-04-10T11:40:53.671,Himal Dolakha Hydropower Company Limited
2026041004004922,HDHPC,4,64,200,238.0,47600.0,2026-04-10,186062687,2880,Opal Securities Investment (PVT) Ltd.,SUN SECURITIES PVT LTD,2026-04-10T11:40:58.215,Himal Dolakha Hydropower Company Limited
2026041004005045,HDHPC,56,41,100,239.0,23900.0,2026-04-10,186075483,2880,Sri Hari Securities Pvt. Ltd.,Linch Stock Market Ltd.,2026-04-10T11:42:36.539,Himal Dolakha Hydropower Company Limited
2026041004005075,HDHPC,17,28,20,239.7,4794.0,2026-04-10,186064862,2880,ABC Securities Private Limited,Shree Krishna Securities Ltd.,2026-04-10T11:43:00.166,Himal Dolakha Hydropower Company Limited
2026041004005098,HDHPC,47,28,10,239.7,2397.0,2026-04-10,186073274,2880,Neev Securities Pvt. Ltd.,Shree Krishna Securities Ltd.,2026-04-10T11:43:25.835,Himal Dolakha Hydropower Company Limited
2026041004005099,HDHPC,47,96,551,239.8,132129.8,2026-04-10,186073276,2880,Neev Securities Pvt. Ltd.,Himalayan Securities Limited,2026-04-10T11:43:25.836,Himal Dolakha Hydropower Company Limited
2026041004005100,HDHPC,47,36,50,239.9,11995.0,2026-04-10,186073275,2880,Neev Securities Pvt. Ltd.,Secured Securities Ltd.,2026-04-10T11:43:25.836,Himal Dolakha Hydropower Company Limited
2026041004005101,HDHPC,47,25,300,239.9,71970.0,2026-04-10,186073280,2880,Neev Securities Pvt. Ltd.,Sweta Securities Private Limited,2026-04-10T11:43:25.836,Himal Dolakha Hydropower Company Limited
2026041004005104,HDHPC,47,35,100,240.0,24000.0,2026-04-10,186073278,2880,Neev Securities Pvt. Ltd.,Kohinoor Investment & Securities Pvt. Ltd.,2026-04-10T11:43:25.837,Himal Dolakha Hydropower Company Limited
2026041004005103,HDHPC,47,42,400,240.0,96000.0,2026-04-10,186073285,2880,Neev Securities Pvt. Ltd.,Sani Securities Company Ltd.,2026-04-10T11:43:25.837,Himal Dolakha Hydropower Company Limited
2026041004005102,HDHPC,47,49,1203,240.0,288720.0,2026-04-10,186073271,2880,Neev Securities Pvt. Ltd.,Online Securities Pvt. Ltd.,2026-04-10T11:43:25.837,Himal Dolakha Hydropower Company Limited
2026041004005108,HDHPC,47,57,200,240.0,48000.0,2026-04-10,186073283,2880,Neev Securities Pvt. Ltd.,Aryatara Investment & Securities,2026-04-10T11:43:25.838,Himal Dolakha Hydropower Company Limited
2026041004005105,HDHPC,47,58,500,240.0,120000.0,2026-04-10,186073279,2880,Neev Securities Pvt. Ltd.,Naasa Securities Co. Ltd.,2026-04-10T11:43:25.838,Himal Dolakha Hydropower Company Limited
2026041004005106,HDHPC,47,58,500,240.0,120000.0,2026-04-10,186073288,2880,Neev Securities Pvt. Ltd.,Naasa Securities Co. Ltd.,2026-04-10T11:43:25.838,Himal Dolakha Hydropower Company Limited
2026041004005107,HDHPC,47,11,100,240.0,24000.0,2026-04-10,186073287,2880,Neev Securities Pvt. Ltd.,Malla & Malla Stock Broking Company Pvt. Limited,2026-04-10T11:43:25.838,Himal Dolakha Hydropower Company Limited
2026041004005109,HDHPC,47,58,1875,240.0,450000.0,2026-04-10,186073284,2880,Neev Securities Pvt. Ltd.,Naasa Securities Co. Ltd.,2026-04-10T11:43:25.839,Himal Dolakha Hydropower Company Limited
2026041004005110,HDHPC,47,58,211,240.0,50640.0,2026-04-10,186073105,2880,Neev Securities Pvt. Ltd.,Naasa Securities Co. Ltd.,2026-04-10T11:43:25.839,Himal Dolakha Hydropower Company Limited
2026041004005130,HDHPC,58,46,225,240.0,54000.0,2026-04-10,186078146,2880,Naasa Securities Co. Ltd.,Kalika Securities Pvt. Ltd.,2026-04-10T11:43:38.455,Himal Dolakha Hydropower Company Limited
2026041004005154,HDHPC,67,96,10,240.3,2403.0,2026-04-10,186079721,2880,Property Wiard Limited,Himalayan Securities Limited,2026-04-10T11:43:58.423,Himal Dolakha Hydropower Company Limited
2026041004005155,HDHPC,67,34,212,241.0,51092.0,2026-04-10,186079718,2880,Property Wiard Limited,Vision Securities Pvt. Ltd,2026-04-10T11:43:58.423,Himal Dolakha Hydropower Company Limited
2026041004005158,HDHPC,67,101,150,241.0,36150.0,2026-04-10,186079742,2880,Property Wiard Limited,APPLE SECURITIES PRIVATE LIMITED,2026-04-10T11:43:58.424,Himal Dolakha Hydropower Company Limited
2026041004005156,HDHPC,67,58,570,241.0,137370.0,2026-04-10,186079717,2880,Property Wiard Limited,Naasa Securities Co. Ltd.,2026-04-10T11:43:58.424,Himal Dolakha Hydropower Company Limited
2026041004005157,HDHPC,67,58,1000,241.0,241000.0,2026-04-10,186079706,2880,Property Wiard Limited,Naasa Securities Co. Ltd.,2026-04-10T11:43:58.424,Himal Dolakha Hydropower Company Limited
2026041004005171,HDHPC,67,16,58,241.0,13978.0,2026-04-10,186079744,2880,Property Wiard Limited,Primo Securities (PVT) Ltd.,2026-04-10T11:44:02.81,Himal Dolakha Hydropower Company Limited
2026041004005190,HDHPC,47,43,30,241.9,7257.0,2026-04-10,186073333,2880,Neev Securities Pvt. Ltd.,South Asian Bulls Pvt. Ltd.,2026-04-10T11:44:26.003,Himal Dolakha Hydropower Company Limited
2026041004005191,HDHPC,47,28,500,241.9,120950.0,2026-04-10,186073348,2880,Neev Securities Pvt. Ltd.,Shree Krishna Securities Ltd.,2026-04-10T11:44:26.004,Himal Dolakha Hydropower Company Limited
2026041004005192,HDHPC,47,16,1302,241.9,314953.8,2026-04-10,186073352,2880,Neev Securities Pvt. Ltd.,Primo Securities (PVT) Ltd.,2026-04-10T11:44:26.004,Himal Dolakha Hydropower Company Limited
2026041004005195,HDHPC,47,49,250,242.0,60500.0,2026-04-10,186073319,2880,Neev Securities Pvt. Ltd.,Online Securities Pvt. Ltd.,2026-04-10T11:44:26.005,Himal Dolakha Hydropower Company Limited
2026041004005194,HDHPC,47,91,2000,242.0,484000.0,2026-04-10,186073350,2880,Neev Securities Pvt. Ltd.,Citizens Share Broker Limited,2026-04-10T11:44:26.005,Himal Dolakha Hydropower Company Limited
2026041004005193,HDHPC,47,44,1114,242.0,269588.0,2026-04-10,186073321,2880,Neev Securities Pvt. Ltd.,Dynamic Money Managers Securities Pvt. Ltd.,2026-04-10T11:44:26.005,Himal Dolakha Hydropower Company Limited
2026041004005196,HDHPC,47,57,250,242.0,60500.0,2026-04-10,186073331,2880,Neev Securities Pvt. Ltd.,Aryatara Investment & Securities,2026-04-10T11:44:26.006,Himal Dolakha Hydropower Company Limited
2026041004005197,HDHPC,47,35,177,242.0,42834.0,2026-04-10,186073360,2880,Neev Securities Pvt. Ltd.,Kohinoor Investment & Securities Pvt. Ltd.,2026-04-10T11:44:26.006,Himal Dolakha Hydropower Company Limited
2026041004005198,HDHPC,47,58,20,242.0,4840.0,2026-04-10,186073329,2880,Neev Securities Pvt. Ltd.,Naasa Securities Co. Ltd.,2026-04-10T11:44:26.006,Himal Dolakha Hydropower Company Limited
2026041004005199,HDHPC,47,1,200,242.0,48400.0,2026-04-10,186073362,2880,Neev Securities Pvt. Ltd.,Kumari Securities Private Limited,2026-04-10T11:44:26.006,Himal Dolakha Hydropower Company Limited
2026041004005200,HDHPC,47,49,1000,242.0,242000.0,2026-04-10,186073359,2880,Neev Securities Pvt. Ltd.,Online Securities Pvt. Ltd.,2026-04-10T11:44:26.007,Himal Dolakha Hydropower Company Limited
2026041004005201,HDHPC,47,48,450,242.0,108900.0,2026-04-10,186073335,2880,Neev Securities Pvt. Ltd.,Trishakti Securities Public Limited,2026-04-10T11:44:26.007,Himal Dolakha Hydropower Company Limited
2026041004005202,HDHPC,47,57,200,242.0,48400.0,2026-04-10,186073361,2880,Neev Securities Pvt. Ltd.,Aryatara Investment & Securities,2026-04-10T11:44:26.007,Himal Dolakha Hydropower Company Limited
2026041004005205,HDHPC,47,45,500,242.0,121000.0,2026-04-10,186073358,2880,Neev Securities Pvt. Ltd.,Imperial Securities Company Pvt. Ltd.,2026-04-10T11:44:26.008,Himal Dolakha Hydropower Company Limited
2026041004005204,HDHPC,47,25,200,242.0,48400.0,2026-04-10,186073339,2880,Neev Securities Pvt. Ltd.,Sweta Securities Private Limited,2026-04-10T11:44:26.008,Himal Dolakha Hydropower Company Limited
2026041004005203,HDHPC,47,49,105,242.0,25410.0,2026-04-10,186073337,2880,Neev Securities Pvt. Ltd.,Online Securities Pvt. Ltd.,2026-04-10T11:44:26.008,Himal Dolakha Hydropower Company Limited
2026041004005206,HDHPC,47,58,1702,242.0,411884.0,2026-04-10,186073327,2880,Neev Securities Pvt. Ltd.,Naasa Securities Co. Ltd.,2026-04-10T11:44:26.009,Himal Dolakha Hydropower Company Limited
2026041004005217,HDHPC,47,59,500,241.0,120500.0,2026-04-10,186073343,2880,Neev Securities Pvt. Ltd.,Deevyaa Securities & Stock House Pvt. Ltd,2026-04-10T11:44:38.31,Himal Dolakha Hydropower Company Limited
2026041004005218,HDHPC,47,58,100,241.5,24150.0,2026-04-10,186073363,2880,Neev Securities Pvt. Ltd.,Naasa Securities Co. Ltd.,2026-04-10T11:44:38.311,Himal Dolakha Hydropower Company Limited
2026041004005219,HDHPC,47,96,400,241.8,96720.0,2026-04-10,186073364,2880,Neev Securities Pvt. Ltd.,Himalayan Securities Limited,2026-04-10T11:44:38.311,Himal Dolakha Hydropower Company Limited
2026041004005255,HDHPC,17,6,6,238.0,1428.0,2026-04-10,186064950,2880,ABC Securities Private Limited,Agrawal Securities (PVT) Ltd.,2026-04-10T11:45:00.577,Himal Dolakha Hydropower Company Limited
2026041004005256,HDHPC,47,47,200,241.0,48200.0,2026-04-10,186073131,2880,Neev Securities Pvt. Ltd.,Neev Securities Pvt. Ltd.,2026-04-10T11:45:00.74,Himal Dolakha Hydropower Company Limited
2026041004005257,HDHPC,47,96,600,241.8,145080.0,2026-04-10,186073150,2880,Neev Securities Pvt. Ltd.,Himalayan Securities Limited,2026-04-10T11:45:00.74,Himal Dolakha Hydropower Company Limited
2026041004005258,HDHPC,47,58,200,242.0,48400.0,2026-04-10,186073135,2880,Neev Securities Pvt. Ltd.,Naasa Securities Co. Ltd.,2026-04-10T11:45:00.74,Himal Dolakha Hydropower Company Limited
2026041004005264,HDHPC,21,44,100,241.0,24100.0,2026-04-10,186065697,2880,Midas Stock Broking Company Private Limited,Dynamic Money Managers Securities Pvt. Ltd.,2026-04-10T11:45:09.307,Himal Dolakha Hydropower Company Limited
2026041004005292,HDHPC,47,6,100,242.0,24200.0,2026-04-10,186073212,2880,Neev Securities Pvt. Ltd.,Agrawal Securities (PVT) Ltd.,2026-04-10T11:45:21.337,Himal Dolakha Hydropower Company Limited
2026041004005291,HDHPC,47,38,2000,242.0,484000.0,2026-04-10,186073213,2880,Neev Securities Pvt. Ltd.,Dipshikha Dhitopatra Karobar Co. Pvt Ltd.,2026-04-10T11:45:21.337,Himal Dolakha Hydropower Company Limited
2026041004005287,HDHPC,47,44,400,241.0,96400.0,2026-04-10,186073210,2880,Neev Securities Pvt. Ltd.,Dynamic Money Managers Securities Pvt. Ltd.,2026-04-10T11:45:21.337,Himal Dolakha Hydropower Company Limited
2026041004005289,HDHPC,47,53,100,241.9,24190.0,2026-04-10,186073092,2880,Neev Securities Pvt. Ltd.,Investment Management Nepal Pvt. Ltd.,2026-04-10T11:45:21.337,Himal Dolakha Hydropower Company Limited
2026041004005288,HDHPC,47,4,23,241.8,5561.4,2026-04-10,186073201,2880,Neev Securities Pvt. Ltd.,Opal Securities Investment (PVT) Ltd.,2026-04-10T11:45:21.337,Himal Dolakha Hydropower Company Limited
2026041004005290,HDHPC,47,58,3098,242.0,749716.0,2026-04-10,186073207,2880,Neev Securities Pvt. Ltd.,Naasa Securities Co. Ltd.,2026-04-10T11:45:21.337,Himal Dolakha Hydropower Company Limited
2026041004005293,HDHPC,47,57,500,242.0,121000.0,2026-04-10,186073109,2880,Neev Securities Pvt. Ltd.,Aryatara Investment & Securities,2026-04-10T11:45:21.338,Himal Dolakha Hydropower Company Limited
2026041004005294,HDHPC,47,26,1000,242.0,242000.0,2026-04-10,186073220,2880,Neev Securities Pvt. Ltd.,Asian Securities Private Ltd.,2026-04-10T11:45:21.338,Himal Dolakha Hydropower Company Limited
2026041004005295,HDHPC,47,58,20,242.0,4840.0,2026-04-10,186073216,2880,Neev Securities Pvt. Ltd.,Naasa Securities Co. Ltd.,2026-04-10T11:45:21.338,Himal Dolakha Hydropower Company Limited
2026041004005311,HDHPC,47,58,500,242.0,121000.0,2026-04-10,186073222,2880,Neev Securities Pvt. Ltd.,Naasa Securities Co. Ltd.,2026-04-10T11:45:38.388,Himal Dolakha Hydropower Company Limited
2026041004005334,HDHPC,47,29,1000,242.0,242000.0,2026-04-10,186073180,2880,Neev Securities Pvt. Ltd.,Trisul Securities & Invt. Ltd.,2026-04-10T11:45:54.111,Himal Dolakha Hydropower Company Limited
2026041004005336,HDHPC,47,46,75,242.0,18150.0,2026-04-10,186073168,2880,Neev Securities Pvt. Ltd.,Kalika Securities Pvt. Ltd.,2026-04-10T11:45:57.329,Himal Dolakha Hydropower Company Limited
2026041004005349,HDHPC,47,34,1000,242.0,242000.0,2026-04-10,186073159,2880,Neev Securities Pvt. Ltd.,Vision Securities Pvt. Ltd,2026-04-10T11:46:12.236,Himal Dolakha Hydropower Company Limited
2026041004005358,HDHPC,38,34,50,242.7,12135.0,2026-04-10,186070917,2880,Dipshikha Dhitopatra Karobar Co. Pvt Ltd.,Vision Securities Pvt. Ltd,2026-04-10T11:46:14.577,Himal Dolakha Hydropower Company Limited
2026041004005355,HDHPC,38,101,10,242.3,2423.0,2026-04-10,186070669,2880,Dipshikha Dhitopatra Karobar Co. Pvt Ltd.,APPLE SECURITIES PRIVATE LIMITED,2026-04-10T11:46:14.577,Himal Dolakha Hydropower Company Limited
2026041004005357,HDHPC,38,6,100,242.7,24270.0,2026-04-10,186070674,2880,Dipshikha Dhitopatra Karobar Co. Pvt Ltd.,Agrawal Securities (PVT) Ltd.,2026-04-10T11:46:14.577,Himal Dolakha Hydropower Company Limited
2026041004005353,HDHPC,38,58,500,242.3,121150.0,2026-04-10,186070927,2880,Dipshikha Dhitopatra Karobar Co. Pvt Ltd.,Naasa Securities Co. Ltd.,2026-04-10T11:46:14.577,Himal Dolakha Hydropower Company Limited
2026041004005354,HDHPC,38,51,100,242.3,24230.0,2026-04-10,186070916,2880,Dipshikha Dhitopatra Karobar Co. Pvt Ltd.,Oxford Securities Pvt. Ltd.,2026-04-10T11:46:14.577,Himal Dolakha Hydropower Company Limited
2026041004005351,HDHPC,38,85,500,242.1,121050.0,2026-04-10,186070910,2880,Dipshikha Dhitopatra Karobar Co. Pvt Ltd.,Capital Hub P. Ltd,2026-04-10T11:46:14.577,Himal Dolakha Hydropower Company Limited
2026041004005356,HDHPC,38,43,30,242.6,7278.0,2026-04-10,186070929,2880,Dipshikha Dhitopatra Karobar Co. Pvt Ltd.,South Asian Bulls Pvt. Ltd.,2026-04-10T11:46:14.577,Himal Dolakha Hydropower Company Limited
2026041004005352,HDHPC,38,57,10,242.1,2421.0,2026-04-10,186070912,2880,Dipshikha Dhitopatra Karobar Co. Pvt Ltd.,Aryatara Investment & Securities,2026-04-10T11:46:14.577,Himal Dolakha Hydropower Company Limited
2026041004005375,HDHPC,47,58,2607,242.7,632718.9,2026-04-10,186073163,2880,Neev Securities Pvt. Ltd.,Naasa Securities Co. Ltd.,2026-04-10T11:46:29.558,Himal Dolakha Hydropower Company Limited
2026041004005374,HDHPC,47,34,70,242.7,16989.0,2026-04-10,186073188,2880,Neev Securities Pvt. Ltd.,Vision Securities Pvt. Ltd,2026-04-10T11:46:29.558,Himal Dolakha Hydropower Company Limited
2026041004005376,HDHPC,47,58,10,242.7,2427.0,2026-04-10,186073173,2880,Neev Securities Pvt. Ltd.,Naasa Securities Co. Ltd.,2026-04-10T11:46:29.559,Himal Dolakha Hydropower Company Limited
2026041004005377,HDHPC,47,14,500,242.7,121350.0,2026-04-10,186073193,2880,Neev Securities Pvt. Ltd.,Nepal Stock House (PVT) Ltd.,2026-04-10T11:46:29.559,Himal Dolakha Hydropower Company Limited
2026041004005378,HDHPC,47,39,1000,242.7,242700.0,2026-04-10,186073198,2880,Neev Securities Pvt. Ltd.,Sumeru Securities Pvt. Ltd.,2026-04-10T11:46:29.559,Himal Dolakha Hydropower Company Limited
2026041004005379,HDHPC,47,22,100,243.0,24300.0,2026-04-10,186073177,2880,Neev Securities Pvt. Ltd.,Siprabi Securities Pvt. Ltd.,2026-04-10T11:46:29.56,Himal Dolakha Hydropower Company Limited
2026041004005380,HDHPC,47,47,400,243.0,97200.0,2026-04-10,186073190,2880,Neev Securities Pvt. Ltd.,Neev Securities Pvt. Ltd.,2026-04-10T11:46:29.56,Himal Dolakha Hydropower Company Limited
2026041004005381,HDHPC,47,42,10,243.0,2430.0,2026-04-10,186073196,2880,Neev Securities Pvt. Ltd.,Sani Securities Company Ltd.,2026-04-10T11:46:29.56,Himal Dolakha Hydropower Company Limited
2026041004005382,HDHPC,47,38,1575,243.0,382725.0,2026-04-10,186073181,2880,Neev Securities Pvt. Ltd.,Dipshikha Dhitopatra Karobar Co. Pvt Ltd.,2026-04-10T11:46:29.561,Himal Dolakha Hydropower Company Limited
2026041004005383,HDHPC,47,6,500,243.0,121500.0,2026-04-10,186073106,2880,Neev Securities Pvt. Ltd.,Agrawal Securities (PVT) Ltd.,2026-04-10T11:46:29.561,Himal Dolakha Hydropower Company Limited
2026041004005384,HDHPC,47,32,50,243.0,12150.0,2026-04-10,186073185,2880,Neev Securities Pvt. Ltd.,Premier Securities Company Ltd.,2026-04-10T11:46:29.561,Himal Dolakha Hydropower Company Limited
2026041004005385,HDHPC,47,22,100,243.0,24300.0,2026-04-10,186073191,2880,Neev Securities Pvt. Ltd.,Siprabi Securities Pvt. Ltd.,2026-04-10T11:46:29.561,Himal Dolakha Hydropower Company Limited
2026041004005388,HDHPC,47,4,1000,243.0,243000.0,2026-04-10,186073112,2880,Neev Securities Pvt. Ltd.,Opal Securities Investment (PVT) Ltd.,2026-04-10T11:46:29.562,Himal Dolakha Hydropower Company Limited
2026041004005386,HDHPC,47,38,200,243.0,48600.0,2026-04-10,186073202,2880,Neev Securities Pvt. Ltd.,Dipshikha Dhitopatra Karobar Co. Pvt Ltd.,2026-04-10T11:46:29.562,Himal Dolakha Hydropower Company Limited
2026041004005387,HDHPC,47,1,200,243.0,48600.0,2026-04-10,186073189,2880,Neev Securities Pvt. Ltd.,Kumari Securities Private Limited,2026-04-10T11:46:29.562,Himal Dolakha Hydropower Company Limited
2026041004005389,HDHPC,47,19,200,243.0,48600.0,2026-04-10,186073200,2880,Neev Securities Pvt. Ltd.,Nepal Investment And Securities Trading Private Limited,2026-04-10T11:46:29.563,Himal Dolakha Hydropower Company Limited
2026041004005390,HDHPC,47,22,35,243.0,8505.0,2026-04-10,186073175,2880,Neev Securities Pvt. Ltd.,Siprabi Securities Pvt. Ltd.,2026-04-10T11:46:29.563,Himal Dolakha Hydropower Company Limited
2026041004005396,HDHPC,47,67,1420,243.0,345060.0,2026-04-10,186073246,2880,Neev Securities Pvt. Ltd.,Property Wiard Limited,2026-04-10T11:46:36.981,Himal Dolakha Hydropower Company Limited
2026041004005408,HDHPC,32,64,6283,242.0,1520486.0,2026-04-10,186067341,2880,Premier Securities Company Ltd.,SUN SECURITIES PVT LTD,2026-04-10T11:46:41.378,Himal Dolakha Hydropower Company Limited
2026041004005407,HDHPC,45,64,10,242.0,2420.0,2026-04-10,186072426,2880,Imperial Securities Company Pvt. Ltd.,SUN SECURITIES PVT LTD,2026-04-10T11:46:41.378,Himal Dolakha Hydropower Company Limited
2026041004005405,HDHPC,62,64,500,242.1,121050.0,2026-04-10,186079777,2880,Capital Max Securities Ltd,SUN SECURITIES PVT LTD,2026-04-10T11:46:41.378,Himal Dolakha Hydropower Company Limited
2026041004005404,HDHPC,47,64,23,243.0,5589.0,2026-04-10,186073248,2880,Neev Securities Pvt. Ltd.,SUN SECURITIES PVT LTD,2026-04-10T11:46:41.378,Himal Dolakha Hydropower Company Limited
2026041004005406,HDHPC,47,64,184,242.0,44528.0,2026-04-10,186073233,2880,Neev Securities Pvt. Ltd.,SUN SECURITIES PVT LTD,2026-04-10T11:46:41.378,Himal Dolakha Hydropower Company Limited
2026041004005409,HDHPC,68,58,50,243.6,12180.0,2026-04-10,186080283,2880,Elite Stock House Limited,Naasa Securities Co. Ltd.,2026-04-10T11:46:43.951,Himal Dolakha Hydropower Company Limited
2026041004005410,HDHPC,68,64,950,243.7,231515.0,2026-04-10,186080280,2880,Elite Stock House Limited,SUN SECURITIES PVT LTD,2026-04-10T11:46:43.951,Himal Dolakha Hydropower Company Limited
2026041004005419,HDHPC,38,36,30,243.6,7308.0,2026-04-10,186070696,2880,Dipshikha Dhitopatra Karobar Co. Pvt Ltd.,Secured Securities Ltd.,2026-04-10T11:46:53.789,Himal Dolakha Hydropower Company Limited
2026041004005430,HDHPC,62,36,20,242.5,4850.0,2026-04-10,186079942,2880,Capital Max Securities Ltd,Secured Securities Ltd.,2026-04-10T11:47:02.207,Himal Dolakha Hydropower Company Limited
2026041004005431,HDHPC,62,47,100,243.0,24300.0,2026-04-10,186079917,2880,Capital Max Securities Ltd,Neev Securities Pvt. Ltd.,2026-04-10T11:47:02.207,Himal Dolakha Hydropower Company Limited
2026041004005432,HDHPC,62,45,88,243.0,21384.0,2026-04-10,186079913,2880,Capital Max Securities Ltd,Imperial Securities Company Pvt. Ltd.,2026-04-10T11:47:02.207,Himal Dolakha Hydropower Company Limited
2026041004005433,HDHPC,62,57,792,243.6,192931.2,2026-04-10,186079940,2880,Capital Max Securities Ltd,Aryatara Investment & Securities,2026-04-10T11:47:02.208,Himal Dolakha Hydropower Company Limited
2026041004005438,HDHPC,58,57,208,243.6,50668.8,2026-04-10,186077914,2880,Naasa Securities Co. Ltd.,Aryatara Investment & Securities,2026-04-10T11:47:05.858,Himal Dolakha Hydropower Company Limited
2026041004005461,HDHPC,58,42,200,243.6,48720.0,2026-04-10,186077924,2880,Naasa Securities Co. Ltd.,Sani Securities Company Ltd.,2026-04-10T11:47:13.581,Himal Dolakha Hydropower Company Limited
2026041004005462,HDHPC,50,64,1000,243.7,243700.0,2026-04-10,186074716,2880,Cristal Kanchanjanga Securites Pvt. Ltd.,SUN SECURITIES PVT LTD,2026-04-10T11:47:14.204,Himal Dolakha Hydropower Company Limited
2026041004005471,HDHPC,62,64,16,243.7,3899.2,2026-04-10,186079929,2880,Capital Max Securities Ltd,SUN SECURITIES PVT LTD,2026-04-10T11:47:23.047,Himal Dolakha Hydropower Company Limited
2026041004005481,HDHPC,58,29,300,243.6,73080.0,2026-04-10,186077844,2880,Naasa Securities Co. Ltd.,Trisul Securities & Invt. Ltd.,2026-04-10T11:47:31.186,Himal Dolakha Hydropower Company Limited
2026041004005515,HDHPC,17,64,1000,243.7,243700.0,2026-04-10,186065079,2880,ABC Securities Private Limited,SUN SECURITIES PVT LTD,2026-04-10T11:47:44.435,Himal Dolakha Hydropower Company Limited
2026041004005517,HDHPC,58,58,500,243.6,121800.0,2026-04-10,186077809,2880,Naasa Securities Co. Ltd.,Naasa Securities Co. Ltd.,2026-04-10T11:47:46.636,Himal Dolakha Hydropower Company Limited
2026041004005522,HDHPC,58,34,1000,243.6,243600.0,2026-04-10,186076701,2880,Naasa Securities Co. Ltd.,Vision Securities Pvt. Ltd,2026-04-10T11:47:50.213,Himal Dolakha Hydropower Company Limited
2026041004005531,HDHPC,47,64,2034,243.7,495685.8,2026-04-10,186073286,2880,Neev Securities Pvt. Ltd.,SUN SECURITIES PVT LTD,2026-04-10T11:47:55.666,Himal Dolakha Hydropower Company Limited
2026041004005532,HDHPC,47,17,30,243.7,7311.0,2026-04-10,186073281,2880,Neev Securities Pvt. Ltd.,ABC Securities Private Limited,2026-04-10T11:47:55.666,Himal Dolakha Hydropower Company Limited
2026041004005535,HDHPC,47,13,500,243.7,121850.0,2026-04-10,186073107,2880,Neev Securities Pvt. Ltd.,Thrive Brokerage House Pvt. Ltd,2026-04-10T11:47:55.667,Himal Dolakha Hydropower Company Limited
2026041004005533,HDHPC,47,49,100,243.7,24370.0,2026-04-10,186073290,2880,Neev Securities Pvt. Ltd.,Online Securities Pvt. Ltd.,2026-04-10T11:47:55.667,Himal Dolakha Hydropower Company Limited
2026041004005534,HDHPC,47,22,200,243.7,48740.0,2026-04-10,186073306,2880,Neev Securities Pvt. Ltd.,Siprabi Securities Pvt. Ltd.,2026-04-10T11:47:55.667,Himal Dolakha Hydropower Company Limited
2026041004005537,HDHPC,47,83,1000,243.7,243700.0,2026-04-10,186073277,2880,Neev Securities Pvt. Ltd.,Sanima Securities Limited,2026-04-10T11:47:55.668,Himal Dolakha Hydropower Company Limited
2026041004005536,HDHPC,47,22,1200,243.7,292440.0,2026-04-10,186073292,2880,Neev Securities Pvt. Ltd.,Siprabi Securities Pvt. Ltd.,2026-04-10T11:47:55.668,Himal Dolakha Hydropower Company Limited
2026041004005543,HDHPC,47,5,500,243.7,121850.0,2026-04-10,186073291,2880,Neev Securities Pvt. Ltd.,Market Securities & Exchange (PVT) Ltd.,2026-04-10T11:48:00.016,Himal Dolakha Hydropower Company Limited
2026041004005555,HDHPC,17,64,11,243.7,2680.7,2026-04-10,186064697,2880,ABC Securities Private Limited,SUN SECURITIES PVT LTD,2026-04-10T11:48:13.073,Himal Dolakha Hydropower Company Limited
2026041004005553,HDHPC,47,64,4436,243.7,1081053.2,2026-04-10,186073269,2880,Neev Securities Pvt. Ltd.,SUN SECURITIES PVT LTD,2026-04-10T11:48:13.073,Himal Dolakha Hydropower Company Limited
2026041004005554,HDHPC,22,64,1000,243.7,243700.0,2026-04-10,186065976,2880,Siprabi Securities Pvt. Ltd.,SUN SECURITIES PVT LTD,2026-04-10T11:48:13.073,Himal Dolakha Hydropower Company Limited
2026041004005556,HDHPC,58,64,553,243.6,134710.8,2026-04-10,186078138,2880,Naasa Securities Co. Ltd.,SUN SECURITIES PVT LTD,2026-04-10T11:48:13.074,Himal Dolakha Hydropower Company Limited
2026041004005583,HDHPC,58,19,114,243.6,27770.4,2026-04-10,186078180,2880,Naasa Securities Co. Ltd.,Nepal Investment And Securities Trading Private Limited,2026-04-10T11:48:29.017,Himal Dolakha Hydropower Company Limited
2026041004005593,HDHPC,47,64,3000,243.0,729000.0,2026-04-10,186073289,2880,Neev Securities Pvt. Ltd.,SUN SECURITIES PVT LTD,2026-04-10T11:48:38.901,Himal Dolakha Hydropower Company Limited
2026041004005612,HDHPC,75,47,10,243.0,2430.0,2026-04-10,186080202,2880,N.I.M.B. Stock Markets Limited,Neev Securities Pvt. Ltd.,2026-04-10T11:48:53.864,Himal Dolakha Hydropower Company Limited
2026041004005623,HDHPC,5,47,90,243.0,21870.0,2026-04-10,186063026,2880,Market Securities & Exchange (PVT) Ltd.,Neev Securities Pvt. Ltd.,2026-04-10T11:49:02.898,Himal Dolakha Hydropower Company Limited
2026041004005624,HDHPC,5,19,886,243.6,215829.6,2026-04-10,186063016,2880,Market Securities & Exchange (PVT) Ltd.,Nepal Investment And Securities Trading Private Limited,2026-04-10T11:49:02.898,Himal Dolakha Hydropower Company Limited
2026041004005625,HDHPC,5,17,24,243.7,5848.8,2026-04-10,186063027,2880,Market Securities & Exchange (PVT) Ltd.,ABC Securities Private Limited,2026-04-10T11:49:02.898,Himal Dolakha Hydropower Company Limited
2026041004005637,HDHPC,47,28,500,243.0,121500.0,2026-04-10,186073126,2880,Neev Securities Pvt. Ltd.,Shree Krishna Securities Ltd.,2026-04-10T11:49:22.214,Himal Dolakha Hydropower Company Limited
2026041004005639,HDHPC,47,47,500,243.0,121500.0,2026-04-10,186073351,2880,Neev Securities Pvt. Ltd.,Neev Securities Pvt. Ltd.,2026-04-10T11:49:22.725,Himal Dolakha Hydropower Company Limited
2026041004005681,HDHPC,47,41,3852,243.0,936036.0,2026-04-10,186073125,2880,Neev Securities Pvt. Ltd.,Linch Stock Market Ltd.,2026-04-10T11:49:43.864,Himal Dolakha Hydropower Company Limited
2026041004005683,HDHPC,47,38,148,243.0,35964.0,2026-04-10,186073140,2880,Neev Securities Pvt. Ltd.,Dipshikha Dhitopatra Karobar Co. Pvt Ltd.,2026-04-10T11:49:46.715,Himal Dolakha Hydropower Company Limited
2026041004005753,HDHPC,35,38,40,242.0,9680.0,2026-04-10,186069059,2880,Kohinoor Investment & Securities Pvt. Ltd.,Dipshikha Dhitopatra Karobar Co. Pvt Ltd.,2026-04-10T11:50:41.957,Himal Dolakha Hydropower Company Limited
2026041004005764,HDHPC,35,47,10,242.0,2420.0,2026-04-10,186069010,2880,Kohinoor Investment & Securities Pvt. Ltd.,Neev Securities Pvt. Ltd.,2026-04-10T11:50:47.562,Himal Dolakha Hydropower Company Limited
2026041004005789,HDHPC,19,38,12,241.1,2893.2,2026-04-10,186065356,2880,Nepal Investment And Securities Trading Private Limited,Dipshikha Dhitopatra Karobar Co. Pvt Ltd.,2026-04-10T11:51:10.617,Himal Dolakha Hydropower Company Limited
2026041004005790,HDHPC,46,16,8,240.0,1920.0,2026-04-10,186072995,2880,Kalika Securities Pvt. Ltd.,Primo Securities (PVT) Ltd.,2026-04-10T11:51:15.819,Himal Dolakha Hydropower Company Limited
2026041004005802,HDHPC,58,47,50,242.0,12100.0,2026-04-10,186077074,2880,Naasa Securities Co. Ltd.,Neev Securities Pvt. Ltd.,2026-04-10T11:51:32.49,Himal Dolakha Hydropower Company Limited
2026041004005803,HDHPC,19,58,100,241.1,24110.0,2026-04-10,186065462,2880,Nepal Investment And Securities Trading Private Limited,Naasa Securities Co. Ltd.,2026-04-10T11:51:33.262,Himal Dolakha Hydropower Company Limited
2026041004005865,HDHPC,19,64,98,241.1,23627.8,2026-04-10,186065293,2880,Nepal Investment And Securities Trading Private Limited,SUN SECURITIES PVT LTD,2026-04-10T11:52:14.979,Himal Dolakha Hydropower Company Limited
2026041004005866,HDHPC,58,64,20,241.1,4822.0,2026-04-10,186077816,2880,Naasa Securities Co. Ltd.,SUN SECURITIES PVT LTD,2026-04-10T11:52:14.98,Himal Dolakha Hydropower Company Limited
2026041004005867,HDHPC,45,64,100,241.0,24100.0,2026-04-10,186072798,2880,Imperial Securities Company Pvt. Ltd.,SUN SECURITIES PVT LTD,2026-04-10T11:52:14.98,Himal Dolakha Hydropower Company Limited
2026041004005868,HDHPC,17,64,200,241.0,48200.0,2026-04-10,186064765,2880,ABC Securities Private Limited,SUN SECURITIES PVT LTD,2026-04-10T11:52:14.98,Himal Dolakha Hydropower Company Limited
2026041004005869,HDHPC,58,64,150,240.2,36030.0,2026-04-10,186077818,2880,Naasa Securities Co. Ltd.,SUN SECURITIES PVT LTD,2026-04-10T11:52:14.98,Himal Dolakha Hydropower Company Limited
2026041004005870,HDHPC,42,64,5432,240.1,1304223.2,2026-04-10,186070604,2880,Sani Securities Company Ltd.,SUN SECURITIES PVT LTD,2026-04-10T11:52:14.98,Himal Dolakha Hydropower Company Limited
2026041004005936,HDHPC,42,63,768,240.1,184396.8,2026-04-10,186070648,2880,Sani Securities Company Ltd.,Himalayan Brokerage Company Limited,2026-04-10T11:52:43.559,Himal Dolakha Hydropower Company Limited
2026041004005937,HDHPC,57,63,100,240.0,24000.0,2026-04-10,186076185,2880,Aryatara Investment & Securities,Himalayan Brokerage Company Limited,2026-04-10T11:52:43.559,Himal Dolakha Hydropower Company Limited
2026041004005938,HDHPC,35,63,50,240.0,12000.0,2026-04-10,186069133,2880,Kohinoor Investment & Securities Pvt. Ltd.,Himalayan Brokerage Company Limited,2026-04-10T11:52:43.559,Himal Dolakha Hydropower Company Limited
2026041004005939,HDHPC,35,63,10,240.0,2400.0,2026-04-10,186069270,2880,Kohinoor Investment & Securities Pvt. Ltd.,Himalayan Brokerage Company Limited,2026-04-10T11:52:43.559,Himal Dolakha Hydropower Company Limited
2026041004005940,HDHPC,49,63,1300,240.0,312000.0,2026-04-10,186074476,2880,Online Securities Pvt. Ltd.,Himalayan Brokerage Company Limited,2026-04-10T11:52:43.559,Himal Dolakha Hydropower Company Limited
2026041004005941,HDHPC,22,63,600,240.0,144000.0,2026-04-10,186065767,2880,Siprabi Securities Pvt. Ltd.,Himalayan Brokerage Company Limited,2026-04-10T11:52:43.559,Himal Dolakha Hydropower Company Limited
2026041004005947,HDHPC,58,63,2000,240.0,480000.0,2026-04-10,186076753,2880,Naasa Securities Co. Ltd.,Himalayan Brokerage Company Limited,2026-04-10T11:52:43.56,Himal Dolakha Hydropower Company Limited
