contractId,stockSymbol,buyerMemberId,sellerMemberId,quantity,rate,amount,businessDate,tradeBookId,stockId,buyerBrokerName,sellerBrokerName,transaction_time,securityName
2026041004000020,HURJA,92,77,10,274.4,2744.0,2026-04-10,185885819,2824,Roadshow securities limited,Nabil Stock Dealer Ltd.,2026-04-10T10:46:00.060668,Himalaya Urja Bikas Company Limited
2026041004000141,HURJA,13,52,100,279.8,27980.0,2026-04-10,185887397,2824,Thrive Brokerage House Pvt. Ltd,Sundhara Securities Limited,2026-04-10T11:01:56.422485,Himalaya Urja Bikas Company Limited
2026041004000154,HURJA,48,52,900,279.8,251820.0,2026-04-10,185887558,2824,Trishakti Securities Public Limited,Sundhara Securities Limited,2026-04-10T11:02:06.916984,Himalaya Urja Bikas Company Limited
2026041004000187,HURJA,57,58,362,285.0,103170.0,2026-04-10,185888137,2824,Aryatara Investment & Securities,Naasa Securities Co. Ltd.,2026-04-10T11:02:35.233615,Himalaya Urja Bikas Company Limited
2026041004000247,HURJA,7,77,10,282.0,2820.0,2026-04-10,185888662,2824,J.F. Securites (PVT) Ltd.,Nabil Stock Dealer Ltd.,2026-04-10T11:03:12.616179,Himalaya Urja Bikas Company Limited
2026041004000282,HURJA,42,34,50,284.9,14245.0,2026-04-10,185888928,2824,Sani Securities Company Ltd.,Vision Securities Pvt. Ltd,2026-04-10T11:03:31.215188,Himalaya Urja Bikas Company Limited
2026041004000283,HURJA,42,43,50,285.0,14250.0,2026-04-10,185888931,2824,Sani Securities Company Ltd.,South Asian Bulls Pvt. Ltd.,2026-04-10T11:03:31.21528,Himalaya Urja Bikas Company Limited
2026041004000308,HURJA,54,6,200,284.0,56800.0,2026-04-10,185889365,2824,Sewa Securities Pvt. Ltd.,Agrawal Securities (PVT) Ltd.,2026-04-10T11:03:57.36014,Himalaya Urja Bikas Company Limited
2026041004000330,HURJA,17,43,50,285.0,14250.0,2026-04-10,185889732,2824,ABC Securities Private Limited,South Asian Bulls Pvt. Ltd.,2026-04-10T11:04:24.899848,Himalaya Urja Bikas Company Limited
2026041004000331,HURJA,17,59,100,285.0,28500.0,2026-04-10,185889734,2824,ABC Securities Private Limited,Deevyaa Securities & Stock House Pvt. Ltd,2026-04-10T11:04:24.900038,Himalaya Urja Bikas Company Limited
2026041004000346,HURJA,17,59,100,285.0,28500.0,2026-04-10,185889822,2824,ABC Securities Private Limited,Deevyaa Securities & Stock House Pvt. Ltd,2026-04-10T11:04:37.307269,Himalaya Urja Bikas Company Limited
2026041004000354,HURJA,17,44,750,285.0,213750.0,2026-04-10,185889893,2824,ABC Securities Private Limited,Dynamic Money Managers Securities Pvt. Ltd.,2026-04-10T11:04:42.590862,Himalaya Urja Bikas Company Limited
2026041004000355,HURJA,13,44,250,283.1,70775.0,2026-04-10,185889894,2824,Thrive Brokerage House Pvt. Ltd,Dynamic Money Managers Securities Pvt. Ltd.,2026-04-10T11:04:42.591028,Himalaya Urja Bikas Company Limited
2026041004000506,HURJA,13,34,50,283.1,14155.0,2026-04-10,185891333,2824,Thrive Brokerage House Pvt. Ltd,Vision Securities Pvt. Ltd,2026-04-10T11:06:20.914963,Himalaya Urja Bikas Company Limited
2026041004000507,HURJA,62,34,150,283.1,42465.0,2026-04-10,185891335,2824,Capital Max Securities Ltd,Vision Securities Pvt. Ltd,2026-04-10T11:06:20.915062,Himalaya Urja Bikas Company Limited
2026041004000508,HURJA,62,34,340,283.0,96220.0,2026-04-10,185891336,2824,Capital Max Securities Ltd,Vision Securities Pvt. Ltd,2026-04-10T11:06:20.915108,Himalaya Urja Bikas Company Limited
2026041004000572,HURJA,62,77,500,283.0,141500.0,2026-04-10,185891986,2824,Capital Max Securities Ltd,Nabil Stock Dealer Ltd.,2026-04-10T11:06:51.18343,Himalaya Urja Bikas Company Limited
2026041004000617,HURJA,48,42,150,284.0,42600.0,2026-04-10,185892360,2824,Trishakti Securities Public Limited,Sani Securities Company Ltd.,2026-04-10T11:07:16.895558,Himalaya Urja Bikas Company Limited
2026041004000618,HURJA,48,80,30,284.0,8520.0,2026-04-10,185892363,2824,Trishakti Securities Public Limited,Indira securities pvt. ltd,2026-04-10T11:07:16.895622,Himalaya Urja Bikas Company Limited
2026041004000628,HURJA,48,34,10,284.9,2849.0,2026-04-10,185892435,2824,Trishakti Securities Public Limited,Vision Securities Pvt. Ltd,2026-04-10T11:07:20.184124,Himalaya Urja Bikas Company Limited
2026041004000642,HURJA,35,45,50,283.1,14155.0,2026-04-10,185892600,2824,Kohinoor Investment & Securities Pvt. Ltd.,Imperial Securities Company Pvt. Ltd.,2026-04-10T11:07:31.26886,Himalaya Urja Bikas Company Limited
2026041004000654,HURJA,48,34,10,284.9,2849.0,2026-04-10,185892728,2824,Trishakti Securities Public Limited,Vision Securities Pvt. Ltd,2026-04-10T11:07:40.149857,Himalaya Urja Bikas Company Limited
2026041004000697,HURJA,35,60,274,283.1,77569.4,2026-04-10,185893075,2824,Kohinoor Investment & Securities Pvt. Ltd.,Nagarik Stock Dealer ,2026-04-10T11:08:02.190487,Himalaya Urja Bikas Company Limited
2026041004000698,HURJA,58,60,30,283.1,8493.0,2026-04-10,185893077,2824,Naasa Securities Co. Ltd.,Nagarik Stock Dealer ,2026-04-10T11:08:02.190695,Himalaya Urja Bikas Company Limited
2026041004000699,HURJA,62,60,96,283.0,27168.0,2026-04-10,185893078,2824,Capital Max Securities Ltd,Nagarik Stock Dealer ,2026-04-10T11:08:02.190849,Himalaya Urja Bikas Company Limited
2026041004000737,HURJA,48,34,10,284.9,2849.0,2026-04-10,185893571,2824,Trishakti Securities Public Limited,Vision Securities Pvt. Ltd,2026-04-10T11:08:25.51583,Himalaya Urja Bikas Company Limited
2026041004000756,HURJA,7,8,190,284.8,54112.0,2026-04-10,185893781,2824,J.F. Securites (PVT) Ltd.,Brilliant Securities Pvt. Ltd.,2026-04-10T11:08:37.143749,Himalaya Urja Bikas Company Limited
2026041004000999,HURJA,54,59,200,284.0,56800.0,2026-04-10,185896232,2824,Sewa Securities Pvt. Ltd.,Deevyaa Securities & Stock House Pvt. Ltd,2026-04-10T11:11:17.98867,Himalaya Urja Bikas Company Limited
2026041004001457,HURJA,62,3,36,283.0,10188.0,2026-04-10,185898878,2824,Capital Max Securities Ltd,Arun Securities (PVT) Ltd.,2026-04-10T11:14:22.568006,Himalaya Urja Bikas Company Limited
2026041004001751,HURJA,17,74,200,283.7,56740.0,2026-04-10,185901001,2824,ABC Securities Private Limited,KALASH STOCK MARKET PVT. LTD.,2026-04-10T11:16:38.669236,Himalaya Urja Bikas Company Limited
2026041004001753,HURJA,62,5,20,283.0,5660.0,2026-04-10,185901018,2824,Capital Max Securities Ltd,Market Securities & Exchange (PVT) Ltd.,2026-04-10T11:16:39.706427,Himalaya Urja Bikas Company Limited
2026041004001853,HURJA,21,50,100,282.0,28200.0,2026-04-10,185901905,2824,Midas Stock Broking Company Private Limited,Cristal Kanchanjanga Securites Pvt. Ltd.,2026-04-10T11:17:49.948143,Himalaya Urja Bikas Company Limited
2026041004001854,HURJA,53,50,50,281.0,14050.0,2026-04-10,185901907,2824,Investment Management Nepal Pvt. Ltd.,Cristal Kanchanjanga Securites Pvt. Ltd.,2026-04-10T11:17:49.9483,Himalaya Urja Bikas Company Limited
2026041004001855,HURJA,57,50,100,281.0,28100.0,2026-04-10,185901909,2824,Aryatara Investment & Securities,Cristal Kanchanjanga Securites Pvt. Ltd.,2026-04-10T11:17:49.948367,Himalaya Urja Bikas Company Limited
2026041004001856,HURJA,48,50,100,281.0,28100.0,2026-04-10,185901911,2824,Trishakti Securities Public Limited,Cristal Kanchanjanga Securites Pvt. Ltd.,2026-04-10T11:17:49.948426,Himalaya Urja Bikas Company Limited
2026041004001857,HURJA,47,50,150,281.0,42150.0,2026-04-10,185901912,2824,Neev Securities Pvt. Ltd.,Cristal Kanchanjanga Securites Pvt. Ltd.,2026-04-10T11:17:49.948482,Himalaya Urja Bikas Company Limited
2026041004001996,HURJA,47,14,150,281.0,42150.0,2026-04-10,185902987,2824,Neev Securities Pvt. Ltd.,Nepal Stock House (PVT) Ltd.,2026-04-10T11:19:04.33973,Himalaya Urja Bikas Company Limited
2026041004001997,HURJA,6,14,105,281.0,29505.0,2026-04-10,185902989,2824,Agrawal Securities (PVT) Ltd.,Nepal Stock House (PVT) Ltd.,2026-04-10T11:19:04.339859,Himalaya Urja Bikas Company Limited
2026041004001998,HURJA,84,14,500,281.0,140500.0,2026-04-10,185902991,2824,MILKY WAY SHARE BROKER COMPANY LTD ,Nepal Stock House (PVT) Ltd.,2026-04-10T11:19:04.33992,Himalaya Urja Bikas Company Limited
2026041004002025,HURJA,6,50,180,280.3,50454.0,2026-04-10,185903195,2824,Agrawal Securities (PVT) Ltd.,Cristal Kanchanjanga Securites Pvt. Ltd.,2026-04-10T11:19:20.895337,Himalaya Urja Bikas Company Limited
2026041004002026,HURJA,22,50,1000,280.2,280200.0,2026-04-10,185903197,2824,Siprabi Securities Pvt. Ltd.,Cristal Kanchanjanga Securites Pvt. Ltd.,2026-04-10T11:19:20.895621,Himalaya Urja Bikas Company Limited
2026041004002027,HURJA,58,50,10,280.2,2802.0,2026-04-10,185903199,2824,Naasa Securities Co. Ltd.,Cristal Kanchanjanga Securites Pvt. Ltd.,2026-04-10T11:19:20.895802,Himalaya Urja Bikas Company Limited
2026041004002028,HURJA,84,50,500,280.1,140050.0,2026-04-10,185903201,2824,MILKY WAY SHARE BROKER COMPANY LTD ,Cristal Kanchanjanga Securites Pvt. Ltd.,2026-04-10T11:19:20.895978,Himalaya Urja Bikas Company Limited
2026041004002029,HURJA,51,50,500,280.0,140000.0,2026-04-10,185903203,2824,Oxford Securities Pvt. Ltd.,Cristal Kanchanjanga Securites Pvt. Ltd.,2026-04-10T11:19:20.896163,Himalaya Urja Bikas Company Limited
2026041004002030,HURJA,17,50,100,280.0,28000.0,2026-04-10,185903205,2824,ABC Securities Private Limited,Cristal Kanchanjanga Securites Pvt. Ltd.,2026-04-10T11:19:20.896344,Himalaya Urja Bikas Company Limited
2026041004002031,HURJA,84,50,1000,280.0,280000.0,2026-04-10,185903207,2824,MILKY WAY SHARE BROKER COMPANY LTD ,Cristal Kanchanjanga Securites Pvt. Ltd.,2026-04-10T11:19:20.89651,Himalaya Urja Bikas Company Limited
2026041004002032,HURJA,41,50,400,280.0,112000.0,2026-04-10,185903209,2824,Linch Stock Market Ltd.,Cristal Kanchanjanga Securites Pvt. Ltd.,2026-04-10T11:19:20.89669,Himalaya Urja Bikas Company Limited
2026041004002033,HURJA,38,50,5000,280.0,1400000.0,2026-04-10,185903211,2824,Dipshikha Dhitopatra Karobar Co. Pvt Ltd.,Cristal Kanchanjanga Securites Pvt. Ltd.,2026-04-10T11:19:20.896851,Himalaya Urja Bikas Company Limited
2026041004002034,HURJA,51,50,200,280.0,56000.0,2026-04-10,185903213,2824,Oxford Securities Pvt. Ltd.,Cristal Kanchanjanga Securites Pvt. Ltd.,2026-04-10T11:19:20.897006,Himalaya Urja Bikas Company Limited
2026041004002035,HURJA,58,50,1110,280.0,310800.0,2026-04-10,185903214,2824,Naasa Securities Co. Ltd.,Cristal Kanchanjanga Securites Pvt. Ltd.,2026-04-10T11:19:20.897181,Himalaya Urja Bikas Company Limited
2026041004002039,HURJA,58,48,890,280.0,249200.0,2026-04-10,185903275,2824,Naasa Securities Co. Ltd.,Trishakti Securities Public Limited,2026-04-10T11:19:26.086233,Himalaya Urja Bikas Company Limited
2026041004002040,HURJA,42,48,50,280.0,14000.0,2026-04-10,185903277,2824,Sani Securities Company Ltd.,Trishakti Securities Public Limited,2026-04-10T11:19:26.086355,Himalaya Urja Bikas Company Limited
2026041004002041,HURJA,48,48,100,279.8,27980.0,2026-04-10,185903279,2824,Trishakti Securities Public Limited,Trishakti Securities Public Limited,2026-04-10T11:19:26.086435,Himalaya Urja Bikas Company Limited
2026041004002042,HURJA,40,48,500,279.8,139900.0,2026-04-10,185903281,2824,Creative Securities Pvt Ltd,Trishakti Securities Public Limited,2026-04-10T11:19:26.08651,Himalaya Urja Bikas Company Limited
2026041004002043,HURJA,92,48,40,279.0,11160.0,2026-04-10,185903283,2824,Roadshow securities limited,Trishakti Securities Public Limited,2026-04-10T11:19:26.086582,Himalaya Urja Bikas Company Limited
2026041004002044,HURJA,56,48,410,279.0,114390.0,2026-04-10,185903284,2824,Sri Hari Securities Pvt. Ltd.,Trishakti Securities Public Limited,2026-04-10T11:19:26.086658,Himalaya Urja Bikas Company Limited
2026041004002103,HURJA,56,77,90,279.0,25110.0,2026-04-10,185903695,2824,Sri Hari Securities Pvt. Ltd.,Nabil Stock Dealer Ltd.,2026-04-10T11:19:49.788301,Himalaya Urja Bikas Company Limited
2026041004002104,HURJA,58,77,30,279.0,8370.0,2026-04-10,185903697,2824,Naasa Securities Co. Ltd.,Nabil Stock Dealer Ltd.,2026-04-10T11:19:49.788452,Himalaya Urja Bikas Company Limited
2026041004002105,HURJA,89,77,200,279.0,55800.0,2026-04-10,185903699,2824,Global IME Securities Limited,Nabil Stock Dealer Ltd.,2026-04-10T11:19:49.788516,Himalaya Urja Bikas Company Limited
2026041004002137,HURJA,38,77,180,279.0,50220.0,2026-04-10,185903894,2824,Dipshikha Dhitopatra Karobar Co. Pvt Ltd.,Nabil Stock Dealer Ltd.,2026-04-10T11:20:00.468286,Himalaya Urja Bikas Company Limited
2026041004002147,HURJA,38,48,10,279.0,2790.0,2026-04-10,185903966,2824,Dipshikha Dhitopatra Karobar Co. Pvt Ltd.,Trishakti Securities Public Limited,2026-04-10T11:20:04.649912,Himalaya Urja Bikas Company Limited
2026041004002301,HURJA,49,57,100,280.0,28000.0,2026-04-10,185904885,2824,Online Securities Pvt. Ltd.,Aryatara Investment & Securities,2026-04-10T11:21:00.797066,Himalaya Urja Bikas Company Limited
2026041004002373,HURJA,38,58,10,279.0,2790.0,2026-04-10,185905515,2824,Dipshikha Dhitopatra Karobar Co. Pvt Ltd.,Naasa Securities Co. Ltd.,2026-04-10T11:21:29.320116,Himalaya Urja Bikas Company Limited
2026041004002374,HURJA,34,58,990,279.0,276210.0,2026-04-10,185905516,2824,Vision Securities Pvt. Ltd,Naasa Securities Co. Ltd.,2026-04-10T11:21:29.320295,Himalaya Urja Bikas Company Limited
2026041004002403,HURJA,34,41,10,279.0,2790.0,2026-04-10,185905840,2824,Vision Securities Pvt. Ltd,Linch Stock Market Ltd.,2026-04-10T11:21:48.686329,Himalaya Urja Bikas Company Limited
2026041004002420,HURJA,49,42,100,279.0,27900.0,2026-04-10,185905925,2824,Online Securities Pvt. Ltd.,Sani Securities Company Ltd.,2026-04-10T11:21:54.253186,Himalaya Urja Bikas Company Limited
2026041004002447,HURJA,52,42,300,279.0,83700.0,2026-04-10,185906098,2824,Sundhara Securities Limited,Sani Securities Company Ltd.,2026-04-10T11:22:00.843732,Himalaya Urja Bikas Company Limited
2026041004002482,HURJA,52,58,200,279.0,55800.0,2026-04-10,185906532,2824,Sundhara Securities Limited,Naasa Securities Co. Ltd.,2026-04-10T11:22:21.862174,Himalaya Urja Bikas Company Limited
2026041004002581,HURJA,84,41,20,278.2,5564.0,2026-04-10,185907114,2824,MILKY WAY SHARE BROKER COMPANY LTD ,Linch Stock Market Ltd.,2026-04-10T11:23:02.250816,Himalaya Urja Bikas Company Limited
2026041004002728,HURJA,32,58,500,279.1,139550.0,2026-04-10,185908281,2824,Premier Securities Company Ltd.,Naasa Securities Co. Ltd.,2026-04-10T11:24:14.689529,Himalaya Urja Bikas Company Limited
2026041004002751,HURJA,58,58,1300,279.0,362700.0,2026-04-10,185908426,2824,Naasa Securities Co. Ltd.,Naasa Securities Co. Ltd.,2026-04-10T11:24:23.345611,Himalaya Urja Bikas Company Limited
2026041004002928,HURJA,59,57,340,280.0,95200.0,2026-04-10,185909771,2824,Deevyaa Securities & Stock House Pvt. Ltd,Aryatara Investment & Securities,2026-04-10T11:25:16.720956,Himalaya Urja Bikas Company Limited
2026041004002979,HURJA,84,57,480,280.0,134400.0,2026-04-10,185910201,2824,MILKY WAY SHARE BROKER COMPANY LTD ,Aryatara Investment & Securities,2026-04-10T11:25:39.613064,Himalaya Urja Bikas Company Limited
2026041004003022,HURJA,45,38,100,279.1,27910.0,2026-04-10,185910472,2824,Imperial Securities Company Pvt. Ltd.,Dipshikha Dhitopatra Karobar Co. Pvt Ltd.,2026-04-10T11:25:58.734726,Himalaya Urja Bikas Company Limited
2026041004003059,HURJA,19,57,80,280.0,22400.0,2026-04-10,185910820,2824,Nepal Investment And Securities Trading Private Limited,Aryatara Investment & Securities,2026-04-10T11:26:20.453407,Himalaya Urja Bikas Company Limited
2026041004003060,HURJA,19,77,500,280.0,140000.0,2026-04-10,185910822,2824,Nepal Investment And Securities Trading Private Limited,Nabil Stock Dealer Ltd.,2026-04-10T11:26:20.453545,Himalaya Urja Bikas Company Limited
2026041004003061,HURJA,19,14,2245,281.0,630845.0,2026-04-10,185910824,2824,Nepal Investment And Securities Trading Private Limited,Nepal Stock House (PVT) Ltd.,2026-04-10T11:26:20.45361,Himalaya Urja Bikas Company Limited
2026041004003062,HURJA,19,77,500,281.0,140500.0,2026-04-10,185910826,2824,Nepal Investment And Securities Trading Private Limited,Nabil Stock Dealer Ltd.,2026-04-10T11:26:20.453673,Himalaya Urja Bikas Company Limited
2026041004003102,HURJA,58,58,14,282.0,3948.0,2026-04-10,185911121,2824,Naasa Securities Co. Ltd.,Naasa Securities Co. Ltd.,2026-04-10T11:26:41.718471,Himalaya Urja Bikas Company Limited
2026041004003103,HURJA,19,58,336,281.0,94416.0,2026-04-10,185911122,2824,Nepal Investment And Securities Trading Private Limited,Naasa Securities Co. Ltd.,2026-04-10T11:26:41.718585,Himalaya Urja Bikas Company Limited
2026041004003119,HURJA,19,38,1339,281.0,376259.0,2026-04-10,185911207,2824,Nepal Investment And Securities Trading Private Limited,Dipshikha Dhitopatra Karobar Co. Pvt Ltd.,2026-04-10T11:26:48.428713,Himalaya Urja Bikas Company Limited
2026041004003144,HURJA,25,38,161,281.0,45241.0,2026-04-10,185911358,2824,Sweta Securities Private Limited,Dipshikha Dhitopatra Karobar Co. Pvt Ltd.,2026-04-10T11:26:59.514486,Himalaya Urja Bikas Company Limited
2026041004003184,HURJA,25,38,500,281.0,140500.0,2026-04-10,185911676,2824,Sweta Securities Private Limited,Dipshikha Dhitopatra Karobar Co. Pvt Ltd.,2026-04-10T11:27:23.44363,Himalaya Urja Bikas Company Limited
2026041004003239,HURJA,48,45,10,283.0,2830.0,2026-04-10,185912421,2824,Trishakti Securities Public Limited,Imperial Securities Company Pvt. Ltd.,2026-04-10T11:27:59.743209,Himalaya Urja Bikas Company Limited
2026041004003263,HURJA,33,45,340,283.0,96220.0,2026-04-10,185912590,2824,Dakshinkali Investment & Securities Pvt. Ltd.,Imperial Securities Company Pvt. Ltd.,2026-04-10T11:28:09.068744,Himalaya Urja Bikas Company Limited
2026041004003281,HURJA,33,38,1000,283.0,283000.0,2026-04-10,185912676,2824,Dakshinkali Investment & Securities Pvt. Ltd.,Dipshikha Dhitopatra Karobar Co. Pvt Ltd.,2026-04-10T11:28:13.009629,Himalaya Urja Bikas Company Limited
2026041004003285,HURJA,19,74,800,283.7,226960.0,2026-04-10,185912748,2824,Nepal Investment And Securities Trading Private Limited,KALASH STOCK MARKET PVT. LTD.,2026-04-10T11:28:15.327178,Himalaya Urja Bikas Company Limited
2026041004003286,HURJA,19,14,3000,283.8,851400.0,2026-04-10,185912750,2824,Nepal Investment And Securities Trading Private Limited,Nepal Stock House (PVT) Ltd.,2026-04-10T11:28:15.327339,Himalaya Urja Bikas Company Limited
2026041004003287,HURJA,19,42,50,284.0,14200.0,2026-04-10,185912752,2824,Nepal Investment And Securities Trading Private Limited,Sani Securities Company Ltd.,2026-04-10T11:28:15.327406,Himalaya Urja Bikas Company Limited
2026041004003288,HURJA,19,6,300,284.0,85200.0,2026-04-10,185912754,2824,Nepal Investment And Securities Trading Private Limited,Agrawal Securities (PVT) Ltd.,2026-04-10T11:28:15.327465,Himalaya Urja Bikas Company Limited
2026041004003326,HURJA,80,52,350,284.1,99435.0,2026-04-10,185912995,2824,Indira securities pvt. ltd,Sundhara Securities Limited,2026-04-10T11:28:27.881875,Himalaya Urja Bikas Company Limited
2026041004003366,HURJA,54,42,300,284.0,85200.0,2026-04-10,185913254,2824,Sewa Securities Pvt. Ltd.,Sani Securities Company Ltd.,2026-04-10T11:28:43.235953,Himalaya Urja Bikas Company Limited
2026041004003367,HURJA,54,52,250,284.1,71025.0,2026-04-10,185913256,2824,Sewa Securities Pvt. Ltd.,Sundhara Securities Limited,2026-04-10T11:28:43.236006,Himalaya Urja Bikas Company Limited
2026041004003368,HURJA,54,38,300,284.3,85290.0,2026-04-10,185913258,2824,Sewa Securities Pvt. Ltd.,Dipshikha Dhitopatra Karobar Co. Pvt Ltd.,2026-04-10T11:28:43.23603,Himalaya Urja Bikas Company Limited
2026041004003369,HURJA,54,52,450,284.4,127980.0,2026-04-10,185913261,2824,Sewa Securities Pvt. Ltd.,Sundhara Securities Limited,2026-04-10T11:28:43.236057,Himalaya Urja Bikas Company Limited
2026041004003424,HURJA,33,77,500,283.0,141500.0,2026-04-10,185914174,2824,Dakshinkali Investment & Securities Pvt. Ltd.,Nabil Stock Dealer Ltd.,2026-04-10T11:29:19.395257,Himalaya Urja Bikas Company Limited
2026041004003586,HURJA,33,77,160,283.0,45280.0,2026-04-10,185915333,2824,Dakshinkali Investment & Securities Pvt. Ltd.,Nabil Stock Dealer Ltd.,2026-04-10T11:30:03.093415,Himalaya Urja Bikas Company Limited
2026041004003692,HURJA,58,53,300,281.2,84360.0,2026-04-10,185916204,2824,Naasa Securities Co. Ltd.,Investment Management Nepal Pvt. Ltd.,2026-04-10T11:30:55.416452,Himalaya Urja Bikas Company Limited
2026041004003707,HURJA,80,77,500,283.0,141500.0,2026-04-10,185916345,2824,Indira securities pvt. ltd,Nabil Stock Dealer Ltd.,2026-04-10T11:31:06.344562,Himalaya Urja Bikas Company Limited
2026041004003920,HURJA,22,77,340,283.0,96220.0,2026-04-10,186065791,2824,Siprabi Securities Pvt. Ltd.,Nabil Stock Dealer Ltd.,2026-04-10T11:32:37.719,Himalaya Urja Bikas Company Limited
2026041004004072,HURJA,56,32,20,284.7,5694.0,2026-04-10,186075572,2824,Sri Hari Securities Pvt. Ltd.,Premier Securities Company Ltd.,2026-04-10T11:33:50.03,Himalaya Urja Bikas Company Limited
2026041004004071,HURJA,56,32,200,284.6,56920.0,2026-04-10,186075581,2824,Sri Hari Securities Pvt. Ltd.,Premier Securities Company Ltd.,2026-04-10T11:33:50.03,Himalaya Urja Bikas Company Limited
2026041004004069,HURJA,56,52,230,284.4,65412.0,2026-04-10,186075568,2824,Sri Hari Securities Pvt. Ltd.,Sundhara Securities Limited,2026-04-10T11:33:50.03,Himalaya Urja Bikas Company Limited
2026041004004070,HURJA,56,32,100,284.5,28450.0,2026-04-10,186075566,2824,Sri Hari Securities Pvt. Ltd.,Premier Securities Company Ltd.,2026-04-10T11:33:50.03,Himalaya Urja Bikas Company Limited
2026041004004130,HURJA,32,50,11,284.0,3124.0,2026-04-10,186067145,2824,Premier Securities Company Ltd.,Cristal Kanchanjanga Securites Pvt. Ltd.,2026-04-10T11:34:17.63,Himalaya Urja Bikas Company Limited
2026041004004273,HURJA,19,26,100,283.0,28300.0,2026-04-10,186065246,2824,Nepal Investment And Securities Trading Private Limited,Asian Securities Private Ltd.,2026-04-10T11:35:14.341,Himalaya Urja Bikas Company Limited
2026041004004292,HURJA,19,32,750,283.0,212250.0,2026-04-10,185918616,2824,Nepal Investment And Securities Trading Private Limited,Premier Securities Company Ltd.,2026-04-10T11:35:24.074507,Himalaya Urja Bikas Company Limited
2026041004004358,HURJA,22,50,660,282.3,186318.0,2026-04-10,186065781,2824,Siprabi Securities Pvt. Ltd.,Cristal Kanchanjanga Securites Pvt. Ltd.,2026-04-10T11:36:11.316,Himalaya Urja Bikas Company Limited
2026041004004360,HURJA,26,50,300,282.0,84600.0,2026-04-10,186066671,2824,Asian Securities Private Ltd.,Cristal Kanchanjanga Securites Pvt. Ltd.,2026-04-10T11:36:11.317,Himalaya Urja Bikas Company Limited
2026041004004359,HURJA,65,50,340,282.2,95948.0,2026-04-10,186079454,2824,Sharepro Securities Private Limited,Cristal Kanchanjanga Securites Pvt. Ltd.,2026-04-10T11:36:11.317,Himalaya Urja Bikas Company Limited
2026041004004368,HURJA,22,50,1000,281.4,281400.0,2026-04-10,186065890,2824,Siprabi Securities Pvt. Ltd.,Cristal Kanchanjanga Securites Pvt. Ltd.,2026-04-10T11:36:19.92,Himalaya Urja Bikas Company Limited
2026041004004369,HURJA,62,50,1000,281.3,281300.0,2026-04-10,186079937,2824,Capital Max Securities Ltd,Cristal Kanchanjanga Securites Pvt. Ltd.,2026-04-10T11:36:19.92,Himalaya Urja Bikas Company Limited
2026041004004367,HURJA,22,50,200,281.5,56300.0,2026-04-10,186065776,2824,Siprabi Securities Pvt. Ltd.,Cristal Kanchanjanga Securites Pvt. Ltd.,2026-04-10T11:36:19.92,Himalaya Urja Bikas Company Limited
2026041004004370,HURJA,58,50,304,281.2,85484.8,2026-04-10,186077174,2824,Naasa Securities Co. Ltd.,Cristal Kanchanjanga Securites Pvt. Ltd.,2026-04-10T11:36:19.921,Himalaya Urja Bikas Company Limited
2026041004004371,HURJA,13,50,500,281.2,140600.0,2026-04-10,186063959,2824,Thrive Brokerage House Pvt. Ltd,Cristal Kanchanjanga Securites Pvt. Ltd.,2026-04-10T11:36:19.921,Himalaya Urja Bikas Company Limited
2026041004004372,HURJA,34,50,1000,281.1,281100.0,2026-04-10,186068778,2824,Vision Securities Pvt. Ltd,Cristal Kanchanjanga Securites Pvt. Ltd.,2026-04-10T11:36:19.921,Himalaya Urja Bikas Company Limited
2026041004004373,HURJA,101,50,1500,281.0,421500.0,2026-04-10,186082433,2824,APPLE SECURITIES PRIVATE LIMITED,Cristal Kanchanjanga Securites Pvt. Ltd.,2026-04-10T11:36:19.921,Himalaya Urja Bikas Company Limited
2026041004004374,HURJA,44,50,400,281.0,112400.0,2026-04-10,186071904,2824,Dynamic Money Managers Securities Pvt. Ltd.,Cristal Kanchanjanga Securites Pvt. Ltd.,2026-04-10T11:36:19.921,Himalaya Urja Bikas Company Limited
2026041004004408,HURJA,58,48,10,281.0,2810.0,2026-04-10,186076852,2824,Naasa Securities Co. Ltd.,Trishakti Securities Public Limited,2026-04-10T11:36:38.578,Himalaya Urja Bikas Company Limited
2026041004004409,HURJA,65,48,190,280.1,53219.0,2026-04-10,186079547,2824,Sharepro Securities Private Limited,Trishakti Securities Public Limited,2026-04-10T11:36:38.579,Himalaya Urja Bikas Company Limited
2026041004004418,HURJA,65,46,10,280.1,2801.0,2026-04-10,186079468,2824,Sharepro Securities Private Limited,Kalika Securities Pvt. Ltd.,2026-04-10T11:36:47.865,Himalaya Urja Bikas Company Limited
2026041004004506,HURJA,22,53,200,280.3,56060.0,2026-04-10,186065815,2824,Siprabi Securities Pvt. Ltd.,Investment Management Nepal Pvt. Ltd.,2026-04-10T11:37:34.94,Himalaya Urja Bikas Company Limited
2026041004004507,HURJA,22,53,300,280.2,84060.0,2026-04-10,186065828,2824,Siprabi Securities Pvt. Ltd.,Investment Management Nepal Pvt. Ltd.,2026-04-10T11:37:34.94,Himalaya Urja Bikas Company Limited
2026041004004621,HURJA,22,53,700,280.2,196140.0,2026-04-10,186065775,2824,Siprabi Securities Pvt. Ltd.,Investment Management Nepal Pvt. Ltd.,2026-04-10T11:38:15.103,Himalaya Urja Bikas Company Limited
2026041004004901,HURJA,7,45,500,280.0,140000.0,2026-04-10,186063548,2824,J.F. Securites (PVT) Ltd.,Imperial Securities Company Pvt. Ltd.,2026-04-10T11:40:43.841,Himalaya Urja Bikas Company Limited
2026041004004919,HURJA,35,45,54,280.0,15120.0,2026-04-10,186069288,2824,Kohinoor Investment & Securities Pvt. Ltd.,Imperial Securities Company Pvt. Ltd.,2026-04-10T11:40:57.181,Himalaya Urja Bikas Company Limited
2026041004004918,HURJA,7,45,100,280.0,28000.0,2026-04-10,186063535,2824,J.F. Securites (PVT) Ltd.,Imperial Securities Company Pvt. Ltd.,2026-04-10T11:40:57.181,Himalaya Urja Bikas Company Limited
2026041004004920,HURJA,53,45,100,280.0,28000.0,2026-04-10,186075757,2824,Investment Management Nepal Pvt. Ltd.,Imperial Securities Company Pvt. Ltd.,2026-04-10T11:40:57.181,Himalaya Urja Bikas Company Limited
2026041004004939,HURJA,45,45,246,280.0,68880.0,2026-04-10,186072455,2824,Imperial Securities Company Pvt. Ltd.,Imperial Securities Company Pvt. Ltd.,2026-04-10T11:41:17.891,Himalaya Urja Bikas Company Limited
2026041004004962,HURJA,45,45,54,280.0,15120.0,2026-04-10,186072280,2824,Imperial Securities Company Pvt. Ltd.,Imperial Securities Company Pvt. Ltd.,2026-04-10T11:41:31.249,Himalaya Urja Bikas Company Limited
2026041004005001,HURJA,65,45,30,279.9,8397.0,2026-04-10,186079388,2824,Sharepro Securities Private Limited,Imperial Securities Company Pvt. Ltd.,2026-04-10T11:41:58.591,Himalaya Urja Bikas Company Limited
2026041004005002,HURJA,57,45,30,279.4,8382.0,2026-04-10,186076270,2824,Aryatara Investment & Securities,Imperial Securities Company Pvt. Ltd.,2026-04-10T11:41:58.591,Himalaya Urja Bikas Company Limited
2026041004005003,HURJA,19,45,200,279.3,55860.0,2026-04-10,186065365,2824,Nepal Investment And Securities Trading Private Limited,Imperial Securities Company Pvt. Ltd.,2026-04-10T11:41:58.591,Himalaya Urja Bikas Company Limited
2026041004005004,HURJA,22,45,100,279.2,27920.0,2026-04-10,186065838,2824,Siprabi Securities Pvt. Ltd.,Imperial Securities Company Pvt. Ltd.,2026-04-10T11:41:58.591,Himalaya Urja Bikas Company Limited
2026041004005005,HURJA,22,45,140,279.2,39088.0,2026-04-10,186065773,2824,Siprabi Securities Pvt. Ltd.,Imperial Securities Company Pvt. Ltd.,2026-04-10T11:41:58.591,Himalaya Urja Bikas Company Limited
2026041004005024,HURJA,22,45,446,279.2,124523.2,2026-04-10,186065961,2824,Siprabi Securities Pvt. Ltd.,Imperial Securities Company Pvt. Ltd.,2026-04-10T11:42:11.818,Himalaya Urja Bikas Company Limited
2026041004005046,HURJA,1,45,50,279.3,13965.0,2026-04-10,186062370,2824,Kumari Securities Private Limited,Imperial Securities Company Pvt. Ltd.,2026-04-10T11:42:37.024,Himalaya Urja Bikas Company Limited
2026041004005047,HURJA,22,45,414,279.2,115588.8,2026-04-10,186065942,2824,Siprabi Securities Pvt. Ltd.,Imperial Securities Company Pvt. Ltd.,2026-04-10T11:42:37.024,Himalaya Urja Bikas Company Limited
2026041004005048,HURJA,36,45,36,279.1,10047.6,2026-04-10,186069624,2824,Secured Securities Ltd.,Imperial Securities Company Pvt. Ltd.,2026-04-10T11:42:37.024,Himalaya Urja Bikas Company Limited
2026041004005059,HURJA,84,45,500,279.3,139650.0,2026-04-10,186081407,2824,MILKY WAY SHARE BROKER COMPANY LTD ,Imperial Securities Company Pvt. Ltd.,2026-04-10T11:42:45.051,Himalaya Urja Bikas Company Limited
2026041004005068,HURJA,36,45,500,279.1,139550.0,2026-04-10,186069423,2824,Secured Securities Ltd.,Imperial Securities Company Pvt. Ltd.,2026-04-10T11:42:53.27,Himalaya Urja Bikas Company Limited
2026041004005116,HURJA,38,45,100,279.2,27920.0,2026-04-10,186071092,2824,Dipshikha Dhitopatra Karobar Co. Pvt Ltd.,Imperial Securities Company Pvt. Ltd.,2026-04-10T11:43:29.528,Himalaya Urja Bikas Company Limited
2026041004005117,HURJA,36,45,400,279.1,111640.0,2026-04-10,186069652,2824,Secured Securities Ltd.,Imperial Securities Company Pvt. Ltd.,2026-04-10T11:43:29.528,Himalaya Urja Bikas Company Limited
2026041004005126,HURJA,36,45,64,279.1,17862.4,2026-04-10,186069443,2824,Secured Securities Ltd.,Imperial Securities Company Pvt. Ltd.,2026-04-10T11:43:36.12,Himalaya Urja Bikas Company Limited
2026041004005127,HURJA,57,45,30,279.1,8373.0,2026-04-10,186076127,2824,Aryatara Investment & Securities,Imperial Securities Company Pvt. Ltd.,2026-04-10T11:43:36.12,Himalaya Urja Bikas Company Limited
2026041004005128,HURJA,6,45,406,279.1,113314.6,2026-04-10,186063044,2824,Agrawal Securities (PVT) Ltd.,Imperial Securities Company Pvt. Ltd.,2026-04-10T11:43:36.12,Himalaya Urja Bikas Company Limited
2026041004005132,HURJA,6,45,500,279.1,139550.0,2026-04-10,186063047,2824,Agrawal Securities (PVT) Ltd.,Imperial Securities Company Pvt. Ltd.,2026-04-10T11:43:43.381,Himalaya Urja Bikas Company Limited
2026041004005143,HURJA,49,45,306,279.0,85374.0,2026-04-10,186073894,2824,Online Securities Pvt. Ltd.,Imperial Securities Company Pvt. Ltd.,2026-04-10T11:43:51.032,Himalaya Urja Bikas Company Limited
2026041004005141,HURJA,6,45,94,279.1,26235.4,2026-04-10,186063046,2824,Agrawal Securities (PVT) Ltd.,Imperial Securities Company Pvt. Ltd.,2026-04-10T11:43:51.032,Himalaya Urja Bikas Company Limited
2026041004005142,HURJA,1,45,100,279.0,27900.0,2026-04-10,186062341,2824,Kumari Securities Private Limited,Imperial Securities Company Pvt. Ltd.,2026-04-10T11:43:51.032,Himalaya Urja Bikas Company Limited
2026041004005170,HURJA,36,53,10,280.2,2802.0,2026-04-10,186069353,2824,Secured Securities Ltd.,Investment Management Nepal Pvt. Ltd.,2026-04-10T11:44:02.62,Himalaya Urja Bikas Company Limited
2026041004005188,HURJA,45,45,100,279.1,27910.0,2026-04-10,186072453,2824,Imperial Securities Company Pvt. Ltd.,Imperial Securities Company Pvt. Ltd.,2026-04-10T11:44:24.418,Himalaya Urja Bikas Company Limited
2026041004005189,HURJA,49,45,300,279.0,83700.0,2026-04-10,186074509,2824,Online Securities Pvt. Ltd.,Imperial Securities Company Pvt. Ltd.,2026-04-10T11:44:24.418,Himalaya Urja Bikas Company Limited
2026041004005187,HURJA,45,45,100,279.3,27930.0,2026-04-10,186072447,2824,Imperial Securities Company Pvt. Ltd.,Imperial Securities Company Pvt. Ltd.,2026-04-10T11:44:24.418,Himalaya Urja Bikas Company Limited
2026041004005329,HURJA,74,53,290,280.2,81258.0,2026-04-10,186080822,2824,KALASH STOCK MARKET PVT. LTD.,Investment Management Nepal Pvt. Ltd.,2026-04-10T11:45:48.438,Himalaya Urja Bikas Company Limited
2026041004005330,HURJA,74,45,10,280.2,2802.0,2026-04-10,186080692,2824,KALASH STOCK MARKET PVT. LTD.,Imperial Securities Company Pvt. Ltd.,2026-04-10T11:45:48.438,Himalaya Urja Bikas Company Limited
2026041004005333,HURJA,40,45,300,280.2,84060.0,2026-04-10,186067574,2824,Creative Securities Pvt Ltd,Imperial Securities Company Pvt. Ltd.,2026-04-10T11:45:52.636,Himalaya Urja Bikas Company Limited
2026041004005469,HURJA,22,45,100,280.0,28000.0,2026-04-10,186065934,2824,Siprabi Securities Pvt. Ltd.,Imperial Securities Company Pvt. Ltd.,2026-04-10T11:47:22.04,Himalaya Urja Bikas Company Limited
2026041004005601,HURJA,49,45,100,280.2,28020.0,2026-04-10,186073908,2824,Online Securities Pvt. Ltd.,Imperial Securities Company Pvt. Ltd.,2026-04-10T11:48:47.927,Himalaya Urja Bikas Company Limited
2026041004005660,HURJA,65,45,90,280.2,25218.0,2026-04-10,186079446,2824,Sharepro Securities Private Limited,Imperial Securities Company Pvt. Ltd.,2026-04-10T11:49:30.242,Himalaya Urja Bikas Company Limited
2026041004005665,HURJA,26,34,100,280.1,28010.0,2026-04-10,186066635,2824,Asian Securities Private Ltd.,Vision Securities Pvt. Ltd,2026-04-10T11:49:39.275,Himalaya Urja Bikas Company Limited
2026041004005670,HURJA,62,34,300,279.1,83730.0,2026-04-10,186079951,2824,Capital Max Securities Ltd,Vision Securities Pvt. Ltd,2026-04-10T11:49:39.276,Himalaya Urja Bikas Company Limited
2026041004005671,HURJA,58,34,1131,279.1,315662.1,2026-04-10,186077330,2824,Naasa Securities Co. Ltd.,Vision Securities Pvt. Ltd,2026-04-10T11:49:39.276,Himalaya Urja Bikas Company Limited
2026041004005668,HURJA,22,34,100,279.3,27930.0,2026-04-10,186065870,2824,Siprabi Securities Pvt. Ltd.,Vision Securities Pvt. Ltd,2026-04-10T11:49:39.276,Himalaya Urja Bikas Company Limited
2026041004005667,HURJA,51,34,600,280.0,168000.0,2026-04-10,186074891,2824,Oxford Securities Pvt. Ltd.,Vision Securities Pvt. Ltd,2026-04-10T11:49:39.276,Himalaya Urja Bikas Company Limited
2026041004005669,HURJA,1,34,100,279.1,27910.0,2026-04-10,186062291,2824,Kumari Securities Private Limited,Vision Securities Pvt. Ltd,2026-04-10T11:49:39.276,Himalaya Urja Bikas Company Limited
2026041004005666,HURJA,51,34,348,280.0,97440.0,2026-04-10,186074920,2824,Oxford Securities Pvt. Ltd.,Vision Securities Pvt. Ltd,2026-04-10T11:49:39.276,Himalaya Urja Bikas Company Limited
2026041004005916,HURJA,49,34,100,280.9,28090.0,2026-04-10,186074426,2824,Online Securities Pvt. Ltd.,Vision Securities Pvt. Ltd,2026-04-10T11:52:17.273,Himalaya Urja Bikas Company Limited
2026041004005930,HURJA,49,22,12,280.9,3370.8,2026-04-10,186073904,2824,Online Securities Pvt. Ltd.,Siprabi Securities Pvt. Ltd.,2026-04-10T11:52:37.884,Himalaya Urja Bikas Company Limited
2026041004006027,HURJA,44,45,100,281.0,28100.0,2026-04-10,186072040,2824,Dynamic Money Managers Securities Pvt. Ltd.,Imperial Securities Company Pvt. Ltd.,2026-04-10T11:54:13.741,Himalaya Urja Bikas Company Limited
2026041004006080,HURJA,22,45,400,281.0,112400.0,2026-04-10,186065869,2824,Siprabi Securities Pvt. Ltd.,Imperial Securities Company Pvt. Ltd.,2026-04-10T11:54:54.734,Himalaya Urja Bikas Company Limited
2026041004006081,HURJA,22,34,1000,281.0,281000.0,2026-04-10,186065871,2824,Siprabi Securities Pvt. Ltd.,Vision Securities Pvt. Ltd,2026-04-10T11:54:54.735,Himalaya Urja Bikas Company Limited
2026041004006174,HURJA,58,77,10,281.0,2810.0,2026-04-10,186077017,2824,Naasa Securities Co. Ltd.,Nabil Stock Dealer Ltd.,2026-04-10T11:55:55.547,Himalaya Urja Bikas Company Limited
2026041004006179,HURJA,58,47,49,281.0,13769.0,2026-04-10,186078360,2824,Naasa Securities Co. Ltd.,Neev Securities Pvt. Ltd.,2026-04-10T11:56:02.11,Himalaya Urja Bikas Company Limited
2026041004006273,HURJA,42,29,500,280.1,140050.0,2026-04-10,186069811,2824,Sani Securities Company Ltd.,Trisul Securities & Invt. Ltd.,2026-04-10T11:57:13.373,Himalaya Urja Bikas Company Limited
2026041004006314,HURJA,57,47,950,281.0,266950.0,2026-04-10,186076623,2824,Aryatara Investment & Securities,Neev Securities Pvt. Ltd.,2026-04-10T11:57:55.196,Himalaya Urja Bikas Company Limited
2026041004006382,HURJA,42,17,817,280.1,228841.7,2026-04-10,186069777,2824,Sani Securities Company Ltd.,ABC Securities Private Limited,2026-04-10T11:58:27.935,Himalaya Urja Bikas Company Limited
2026041004006381,HURJA,26,17,200,280.2,56040.0,2026-04-10,186066692,2824,Asian Securities Private Ltd.,ABC Securities Private Limited,2026-04-10T11:58:27.935,Himalaya Urja Bikas Company Limited
2026041004006383,HURJA,57,17,100,280.1,28010.0,2026-04-10,186076170,2824,Aryatara Investment & Securities,ABC Securities Private Limited,2026-04-10T11:58:27.936,Himalaya Urja Bikas Company Limited
2026041004006384,HURJA,45,17,200,280.0,56000.0,2026-04-10,186072271,2824,Imperial Securities Company Pvt. Ltd.,ABC Securities Private Limited,2026-04-10T11:58:27.936,Himalaya Urja Bikas Company Limited
2026041004006385,HURJA,26,17,100,280.0,28000.0,2026-04-10,186066694,2824,Asian Securities Private Ltd.,ABC Securities Private Limited,2026-04-10T11:58:27.936,Himalaya Urja Bikas Company Limited
2026041004006386,HURJA,18,17,1083,280.0,303240.0,2026-04-10,186065176,2824,Sagarmatha Securities Private Limited,ABC Securities Private Limited,2026-04-10T11:58:27.936,Himalaya Urja Bikas Company Limited
2026041004006784,HURJA,22,17,100,280.1,28010.0,2026-04-10,185921240,2824,Siprabi Securities Pvt. Ltd.,ABC Securities Private Limited,2026-04-10T12:03:23.077855,Himalaya Urja Bikas Company Limited
2026041004006785,HURJA,45,17,100,280.1,28010.0,2026-04-10,185921242,2824,Imperial Securities Company Pvt. Ltd.,ABC Securities Private Limited,2026-04-10T12:03:23.078032,Himalaya Urja Bikas Company Limited
2026041004006786,HURJA,25,17,300,280.1,84030.0,2026-04-10,185921244,2824,Sweta Securities Private Limited,ABC Securities Private Limited,2026-04-10T12:03:23.078112,Himalaya Urja Bikas Company Limited
2026041004006787,HURJA,18,17,500,280.0,140000.0,2026-04-10,185921245,2824,Sagarmatha Securities Private Limited,ABC Securities Private Limited,2026-04-10T12:03:23.078182,Himalaya Urja Bikas Company Limited
2026041004006802,HURJA,18,32,917,280.0,256760.0,2026-04-10,185921400,2824,Sagarmatha Securities Private Limited,Premier Securities Company Ltd.,2026-04-10T12:03:37.39856,Himalaya Urja Bikas Company Limited
2026041004006803,HURJA,6,32,583,280.0,163240.0,2026-04-10,185921401,2824,Agrawal Securities (PVT) Ltd.,Premier Securities Company Ltd.,2026-04-10T12:03:37.39876,Himalaya Urja Bikas Company Limited
2026041004006846,HURJA,6,56,417,280.0,116760.0,2026-04-10,185921650,2824,Agrawal Securities (PVT) Ltd.,Sri Hari Securities Pvt. Ltd.,2026-04-10T12:04:03.580546,Himalaya Urja Bikas Company Limited
2026041004006847,HURJA,6,56,83,280.0,23240.0,2026-04-10,185921651,2824,Agrawal Securities (PVT) Ltd.,Sri Hari Securities Pvt. Ltd.,2026-04-10T12:04:03.580755,Himalaya Urja Bikas Company Limited
2026041004006852,HURJA,6,16,917,280.0,256760.0,2026-04-10,185921688,2824,Agrawal Securities (PVT) Ltd.,Primo Securities (PVT) Ltd.,2026-04-10T12:04:05.839231,Himalaya Urja Bikas Company Limited
2026041004006853,HURJA,58,16,583,280.0,163240.0,2026-04-10,185921689,2824,Naasa Securities Co. Ltd.,Primo Securities (PVT) Ltd.,2026-04-10T12:04:05.839423,Himalaya Urja Bikas Company Limited
2026041004006881,HURJA,58,34,50,280.0,14000.0,2026-04-10,185921989,2824,Naasa Securities Co. Ltd.,Vision Securities Pvt. Ltd,2026-04-10T12:04:32.587362,Himalaya Urja Bikas Company Limited
2026041004006900,HURJA,58,34,36,280.0,10080.0,2026-04-10,185922108,2824,Naasa Securities Co. Ltd.,Vision Securities Pvt. Ltd,2026-04-10T12:04:44.217068,Himalaya Urja Bikas Company Limited
2026041004006901,HURJA,8,34,500,280.0,140000.0,2026-04-10,185922110,2824,Brilliant Securities Pvt. Ltd.,Vision Securities Pvt. Ltd,2026-04-10T12:04:44.217263,Himalaya Urja Bikas Company Limited
2026041004006902,HURJA,45,34,30,280.0,8400.0,2026-04-10,185922112,2824,Imperial Securities Company Pvt. Ltd.,Vision Securities Pvt. Ltd,2026-04-10T12:04:44.217345,Himalaya Urja Bikas Company Limited
2026041004006964,HURJA,22,21,100,279.6,27960.0,2026-04-10,185922544,2824,Siprabi Securities Pvt. Ltd.,Midas Stock Broking Company Private Limited,2026-04-10T12:05:18.396067,Himalaya Urja Bikas Company Limited
2026041004006965,HURJA,22,21,100,279.5,27950.0,2026-04-10,185922546,2824,Siprabi Securities Pvt. Ltd.,Midas Stock Broking Company Private Limited,2026-04-10T12:05:18.396433,Himalaya Urja Bikas Company Limited
2026041004006966,HURJA,22,21,200,279.4,55880.0,2026-04-10,185922548,2824,Siprabi Securities Pvt. Ltd.,Midas Stock Broking Company Private Limited,2026-04-10T12:05:18.396652,Himalaya Urja Bikas Company Limited
2026041004006967,HURJA,22,21,600,279.3,167580.0,2026-04-10,185922549,2824,Siprabi Securities Pvt. Ltd.,Midas Stock Broking Company Private Limited,2026-04-10T12:05:18.396954,Himalaya Urja Bikas Company Limited
2026041004007197,HURJA,22,34,234,279.3,65356.2,2026-04-10,185924035,2824,Siprabi Securities Pvt. Ltd.,Vision Securities Pvt. Ltd,2026-04-10T12:07:18.526269,Himalaya Urja Bikas Company Limited
2026041004007559,HURJA,42,64,135,280.0,37800.0,2026-04-10,185926458,2824,Sani Securities Company Ltd.,SUN SECURITIES PVT LTD,2026-04-10T12:10:06.737867,Himalaya Urja Bikas Company Limited
2026041004007594,HURJA,45,64,15,280.0,4200.0,2026-04-10,185926698,2824,Imperial Securities Company Pvt. Ltd.,SUN SECURITIES PVT LTD,2026-04-10T12:10:22.027344,Himalaya Urja Bikas Company Limited
2026041004007713,HURJA,22,48,166,279.3,46363.8,2026-04-10,185927554,2824,Siprabi Securities Pvt. Ltd.,Trishakti Securities Public Limited,2026-04-10T12:11:15.898696,Himalaya Urja Bikas Company Limited
2026041004007714,HURJA,46,48,234,279.3,65356.2,2026-04-10,185927555,2824,Kalika Securities Pvt. Ltd.,Trishakti Securities Public Limited,2026-04-10T12:11:15.898758,Himalaya Urja Bikas Company Limited
2026041004007826,HURJA,46,6,12,279.3,3351.6,2026-04-10,185928129,2824,Kalika Securities Pvt. Ltd.,Agrawal Securities (PVT) Ltd.,2026-04-10T12:11:47.947712,Himalaya Urja Bikas Company Limited
2026041004008015,HURJA,46,48,94,279.3,26254.2,2026-04-10,185929492,2824,Kalika Securities Pvt. Ltd.,Trishakti Securities Public Limited,2026-04-10T12:12:57.368969,Himalaya Urja Bikas Company Limited
2026041004008016,HURJA,45,48,100,279.2,27920.0,2026-04-10,185929494,2824,Imperial Securities Company Pvt. Ltd.,Trishakti Securities Public Limited,2026-04-10T12:12:57.369076,Himalaya Urja Bikas Company Limited
2026041004008017,HURJA,43,48,196,279.1,54703.6,2026-04-10,185929495,2824,South Asian Bulls Pvt. Ltd.,Trishakti Securities Public Limited,2026-04-10T12:12:57.369157,Himalaya Urja Bikas Company Limited
2026041004008064,HURJA,33,48,10,279.2,2792.0,2026-04-10,185929793,2824,Dakshinkali Investment & Securities Pvt. Ltd.,Trishakti Securities Public Limited,2026-04-10T12:13:17.681192,Himalaya Urja Bikas Company Limited
2026041004008627,HURJA,43,57,304,279.1,84846.4,2026-04-10,185933706,2824,South Asian Bulls Pvt. Ltd.,Aryatara Investment & Securities,2026-04-10T12:16:50.037407,Himalaya Urja Bikas Company Limited
2026041004008628,HURJA,33,57,190,279.1,53029.0,2026-04-10,185933708,2824,Dakshinkali Investment & Securities Pvt. Ltd.,Aryatara Investment & Securities,2026-04-10T12:16:50.037612,Himalaya Urja Bikas Company Limited
2026041004008629,HURJA,49,57,394,279.0,109926.0,2026-04-10,185933710,2824,Online Securities Pvt. Ltd.,Aryatara Investment & Securities,2026-04-10T12:16:50.037693,Himalaya Urja Bikas Company Limited
2026041004008630,HURJA,19,57,100,278.9,27890.0,2026-04-10,185933712,2824,Nepal Investment And Securities Trading Private Limited,Aryatara Investment & Securities,2026-04-10T12:16:50.037768,Himalaya Urja Bikas Company Limited
2026041004008631,HURJA,64,57,500,278.8,139400.0,2026-04-10,185933714,2824,SUN SECURITIES PVT LTD,Aryatara Investment & Securities,2026-04-10T12:16:50.037843,Himalaya Urja Bikas Company Limited
2026041004008632,HURJA,64,57,1012,278.3,281639.6,2026-04-10,185933715,2824,SUN SECURITIES PVT LTD,Aryatara Investment & Securities,2026-04-10T12:16:50.037916,Himalaya Urja Bikas Company Limited
2026041004008661,HURJA,64,45,500,278.3,139150.0,2026-04-10,185933919,2824,SUN SECURITIES PVT LTD,Imperial Securities Company Pvt. Ltd.,2026-04-10T12:17:02.621439,Himalaya Urja Bikas Company Limited
2026041004008694,HURJA,64,45,1000,278.3,278300.0,2026-04-10,185934085,2824,SUN SECURITIES PVT LTD,Imperial Securities Company Pvt. Ltd.,2026-04-10T12:17:10.214807,Himalaya Urja Bikas Company Limited
2026041004008738,HURJA,64,21,2000,278.3,556600.0,2026-04-10,185934423,2824,SUN SECURITIES PVT LTD,Midas Stock Broking Company Private Limited,2026-04-10T12:17:27.400704,Himalaya Urja Bikas Company Limited
2026041004008994,HURJA,64,50,488,278.3,135810.4,2026-04-10,185935820,2824,SUN SECURITIES PVT LTD,Cristal Kanchanjanga Securites Pvt. Ltd.,2026-04-10T12:18:40.795114,Himalaya Urja Bikas Company Limited
2026041004008995,HURJA,78,50,12,278.1,3337.2,2026-04-10,185935821,2824,Garima Securities Limited,Cristal Kanchanjanga Securites Pvt. Ltd.,2026-04-10T12:18:40.795298,Himalaya Urja Bikas Company Limited
2026041004009037,HURJA,78,57,300,278.1,83430.0,2026-04-10,185936243,2824,Garima Securities Limited,Aryatara Investment & Securities,2026-04-10T12:18:57.60713,Himalaya Urja Bikas Company Limited
2026041004009219,HURJA,78,4,250,278.1,69525.0,2026-04-10,185937059,2824,Garima Securities Limited,Opal Securities Investment (PVT) Ltd.,2026-04-10T12:19:37.399216,Himalaya Urja Bikas Company Limited
2026041004009250,HURJA,78,5,438,278.1,121807.8,2026-04-10,185937396,2824,Garima Securities Limited,Market Securities & Exchange (PVT) Ltd.,2026-04-10T12:19:54.41833,Himalaya Urja Bikas Company Limited
2026041004009272,HURJA,49,5,108,278.1,30034.8,2026-04-10,185937588,2824,Online Securities Pvt. Ltd.,Market Securities & Exchange (PVT) Ltd.,2026-04-10T12:20:04.04891,Himalaya Urja Bikas Company Limited
2026041004009366,HURJA,65,40,300,278.0,83400.0,2026-04-10,185938156,2824,Sharepro Securities Private Limited,Creative Securities Pvt Ltd,2026-04-10T12:20:31.363012,Himalaya Urja Bikas Company Limited
2026041004009367,HURJA,77,40,35,278.0,9730.0,2026-04-10,185938158,2824,Nabil Stock Dealer Ltd.,Creative Securities Pvt Ltd,2026-04-10T12:20:31.36311,Himalaya Urja Bikas Company Limited
2026041004009368,HURJA,57,40,25,278.0,6950.0,2026-04-10,185938160,2824,Aryatara Investment & Securities,Creative Securities Pvt Ltd,2026-04-10T12:20:31.363204,Himalaya Urja Bikas Company Limited
2026041004009369,HURJA,80,40,10,278.0,2780.0,2026-04-10,185938162,2824,Indira securities pvt. ltd,Creative Securities Pvt Ltd,2026-04-10T12:20:31.363267,Himalaya Urja Bikas Company Limited
2026041004009370,HURJA,35,40,100,278.0,27800.0,2026-04-10,185938164,2824,Kohinoor Investment & Securities Pvt. Ltd.,Creative Securities Pvt Ltd,2026-04-10T12:20:31.363357,Himalaya Urja Bikas Company Limited
2026041004009371,HURJA,32,40,50,278.0,13900.0,2026-04-10,185938166,2824,Premier Securities Company Ltd.,Creative Securities Pvt Ltd,2026-04-10T12:20:31.363412,Himalaya Urja Bikas Company Limited
2026041004009372,HURJA,48,40,480,278.0,133440.0,2026-04-10,185938167,2824,Trishakti Securities Public Limited,Creative Securities Pvt Ltd,2026-04-10T12:20:31.363474,Himalaya Urja Bikas Company Limited
2026041004009415,HURJA,48,57,100,278.0,27800.0,2026-04-10,185938579,2824,Trishakti Securities Public Limited,Aryatara Investment & Securities,2026-04-10T12:20:49.968666,Himalaya Urja Bikas Company Limited
2026041004009438,HURJA,38,5,454,278.1,126257.4,2026-04-10,185938673,2824,Dipshikha Dhitopatra Karobar Co. Pvt Ltd.,Market Securities & Exchange (PVT) Ltd.,2026-04-10T12:20:55.648257,Himalaya Urja Bikas Company Limited
2026041004009442,HURJA,38,34,500,278.1,139050.0,2026-04-10,185938691,2824,Dipshikha Dhitopatra Karobar Co. Pvt Ltd.,Vision Securities Pvt. Ltd,2026-04-10T12:20:56.64776,Himalaya Urja Bikas Company Limited
2026041004009538,HURJA,38,34,46,278.1,12792.6,2026-04-10,185939466,2824,Dipshikha Dhitopatra Karobar Co. Pvt Ltd.,Vision Securities Pvt. Ltd,2026-04-10T12:21:28.383978,Himalaya Urja Bikas Company Limited
2026041004009539,HURJA,48,34,294,278.0,81732.0,2026-04-10,185939467,2824,Trishakti Securities Public Limited,Vision Securities Pvt. Ltd,2026-04-10T12:21:28.384304,Himalaya Urja Bikas Company Limited
2026041004009676,HURJA,48,89,126,278.0,35028.0,2026-04-10,185940400,2824,Trishakti Securities Public Limited,Global IME Securities Limited,2026-04-10T12:22:07.493298,Himalaya Urja Bikas Company Limited
2026041004010081,HURJA,19,89,100,277.5,27750.0,2026-04-10,185943376,2824,Nepal Investment And Securities Trading Private Limited,Global IME Securities Limited,2026-04-10T12:24:19.570147,Himalaya Urja Bikas Company Limited
2026041004010082,HURJA,22,89,74,277.4,20527.6,2026-04-10,185943377,2824,Siprabi Securities Pvt. Ltd.,Global IME Securities Limited,2026-04-10T12:24:19.570541,Himalaya Urja Bikas Company Limited
2026041004010111,HURJA,22,62,126,277.4,34952.4,2026-04-10,185943630,2824,Siprabi Securities Pvt. Ltd.,Capital Max Securities Ltd,2026-04-10T12:24:31.128706,Himalaya Urja Bikas Company Limited
2026041004010112,HURJA,44,62,500,277.3,138650.0,2026-04-10,185943632,2824,Dynamic Money Managers Securities Pvt. Ltd.,Capital Max Securities Ltd,2026-04-10T12:24:31.128805,Himalaya Urja Bikas Company Limited
2026041004010113,HURJA,35,62,74,277.3,20520.2,2026-04-10,185943633,2824,Kohinoor Investment & Securities Pvt. Ltd.,Capital Max Securities Ltd,2026-04-10T12:24:31.128879,Himalaya Urja Bikas Company Limited
2026041004010132,HURJA,35,48,426,277.3,118129.8,2026-04-10,185943788,2824,Kohinoor Investment & Securities Pvt. Ltd.,Trishakti Securities Public Limited,2026-04-10T12:24:40.697341,Himalaya Urja Bikas Company Limited
2026041004010133,HURJA,22,48,200,277.1,55420.0,2026-04-10,185943790,2824,Siprabi Securities Pvt. Ltd.,Trishakti Securities Public Limited,2026-04-10T12:24:40.697436,Himalaya Urja Bikas Company Limited
2026041004010134,HURJA,58,48,11,277.0,3047.0,2026-04-10,185943792,2824,Naasa Securities Co. Ltd.,Trishakti Securities Public Limited,2026-04-10T12:24:40.697502,Himalaya Urja Bikas Company Limited
2026041004010135,HURJA,22,48,50,277.0,13850.0,2026-04-10,185943794,2824,Siprabi Securities Pvt. Ltd.,Trishakti Securities Public Limited,2026-04-10T12:24:40.697576,Himalaya Urja Bikas Company Limited
2026041004010136,HURJA,101,48,200,277.0,55400.0,2026-04-10,185943796,2824,APPLE SECURITIES PRIVATE LIMITED,Trishakti Securities Public Limited,2026-04-10T12:24:40.697648,Himalaya Urja Bikas Company Limited
2026041004010137,HURJA,64,48,7500,277.0,2077500.0,2026-04-10,185943798,2824,SUN SECURITIES PVT LTD,Trishakti Securities Public Limited,2026-04-10T12:24:40.697719,Himalaya Urja Bikas Company Limited
2026041004010138,HURJA,35,48,1000,276.5,276500.0,2026-04-10,185943800,2824,Kohinoor Investment & Securities Pvt. Ltd.,Trishakti Securities Public Limited,2026-04-10T12:24:40.697795,Himalaya Urja Bikas Company Limited
2026041004010139,HURJA,84,48,613,276.0,169188.0,2026-04-10,185943801,2824,MILKY WAY SHARE BROKER COMPANY LTD ,Trishakti Securities Public Limited,2026-04-10T12:24:40.697869,Himalaya Urja Bikas Company Limited
2026041004010197,HURJA,84,44,40,276.0,11040.0,2026-04-10,185944405,2824,MILKY WAY SHARE BROKER COMPANY LTD ,Dynamic Money Managers Securities Pvt. Ltd.,2026-04-10T12:25:09.467839,Himalaya Urja Bikas Company Limited
2026041004010243,HURJA,84,29,847,276.0,233772.0,2026-04-10,185944658,2824,MILKY WAY SHARE BROKER COMPANY LTD ,Trisul Securities & Invt. Ltd.,2026-04-10T12:25:22.176541,Himalaya Urja Bikas Company Limited
2026041004010244,HURJA,40,29,153,276.0,42228.0,2026-04-10,185944659,2824,Creative Securities Pvt Ltd,Trisul Securities & Invt. Ltd.,2026-04-10T12:25:22.176599,Himalaya Urja Bikas Company Limited
2026041004010281,HURJA,58,77,10,276.0,2760.0,2026-04-10,185944916,2824,Naasa Securities Co. Ltd.,Nabil Stock Dealer Ltd.,2026-04-10T12:25:38.341786,Himalaya Urja Bikas Company Limited
2026041004010282,HURJA,57,77,990,276.0,273240.0,2026-04-10,185944917,2824,Aryatara Investment & Securities,Nabil Stock Dealer Ltd.,2026-04-10T12:25:38.341983,Himalaya Urja Bikas Company Limited
2026041004010392,HURJA,25,36,99,276.5,27373.5,2026-04-10,185945750,2824,Sweta Securities Private Limited,Secured Securities Ltd.,2026-04-10T12:26:14.800354,Himalaya Urja Bikas Company Limited
2026041004010478,HURJA,34,99,250,279.0,69750.0,2026-04-10,185946296,2824,Vision Securities Pvt. Ltd,Prabhu Stock Market Limited,2026-04-10T12:26:50.094658,Himalaya Urja Bikas Company Limited
2026041004010513,HURJA,52,99,500,279.0,139500.0,2026-04-10,185946588,2824,Sundhara Securities Limited,Prabhu Stock Market Limited,2026-04-10T12:27:05.88852,Himalaya Urja Bikas Company Limited
2026041004010749,HURJA,45,34,200,276.2,55240.0,2026-04-10,185948188,2824,Imperial Securities Company Pvt. Ltd.,Vision Securities Pvt. Ltd,2026-04-10T12:28:22.33825,Himalaya Urja Bikas Company Limited
2026041004010750,HURJA,38,34,300,276.1,82830.0,2026-04-10,185948189,2824,Dipshikha Dhitopatra Karobar Co. Pvt Ltd.,Vision Securities Pvt. Ltd,2026-04-10T12:28:22.338477,Himalaya Urja Bikas Company Limited
2026041004011124,HURJA,25,28,200,278.0,55600.0,2026-04-10,185950701,2824,Sweta Securities Private Limited,Shree Krishna Securities Ltd.,2026-04-10T12:31:12.83816,Himalaya Urja Bikas Company Limited
2026041004011260,HURJA,32,99,250,279.0,69750.0,2026-04-10,185951539,2824,Premier Securities Company Ltd.,Prabhu Stock Market Limited,2026-04-10T12:32:22.450058,Himalaya Urja Bikas Company Limited
2026041004011261,HURJA,32,64,10,280.0,2800.0,2026-04-10,185951542,2824,Premier Securities Company Ltd.,SUN SECURITIES PVT LTD,2026-04-10T12:32:22.45011,Himalaya Urja Bikas Company Limited
2026041004011519,HURJA,38,56,500,278.0,139000.0,2026-04-10,185953195,2824,Dipshikha Dhitopatra Karobar Co. Pvt Ltd.,Sri Hari Securities Pvt. Ltd.,2026-04-10T12:34:40.15189,Himalaya Urja Bikas Company Limited
2026041004011520,HURJA,1,32,1000,279.9,279900.0,2026-04-10,185953202,2824,Kumari Securities Private Limited,Premier Securities Company Ltd.,2026-04-10T12:34:41.179614,Himalaya Urja Bikas Company Limited
2026041004011568,HURJA,38,48,500,278.0,139000.0,2026-04-10,185953516,2824,Dipshikha Dhitopatra Karobar Co. Pvt Ltd.,Trishakti Securities Public Limited,2026-04-10T12:35:07.298687,Himalaya Urja Bikas Company Limited
2026041004011569,HURJA,35,48,500,278.0,139000.0,2026-04-10,185953518,2824,Kohinoor Investment & Securities Pvt. Ltd.,Trishakti Securities Public Limited,2026-04-10T12:35:07.298802,Himalaya Urja Bikas Company Limited
2026041004011570,HURJA,33,48,250,277.5,69375.0,2026-04-10,185953520,2824,Dakshinkali Investment & Securities Pvt. Ltd.,Trishakti Securities Public Limited,2026-04-10T12:35:07.298881,Himalaya Urja Bikas Company Limited
2026041004011571,HURJA,25,48,200,277.5,55500.0,2026-04-10,185953522,2824,Sweta Securities Private Limited,Trishakti Securities Public Limited,2026-04-10T12:35:07.298953,Himalaya Urja Bikas Company Limited
2026041004011572,HURJA,4,48,5000,277.5,1387500.0,2026-04-10,185953524,2824,Opal Securities Investment (PVT) Ltd.,Trishakti Securities Public Limited,2026-04-10T12:35:07.299023,Himalaya Urja Bikas Company Limited
2026041004011573,HURJA,22,48,100,277.3,27730.0,2026-04-10,185953526,2824,Siprabi Securities Pvt. Ltd.,Trishakti Securities Public Limited,2026-04-10T12:35:07.299094,Himalaya Urja Bikas Company Limited
2026041004011574,HURJA,59,48,400,277.3,110920.0,2026-04-10,185953528,2824,Deevyaa Securities & Stock House Pvt. Ltd,Trishakti Securities Public Limited,2026-04-10T12:35:07.299158,Himalaya Urja Bikas Company Limited
2026041004011575,HURJA,16,48,500,277.2,138600.0,2026-04-10,185953530,2824,Primo Securities (PVT) Ltd.,Trishakti Securities Public Limited,2026-04-10T12:35:07.299232,Himalaya Urja Bikas Company Limited
2026041004011576,HURJA,64,48,7500,277.1,2078250.0,2026-04-10,185953532,2824,SUN SECURITIES PVT LTD,Trishakti Securities Public Limited,2026-04-10T12:35:07.299303,Himalaya Urja Bikas Company Limited
2026041004011577,HURJA,6,48,50,277.0,13850.0,2026-04-10,185953533,2824,Agrawal Securities (PVT) Ltd.,Trishakti Securities Public Limited,2026-04-10T12:35:07.299419,Himalaya Urja Bikas Company Limited
2026041004011678,HURJA,5,48,421,277.7,116911.7,2026-04-10,185954132,2824,Market Securities & Exchange (PVT) Ltd.,Trishakti Securities Public Limited,2026-04-10T12:36:03.753406,Himalaya Urja Bikas Company Limited
2026041004011679,HURJA,6,48,450,277.0,124650.0,2026-04-10,185954134,2824,Agrawal Securities (PVT) Ltd.,Trishakti Securities Public Limited,2026-04-10T12:36:03.753845,Himalaya Urja Bikas Company Limited
2026041004011680,HURJA,38,48,700,277.0,193900.0,2026-04-10,185954136,2824,Dipshikha Dhitopatra Karobar Co. Pvt Ltd.,Trishakti Securities Public Limited,2026-04-10T12:36:03.753934,Himalaya Urja Bikas Company Limited
2026041004011681,HURJA,36,48,2000,277.0,554000.0,2026-04-10,185954138,2824,Secured Securities Ltd.,Trishakti Securities Public Limited,2026-04-10T12:36:03.75401,Himalaya Urja Bikas Company Limited
2026041004011682,HURJA,64,48,1000,277.0,277000.0,2026-04-10,185954140,2824,SUN SECURITIES PVT LTD,Trishakti Securities Public Limited,2026-04-10T12:36:03.754084,Himalaya Urja Bikas Company Limited
2026041004011683,HURJA,65,48,100,276.6,27660.0,2026-04-10,185954142,2824,Sharepro Securities Private Limited,Trishakti Securities Public Limited,2026-04-10T12:36:03.754165,Himalaya Urja Bikas Company Limited
2026041004011684,HURJA,6,48,1000,276.6,276600.0,2026-04-10,185954144,2824,Agrawal Securities (PVT) Ltd.,Trishakti Securities Public Limited,2026-04-10T12:36:03.754238,Himalaya Urja Bikas Company Limited
2026041004011685,HURJA,83,48,9329,276.2,2576669.8,2026-04-10,185954145,2824,Sanima Securities Limited,Trishakti Securities Public Limited,2026-04-10T12:36:03.754319,Himalaya Urja Bikas Company Limited
2026041004011902,HURJA,41,56,50,277.1,13855.0,2026-04-10,185955506,2824,Linch Stock Market Ltd.,Sri Hari Securities Pvt. Ltd.,2026-04-10T12:37:41.160772,Himalaya Urja Bikas Company Limited
2026041004011903,HURJA,83,56,100,277.0,27700.0,2026-04-10,185955508,2824,Sanima Securities Limited,Sri Hari Securities Pvt. Ltd.,2026-04-10T12:37:41.161006,Himalaya Urja Bikas Company Limited
2026041004011939,HURJA,5,56,250,277.0,69250.0,2026-04-10,185955781,2824,Market Securities & Exchange (PVT) Ltd.,Sri Hari Securities Pvt. Ltd.,2026-04-10T12:37:59.896649,Himalaya Urja Bikas Company Limited
2026041004011960,HURJA,5,45,250,277.0,69250.0,2026-04-10,185955914,2824,Market Securities & Exchange (PVT) Ltd.,Imperial Securities Company Pvt. Ltd.,2026-04-10T12:38:06.43317,Himalaya Urja Bikas Company Limited
2026041004012021,HURJA,64,45,1700,277.0,470900.0,2026-04-10,185956174,2824,SUN SECURITIES PVT LTD,Imperial Securities Company Pvt. Ltd.,2026-04-10T12:38:22.59318,Himalaya Urja Bikas Company Limited
2026041004012064,HURJA,25,45,50,277.0,13850.0,2026-04-10,185956479,2824,Sweta Securities Private Limited,Imperial Securities Company Pvt. Ltd.,2026-04-10T12:38:39.938897,Himalaya Urja Bikas Company Limited
2026041004012842,HURJA,52,42,260,277.0,72020.0,2026-04-10,185962086,2824,Sundhara Securities Limited,Sani Securities Company Ltd.,2026-04-10T12:47:34.80412,Himalaya Urja Bikas Company Limited
2026041004012843,HURJA,64,42,240,277.0,66480.0,2026-04-10,185962087,2824,SUN SECURITIES PVT LTD,Sani Securities Company Ltd.,2026-04-10T12:47:34.804351,Himalaya Urja Bikas Company Limited
2026041004013107,HURJA,64,43,260,277.0,72020.0,2026-04-10,185964378,2824,SUN SECURITIES PVT LTD,South Asian Bulls Pvt. Ltd.,2026-04-10T12:51:44.630115,Himalaya Urja Bikas Company Limited
2026041004013108,HURJA,45,43,150,277.0,41550.0,2026-04-10,185964380,2824,Imperial Securities Company Pvt. Ltd.,South Asian Bulls Pvt. Ltd.,2026-04-10T12:51:44.630363,Himalaya Urja Bikas Company Limited
2026041004013155,HURJA,22,43,190,277.0,52630.0,2026-04-10,185964799,2824,Siprabi Securities Pvt. Ltd.,South Asian Bulls Pvt. Ltd.,2026-04-10T12:52:43.534424,Himalaya Urja Bikas Company Limited
2026041004013290,HURJA,22,48,10,277.0,2770.0,2026-04-10,185966282,2824,Siprabi Securities Pvt. Ltd.,Trishakti Securities Public Limited,2026-04-10T12:55:06.91186,Himalaya Urja Bikas Company Limited
2026041004013291,HURJA,57,48,10,277.0,2770.0,2026-04-10,185966284,2824,Aryatara Investment & Securities,Trishakti Securities Public Limited,2026-04-10T12:55:06.911969,Himalaya Urja Bikas Company Limited
2026041004013292,HURJA,64,48,1000,277.0,277000.0,2026-04-10,185966286,2824,SUN SECURITIES PVT LTD,Trishakti Securities Public Limited,2026-04-10T12:55:06.912062,Himalaya Urja Bikas Company Limited
2026041004013293,HURJA,45,48,100,276.5,27650.0,2026-04-10,185966288,2824,Imperial Securities Company Pvt. Ltd.,Trishakti Securities Public Limited,2026-04-10T12:55:06.912135,Himalaya Urja Bikas Company Limited
2026041004013294,HURJA,25,48,250,276.4,69100.0,2026-04-10,185966290,2824,Sweta Securities Private Limited,Trishakti Securities Public Limited,2026-04-10T12:55:06.912207,Himalaya Urja Bikas Company Limited
2026041004013295,HURJA,34,48,1000,276.4,276400.0,2026-04-10,185966292,2824,Vision Securities Pvt. Ltd,Trishakti Securities Public Limited,2026-04-10T12:55:06.912274,Himalaya Urja Bikas Company Limited
2026041004013296,HURJA,64,48,7500,276.3,2072250.0,2026-04-10,185966294,2824,SUN SECURITIES PVT LTD,Trishakti Securities Public Limited,2026-04-10T12:55:06.912364,Himalaya Urja Bikas Company Limited
2026041004013297,HURJA,1,48,50,276.3,13815.0,2026-04-10,185966296,2824,Kumari Securities Private Limited,Trishakti Securities Public Limited,2026-04-10T12:55:06.912418,Himalaya Urja Bikas Company Limited
2026041004013298,HURJA,83,48,80,276.2,22096.0,2026-04-10,185966297,2824,Sanima Securities Limited,Trishakti Securities Public Limited,2026-04-10T12:55:06.912483,Himalaya Urja Bikas Company Limited
2026041004013394,HURJA,25,91,100,277.0,27700.0,2026-04-10,185967036,2824,Sweta Securities Private Limited,Citizens Share Broker Limited,2026-04-10T12:56:30.650494,Himalaya Urja Bikas Company Limited
2026041004013437,HURJA,48,22,10,278.0,2780.0,2026-04-10,185967560,2824,Trishakti Securities Public Limited,Siprabi Securities Pvt. Ltd.,2026-04-10T12:57:37.933244,Himalaya Urja Bikas Company Limited
2026041004013614,HURJA,38,22,390,278.0,108420.0,2026-04-10,185968942,2824,Dipshikha Dhitopatra Karobar Co. Pvt Ltd.,Siprabi Securities Pvt. Ltd.,2026-04-10T12:59:58.659695,Himalaya Urja Bikas Company Limited
2026041004013639,HURJA,80,35,18,279.0,5022.0,2026-04-10,185969156,2824,Indira securities pvt. ltd,Kohinoor Investment & Securities Pvt. Ltd.,2026-04-10T13:00:22.685432,Himalaya Urja Bikas Company Limited
2026041004013818,HURJA,48,42,70,279.0,19530.0,2026-04-10,185970838,2824,Trishakti Securities Public Limited,Sani Securities Company Ltd.,2026-04-10T13:04:07.949226,Himalaya Urja Bikas Company Limited
2026041004013821,HURJA,48,34,10,279.7,2797.0,2026-04-10,185970866,2824,Trishakti Securities Public Limited,Vision Securities Pvt. Ltd,2026-04-10T13:04:11.113983,Himalaya Urja Bikas Company Limited
2026041004014060,HURJA,95,40,500,279.5,139750.0,2026-04-10,185972645,2824,Magnet Securities and Investment Company Private Limited,Creative Securities Pvt Ltd,2026-04-10T13:08:46.690282,Himalaya Urja Bikas Company Limited
2026041004014061,HURJA,95,34,40,279.7,11188.0,2026-04-10,185972647,2824,Magnet Securities and Investment Company Private Limited,Vision Securities Pvt. Ltd,2026-04-10T13:08:46.690551,Himalaya Urja Bikas Company Limited
2026041004014062,HURJA,95,40,460,279.7,128662.0,2026-04-10,185972650,2824,Magnet Securities and Investment Company Private Limited,Creative Securities Pvt Ltd,2026-04-10T13:08:46.690639,Himalaya Urja Bikas Company Limited
2026041004014188,HURJA,58,40,25,279.7,6992.5,2026-04-10,185973616,2824,Naasa Securities Co. Ltd.,Creative Securities Pvt Ltd,2026-04-10T13:11:11.509354,Himalaya Urja Bikas Company Limited
2026041004014274,HURJA,38,96,20,279.0,5580.0,2026-04-10,185974220,2824,Dipshikha Dhitopatra Karobar Co. Pvt Ltd.,Himalayan Securities Limited,2026-04-10T13:12:36.865014,Himalaya Urja Bikas Company Limited
2026041004014288,HURJA,36,96,10,279.0,2790.0,2026-04-10,185974326,2824,Secured Securities Ltd.,Himalayan Securities Limited,2026-04-10T13:12:50.209548,Himalaya Urja Bikas Company Limited
2026041004014331,HURJA,35,96,500,279.0,139500.0,2026-04-10,185974710,2824,Kohinoor Investment & Securities Pvt. Ltd.,Himalayan Securities Limited,2026-04-10T13:13:40.167088,Himalaya Urja Bikas Company Limited
2026041004014332,HURJA,95,96,470,279.0,131130.0,2026-04-10,185974717,2824,Magnet Securities and Investment Company Private Limited,Himalayan Securities Limited,2026-04-10T13:13:41.786671,Himalaya Urja Bikas Company Limited
2026041004014333,HURJA,95,40,15,279.7,4195.5,2026-04-10,185974719,2824,Magnet Securities and Investment Company Private Limited,Creative Securities Pvt Ltd,2026-04-10T13:13:41.786898,Himalaya Urja Bikas Company Limited
2026041004014334,HURJA,95,74,100,279.7,27970.0,2026-04-10,185974721,2824,Magnet Securities and Investment Company Private Limited,KALASH STOCK MARKET PVT. LTD.,2026-04-10T13:13:41.786997,Himalaya Urja Bikas Company Limited
2026041004014335,HURJA,95,40,415,279.7,116075.5,2026-04-10,185974724,2824,Magnet Securities and Investment Company Private Limited,Creative Securities Pvt Ltd,2026-04-10T13:13:41.787086,Himalaya Urja Bikas Company Limited
2026041004014389,HURJA,49,45,80,279.0,22320.0,2026-04-10,185975130,2824,Online Securities Pvt. Ltd.,Imperial Securities Company Pvt. Ltd.,2026-04-10T13:14:35.07265,Himalaya Urja Bikas Company Limited
2026041004014517,HURJA,41,45,200,279.0,55800.0,2026-04-10,185975972,2824,Linch Stock Market Ltd.,Imperial Securities Company Pvt. Ltd.,2026-04-10T13:16:33.897015,Himalaya Urja Bikas Company Limited
2026041004014519,HURJA,41,94,50,277.8,13890.0,2026-04-10,185975976,2824,Linch Stock Market Ltd.,K.B.L. Securities Limited ,2026-04-10T13:16:34.437967,Himalaya Urja Bikas Company Limited
2026041004014520,HURJA,26,94,100,277.8,27780.0,2026-04-10,185975978,2824,Asian Securities Private Ltd.,K.B.L. Securities Limited ,2026-04-10T13:16:34.43806,Himalaya Urja Bikas Company Limited
2026041004014521,HURJA,5,94,200,277.7,55540.0,2026-04-10,185975980,2824,Market Securities & Exchange (PVT) Ltd.,K.B.L. Securities Limited ,2026-04-10T13:16:34.43813,Himalaya Urja Bikas Company Limited
2026041004014522,HURJA,22,94,200,277.7,55540.0,2026-04-10,185975982,2824,Siprabi Securities Pvt. Ltd.,K.B.L. Securities Limited ,2026-04-10T13:16:34.438195,Himalaya Urja Bikas Company Limited
2026041004014523,HURJA,5,94,200,277.6,55520.0,2026-04-10,185975984,2824,Market Securities & Exchange (PVT) Ltd.,K.B.L. Securities Limited ,2026-04-10T13:16:34.438263,Himalaya Urja Bikas Company Limited
2026041004014524,HURJA,26,94,100,277.6,27760.0,2026-04-10,185975986,2824,Asian Securities Private Ltd.,K.B.L. Securities Limited ,2026-04-10T13:16:34.438342,Himalaya Urja Bikas Company Limited
2026041004014525,HURJA,64,94,3650,277.5,1012875.0,2026-04-10,185975987,2824,SUN SECURITIES PVT LTD,K.B.L. Securities Limited ,2026-04-10T13:16:34.438405,Himalaya Urja Bikas Company Limited
2026041004014580,HURJA,32,45,10,279.0,2790.0,2026-04-10,185976376,2824,Premier Securities Company Ltd.,Imperial Securities Company Pvt. Ltd.,2026-04-10T13:17:33.562916,Himalaya Urja Bikas Company Limited
2026041004014701,HURJA,56,45,200,279.0,55800.0,2026-04-10,185977426,2824,Sri Hari Securities Pvt. Ltd.,Imperial Securities Company Pvt. Ltd.,2026-04-10T13:19:51.513278,Himalaya Urja Bikas Company Limited
2026041004014713,HURJA,35,40,500,278.0,139000.0,2026-04-10,185977539,2824,Kohinoor Investment & Securities Pvt. Ltd.,Creative Securities Pvt Ltd,2026-04-10T13:20:06.165024,Himalaya Urja Bikas Company Limited
2026041004015012,HURJA,38,45,10,279.0,2790.0,2026-04-10,185979397,2824,Dipshikha Dhitopatra Karobar Co. Pvt Ltd.,Imperial Securities Company Pvt. Ltd.,2026-04-10T13:23:00.129074,Himalaya Urja Bikas Company Limited
2026041004015013,HURJA,38,4,200,279.0,55800.0,2026-04-10,185979399,2824,Dipshikha Dhitopatra Karobar Co. Pvt Ltd.,Opal Securities Investment (PVT) Ltd.,2026-04-10T13:23:00.129296,Himalaya Urja Bikas Company Limited
2026041004015014,HURJA,38,44,290,279.0,80910.0,2026-04-10,185979402,2824,Dipshikha Dhitopatra Karobar Co. Pvt Ltd.,Dynamic Money Managers Securities Pvt. Ltd.,2026-04-10T13:23:00.129399,Himalaya Urja Bikas Company Limited
2026041004015087,HURJA,33,44,51,279.0,14229.0,2026-04-10,185979793,2824,Dakshinkali Investment & Securities Pvt. Ltd.,Dynamic Money Managers Securities Pvt. Ltd.,2026-04-10T13:23:39.095564,Himalaya Urja Bikas Company Limited
2026041004015144,HURJA,48,40,10,279.8,2798.0,2026-04-10,185980084,2824,Trishakti Securities Public Limited,Creative Securities Pvt Ltd,2026-04-10T13:24:13.514237,Himalaya Urja Bikas Company Limited
2026041004015403,HURJA,42,40,140,279.8,39172.0,2026-04-10,185982678,2824,Sani Securities Company Ltd.,Creative Securities Pvt Ltd,2026-04-10T13:27:05.852819,Himalaya Urja Bikas Company Limited
2026041004015486,HURJA,13,40,200,279.8,55960.0,2026-04-10,185983382,2824,Thrive Brokerage House Pvt. Ltd,Creative Securities Pvt Ltd,2026-04-10T13:28:08.786432,Himalaya Urja Bikas Company Limited
2026041004015778,HURJA,33,40,99,279.8,27700.2,2026-04-10,185985722,2824,Dakshinkali Investment & Securities Pvt. Ltd.,Creative Securities Pvt Ltd,2026-04-10T13:31:41.1694,Himalaya Urja Bikas Company Limited
2026041004015779,HURJA,5,40,51,279.8,14269.8,2026-04-10,185985723,2824,Market Securities & Exchange (PVT) Ltd.,Creative Securities Pvt Ltd,2026-04-10T13:31:41.326545,Himalaya Urja Bikas Company Limited
2026041004015780,HURJA,5,40,85,279.8,23783.0,2026-04-10,185985725,2824,Market Securities & Exchange (PVT) Ltd.,Creative Securities Pvt Ltd,2026-04-10T13:31:41.326788,Himalaya Urja Bikas Company Limited
2026041004015842,HURJA,65,60,10,279.9,2799.0,2026-04-10,185986090,2824,Sharepro Securities Private Limited,Nagarik Stock Dealer ,2026-04-10T13:32:15.666807,Himalaya Urja Bikas Company Limited
2026041004015893,HURJA,5,40,99,279.8,27700.2,2026-04-10,185986300,2824,Market Securities & Exchange (PVT) Ltd.,Creative Securities Pvt Ltd,2026-04-10T13:32:39.937557,Himalaya Urja Bikas Company Limited
2026041004015991,HURJA,26,40,300,279.8,83940.0,2026-04-10,185986884,2824,Asian Securities Private Ltd.,Creative Securities Pvt Ltd,2026-04-10T13:33:46.080841,Himalaya Urja Bikas Company Limited
2026041004016164,HURJA,48,40,10,279.8,2798.0,2026-04-10,185988052,2824,Trishakti Securities Public Limited,Creative Securities Pvt Ltd,2026-04-10T13:36:07.979899,Himalaya Urja Bikas Company Limited
2026041004016340,HURJA,62,48,100,279.5,27950.0,2026-04-10,185989200,2824,Capital Max Securities Ltd,Trishakti Securities Public Limited,2026-04-10T13:38:23.229577,Himalaya Urja Bikas Company Limited
2026041004016341,HURJA,5,48,200,279.2,55840.0,2026-04-10,185989202,2824,Market Securities & Exchange (PVT) Ltd.,Trishakti Securities Public Limited,2026-04-10T13:38:23.229684,Himalaya Urja Bikas Company Limited
2026041004016342,HURJA,5,48,100,279.1,27910.0,2026-04-10,185989204,2824,Market Securities & Exchange (PVT) Ltd.,Trishakti Securities Public Limited,2026-04-10T13:38:23.229756,Himalaya Urja Bikas Company Limited
2026041004016343,HURJA,6,48,100,279.1,27910.0,2026-04-10,185989206,2824,Agrawal Securities (PVT) Ltd.,Trishakti Securities Public Limited,2026-04-10T13:38:23.229822,Himalaya Urja Bikas Company Limited
2026041004016344,HURJA,6,48,100,279.1,27910.0,2026-04-10,185989208,2824,Agrawal Securities (PVT) Ltd.,Trishakti Securities Public Limited,2026-04-10T13:38:23.229888,Himalaya Urja Bikas Company Limited
2026041004016345,HURJA,25,48,20,279.1,5582.0,2026-04-10,185989210,2824,Sweta Securities Private Limited,Trishakti Securities Public Limited,2026-04-10T13:38:23.229951,Himalaya Urja Bikas Company Limited
2026041004016346,HURJA,42,48,880,279.0,245520.0,2026-04-10,185989211,2824,Sani Securities Company Ltd.,Trishakti Securities Public Limited,2026-04-10T13:38:23.23002,Himalaya Urja Bikas Company Limited
2026041004016349,HURJA,48,40,10,279.8,2798.0,2026-04-10,185989230,2824,Trishakti Securities Public Limited,Creative Securities Pvt Ltd,2026-04-10T13:38:25.656513,Himalaya Urja Bikas Company Limited
2026041004016419,HURJA,42,58,120,279.0,33480.0,2026-04-10,185989551,2824,Sani Securities Company Ltd.,Naasa Securities Co. Ltd.,2026-04-10T13:38:57.988116,Himalaya Urja Bikas Company Limited
2026041004016480,HURJA,34,58,245,279.0,68355.0,2026-04-10,185989807,2824,Vision Securities Pvt. Ltd,Naasa Securities Co. Ltd.,2026-04-10T13:39:17.160429,Himalaya Urja Bikas Company Limited
2026041004016509,HURJA,34,58,411,279.0,114669.0,2026-04-10,185989975,2824,Vision Securities Pvt. Ltd,Naasa Securities Co. Ltd.,2026-04-10T13:39:37.25635,Himalaya Urja Bikas Company Limited
2026041004016563,HURJA,53,58,274,279.0,76446.0,2026-04-10,185990355,2824,Investment Management Nepal Pvt. Ltd.,Naasa Securities Co. Ltd.,2026-04-10T13:40:08.99073,Himalaya Urja Bikas Company Limited
2026041004016583,HURJA,32,40,11,279.8,3077.8,2026-04-10,185990458,2824,Premier Securities Company Ltd.,Creative Securities Pvt Ltd,2026-04-10T13:40:24.391292,Himalaya Urja Bikas Company Limited
2026041004016713,HURJA,42,5,20,279.2,5584.0,2026-04-10,185991366,2824,Sani Securities Company Ltd.,Market Securities & Exchange (PVT) Ltd.,2026-04-10T13:42:05.635471,Himalaya Urja Bikas Company Limited
2026041004016714,HURJA,5,5,80,279.1,22328.0,2026-04-10,185991367,2824,Market Securities & Exchange (PVT) Ltd.,Market Securities & Exchange (PVT) Ltd.,2026-04-10T13:42:05.635716,Himalaya Urja Bikas Company Limited
2026041004016788,HURJA,19,45,700,279.5,195650.0,2026-04-10,185991629,2824,Nepal Investment And Securities Trading Private Limited,Imperial Securities Company Pvt. Ltd.,2026-04-10T13:42:32.204957,Himalaya Urja Bikas Company Limited
2026041004016789,HURJA,19,40,470,279.8,131506.0,2026-04-10,185991631,2824,Nepal Investment And Securities Trading Private Limited,Creative Securities Pvt Ltd,2026-04-10T13:42:32.205482,Himalaya Urja Bikas Company Limited
2026041004016790,HURJA,19,32,1000,279.8,279800.0,2026-04-10,185991633,2824,Nepal Investment And Securities Trading Private Limited,Premier Securities Company Ltd.,2026-04-10T13:42:32.205767,Himalaya Urja Bikas Company Limited
2026041004016791,HURJA,19,60,490,279.9,137151.0,2026-04-10,185991635,2824,Nepal Investment And Securities Trading Private Limited,Nagarik Stock Dealer ,2026-04-10T13:42:32.206044,Himalaya Urja Bikas Company Limited
2026041004016792,HURJA,19,96,1000,279.9,279900.0,2026-04-10,185991637,2824,Nepal Investment And Securities Trading Private Limited,Himalayan Securities Limited,2026-04-10T13:42:32.206326,Himalaya Urja Bikas Company Limited
2026041004016793,HURJA,19,14,1340,279.9,375066.0,2026-04-10,185991640,2824,Nepal Investment And Securities Trading Private Limited,Nepal Stock House (PVT) Ltd.,2026-04-10T13:42:32.206615,Himalaya Urja Bikas Company Limited
2026041004016995,HURJA,94,14,5000,279.9,1399500.0,2026-04-10,185992510,2824,K.B.L. Securities Limited ,Nepal Stock House (PVT) Ltd.,2026-04-10T13:43:41.667585,Himalaya Urja Bikas Company Limited
2026041004017003,HURJA,19,14,1554,279.9,434964.6,2026-04-10,185992535,2824,Nepal Investment And Securities Trading Private Limited,Nepal Stock House (PVT) Ltd.,2026-04-10T13:43:43.897325,Himalaya Urja Bikas Company Limited
2026041004017004,HURJA,19,64,65,280.0,18200.0,2026-04-10,185992537,2824,Nepal Investment And Securities Trading Private Limited,SUN SECURITIES PVT LTD,2026-04-10T13:43:43.897623,Himalaya Urja Bikas Company Limited
2026041004017005,HURJA,19,56,10,280.0,2800.0,2026-04-10,185992539,2824,Nepal Investment And Securities Trading Private Limited,Sri Hari Securities Pvt. Ltd.,2026-04-10T13:43:43.897895,Himalaya Urja Bikas Company Limited
2026041004017006,HURJA,19,4,590,280.0,165200.0,2026-04-10,185992541,2824,Nepal Investment And Securities Trading Private Limited,Opal Securities Investment (PVT) Ltd.,2026-04-10T13:43:43.898163,Himalaya Urja Bikas Company Limited
2026041004017007,HURJA,19,39,200,280.0,56000.0,2026-04-10,185992543,2824,Nepal Investment And Securities Trading Private Limited,Sumeru Securities Pvt. Ltd.,2026-04-10T13:43:43.89844,Himalaya Urja Bikas Company Limited
2026041004017008,HURJA,19,58,20,280.0,5600.0,2026-04-10,185992545,2824,Nepal Investment And Securities Trading Private Limited,Naasa Securities Co. Ltd.,2026-04-10T13:43:43.89872,Himalaya Urja Bikas Company Limited
2026041004017009,HURJA,19,34,2561,280.0,717080.0,2026-04-10,185992548,2824,Nepal Investment And Securities Trading Private Limited,Vision Securities Pvt. Ltd,2026-04-10T13:43:43.898982,Himalaya Urja Bikas Company Limited
2026041004017081,HURJA,5,34,939,280.0,262920.0,2026-04-10,185993047,2824,Market Securities & Exchange (PVT) Ltd.,Vision Securities Pvt. Ltd,2026-04-10T13:44:35.255084,Himalaya Urja Bikas Company Limited
2026041004017085,HURJA,5,48,61,280.0,17080.0,2026-04-10,185993064,2824,Market Securities & Exchange (PVT) Ltd.,Trishakti Securities Public Limited,2026-04-10T13:44:37.983936,Himalaya Urja Bikas Company Limited
2026041004017086,HURJA,53,48,726,279.0,202554.0,2026-04-10,185993066,2824,Investment Management Nepal Pvt. Ltd.,Trishakti Securities Public Limited,2026-04-10T13:44:37.983986,Himalaya Urja Bikas Company Limited
2026041004017087,HURJA,29,48,300,279.0,83700.0,2026-04-10,185993068,2824,Trisul Securities & Invt. Ltd.,Trishakti Securities Public Limited,2026-04-10T13:44:37.984019,Himalaya Urja Bikas Company Limited
2026041004017088,HURJA,22,48,245,278.1,68134.5,2026-04-10,185993070,2824,Siprabi Securities Pvt. Ltd.,Trishakti Securities Public Limited,2026-04-10T13:44:37.984047,Himalaya Urja Bikas Company Limited
2026041004017089,HURJA,22,48,200,278.0,55600.0,2026-04-10,185993072,2824,Siprabi Securities Pvt. Ltd.,Trishakti Securities Public Limited,2026-04-10T13:44:37.984074,Himalaya Urja Bikas Company Limited
2026041004017090,HURJA,59,48,68,278.0,18904.0,2026-04-10,185993073,2824,Deevyaa Securities & Stock House Pvt. Ltd,Trishakti Securities Public Limited,2026-04-10T13:44:37.984101,Himalaya Urja Bikas Company Limited
2026041004017091,HURJA,48,50,10,281.0,2810.0,2026-04-10,185993088,2824,Trishakti Securities Public Limited,Cristal Kanchanjanga Securites Pvt. Ltd.,2026-04-10T13:44:40.244925,Himalaya Urja Bikas Company Limited
2026041004017146,HURJA,19,48,4500,280.0,1260000.0,2026-04-10,185993307,2824,Nepal Investment And Securities Trading Private Limited,Trishakti Securities Public Limited,2026-04-10T13:45:01.660284,Himalaya Urja Bikas Company Limited
2026041004017148,HURJA,48,50,10,281.0,2810.0,2026-04-10,185993344,2824,Trishakti Securities Public Limited,Cristal Kanchanjanga Securites Pvt. Ltd.,2026-04-10T13:45:04.08227,Himalaya Urja Bikas Company Limited
2026041004017191,HURJA,19,96,500,280.0,140000.0,2026-04-10,185993823,2824,Nepal Investment And Securities Trading Private Limited,Himalayan Securities Limited,2026-04-10T13:45:32.634967,Himalaya Urja Bikas Company Limited
2026041004017224,HURJA,48,50,10,281.0,2810.0,2026-04-10,185994174,2824,Trishakti Securities Public Limited,Cristal Kanchanjanga Securites Pvt. Ltd.,2026-04-10T13:46:02.911399,Himalaya Urja Bikas Company Limited
2026041004017384,HURJA,91,50,500,280.0,140000.0,2026-04-10,185995299,2824,Citizens Share Broker Limited,Cristal Kanchanjanga Securites Pvt. Ltd.,2026-04-10T13:47:26.686848,Himalaya Urja Bikas Company Limited
2026041004017398,HURJA,48,50,10,281.0,2810.0,2026-04-10,185995392,2824,Trishakti Securities Public Limited,Cristal Kanchanjanga Securites Pvt. Ltd.,2026-04-10T13:47:39.521401,Himalaya Urja Bikas Company Limited
2026041004017422,HURJA,16,50,500,281.0,140500.0,2026-04-10,185995552,2824,Primo Securities (PVT) Ltd.,Cristal Kanchanjanga Securites Pvt. Ltd.,2026-04-10T13:48:01.411096,Himalaya Urja Bikas Company Limited
2026041004017451,HURJA,48,50,10,281.0,2810.0,2026-04-10,185995674,2824,Trishakti Securities Public Limited,Cristal Kanchanjanga Securites Pvt. Ltd.,2026-04-10T13:48:20.49797,Himalaya Urja Bikas Company Limited
2026041004017483,HURJA,51,50,47,281.0,13207.0,2026-04-10,185995792,2824,Oxford Securities Pvt. Ltd.,Cristal Kanchanjanga Securites Pvt. Ltd.,2026-04-10T13:48:31.211545,Himalaya Urja Bikas Company Limited
2026041004017508,HURJA,1,50,1000,281.0,281000.0,2026-04-10,185995914,2824,Kumari Securities Private Limited,Cristal Kanchanjanga Securites Pvt. Ltd.,2026-04-10T13:48:44.548646,Himalaya Urja Bikas Company Limited
2026041004017519,HURJA,19,50,1188,281.0,333828.0,2026-04-10,185995983,2824,Nepal Investment And Securities Trading Private Limited,Cristal Kanchanjanga Securites Pvt. Ltd.,2026-04-10T13:48:52.600415,Himalaya Urja Bikas Company Limited
2026041004017520,HURJA,19,57,40,281.0,11240.0,2026-04-10,185995985,2824,Nepal Investment And Securities Trading Private Limited,Aryatara Investment & Securities,2026-04-10T13:48:52.600653,Himalaya Urja Bikas Company Limited
2026041004017531,HURJA,32,60,10,282.0,2820.0,2026-04-10,185996102,2824,Premier Securities Company Ltd.,Nagarik Stock Dealer ,2026-04-10T13:49:01.61105,Himalaya Urja Bikas Company Limited
2026041004017539,HURJA,48,60,20,282.0,5640.0,2026-04-10,185996166,2824,Trishakti Securities Public Limited,Nagarik Stock Dealer ,2026-04-10T13:49:07.210358,Himalaya Urja Bikas Company Limited
2026041004017621,HURJA,54,40,1200,281.5,337800.0,2026-04-10,185996764,2824,Sewa Securities Pvt. Ltd.,Creative Securities Pvt Ltd,2026-04-10T13:50:03.281077,Himalaya Urja Bikas Company Limited
2026041004017658,HURJA,19,34,772,281.0,216932.0,2026-04-10,185996978,2824,Nepal Investment And Securities Trading Private Limited,Vision Securities Pvt. Ltd,2026-04-10T13:50:19.278091,Himalaya Urja Bikas Company Limited
2026041004017659,HURJA,19,34,228,281.0,64068.0,2026-04-10,185996979,2824,Nepal Investment And Securities Trading Private Limited,Vision Securities Pvt. Ltd,2026-04-10T13:50:19.278359,Himalaya Urja Bikas Company Limited
2026041004017677,HURJA,48,40,10,281.9,2819.0,2026-04-10,185997068,2824,Trishakti Securities Public Limited,Creative Securities Pvt Ltd,2026-04-10T13:50:24.619508,Himalaya Urja Bikas Company Limited
2026041004017703,HURJA,64,40,190,281.9,53561.0,2026-04-10,185997241,2824,SUN SECURITIES PVT LTD,Creative Securities Pvt Ltd,2026-04-10T13:50:40.824197,Himalaya Urja Bikas Company Limited
2026041004017710,HURJA,45,60,30,282.0,8460.0,2026-04-10,185997267,2824,Imperial Securities Company Pvt. Ltd.,Nagarik Stock Dealer ,2026-04-10T13:50:44.936672,Himalaya Urja Bikas Company Limited
2026041004017711,HURJA,45,58,200,282.0,56400.0,2026-04-10,185997269,2824,Imperial Securities Company Pvt. Ltd.,Naasa Securities Co. Ltd.,2026-04-10T13:50:44.937103,Himalaya Urja Bikas Company Limited
2026041004017712,HURJA,45,56,20,282.0,5640.0,2026-04-10,185997271,2824,Imperial Securities Company Pvt. Ltd.,Sri Hari Securities Pvt. Ltd.,2026-04-10T13:50:44.937393,Himalaya Urja Bikas Company Limited
2026041004017713,HURJA,45,19,123,282.0,34686.0,2026-04-10,185997273,2824,Imperial Securities Company Pvt. Ltd.,Nepal Investment And Securities Trading Private Limited,2026-04-10T13:50:44.937656,Himalaya Urja Bikas Company Limited
2026041004017714,HURJA,45,59,10,282.0,2820.0,2026-04-10,185997275,2824,Imperial Securities Company Pvt. Ltd.,Deevyaa Securities & Stock House Pvt. Ltd,2026-04-10T13:50:44.937897,Himalaya Urja Bikas Company Limited
2026041004017715,HURJA,45,96,817,282.0,230394.0,2026-04-10,185997278,2824,Imperial Securities Company Pvt. Ltd.,Himalayan Securities Limited,2026-04-10T13:50:44.938155,Himalaya Urja Bikas Company Limited
2026041004017780,HURJA,48,96,183,282.0,51606.0,2026-04-10,185997705,2824,Trishakti Securities Public Limited,Himalayan Securities Limited,2026-04-10T13:51:28.830659,Himalaya Urja Bikas Company Limited
2026041004017781,HURJA,48,7,500,282.5,141250.0,2026-04-10,185997707,2824,Trishakti Securities Public Limited,J.F. Securites (PVT) Ltd.,2026-04-10T13:51:28.830764,Himalaya Urja Bikas Company Limited
2026041004017782,HURJA,48,34,50,282.9,14145.0,2026-04-10,185997709,2824,Trishakti Securities Public Limited,Vision Securities Pvt. Ltd,2026-04-10T13:51:28.830845,Himalaya Urja Bikas Company Limited
2026041004017783,HURJA,48,58,39,283.0,11037.0,2026-04-10,185997711,2824,Trishakti Securities Public Limited,Naasa Securities Co. Ltd.,2026-04-10T13:51:28.830924,Himalaya Urja Bikas Company Limited
2026041004017784,HURJA,48,16,228,283.0,64524.0,2026-04-10,185997714,2824,Trishakti Securities Public Limited,Primo Securities (PVT) Ltd.,2026-04-10T13:51:28.830999,Himalaya Urja Bikas Company Limited
2026041004017793,HURJA,48,16,152,283.0,43016.0,2026-04-10,185997777,2824,Trishakti Securities Public Limited,Primo Securities (PVT) Ltd.,2026-04-10T13:51:34.664214,Himalaya Urja Bikas Company Limited
2026041004017794,HURJA,48,48,18,283.0,5094.0,2026-04-10,185997779,2824,Trishakti Securities Public Limited,Trishakti Securities Public Limited,2026-04-10T13:51:34.664354,Himalaya Urja Bikas Company Limited
2026041004017795,HURJA,48,40,10,283.9,2839.0,2026-04-10,185997782,2824,Trishakti Securities Public Limited,Creative Securities Pvt Ltd,2026-04-10T13:51:34.664429,Himalaya Urja Bikas Company Limited
2026041004017820,HURJA,57,40,30,283.9,8517.0,2026-04-10,185997978,2824,Aryatara Investment & Securities,Creative Securities Pvt Ltd,2026-04-10T13:51:54.990676,Himalaya Urja Bikas Company Limited
2026041004017984,HURJA,64,40,100,282.0,28200.0,2026-04-10,185999312,2824,SUN SECURITIES PVT LTD,Creative Securities Pvt Ltd,2026-04-10T13:53:50.195492,Himalaya Urja Bikas Company Limited
2026041004018072,HURJA,19,42,180,281.0,50580.0,2026-04-10,185999859,2824,Nepal Investment And Securities Trading Private Limited,Sani Securities Company Ltd.,2026-04-10T13:54:35.801032,Himalaya Urja Bikas Company Limited
2026041004018119,HURJA,19,45,592,281.0,166352.0,2026-04-10,186000096,2824,Nepal Investment And Securities Trading Private Limited,Imperial Securities Company Pvt. Ltd.,2026-04-10T13:54:54.282059,Himalaya Urja Bikas Company Limited
2026041004018120,HURJA,19,45,408,281.0,114648.0,2026-04-10,186000097,2824,Nepal Investment And Securities Trading Private Limited,Imperial Securities Company Pvt. Ltd.,2026-04-10T13:54:54.282319,Himalaya Urja Bikas Company Limited
2026041004018122,HURJA,34,42,5,279.0,1395.0,2026-04-10,186000101,2824,Vision Securities Pvt. Ltd,Sani Securities Company Ltd.,2026-04-10T13:54:54.6458,Himalaya Urja Bikas Company Limited
2026041004018136,HURJA,19,40,1400,281.0,393400.0,2026-04-10,186000167,2824,Nepal Investment And Securities Trading Private Limited,Creative Securities Pvt Ltd,2026-04-10T13:54:57.270719,Himalaya Urja Bikas Company Limited
2026041004018159,HURJA,19,34,2000,281.0,562000.0,2026-04-10,186000257,2824,Nepal Investment And Securities Trading Private Limited,Vision Securities Pvt. Ltd,2026-04-10T13:55:02.752599,Himalaya Urja Bikas Company Limited
2026041004018175,HURJA,19,40,460,281.0,129260.0,2026-04-10,186000341,2824,Nepal Investment And Securities Trading Private Limited,Creative Securities Pvt Ltd,2026-04-10T13:55:08.928106,Himalaya Urja Bikas Company Limited
2026041004018232,HURJA,19,48,732,281.0,205692.0,2026-04-10,186000632,2824,Nepal Investment And Securities Trading Private Limited,Trishakti Securities Public Limited,2026-04-10T13:55:23.502243,Himalaya Urja Bikas Company Limited
2026041004018233,HURJA,3,48,768,281.0,215808.0,2026-04-10,186000633,2824,Arun Securities (PVT) Ltd.,Trishakti Securities Public Limited,2026-04-10T13:55:23.502293,Himalaya Urja Bikas Company Limited
2026041004018243,HURJA,48,64,10,283.0,2830.0,2026-04-10,186000686,2824,Trishakti Securities Public Limited,SUN SECURITIES PVT LTD,2026-04-10T13:55:26.116543,Himalaya Urja Bikas Company Limited
2026041004018303,HURJA,3,77,1200,281.0,337200.0,2026-04-10,186000925,2824,Arun Securities (PVT) Ltd.,Nabil Stock Dealer Ltd.,2026-04-10T13:55:38.169439,Himalaya Urja Bikas Company Limited
2026041004018316,HURJA,3,34,32,281.0,8992.0,2026-04-10,186000966,2824,Arun Securities (PVT) Ltd.,Vision Securities Pvt. Ltd,2026-04-10T13:55:40.773962,Himalaya Urja Bikas Company Limited
2026041004018317,HURJA,58,34,34,281.0,9554.0,2026-04-10,186000968,2824,Naasa Securities Co. Ltd.,Vision Securities Pvt. Ltd,2026-04-10T13:55:40.774213,Himalaya Urja Bikas Company Limited
2026041004018319,HURJA,29,34,534,281.0,150054.0,2026-04-10,186000979,2824,Trisul Securities & Invt. Ltd.,Vision Securities Pvt. Ltd,2026-04-10T13:55:41.674078,Himalaya Urja Bikas Company Limited
2026041004018388,HURJA,29,77,1400,281.1,393540.0,2026-04-10,186001433,2824,Trisul Securities & Invt. Ltd.,Nabil Stock Dealer Ltd.,2026-04-10T13:55:56.970901,Himalaya Urja Bikas Company Limited
2026041004018502,HURJA,52,40,40,282.7,11308.0,2026-04-10,186002132,2824,Sundhara Securities Limited,Creative Securities Pvt Ltd,2026-04-10T13:56:23.835949,Himalaya Urja Bikas Company Limited
2026041004018559,HURJA,29,40,66,281.1,18552.6,2026-04-10,186002436,2824,Trisul Securities & Invt. Ltd.,Creative Securities Pvt Ltd,2026-04-10T13:56:38.254264,Himalaya Urja Bikas Company Limited
2026041004018560,HURJA,74,40,100,281.1,28110.0,2026-04-10,186002438,2824,KALASH STOCK MARKET PVT. LTD.,Creative Securities Pvt Ltd,2026-04-10T13:56:38.254729,Himalaya Urja Bikas Company Limited
2026041004018561,HURJA,58,40,834,281.0,234354.0,2026-04-10,186002439,2824,Naasa Securities Co. Ltd.,Creative Securities Pvt Ltd,2026-04-10T13:56:38.255041,Himalaya Urja Bikas Company Limited
2026041004018649,HURJA,64,64,100,281.2,28120.0,2026-04-10,186003040,2824,SUN SECURITIES PVT LTD,SUN SECURITIES PVT LTD,2026-04-10T13:57:09.468988,Himalaya Urja Bikas Company Limited
2026041004018659,HURJA,58,40,166,281.0,46646.0,2026-04-10,186003126,2824,Naasa Securities Co. Ltd.,Creative Securities Pvt Ltd,2026-04-10T13:57:13.276777,Himalaya Urja Bikas Company Limited
2026041004018694,HURJA,21,60,1000,280.7,280700.0,2026-04-10,186003347,2824,Midas Stock Broking Company Private Limited,Nagarik Stock Dealer ,2026-04-10T13:57:22.710032,Himalaya Urja Bikas Company Limited
2026041004018730,HURJA,26,34,200,280.6,56120.0,2026-04-10,186003588,2824,Asian Securities Private Ltd.,Vision Securities Pvt. Ltd,2026-04-10T13:57:36.476031,Himalaya Urja Bikas Company Limited
2026041004018731,HURJA,39,34,100,280.3,28030.0,2026-04-10,186003590,2824,Sumeru Securities Pvt. Ltd.,Vision Securities Pvt. Ltd,2026-04-10T13:57:36.476336,Himalaya Urja Bikas Company Limited
2026041004018732,HURJA,91,34,900,280.2,252180.0,2026-04-10,186003592,2824,Citizens Share Broker Limited,Vision Securities Pvt. Ltd,2026-04-10T13:57:36.476434,Himalaya Urja Bikas Company Limited
2026041004018733,HURJA,41,34,100,280.2,28020.0,2026-04-10,186003594,2824,Linch Stock Market Ltd.,Vision Securities Pvt. Ltd,2026-04-10T13:57:36.476524,Himalaya Urja Bikas Company Limited
2026041004018734,HURJA,44,34,500,280.0,140000.0,2026-04-10,186003596,2824,Dynamic Money Managers Securities Pvt. Ltd.,Vision Securities Pvt. Ltd,2026-04-10T13:57:36.476615,Himalaya Urja Bikas Company Limited
2026041004018735,HURJA,21,34,1000,280.0,280000.0,2026-04-10,186003598,2824,Midas Stock Broking Company Private Limited,Vision Securities Pvt. Ltd,2026-04-10T13:57:36.476718,Himalaya Urja Bikas Company Limited
2026041004018736,HURJA,38,34,20,280.0,5600.0,2026-04-10,186003600,2824,Dipshikha Dhitopatra Karobar Co. Pvt Ltd.,Vision Securities Pvt. Ltd,2026-04-10T13:57:36.476825,Himalaya Urja Bikas Company Limited
2026041004018737,HURJA,21,34,1000,279.0,279000.0,2026-04-10,186003602,2824,Midas Stock Broking Company Private Limited,Vision Securities Pvt. Ltd,2026-04-10T13:57:36.476917,Himalaya Urja Bikas Company Limited
2026041004018738,HURJA,17,34,500,279.0,139500.0,2026-04-10,186003604,2824,ABC Securities Private Limited,Vision Securities Pvt. Ltd,2026-04-10T13:57:36.477005,Himalaya Urja Bikas Company Limited
2026041004018819,HURJA,48,34,10,280.9,2809.0,2026-04-10,186004182,2824,Trishakti Securities Public Limited,Vision Securities Pvt. Ltd,2026-04-10T13:58:06.218003,Himalaya Urja Bikas Company Limited
2026041004018827,HURJA,17,40,494,279.0,137826.0,2026-04-10,186004227,2824,ABC Securities Private Limited,Creative Securities Pvt Ltd,2026-04-10T13:58:09.747044,Himalaya Urja Bikas Company Limited
2026041004018843,HURJA,48,34,10,280.9,2809.0,2026-04-10,186004348,2824,Trishakti Securities Public Limited,Vision Securities Pvt. Ltd,2026-04-10T13:58:14.617405,Himalaya Urja Bikas Company Limited
2026041004018910,HURJA,48,14,60,281.0,16860.0,2026-04-10,186004732,2824,Trishakti Securities Public Limited,Nepal Stock House (PVT) Ltd.,2026-04-10T13:58:44.672518,Himalaya Urja Bikas Company Limited
2026041004019043,HURJA,17,34,660,280.0,184800.0,2026-04-10,186005607,2824,ABC Securities Private Limited,Vision Securities Pvt. Ltd,2026-04-10T13:59:53.315527,Himalaya Urja Bikas Company Limited
2026041004019084,HURJA,17,58,346,280.0,96880.0,2026-04-10,186005860,2824,ABC Securities Private Limited,Naasa Securities Co. Ltd.,2026-04-10T14:00:10.929441,Himalaya Urja Bikas Company Limited
2026041004019150,HURJA,45,58,200,279.2,55840.0,2026-04-10,186006352,2824,Imperial Securities Company Pvt. Ltd.,Naasa Securities Co. Ltd.,2026-04-10T14:01:01.346027,Himalaya Urja Bikas Company Limited
2026041004019151,HURJA,52,58,800,279.1,223280.0,2026-04-10,186006353,2824,Sundhara Securities Limited,Naasa Securities Co. Ltd.,2026-04-10T14:01:01.346138,Himalaya Urja Bikas Company Limited
2026041004019185,HURJA,26,94,100,278.6,27860.0,2026-04-10,186006562,2824,Asian Securities Private Ltd.,K.B.L. Securities Limited ,2026-04-10T14:01:25.732694,Himalaya Urja Bikas Company Limited
2026041004019191,HURJA,13,5,100,278.5,27850.0,2026-04-10,186006647,2824,Thrive Brokerage House Pvt. Ltd,Market Securities & Exchange (PVT) Ltd.,2026-04-10T14:01:33.428217,Himalaya Urja Bikas Company Limited
2026041004019243,HURJA,59,14,132,278.0,36696.0,2026-04-10,186007094,2824,Deevyaa Securities & Stock House Pvt. Ltd,Nepal Stock House (PVT) Ltd.,2026-04-10T14:02:03.580284,Himalaya Urja Bikas Company Limited
2026041004019244,HURJA,52,14,500,278.0,139000.0,2026-04-10,186007096,2824,Sundhara Securities Limited,Nepal Stock House (PVT) Ltd.,2026-04-10T14:02:03.580782,Himalaya Urja Bikas Company Limited
2026041004019245,HURJA,21,14,308,278.0,85624.0,2026-04-10,186007097,2824,Midas Stock Broking Company Private Limited,Nepal Stock House (PVT) Ltd.,2026-04-10T14:02:03.581058,Himalaya Urja Bikas Company Limited
2026041004019274,HURJA,21,48,692,278.0,192376.0,2026-04-10,186007350,2824,Midas Stock Broking Company Private Limited,Trishakti Securities Public Limited,2026-04-10T14:02:25.856386,Himalaya Urja Bikas Company Limited
2026041004019275,HURJA,48,48,308,278.0,85624.0,2026-04-10,186007351,2824,Trishakti Securities Public Limited,Trishakti Securities Public Limited,2026-04-10T14:02:25.856448,Himalaya Urja Bikas Company Limited
2026041004019291,HURJA,48,94,10,278.6,2786.0,2026-04-10,186007396,2824,Trishakti Securities Public Limited,K.B.L. Securities Limited ,2026-04-10T14:02:28.789649,Himalaya Urja Bikas Company Limited
2026041004019314,HURJA,32,94,65,278.6,18109.0,2026-04-10,186007657,2824,Premier Securities Company Ltd.,K.B.L. Securities Limited ,2026-04-10T14:02:59.576268,Himalaya Urja Bikas Company Limited
2026041004019315,HURJA,32,64,50,281.2,14060.0,2026-04-10,186007659,2824,Premier Securities Company Ltd.,SUN SECURITIES PVT LTD,2026-04-10T14:02:59.5764,Himalaya Urja Bikas Company Limited
2026041004019316,HURJA,32,90,10,282.0,2820.0,2026-04-10,186007662,2824,Premier Securities Company Ltd.,Sajilo Broker Limited,2026-04-10T14:02:59.57649,Himalaya Urja Bikas Company Limited
2026041004019650,HURJA,49,6,50,281.6,14080.0,2026-04-10,186010246,2824,Online Securities Pvt. Ltd.,Agrawal Securities (PVT) Ltd.,2026-04-10T14:07:57.401169,Himalaya Urja Bikas Company Limited
2026041004019664,HURJA,49,6,100,281.6,28160.0,2026-04-10,186010340,2824,Online Securities Pvt. Ltd.,Agrawal Securities (PVT) Ltd.,2026-04-10T14:08:08.304573,Himalaya Urja Bikas Company Limited
2026041004019722,HURJA,42,6,80,281.6,22528.0,2026-04-10,186010756,2824,Sani Securities Company Ltd.,Agrawal Securities (PVT) Ltd.,2026-04-10T14:08:49.598968,Himalaya Urja Bikas Company Limited
2026041004019747,HURJA,42,14,200,281.7,56340.0,2026-04-10,186010974,2824,Sani Securities Company Ltd.,Nepal Stock House (PVT) Ltd.,2026-04-10T14:09:14.695294,Himalaya Urja Bikas Company Limited
2026041004019908,HURJA,58,35,20,281.5,5630.0,2026-04-10,186012224,2824,Naasa Securities Co. Ltd.,Kohinoor Investment & Securities Pvt. Ltd.,2026-04-10T14:12:13.068087,Himalaya Urja Bikas Company Limited
2026041004020004,HURJA,42,13,10,280.0,2800.0,2026-04-10,186013039,2824,Sani Securities Company Ltd.,Thrive Brokerage House Pvt. Ltd,2026-04-10T14:14:08.887523,Himalaya Urja Bikas Company Limited
2026041004020028,HURJA,14,35,30,281.5,8445.0,2026-04-10,186013389,2824,Nepal Stock House (PVT) Ltd.,Kohinoor Investment & Securities Pvt. Ltd.,2026-04-10T14:14:51.19815,Himalaya Urja Bikas Company Limited
2026041004020029,HURJA,14,6,500,281.5,140750.0,2026-04-10,186013391,2824,Nepal Stock House (PVT) Ltd.,Agrawal Securities (PVT) Ltd.,2026-04-10T14:14:51.198633,Himalaya Urja Bikas Company Limited
2026041004020030,HURJA,14,57,250,281.5,70375.0,2026-04-10,186013394,2824,Nepal Stock House (PVT) Ltd.,Aryatara Investment & Securities,2026-04-10T14:14:51.198922,Himalaya Urja Bikas Company Limited
2026041004020031,HURJA,14,6,1000,281.7,281700.0,2026-04-10,186013397,2824,Nepal Stock House (PVT) Ltd.,Agrawal Securities (PVT) Ltd.,2026-04-10T14:14:51.199203,Himalaya Urja Bikas Company Limited
2026041004020032,HURJA,14,57,250,281.8,70450.0,2026-04-10,186013399,2824,Nepal Stock House (PVT) Ltd.,Aryatara Investment & Securities,2026-04-10T14:14:51.199489,Himalaya Urja Bikas Company Limited
2026041004020033,HURJA,14,57,1000,281.8,281800.0,2026-04-10,186013401,2824,Nepal Stock House (PVT) Ltd.,Aryatara Investment & Securities,2026-04-10T14:14:51.199778,Himalaya Urja Bikas Company Limited
2026041004020034,HURJA,14,32,2000,281.9,563800.0,2026-04-10,186013403,2824,Nepal Stock House (PVT) Ltd.,Premier Securities Company Ltd.,2026-04-10T14:14:51.200082,Himalaya Urja Bikas Company Limited
2026041004020035,HURJA,14,90,30,282.0,8460.0,2026-04-10,186013405,2824,Nepal Stock House (PVT) Ltd.,Sajilo Broker Limited,2026-04-10T14:14:51.200383,Himalaya Urja Bikas Company Limited
2026041004020036,HURJA,14,64,940,282.0,265080.0,2026-04-10,186013408,2824,Nepal Stock House (PVT) Ltd.,SUN SECURITIES PVT LTD,2026-04-10T14:14:51.200705,Himalaya Urja Bikas Company Limited
2026041004020157,HURJA,14,64,850,282.0,239700.0,2026-04-10,186013971,2824,Nepal Stock House (PVT) Ltd.,SUN SECURITIES PVT LTD,2026-04-10T14:15:55.265436,Himalaya Urja Bikas Company Limited
2026041004020158,HURJA,14,70,210,282.0,59220.0,2026-04-10,186013973,2824,Nepal Stock House (PVT) Ltd.,Infinity Securities Limited,2026-04-10T14:15:55.265922,Himalaya Urja Bikas Company Limited
2026041004020159,HURJA,14,50,150,282.0,42300.0,2026-04-10,186013975,2824,Nepal Stock House (PVT) Ltd.,Cristal Kanchanjanga Securites Pvt. Ltd.,2026-04-10T14:15:55.266509,Himalaya Urja Bikas Company Limited
2026041004020160,HURJA,14,6,500,282.0,141000.0,2026-04-10,186013977,2824,Nepal Stock House (PVT) Ltd.,Agrawal Securities (PVT) Ltd.,2026-04-10T14:15:55.267022,Himalaya Urja Bikas Company Limited
2026041004020161,HURJA,14,6,1645,282.2,464219.0,2026-04-10,186013979,2824,Nepal Stock House (PVT) Ltd.,Agrawal Securities (PVT) Ltd.,2026-04-10T14:15:55.267516,Himalaya Urja Bikas Company Limited
2026041004020162,HURJA,14,64,1000,282.6,282600.0,2026-04-10,186013981,2824,Nepal Stock House (PVT) Ltd.,SUN SECURITIES PVT LTD,2026-04-10T14:15:55.267989,Himalaya Urja Bikas Company Limited
2026041004020163,HURJA,14,64,1645,283.0,465535.0,2026-04-10,186013984,2824,Nepal Stock House (PVT) Ltd.,SUN SECURITIES PVT LTD,2026-04-10T14:15:55.268481,Himalaya Urja Bikas Company Limited
2026041004020214,HURJA,37,64,300,283.0,84900.0,2026-04-10,186014276,2824,Swarna Laxmi Securities Pvt. Ltd.,SUN SECURITIES PVT LTD,2026-04-10T14:16:35.087689,Himalaya Urja Bikas Company Limited
2026041004020224,HURJA,95,64,55,283.0,15565.0,2026-04-10,186014373,2824,Magnet Securities and Investment Company Private Limited,SUN SECURITIES PVT LTD,2026-04-10T14:16:46.656556,Himalaya Urja Bikas Company Limited
2026041004020225,HURJA,95,43,100,283.0,28300.0,2026-04-10,186014375,2824,Magnet Securities and Investment Company Private Limited,South Asian Bulls Pvt. Ltd.,2026-04-10T14:16:46.657016,Himalaya Urja Bikas Company Limited
