contractId,stockSymbol,buyerMemberId,sellerMemberId,quantity,rate,amount,businessDate,tradeBookId,stockId,buyerBrokerName,sellerBrokerName,transaction_time,securityName
2026041001000005,KBL,34,99,10,235.1,2351.0,2026-04-10,185885754,142,Vision Securities Pvt. Ltd,Prabhu Stock Market Limited,2026-04-10T10:46:00.034159,Kumari Bank Limited
2026041001000006,KBL,58,99,40,235.1,9404.0,2026-04-10,185885756,142,Naasa Securities Co. Ltd.,Prabhu Stock Market Limited,2026-04-10T10:46:00.034192,Kumari Bank Limited
2026041001000104,KBL,58,38,100,233.3,23330.0,2026-04-10,185886152,142,Naasa Securities Co. Ltd.,Dipshikha Dhitopatra Karobar Co. Pvt Ltd.,2026-04-10T11:00:30.089851,Kumari Bank Limited
2026041001000148,KBL,58,74,100,235.0,23500.0,2026-04-10,185886313,142,Naasa Securities Co. Ltd.,KALASH STOCK MARKET PVT. LTD.,2026-04-10T11:00:46.831339,Kumari Bank Limited
2026041001000153,KBL,67,99,14,233.1,3263.4,2026-04-10,185886330,142,Property Wiard Limited,Prabhu Stock Market Limited,2026-04-10T11:00:49.959067,Kumari Bank Limited
2026041001000369,KBL,21,14,100,234.0,23400.0,2026-04-10,185886932,142,Midas Stock Broking Company Private Limited,Nepal Stock House (PVT) Ltd.,2026-04-10T11:01:31.142908,Kumari Bank Limited
2026041001000468,KBL,49,45,100,233.5,23350.0,2026-04-10,185887201,142,Online Securities Pvt. Ltd.,Imperial Securities Company Pvt. Ltd.,2026-04-10T11:01:44.223812,Kumari Bank Limited
2026041001000715,KBL,67,39,11,233.1,2564.1,2026-04-10,185887821,142,Property Wiard Limited,Sumeru Securities Pvt. Ltd.,2026-04-10T11:02:12.621716,Kumari Bank Limited
2026041001000716,KBL,46,39,10,233.0,2330.0,2026-04-10,185887823,142,Kalika Securities Pvt. Ltd.,Sumeru Securities Pvt. Ltd.,2026-04-10T11:02:12.621788,Kumari Bank Limited
2026041001000717,KBL,41,39,979,233.0,228107.0,2026-04-10,185887824,142,Linch Stock Market Ltd.,Sumeru Securities Pvt. Ltd.,2026-04-10T11:02:12.621838,Kumari Bank Limited
2026041001000741,KBL,42,45,50,233.5,11675.0,2026-04-10,185887926,142,Sani Securities Company Ltd.,Imperial Securities Company Pvt. Ltd.,2026-04-10T11:02:19.355338,Kumari Bank Limited
2026041001000824,KBL,42,58,20,233.5,4670.0,2026-04-10,185888214,142,Sani Securities Company Ltd.,Naasa Securities Co. Ltd.,2026-04-10T11:02:42.822696,Kumari Bank Limited
2026041001000956,KBL,59,38,500,233.6,116800.0,2026-04-10,185888660,142,Deevyaa Securities & Stock House Pvt. Ltd,Dipshikha Dhitopatra Karobar Co. Pvt Ltd.,2026-04-10T11:03:12.301817,Kumari Bank Limited
2026041001000986,KBL,46,14,28,234.8,6574.4,2026-04-10,185888743,142,Kalika Securities Pvt. Ltd.,Nepal Stock House (PVT) Ltd.,2026-04-10T11:03:16.699888,Kumari Bank Limited
2026041001001103,KBL,34,90,50,233.6,11680.0,2026-04-10,185889106,142,Vision Securities Pvt. Ltd,Sajilo Broker Limited,2026-04-10T11:03:38.35522,Kumari Bank Limited
2026041001001263,KBL,14,42,500,233.6,116800.0,2026-04-10,185889588,142,Nepal Stock House (PVT) Ltd.,Sani Securities Company Ltd.,2026-04-10T11:04:15.489896,Kumari Bank Limited
2026041001001316,KBL,45,13,300,234.0,70200.0,2026-04-10,185889749,142,Imperial Securities Company Pvt. Ltd.,Thrive Brokerage House Pvt. Ltd,2026-04-10T11:04:26.85281,Kumari Bank Limited
2026041001001317,KBL,14,13,500,233.6,116800.0,2026-04-10,185889751,142,Nepal Stock House (PVT) Ltd.,Thrive Brokerage House Pvt. Ltd,2026-04-10T11:04:26.852935,Kumari Bank Limited
2026041001001339,KBL,58,13,100,233.6,23360.0,2026-04-10,185889835,142,Naasa Securities Co. Ltd.,Thrive Brokerage House Pvt. Ltd,2026-04-10T11:04:38.338311,Kumari Bank Limited
2026041001001411,KBL,42,38,100,233.5,23350.0,2026-04-10,185890050,142,Sani Securities Company Ltd.,Dipshikha Dhitopatra Karobar Co. Pvt Ltd.,2026-04-10T11:04:58.554147,Kumari Bank Limited
2026041001001456,KBL,42,38,1830,233.5,427305.0,2026-04-10,185890240,142,Sani Securities Company Ltd.,Dipshikha Dhitopatra Karobar Co. Pvt Ltd.,2026-04-10T11:05:11.588066,Kumari Bank Limited
2026041001001479,KBL,34,13,100,233.6,23360.0,2026-04-10,185890319,142,Vision Securities Pvt. Ltd,Thrive Brokerage House Pvt. Ltd,2026-04-10T11:05:16.857216,Kumari Bank Limited
2026041001001665,KBL,57,39,10,233.6,2336.0,2026-04-10,185890989,142,Aryatara Investment & Securities,Sumeru Securities Pvt. Ltd.,2026-04-10T11:06:01.785888,Kumari Bank Limited
2026041001001666,KBL,45,39,200,233.5,46700.0,2026-04-10,185890991,142,Imperial Securities Company Pvt. Ltd.,Sumeru Securities Pvt. Ltd.,2026-04-10T11:06:01.786175,Kumari Bank Limited
2026041001001667,KBL,41,39,21,233.0,4893.0,2026-04-10,185890993,142,Linch Stock Market Ltd.,Sumeru Securities Pvt. Ltd.,2026-04-10T11:06:01.786362,Kumari Bank Limited
2026041001001668,KBL,43,39,350,233.0,81550.0,2026-04-10,185890995,142,South Asian Bulls Pvt. Ltd.,Sumeru Securities Pvt. Ltd.,2026-04-10T11:06:01.786543,Kumari Bank Limited
2026041001001669,KBL,35,39,419,233.0,97627.0,2026-04-10,185890996,142,Kohinoor Investment & Securities Pvt. Ltd.,Sumeru Securities Pvt. Ltd.,2026-04-10T11:06:01.786723,Kumari Bank Limited
2026041001001838,KBL,35,34,81,233.0,18873.0,2026-04-10,185891568,142,Kohinoor Investment & Securities Pvt. Ltd.,Vision Securities Pvt. Ltd,2026-04-10T11:06:29.86251,Kumari Bank Limited
2026041001001839,KBL,49,34,10,233.0,2330.0,2026-04-10,185891570,142,Online Securities Pvt. Ltd.,Vision Securities Pvt. Ltd,2026-04-10T11:06:29.862777,Kumari Bank Limited
2026041001001840,KBL,43,34,659,232.1,152953.9,2026-04-10,185891571,142,South Asian Bulls Pvt. Ltd.,Vision Securities Pvt. Ltd,2026-04-10T11:06:29.862988,Kumari Bank Limited
2026041001001893,KBL,43,74,500,232.1,116050.0,2026-04-10,185891766,142,South Asian Bulls Pvt. Ltd.,KALASH STOCK MARKET PVT. LTD.,2026-04-10T11:06:37.437575,Kumari Bank Limited
2026041001002011,KBL,43,48,100,232.1,23210.0,2026-04-10,185892148,142,South Asian Bulls Pvt. Ltd.,Trishakti Securities Public Limited,2026-04-10T11:06:59.230166,Kumari Bank Limited
2026041001002112,KBL,43,34,1000,232.1,232100.0,2026-04-10,185892532,142,South Asian Bulls Pvt. Ltd.,Vision Securities Pvt. Ltd,2026-04-10T11:07:25.711763,Kumari Bank Limited
2026041001002166,KBL,42,58,20,232.5,4650.0,2026-04-10,185892732,142,Sani Securities Company Ltd.,Naasa Securities Co. Ltd.,2026-04-10T11:07:40.528914,Kumari Bank Limited
2026041001002167,KBL,42,66,80,232.9,18632.0,2026-04-10,185892735,142,Sani Securities Company Ltd.,Miyo Securities Pvt Ltd,2026-04-10T11:07:40.529265,Kumari Bank Limited
2026041001002191,KBL,11,82,1000,232.2,232200.0,2026-04-10,185892853,142,Malla & Malla Stock Broking Company Pvt. Limited,N.M.B. SECURITIES LIMITED,2026-04-10T11:07:47.179518,Kumari Bank Limited
2026041001002192,KBL,42,82,1000,232.2,232200.0,2026-04-10,185892854,142,Sani Securities Company Ltd.,N.M.B. SECURITIES LIMITED,2026-04-10T11:07:47.179599,Kumari Bank Limited
2026041001002228,KBL,29,66,920,232.9,214268.0,2026-04-10,185893010,142,Trisul Securities & Invt. Ltd.,Miyo Securities Pvt Ltd,2026-04-10T11:07:58.402478,Kumari Bank Limited
2026041001002231,KBL,29,57,80,232.9,18632.0,2026-04-10,185893021,142,Trisul Securities & Invt. Ltd.,Aryatara Investment & Securities,2026-04-10T11:07:59.139753,Kumari Bank Limited
2026041001002431,KBL,42,48,1000,232.2,232200.0,2026-04-10,185893576,142,Sani Securities Company Ltd.,Trishakti Securities Public Limited,2026-04-10T11:08:25.67887,Kumari Bank Limited
2026041001002462,KBL,43,58,2741,232.1,636186.1,2026-04-10,185893663,142,South Asian Bulls Pvt. Ltd.,Naasa Securities Co. Ltd.,2026-04-10T11:08:32.636778,Kumari Bank Limited
2026041001002463,KBL,58,58,200,232.0,46400.0,2026-04-10,185893665,142,Naasa Securities Co. Ltd.,Naasa Securities Co. Ltd.,2026-04-10T11:08:32.637106,Kumari Bank Limited
2026041001002464,KBL,81,58,2059,232.0,477688.0,2026-04-10,185893666,142,Aakashbhairab Securities Ltd.,Naasa Securities Co. Ltd.,2026-04-10T11:08:32.637323,Kumari Bank Limited
2026041001002503,KBL,81,58,300,232.0,69600.0,2026-04-10,185893774,142,Aakashbhairab Securities Ltd.,Naasa Securities Co. Ltd.,2026-04-10T11:08:36.518426,Kumari Bank Limited
2026041001002627,KBL,29,58,1000,232.4,232400.0,2026-04-10,185894141,142,Trisul Securities & Invt. Ltd.,Naasa Securities Co. Ltd.,2026-04-10T11:09:02.581899,Kumari Bank Limited
2026041001002663,KBL,58,57,40,232.5,9300.0,2026-04-10,185894247,142,Naasa Securities Co. Ltd.,Aryatara Investment & Securities,2026-04-10T11:09:10.151781,Kumari Bank Limited
2026041001002858,KBL,71,57,380,232.5,88350.0,2026-04-10,185894772,142,SHUBHAKAMANA SECURITIES PVT. LTD,Aryatara Investment & Securities,2026-04-10T11:09:39.518325,Kumari Bank Limited
2026041001002941,KBL,71,13,600,232.5,139500.0,2026-04-10,185894972,142,SHUBHAKAMANA SECURITIES PVT. LTD,Thrive Brokerage House Pvt. Ltd,2026-04-10T11:09:49.036196,Kumari Bank Limited
2026041001003040,KBL,57,13,100,233.0,23300.0,2026-04-10,185895224,142,Aryatara Investment & Securities,Thrive Brokerage House Pvt. Ltd,2026-04-10T11:10:06.397078,Kumari Bank Limited
2026041001003041,KBL,57,28,500,233.0,116500.0,2026-04-10,185895226,142,Aryatara Investment & Securities,Shree Krishna Securities Ltd.,2026-04-10T11:10:06.397235,Kumari Bank Limited
2026041001003042,KBL,57,21,1400,233.0,326200.0,2026-04-10,185895229,142,Aryatara Investment & Securities,Midas Stock Broking Company Private Limited,2026-04-10T11:10:06.397317,Kumari Bank Limited
2026041001003056,KBL,71,29,10,232.5,2325.0,2026-04-10,185895270,142,SHUBHAKAMANA SECURITIES PVT. LTD,Trisul Securities & Invt. Ltd.,2026-04-10T11:10:10.436989,Kumari Bank Limited
2026041001003069,KBL,81,21,100,233.0,23300.0,2026-04-10,185895322,142,Aakashbhairab Securities Ltd.,Midas Stock Broking Company Private Limited,2026-04-10T11:10:14.035446,Kumari Bank Limited
2026041001003070,KBL,81,34,415,233.0,96695.0,2026-04-10,185895324,142,Aakashbhairab Securities Ltd.,Vision Securities Pvt. Ltd,2026-04-10T11:10:14.0356,Kumari Bank Limited
2026041001003071,KBL,81,29,100,233.0,23300.0,2026-04-10,185895326,142,Aakashbhairab Securities Ltd.,Trisul Securities & Invt. Ltd.,2026-04-10T11:10:14.035678,Kumari Bank Limited
2026041001003112,KBL,38,60,200,233.6,46720.0,2026-04-10,185895443,142,Dipshikha Dhitopatra Karobar Co. Pvt Ltd.,Nagarik Stock Dealer ,2026-04-10T11:10:23.151358,Kumari Bank Limited
2026041001003229,KBL,81,16,50,233.0,11650.0,2026-04-10,185895834,142,Aakashbhairab Securities Ltd.,Primo Securities (PVT) Ltd.,2026-04-10T11:10:44.80478,Kumari Bank Limited
2026041001003259,KBL,81,49,100,233.0,23300.0,2026-04-10,185895940,142,Aakashbhairab Securities Ltd.,Online Securities Pvt. Ltd.,2026-04-10T11:10:51.227092,Kumari Bank Limited
2026041001003289,KBL,81,45,100,233.0,23300.0,2026-04-10,185896066,142,Aakashbhairab Securities Ltd.,Imperial Securities Company Pvt. Ltd.,2026-04-10T11:11:02.719726,Kumari Bank Limited
2026041001003343,KBL,81,58,40,233.0,9320.0,2026-04-10,185896236,142,Aakashbhairab Securities Ltd.,Naasa Securities Co. Ltd.,2026-04-10T11:11:18.282564,Kumari Bank Limited
2026041001003364,KBL,81,42,934,233.0,217622.0,2026-04-10,185896322,142,Aakashbhairab Securities Ltd.,Sani Securities Company Ltd.,2026-04-10T11:11:27.810632,Kumari Bank Limited
2026041001003383,KBL,42,33,10,233.5,2335.0,2026-04-10,185896381,142,Sani Securities Company Ltd.,Dakshinkali Investment & Securities Pvt. Ltd.,2026-04-10T11:11:32.72543,Kumari Bank Limited
2026041001003406,KBL,81,42,500,233.0,116500.0,2026-04-10,185896458,142,Aakashbhairab Securities Ltd.,Sani Securities Company Ltd.,2026-04-10T11:11:40.927453,Kumari Bank Limited
2026041001003458,KBL,3,33,400,233.5,93400.0,2026-04-10,185896655,142,Arun Securities (PVT) Ltd.,Dakshinkali Investment & Securities Pvt. Ltd.,2026-04-10T11:11:59.478255,Kumari Bank Limited
2026041001003465,KBL,71,58,100,233.1,23310.0,2026-04-10,185896682,142,SHUBHAKAMANA SECURITIES PVT. LTD,Naasa Securities Co. Ltd.,2026-04-10T11:12:02.084479,Kumari Bank Limited
2026041001003475,KBL,71,45,10,233.1,2331.0,2026-04-10,185896768,142,SHUBHAKAMANA SECURITIES PVT. LTD,Imperial Securities Company Pvt. Ltd.,2026-04-10T11:12:05.965532,Kumari Bank Limited
2026041001003503,KBL,42,33,10,233.5,2335.0,2026-04-10,185896851,142,Sani Securities Company Ltd.,Dakshinkali Investment & Securities Pvt. Ltd.,2026-04-10T11:12:13.595642,Kumari Bank Limited
2026041001003616,KBL,5,17,150,233.2,34980.0,2026-04-10,185897604,142,Market Securities & Exchange (PVT) Ltd.,ABC Securities Private Limited,2026-04-10T11:12:50.467786,Kumari Bank Limited
2026041001003738,KBL,48,60,700,233.6,163520.0,2026-04-10,185898177,142,Trishakti Securities Public Limited,Nagarik Stock Dealer ,2026-04-10T11:13:26.431828,Kumari Bank Limited
2026041001003740,KBL,5,34,1484,233.2,346068.8,2026-04-10,185898186,142,Market Securities & Exchange (PVT) Ltd.,Vision Securities Pvt. Ltd,2026-04-10T11:13:27.797377,Kumari Bank Limited
2026041001003807,KBL,77,11,200,233.5,46700.0,2026-04-10,185898460,142,Nabil Stock Dealer Ltd.,Malla & Malla Stock Broking Company Pvt. Limited,2026-04-10T11:13:49.02985,Kumari Bank Limited
2026041001003850,KBL,77,54,50,233.5,11675.0,2026-04-10,185898643,142,Nabil Stock Dealer Ltd.,Sewa Securities Pvt. Ltd.,2026-04-10T11:14:04.785989,Kumari Bank Limited
2026041001003851,KBL,5,54,1950,233.2,454740.0,2026-04-10,185898644,142,Market Securities & Exchange (PVT) Ltd.,Sewa Securities Pvt. Ltd.,2026-04-10T11:14:04.786331,Kumari Bank Limited
2026041001003876,KBL,5,58,20,233.2,4664.0,2026-04-10,185898716,142,Market Securities & Exchange (PVT) Ltd.,Naasa Securities Co. Ltd.,2026-04-10T11:14:08.941296,Kumari Bank Limited
2026041001003985,KBL,5,45,1500,233.2,349800.0,2026-04-10,185899126,142,Market Securities & Exchange (PVT) Ltd.,Imperial Securities Company Pvt. Ltd.,2026-04-10T11:14:36.058256,Kumari Bank Limited
2026041001004056,KBL,5,25,2000,233.2,466400.0,2026-04-10,185899574,142,Market Securities & Exchange (PVT) Ltd.,Sweta Securities Private Limited,2026-04-10T11:14:55.464392,Kumari Bank Limited
2026041001004071,KBL,5,45,10,233.2,2332.0,2026-04-10,185899630,142,Market Securities & Exchange (PVT) Ltd.,Imperial Securities Company Pvt. Ltd.,2026-04-10T11:14:58.772581,Kumari Bank Limited
2026041001004089,KBL,81,44,302,233.5,70517.0,2026-04-10,185899693,142,Aakashbhairab Securities Ltd.,Dynamic Money Managers Securities Pvt. Ltd.,2026-04-10T11:15:03.653276,Kumari Bank Limited
2026041001004103,KBL,5,45,500,233.2,116600.0,2026-04-10,185899770,142,Market Securities & Exchange (PVT) Ltd.,Imperial Securities Company Pvt. Ltd.,2026-04-10T11:15:08.56166,Kumari Bank Limited
2026041001004123,KBL,5,48,386,233.2,90015.2,2026-04-10,185899833,142,Market Securities & Exchange (PVT) Ltd.,Trishakti Securities Public Limited,2026-04-10T11:15:13.791239,Kumari Bank Limited
2026041001004127,KBL,71,11,229,233.1,53379.9,2026-04-10,185899850,142,SHUBHAKAMANA SECURITIES PVT. LTD,Malla & Malla Stock Broking Company Pvt. Limited,2026-04-10T11:15:15.23544,Kumari Bank Limited
2026041001004167,KBL,71,58,100,233.1,23310.0,2026-04-10,185900006,142,SHUBHAKAMANA SECURITIES PVT. LTD,Naasa Securities Co. Ltd.,2026-04-10T11:15:25.660853,Kumari Bank Limited
2026041001004170,KBL,71,50,500,233.1,116550.0,2026-04-10,185900014,142,SHUBHAKAMANA SECURITIES PVT. LTD,Cristal Kanchanjanga Securites Pvt. Ltd.,2026-04-10T11:15:26.422107,Kumari Bank Limited
2026041001004236,KBL,71,46,71,233.1,16550.1,2026-04-10,185900223,142,SHUBHAKAMANA SECURITIES PVT. LTD,Kalika Securities Pvt. Ltd.,2026-04-10T11:15:43.905148,Kumari Bank Limited
2026041001004237,KBL,7,46,100,233.0,23300.0,2026-04-10,185900225,142,J.F. Securites (PVT) Ltd.,Kalika Securities Pvt. Ltd.,2026-04-10T11:15:43.905505,Kumari Bank Limited
2026041001004238,KBL,22,46,718,233.0,167294.0,2026-04-10,185900226,142,Siprabi Securities Pvt. Ltd.,Kalika Securities Pvt. Ltd.,2026-04-10T11:15:43.905746,Kumari Bank Limited
2026041001004252,KBL,22,45,100,233.0,23300.0,2026-04-10,185900304,142,Siprabi Securities Pvt. Ltd.,Imperial Securities Company Pvt. Ltd.,2026-04-10T11:15:50.217617,Kumari Bank Limited
2026041001004341,KBL,99,48,500,233.2,116600.0,2026-04-10,185900641,142,Prabhu Stock Market Limited,Trishakti Securities Public Limited,2026-04-10T11:16:12.41543,Kumari Bank Limited
2026041001004396,KBL,22,45,182,233.0,42406.0,2026-04-10,185900835,142,Siprabi Securities Pvt. Ltd.,Imperial Securities Company Pvt. Ltd.,2026-04-10T11:16:26.571279,Kumari Bank Limited
2026041001004397,KBL,45,45,14,233.0,3262.0,2026-04-10,185900837,142,Imperial Securities Company Pvt. Ltd.,Imperial Securities Company Pvt. Ltd.,2026-04-10T11:16:26.571671,Kumari Bank Limited
2026041001004398,KBL,42,45,804,233.0,187332.0,2026-04-10,185900838,142,Sani Securities Company Ltd.,Imperial Securities Company Pvt. Ltd.,2026-04-10T11:16:26.57195,Kumari Bank Limited
2026041001004405,KBL,42,4,196,233.0,45668.0,2026-04-10,185900861,142,Sani Securities Company Ltd.,Opal Securities Investment (PVT) Ltd.,2026-04-10T11:16:27.336306,Kumari Bank Limited
2026041001004539,KBL,59,82,500,232.6,116300.0,2026-04-10,185901381,142,Deevyaa Securities & Stock House Pvt. Ltd,N.M.B. SECURITIES LIMITED,2026-04-10T11:17:06.19073,Kumari Bank Limited
2026041001004540,KBL,4,82,2000,232.2,464400.0,2026-04-10,185901382,142,Opal Securities Investment (PVT) Ltd.,N.M.B. SECURITIES LIMITED,2026-04-10T11:17:06.191104,Kumari Bank Limited
2026041001004545,KBL,45,4,204,233.0,47532.0,2026-04-10,185901394,142,Imperial Securities Company Pvt. Ltd.,Opal Securities Investment (PVT) Ltd.,2026-04-10T11:17:07.371207,Kumari Bank Limited
2026041001004546,KBL,45,87,500,233.0,116500.0,2026-04-10,185901396,142,Imperial Securities Company Pvt. Ltd.,S.P.S.A. Securities Limited,2026-04-10T11:17:07.371574,Kumari Bank Limited
2026041001004547,KBL,45,34,1000,233.0,233000.0,2026-04-10,185901398,142,Imperial Securities Company Pvt. Ltd.,Vision Securities Pvt. Ltd,2026-04-10T11:17:07.37183,Kumari Bank Limited
2026041001004569,KBL,45,17,16,233.0,3728.0,2026-04-10,185901472,142,Imperial Securities Company Pvt. Ltd.,ABC Securities Private Limited,2026-04-10T11:17:12.839096,Kumari Bank Limited
2026041001004656,KBL,45,82,280,233.0,65240.0,2026-04-10,185901781,142,Imperial Securities Company Pvt. Ltd.,N.M.B. SECURITIES LIMITED,2026-04-10T11:17:41.25406,Kumari Bank Limited
2026041001004657,KBL,4,82,200,232.2,46440.0,2026-04-10,185901783,142,Opal Securities Investment (PVT) Ltd.,N.M.B. SECURITIES LIMITED,2026-04-10T11:17:41.254104,Kumari Bank Limited
2026041001004658,KBL,59,82,2520,232.1,584892.0,2026-04-10,185901784,142,Deevyaa Securities & Stock House Pvt. Ltd,N.M.B. SECURITIES LIMITED,2026-04-10T11:17:41.254134,Kumari Bank Limited
2026041001004718,KBL,59,38,2480,232.1,575608.0,2026-04-10,185901962,142,Deevyaa Securities & Stock House Pvt. Ltd,Dipshikha Dhitopatra Karobar Co. Pvt Ltd.,2026-04-10T11:17:55.454763,Kumari Bank Limited
2026041001004798,KBL,58,26,200,232.0,46400.0,2026-04-10,185902203,142,Naasa Securities Co. Ltd.,Asian Securities Private Ltd.,2026-04-10T11:18:10.219236,Kumari Bank Limited
2026041001004799,KBL,59,26,706,232.0,163792.0,2026-04-10,185902205,142,Deevyaa Securities & Stock House Pvt. Ltd,Asian Securities Private Ltd.,2026-04-10T11:18:10.219415,Kumari Bank Limited
2026041001004800,KBL,34,26,1174,232.0,272368.0,2026-04-10,185902206,142,Vision Securities Pvt. Ltd,Asian Securities Private Ltd.,2026-04-10T11:18:10.21951,Kumari Bank Limited
2026041001004904,KBL,34,42,500,232.0,116000.0,2026-04-10,185902734,142,Vision Securities Pvt. Ltd,Sani Securities Company Ltd.,2026-04-10T11:18:44.581456,Kumari Bank Limited
2026041001004934,KBL,34,38,326,232.0,75632.0,2026-04-10,185902827,142,Vision Securities Pvt. Ltd,Dipshikha Dhitopatra Karobar Co. Pvt Ltd.,2026-04-10T11:18:50.391491,Kumari Bank Limited
2026041001004935,KBL,19,38,5000,232.0,1160000.0,2026-04-10,185902829,142,Nepal Investment And Securities Trading Private Limited,Dipshikha Dhitopatra Karobar Co. Pvt Ltd.,2026-04-10T11:18:50.391891,Kumari Bank Limited
2026041001004936,KBL,22,38,400,232.0,92800.0,2026-04-10,185902830,142,Siprabi Securities Pvt. Ltd.,Dipshikha Dhitopatra Karobar Co. Pvt Ltd.,2026-04-10T11:18:50.392199,Kumari Bank Limited
2026041001005002,KBL,22,57,500,232.0,116000.0,2026-04-10,185903140,142,Siprabi Securities Pvt. Ltd.,Aryatara Investment & Securities,2026-04-10T11:19:17.927864,Kumari Bank Limited
2026041001005021,KBL,22,58,19,232.0,4408.0,2026-04-10,185903236,142,Siprabi Securities Pvt. Ltd.,Naasa Securities Co. Ltd.,2026-04-10T11:19:22.354808,Kumari Bank Limited
2026041001005024,KBL,22,56,81,232.0,18792.0,2026-04-10,185903247,142,Siprabi Securities Pvt. Ltd.,Sri Hari Securities Pvt. Ltd.,2026-04-10T11:19:23.306106,Kumari Bank Limited
2026041001005025,KBL,58,56,100,232.0,23200.0,2026-04-10,185903249,142,Naasa Securities Co. Ltd.,Sri Hari Securities Pvt. Ltd.,2026-04-10T11:19:23.306337,Kumari Bank Limited
2026041001005026,KBL,58,56,11,232.0,2552.0,2026-04-10,185903251,142,Naasa Securities Co. Ltd.,Sri Hari Securities Pvt. Ltd.,2026-04-10T11:19:23.306621,Kumari Bank Limited
2026041001005027,KBL,62,56,200,232.0,46400.0,2026-04-10,185903253,142,Capital Max Securities Ltd,Sri Hari Securities Pvt. Ltd.,2026-04-10T11:19:23.306903,Kumari Bank Limited
2026041001005071,KBL,32,65,1000,231.2,231200.0,2026-04-10,185903487,142,Premier Securities Company Ltd.,Sharepro Securities Private Limited,2026-04-10T11:19:35.673349,Kumari Bank Limited
2026041001005072,KBL,57,65,5000,231.2,1156000.0,2026-04-10,185903489,142,Aryatara Investment & Securities,Sharepro Securities Private Limited,2026-04-10T11:19:35.673443,Kumari Bank Limited
2026041001005073,KBL,14,65,4000,231.1,924400.0,2026-04-10,185903490,142,Nepal Stock House (PVT) Ltd.,Sharepro Securities Private Limited,2026-04-10T11:19:35.673508,Kumari Bank Limited
2026041001005131,KBL,14,45,10,231.1,2311.0,2026-04-10,185903774,142,Nepal Stock House (PVT) Ltd.,Imperial Securities Company Pvt. Ltd.,2026-04-10T11:19:54.271966,Kumari Bank Limited
2026041001005171,KBL,14,64,90,231.1,20799.0,2026-04-10,185903930,142,Nepal Stock House (PVT) Ltd.,SUN SECURITIES PVT LTD,2026-04-10T11:20:02.777533,Kumari Bank Limited
2026041001005218,KBL,14,38,200,231.1,46220.0,2026-04-10,185904064,142,Nepal Stock House (PVT) Ltd.,Dipshikha Dhitopatra Karobar Co. Pvt Ltd.,2026-04-10T11:20:09.885569,Kumari Bank Limited
2026041001005287,KBL,14,40,300,231.1,69330.0,2026-04-10,185904344,142,Nepal Stock House (PVT) Ltd.,Creative Securities Pvt Ltd,2026-04-10T11:20:30.703827,Kumari Bank Limited
2026041001005290,KBL,14,45,400,231.1,92440.0,2026-04-10,185904399,142,Nepal Stock House (PVT) Ltd.,Imperial Securities Company Pvt. Ltd.,2026-04-10T11:20:34.271206,Kumari Bank Limited
2026041001005291,KBL,45,45,10,231.1,2311.0,2026-04-10,185904401,142,Imperial Securities Company Pvt. Ltd.,Imperial Securities Company Pvt. Ltd.,2026-04-10T11:20:34.271427,Kumari Bank Limited
2026041001005292,KBL,1,45,90,231.1,20799.0,2026-04-10,185904402,142,Kumari Securities Private Limited,Imperial Securities Company Pvt. Ltd.,2026-04-10T11:20:34.271523,Kumari Bank Limited
2026041001005344,KBL,1,57,10,231.1,2311.0,2026-04-10,185904671,142,Kumari Securities Private Limited,Aryatara Investment & Securities,2026-04-10T11:20:52.331127,Kumari Bank Limited
2026041001005345,KBL,87,57,10,231.1,2311.0,2026-04-10,185904673,142,S.P.S.A. Securities Limited,Aryatara Investment & Securities,2026-04-10T11:20:52.331347,Kumari Bank Limited
2026041001005346,KBL,42,57,980,231.0,226380.0,2026-04-10,185904674,142,Sani Securities Company Ltd.,Aryatara Investment & Securities,2026-04-10T11:20:52.331446,Kumari Bank Limited
2026041001005360,KBL,42,72,200,231.0,46200.0,2026-04-10,185904840,142,Sani Securities Company Ltd.,Hatemalo Financial Services Private Limited,2026-04-10T11:20:59.239219,Kumari Bank Limited
2026041001005518,KBL,42,13,5000,231.0,1155000.0,2026-04-10,185905354,142,Sani Securities Company Ltd.,Thrive Brokerage House Pvt. Ltd,2026-04-10T11:21:18.57049,Kumari Bank Limited
2026041001005530,KBL,42,39,10,231.0,2310.0,2026-04-10,185905422,142,Sani Securities Company Ltd.,Sumeru Securities Pvt. Ltd.,2026-04-10T11:21:22.312313,Kumari Bank Limited
2026041001005540,KBL,42,32,4000,231.0,924000.0,2026-04-10,185905462,142,Sani Securities Company Ltd.,Premier Securities Company Ltd.,2026-04-10T11:21:26.041335,Kumari Bank Limited
2026041001005556,KBL,42,53,10,231.0,2310.0,2026-04-10,185905552,142,Sani Securities Company Ltd.,Investment Management Nepal Pvt. Ltd.,2026-04-10T11:21:32.480791,Kumari Bank Limited
2026041001005561,KBL,42,19,899,231.0,207669.0,2026-04-10,185905578,142,Sani Securities Company Ltd.,Nepal Investment And Securities Trading Private Limited,2026-04-10T11:21:33.996112,Kumari Bank Limited
2026041001005643,KBL,42,40,5000,231.0,1155000.0,2026-04-10,185905804,142,Sani Securities Company Ltd.,Creative Securities Pvt Ltd,2026-04-10T11:21:46.263215,Kumari Bank Limited
2026041001005656,KBL,42,32,3901,231.0,901131.0,2026-04-10,185905835,142,Sani Securities Company Ltd.,Premier Securities Company Ltd.,2026-04-10T11:21:48.521945,Kumari Bank Limited
2026041001005657,KBL,14,32,99,231.0,22869.0,2026-04-10,185905836,142,Nepal Stock House (PVT) Ltd.,Premier Securities Company Ltd.,2026-04-10T11:21:48.52218,Kumari Bank Limited
2026041001005667,KBL,14,43,600,231.0,138600.0,2026-04-10,185905894,142,Nepal Stock House (PVT) Ltd.,South Asian Bulls Pvt. Ltd.,2026-04-10T11:21:52.931447,Kumari Bank Limited
2026041001005686,KBL,14,39,300,231.0,69300.0,2026-04-10,185905995,142,Nepal Stock House (PVT) Ltd.,Sumeru Securities Pvt. Ltd.,2026-04-10T11:21:56.412461,Kumari Bank Limited
2026041001005687,KBL,53,39,25,231.0,5775.0,2026-04-10,185905997,142,Investment Management Nepal Pvt. Ltd.,Sumeru Securities Pvt. Ltd.,2026-04-10T11:21:56.412905,Kumari Bank Limited
2026041001005688,KBL,16,39,51,231.0,11781.0,2026-04-10,185905999,142,Primo Securities (PVT) Ltd.,Sumeru Securities Pvt. Ltd.,2026-04-10T11:21:56.413211,Kumari Bank Limited
2026041001005689,KBL,57,39,999,231.0,230769.0,2026-04-10,185906001,142,Aryatara Investment & Securities,Sumeru Securities Pvt. Ltd.,2026-04-10T11:21:56.413513,Kumari Bank Limited
2026041001005875,KBL,58,6,200,230.4,46080.0,2026-04-10,185906738,142,Naasa Securities Co. Ltd.,Agrawal Securities (PVT) Ltd.,2026-04-10T11:22:34.178677,Kumari Bank Limited
2026041001005911,KBL,25,45,200,230.2,46040.0,2026-04-10,185906898,142,Sweta Securities Private Limited,Imperial Securities Company Pvt. Ltd.,2026-04-10T11:22:45.770111,Kumari Bank Limited
2026041001005931,KBL,25,58,200,230.2,46040.0,2026-04-10,185907026,142,Sweta Securities Private Limited,Naasa Securities Co. Ltd.,2026-04-10T11:22:54.145718,Kumari Bank Limited
2026041001005943,KBL,25,44,100,230.2,23020.0,2026-04-10,185907077,142,Sweta Securities Private Limited,Dynamic Money Managers Securities Pvt. Ltd.,2026-04-10T11:22:57.666839,Kumari Bank Limited
2026041001005959,KBL,44,56,50,230.0,11500.0,2026-04-10,185907137,142,Dynamic Money Managers Securities Pvt. Ltd.,Sri Hari Securities Pvt. Ltd.,2026-04-10T11:23:03.810109,Kumari Bank Limited
2026041001005960,KBL,58,56,600,230.0,138000.0,2026-04-10,185907138,142,Naasa Securities Co. Ltd.,Sri Hari Securities Pvt. Ltd.,2026-04-10T11:23:03.810603,Kumari Bank Limited
2026041001006051,KBL,58,40,300,230.0,69000.0,2026-04-10,185907378,142,Naasa Securities Co. Ltd.,Creative Securities Pvt Ltd,2026-04-10T11:23:12.097472,Kumari Bank Limited
2026041001006053,KBL,58,38,100,230.0,23000.0,2026-04-10,185907391,142,Naasa Securities Co. Ltd.,Dipshikha Dhitopatra Karobar Co. Pvt Ltd.,2026-04-10T11:23:13.799911,Kumari Bank Limited
2026041001006054,KBL,58,38,15,230.0,3450.0,2026-04-10,185907393,142,Naasa Securities Co. Ltd.,Dipshikha Dhitopatra Karobar Co. Pvt Ltd.,2026-04-10T11:23:13.800143,Kumari Bank Limited
2026041001006055,KBL,21,38,50,230.0,11500.0,2026-04-10,185907395,142,Midas Stock Broking Company Private Limited,Dipshikha Dhitopatra Karobar Co. Pvt Ltd.,2026-04-10T11:23:13.800252,Kumari Bank Limited
2026041001006056,KBL,48,38,35,230.0,8050.0,2026-04-10,185907396,142,Trishakti Securities Public Limited,Dipshikha Dhitopatra Karobar Co. Pvt Ltd.,2026-04-10T11:23:13.800354,Kumari Bank Limited
2026041001006063,KBL,62,44,600,230.1,138060.0,2026-04-10,185907444,142,Capital Max Securities Ltd,Dynamic Money Managers Securities Pvt. Ltd.,2026-04-10T11:23:18.579366,Kumari Bank Limited
2026041001006088,KBL,62,28,871,230.1,200417.1,2026-04-10,185907554,142,Capital Max Securities Ltd,Shree Krishna Securities Ltd.,2026-04-10T11:23:26.482531,Kumari Bank Limited
2026041001006095,KBL,62,35,500,230.1,115050.0,2026-04-10,185907590,142,Capital Max Securities Ltd,Kohinoor Investment & Securities Pvt. Ltd.,2026-04-10T11:23:29.430248,Kumari Bank Limited
2026041001006100,KBL,62,14,20,230.1,4602.0,2026-04-10,185907644,142,Capital Max Securities Ltd,Nepal Stock House (PVT) Ltd.,2026-04-10T11:23:33.268294,Kumari Bank Limited
2026041001006106,KBL,1,44,50,230.4,11520.0,2026-04-10,185907665,142,Kumari Securities Private Limited,Dynamic Money Managers Securities Pvt. Ltd.,2026-04-10T11:23:35.319679,Kumari Bank Limited
2026041001006113,KBL,62,60,5000,230.1,1150500.0,2026-04-10,185907712,142,Capital Max Securities Ltd,Nagarik Stock Dealer ,2026-04-10T11:23:38.261339,Kumari Bank Limited
2026041001006118,KBL,62,42,1430,230.1,329043.0,2026-04-10,185907744,142,Capital Max Securities Ltd,Sani Securities Company Ltd.,2026-04-10T11:23:39.617281,Kumari Bank Limited
2026041001006128,KBL,62,43,1579,230.1,363327.9,2026-04-10,185907793,142,Capital Max Securities Ltd,South Asian Bulls Pvt. Ltd.,2026-04-10T11:23:43.093326,Kumari Bank Limited
2026041001006129,KBL,48,43,815,230.0,187450.0,2026-04-10,185907795,142,Trishakti Securities Public Limited,South Asian Bulls Pvt. Ltd.,2026-04-10T11:23:43.093528,Kumari Bank Limited
2026041001006130,KBL,22,43,106,230.0,24380.0,2026-04-10,185907796,142,Siprabi Securities Pvt. Ltd.,South Asian Bulls Pvt. Ltd.,2026-04-10T11:23:43.093638,Kumari Bank Limited
2026041001006170,KBL,22,58,44,230.0,10120.0,2026-04-10,185907997,142,Siprabi Securities Pvt. Ltd.,Naasa Securities Co. Ltd.,2026-04-10T11:23:55.715065,Kumari Bank Limited
2026041001006171,KBL,62,58,166,230.0,38180.0,2026-04-10,185907998,142,Capital Max Securities Ltd,Naasa Securities Co. Ltd.,2026-04-10T11:23:55.715299,Kumari Bank Limited
2026041001006173,KBL,7,44,1450,230.1,333645.0,2026-04-10,185908024,142,J.F. Securites (PVT) Ltd.,Dynamic Money Managers Securities Pvt. Ltd.,2026-04-10T11:23:57.012598,Kumari Bank Limited
2026041001006212,KBL,7,4,50,230.1,11505.0,2026-04-10,185908299,142,J.F. Securites (PVT) Ltd.,Opal Securities Investment (PVT) Ltd.,2026-04-10T11:24:15.843212,Kumari Bank Limited
2026041001006213,KBL,62,4,34,230.0,7820.0,2026-04-10,185908301,142,Capital Max Securities Ltd,Opal Securities Investment (PVT) Ltd.,2026-04-10T11:24:15.843556,Kumari Bank Limited
2026041001006214,KBL,36,4,220,230.0,50600.0,2026-04-10,185908303,142,Secured Securities Ltd.,Opal Securities Investment (PVT) Ltd.,2026-04-10T11:24:15.843759,Kumari Bank Limited
2026041001006215,KBL,58,4,20,230.0,4600.0,2026-04-10,185908305,142,Naasa Securities Co. Ltd.,Opal Securities Investment (PVT) Ltd.,2026-04-10T11:24:15.843959,Kumari Bank Limited
2026041001006216,KBL,49,4,500,230.0,115000.0,2026-04-10,185908307,142,Online Securities Pvt. Ltd.,Opal Securities Investment (PVT) Ltd.,2026-04-10T11:24:15.844165,Kumari Bank Limited
2026041001006217,KBL,7,4,1000,230.0,230000.0,2026-04-10,185908309,142,J.F. Securites (PVT) Ltd.,Opal Securities Investment (PVT) Ltd.,2026-04-10T11:24:15.844354,Kumari Bank Limited
2026041001006218,KBL,43,4,176,230.0,40480.0,2026-04-10,185908310,142,South Asian Bulls Pvt. Ltd.,Opal Securities Investment (PVT) Ltd.,2026-04-10T11:24:15.844525,Kumari Bank Limited
2026041001006417,KBL,43,43,24,230.0,5520.0,2026-04-10,185909123,142,South Asian Bulls Pvt. Ltd.,South Asian Bulls Pvt. Ltd.,2026-04-10T11:24:48.541582,Kumari Bank Limited
2026041001006418,KBL,45,43,176,230.0,40480.0,2026-04-10,185909124,142,Imperial Securities Company Pvt. Ltd.,South Asian Bulls Pvt. Ltd.,2026-04-10T11:24:48.542073,Kumari Bank Limited
2026041001006420,KBL,45,38,500,230.0,115000.0,2026-04-10,185909176,142,Imperial Securities Company Pvt. Ltd.,Dipshikha Dhitopatra Karobar Co. Pvt Ltd.,2026-04-10T11:24:51.634623,Kumari Bank Limited
2026041001006434,KBL,45,39,625,230.0,143750.0,2026-04-10,185909226,142,Imperial Securities Company Pvt. Ltd.,Sumeru Securities Pvt. Ltd.,2026-04-10T11:24:55.129603,Kumari Bank Limited
2026041001006529,KBL,29,1,300,230.1,69030.0,2026-04-10,185909515,142,Trisul Securities & Invt. Ltd.,Kumari Securities Private Limited,2026-04-10T11:25:05.342183,Kumari Bank Limited
2026041001006590,KBL,45,42,370,230.0,85100.0,2026-04-10,185909700,142,Imperial Securities Company Pvt. Ltd.,Sani Securities Company Ltd.,2026-04-10T11:25:11.808252,Kumari Bank Limited
2026041001006592,KBL,45,21,329,230.0,75670.0,2026-04-10,185909707,142,Imperial Securities Company Pvt. Ltd.,Midas Stock Broking Company Private Limited,2026-04-10T11:25:12.609955,Kumari Bank Limited
2026041001006593,KBL,32,21,10,230.0,2300.0,2026-04-10,185909709,142,Premier Securities Company Ltd.,Midas Stock Broking Company Private Limited,2026-04-10T11:25:12.609995,Kumari Bank Limited
2026041001006594,KBL,57,21,999,230.0,229770.0,2026-04-10,185909711,142,Aryatara Investment & Securities,Midas Stock Broking Company Private Limited,2026-04-10T11:25:12.610032,Kumari Bank Limited
2026041001006595,KBL,62,21,4662,230.0,1072260.0,2026-04-10,185909712,142,Capital Max Securities Ltd,Midas Stock Broking Company Private Limited,2026-04-10T11:25:12.610063,Kumari Bank Limited
2026041001006711,KBL,60,42,60,230.4,13824.0,2026-04-10,185910166,142,Nagarik Stock Dealer ,Sani Securities Company Ltd.,2026-04-10T11:25:38.262235,Kumari Bank Limited
2026041001006712,KBL,60,51,500,231.0,115500.0,2026-04-10,185910168,142,Nagarik Stock Dealer ,Oxford Securities Pvt. Ltd.,2026-04-10T11:25:38.26249,Kumari Bank Limited
2026041001006713,KBL,60,45,440,231.0,101640.0,2026-04-10,185910171,142,Nagarik Stock Dealer ,Imperial Securities Company Pvt. Ltd.,2026-04-10T11:25:38.262602,Kumari Bank Limited
2026041001006719,KBL,81,57,9,226.5,2038.5,2026-04-10,185910198,142,Aakashbhairab Securities Ltd.,Aryatara Investment & Securities,2026-04-10T11:25:39.478533,Kumari Bank Limited
2026041001006800,KBL,32,88,1000,230.2,230200.0,2026-04-10,185910593,142,Premier Securities Company Ltd.,Blue Chip Securities Ltd,2026-04-10T11:26:09.346794,Kumari Bank Limited
2026041001006801,KBL,36,88,1000,230.1,230100.0,2026-04-10,185910595,142,Secured Securities Ltd.,Blue Chip Securities Ltd,2026-04-10T11:26:09.347356,Kumari Bank Limited
2026041001006802,KBL,62,88,5338,230.0,1227740.0,2026-04-10,185910597,142,Capital Max Securities Ltd,Blue Chip Securities Ltd,2026-04-10T11:26:09.347701,Kumari Bank Limited
2026041001006803,KBL,45,88,20,230.0,4600.0,2026-04-10,185910599,142,Imperial Securities Company Pvt. Ltd.,Blue Chip Securities Ltd,2026-04-10T11:26:09.348066,Kumari Bank Limited
2026041001006804,KBL,17,88,10,230.0,2300.0,2026-04-10,185910601,142,ABC Securities Private Limited,Blue Chip Securities Ltd,2026-04-10T11:26:09.348405,Kumari Bank Limited
2026041001006805,KBL,17,88,10,230.0,2300.0,2026-04-10,185910603,142,ABC Securities Private Limited,Blue Chip Securities Ltd,2026-04-10T11:26:09.348735,Kumari Bank Limited
2026041001006806,KBL,11,88,102,230.0,23460.0,2026-04-10,185910605,142,Malla & Malla Stock Broking Company Pvt. Limited,Blue Chip Securities Ltd,2026-04-10T11:26:09.34905,Kumari Bank Limited
2026041001006807,KBL,17,88,10,230.0,2300.0,2026-04-10,185910607,142,ABC Securities Private Limited,Blue Chip Securities Ltd,2026-04-10T11:26:09.349365,Kumari Bank Limited
2026041001006808,KBL,52,88,500,230.0,115000.0,2026-04-10,185910609,142,Sundhara Securities Limited,Blue Chip Securities Ltd,2026-04-10T11:26:09.349676,Kumari Bank Limited
2026041001006809,KBL,17,88,10,230.0,2300.0,2026-04-10,185910611,142,ABC Securities Private Limited,Blue Chip Securities Ltd,2026-04-10T11:26:09.349985,Kumari Bank Limited
2026041001006810,KBL,62,88,10000,230.0,2300000.0,2026-04-10,185910613,142,Capital Max Securities Ltd,Blue Chip Securities Ltd,2026-04-10T11:26:09.350327,Kumari Bank Limited
2026041001006811,KBL,17,88,10,230.0,2300.0,2026-04-10,185910615,142,ABC Securities Private Limited,Blue Chip Securities Ltd,2026-04-10T11:26:09.350636,Kumari Bank Limited
2026041001006879,KBL,34,88,50,230.0,11500.0,2026-04-10,185910835,142,Vision Securities Pvt. Ltd,Blue Chip Securities Ltd,2026-04-10T11:26:21.895144,Kumari Bank Limited
2026041001006886,KBL,17,88,10,230.0,2300.0,2026-04-10,185910861,142,ABC Securities Private Limited,Blue Chip Securities Ltd,2026-04-10T11:26:24.393429,Kumari Bank Limited
2026041001006911,KBL,6,88,1000,230.0,230000.0,2026-04-10,185910973,142,Agrawal Securities (PVT) Ltd.,Blue Chip Securities Ltd,2026-04-10T11:26:33.539107,Kumari Bank Limited
2026041001006953,KBL,62,88,4780,230.0,1099400.0,2026-04-10,185911158,142,Capital Max Securities Ltd,Blue Chip Securities Ltd,2026-04-10T11:26:45.071622,Kumari Bank Limited
2026041001007017,KBL,42,45,100,231.0,23100.0,2026-04-10,185911483,142,Sani Securities Company Ltd.,Imperial Securities Company Pvt. Ltd.,2026-04-10T11:27:08.611848,Kumari Bank Limited
2026041001007088,KBL,6,45,10,231.0,2310.0,2026-04-10,185911808,142,Agrawal Securities (PVT) Ltd.,Imperial Securities Company Pvt. Ltd.,2026-04-10T11:27:31.429331,Kumari Bank Limited
2026041001007089,KBL,6,68,90,231.0,20790.0,2026-04-10,185911811,142,Agrawal Securities (PVT) Ltd.,Elite Stock House Limited,2026-04-10T11:27:31.429824,Kumari Bank Limited
2026041001007107,KBL,34,68,60,231.0,13860.0,2026-04-10,185911880,142,Vision Securities Pvt. Ltd,Elite Stock House Limited,2026-04-10T11:27:35.51432,Kumari Bank Limited
2026041001007233,KBL,41,16,200,231.4,46280.0,2026-04-10,185912187,142,Linch Stock Market Ltd.,Primo Securities (PVT) Ltd.,2026-04-10T11:27:43.179506,Kumari Bank Limited
2026041001007380,KBL,95,16,50,231.4,11570.0,2026-04-10,185912766,142,Magnet Securities and Investment Company Private Limited,Primo Securities (PVT) Ltd.,2026-04-10T11:28:16.621955,Kumari Bank Limited
2026041001007381,KBL,95,14,2950,231.5,682925.0,2026-04-10,185912769,142,Magnet Securities and Investment Company Private Limited,Nepal Stock House (PVT) Ltd.,2026-04-10T11:28:16.622224,Kumari Bank Limited
2026041001007444,KBL,42,14,1000,231.5,231500.0,2026-04-10,185913069,142,Sani Securities Company Ltd.,Nepal Stock House (PVT) Ltd.,2026-04-10T11:28:32.30775,Kumari Bank Limited
2026041001007482,KBL,34,14,40,231.5,9260.0,2026-04-10,185913243,142,Vision Securities Pvt. Ltd,Nepal Stock House (PVT) Ltd.,2026-04-10T11:28:41.70728,Kumari Bank Limited
2026041001007501,KBL,17,14,1000,231.5,231500.0,2026-04-10,185913299,142,ABC Securities Private Limited,Nepal Stock House (PVT) Ltd.,2026-04-10T11:28:44.703589,Kumari Bank Limited
2026041001007564,KBL,34,14,10,231.5,2315.0,2026-04-10,185913480,142,Vision Securities Pvt. Ltd,Nepal Stock House (PVT) Ltd.,2026-04-10T11:28:54.429476,Kumari Bank Limited
2026041001007679,KBL,58,54,20,231.9,4638.0,2026-04-10,185913771,142,Naasa Securities Co. Ltd.,Sewa Securities Pvt. Ltd.,2026-04-10T11:29:03.084365,Kumari Bank Limited
2026041001007692,KBL,34,16,490,231.5,113435.0,2026-04-10,185913813,142,Vision Securities Pvt. Ltd,Primo Securities (PVT) Ltd.,2026-04-10T11:29:04.749265,Kumari Bank Limited
2026041001007693,KBL,38,16,100,231.0,23100.0,2026-04-10,185913815,142,Dipshikha Dhitopatra Karobar Co. Pvt Ltd.,Primo Securities (PVT) Ltd.,2026-04-10T11:29:04.749802,Kumari Bank Limited
2026041001007694,KBL,53,16,1500,230.4,345600.0,2026-04-10,185913817,142,Investment Management Nepal Pvt. Ltd.,Primo Securities (PVT) Ltd.,2026-04-10T11:29:04.750183,Kumari Bank Limited
2026041001007695,KBL,32,16,710,230.3,163513.0,2026-04-10,185913818,142,Premier Securities Company Ltd.,Primo Securities (PVT) Ltd.,2026-04-10T11:29:04.750544,Kumari Bank Limited
2026041001007968,KBL,95,58,100,230.6,23060.0,2026-04-10,185914704,142,Magnet Securities and Investment Company Private Limited,Naasa Securities Co. Ltd.,2026-04-10T11:29:42.26216,Kumari Bank Limited
2026041001008068,KBL,95,48,1900,230.6,438140.0,2026-04-10,185915099,142,Magnet Securities and Investment Company Private Limited,Trishakti Securities Public Limited,2026-04-10T11:29:52.98174,Kumari Bank Limited
2026041001008069,KBL,81,48,1100,230.5,253550.0,2026-04-10,185915101,142,Aakashbhairab Securities Ltd.,Trishakti Securities Public Limited,2026-04-10T11:29:52.98185,Kumari Bank Limited
2026041001008118,KBL,3,94,700,231.8,162260.0,2026-04-10,185915217,142,Arun Securities (PVT) Ltd.,K.B.L. Securities Limited ,2026-04-10T11:29:57.242144,Kumari Bank Limited
2026041001008195,KBL,46,34,300,231.0,69300.0,2026-04-10,185915466,142,Kalika Securities Pvt. Ltd.,Vision Securities Pvt. Ltd,2026-04-10T11:30:14.203444,Kumari Bank Limited
2026041001008227,KBL,46,48,200,231.0,46200.0,2026-04-10,185915646,142,Kalika Securities Pvt. Ltd.,Trishakti Securities Public Limited,2026-04-10T11:30:24.611054,Kumari Bank Limited
2026041001008263,KBL,58,58,20,231.0,4620.0,2026-04-10,185915871,142,Naasa Securities Co. Ltd.,Naasa Securities Co. Ltd.,2026-04-10T11:30:38.497311,Kumari Bank Limited
2026041001008264,KBL,81,58,30,230.5,6915.0,2026-04-10,185915872,142,Aakashbhairab Securities Ltd.,Naasa Securities Co. Ltd.,2026-04-10T11:30:38.498071,Kumari Bank Limited
2026041001008367,KBL,4,94,300,231.8,69540.0,2026-04-10,185916206,142,Opal Securities Investment (PVT) Ltd.,K.B.L. Securities Limited ,2026-04-10T11:30:55.666918,Kumari Bank Limited
2026041001008511,KBL,4,21,200,231.8,46360.0,2026-04-10,185916712,142,Opal Securities Investment (PVT) Ltd.,Midas Stock Broking Company Private Limited,2026-04-10T11:31:21.091363,Kumari Bank Limited
2026041001008514,KBL,7,54,80,231.9,18552.0,2026-04-10,185916718,142,J.F. Securites (PVT) Ltd.,Sewa Securities Pvt. Ltd.,2026-04-10T11:31:21.957879,Kumari Bank Limited
2026041001008515,KBL,7,26,1400,231.9,324660.0,2026-04-10,185916721,142,J.F. Securites (PVT) Ltd.,Asian Securities Private Ltd.,2026-04-10T11:31:21.958485,Kumari Bank Limited
2026041001008519,KBL,4,48,22,231.8,5099.6,2026-04-10,185916736,142,Opal Securities Investment (PVT) Ltd.,Trishakti Securities Public Limited,2026-04-10T11:31:24.179806,Kumari Bank Limited
2026041001008537,KBL,4,58,20,231.8,4636.0,2026-04-10,185916878,142,Opal Securities Investment (PVT) Ltd.,Naasa Securities Co. Ltd.,2026-04-10T11:31:30.56768,Kumari Bank Limited
2026041001008604,KBL,4,48,458,231.8,106164.4,2026-04-10,185917097,142,Opal Securities Investment (PVT) Ltd.,Trishakti Securities Public Limited,2026-04-10T11:31:43.223225,Kumari Bank Limited
2026041001008605,KBL,58,48,42,231.8,9735.6,2026-04-10,185917098,142,Naasa Securities Co. Ltd.,Trishakti Securities Public Limited,2026-04-10T11:31:43.223503,Kumari Bank Limited
2026041001008623,KBL,48,56,208,232.0,48256.0,2026-04-10,185917182,142,Trishakti Securities Public Limited,Sri Hari Securities Pvt. Ltd.,2026-04-10T11:31:48.518433,Kumari Bank Limited
2026041001008624,KBL,48,1,20,232.0,4640.0,2026-04-10,185917184,142,Trishakti Securities Public Limited,Kumari Securities Private Limited,2026-04-10T11:31:48.518693,Kumari Bank Limited
2026041001008625,KBL,48,50,72,232.0,16704.0,2026-04-10,185917187,142,Trishakti Securities Public Limited,Cristal Kanchanjanga Securites Pvt. Ltd.,2026-04-10T11:31:48.518823,Kumari Bank Limited
2026041001008650,KBL,20,50,190,232.0,44080.0,2026-04-10,185917303,142,Sipla Securities Private Limited,Cristal Kanchanjanga Securites Pvt. Ltd.,2026-04-10T11:31:54.084059,Kumari Bank Limited
2026041001008718,KBL,3,50,10,232.0,2320.0,2026-04-10,185917615,142,Arun Securities (PVT) Ltd.,Cristal Kanchanjanga Securites Pvt. Ltd.,2026-04-10T11:32:14.312892,Kumari Bank Limited
2026041001008811,KBL,7,50,728,232.0,168896.0,2026-04-10,185917884,142,J.F. Securites (PVT) Ltd.,Cristal Kanchanjanga Securites Pvt. Ltd.,2026-04-10T11:32:27.622853,Kumari Bank Limited
2026041001008812,KBL,7,4,20,232.0,4640.0,2026-04-10,185917886,142,J.F. Securites (PVT) Ltd.,Opal Securities Investment (PVT) Ltd.,2026-04-10T11:32:27.623453,Kumari Bank Limited
2026041001008813,KBL,7,39,223,232.0,51736.0,2026-04-10,185917888,142,J.F. Securites (PVT) Ltd.,Sumeru Securities Pvt. Ltd.,2026-04-10T11:32:27.623866,Kumari Bank Limited
2026041001008814,KBL,7,38,500,232.0,116000.0,2026-04-10,185917890,142,J.F. Securites (PVT) Ltd.,Dipshikha Dhitopatra Karobar Co. Pvt Ltd.,2026-04-10T11:32:27.624275,Kumari Bank Limited
2026041001008815,KBL,7,14,10,232.0,2320.0,2026-04-10,185917893,142,J.F. Securites (PVT) Ltd.,Nepal Stock House (PVT) Ltd.,2026-04-10T11:32:27.624685,Kumari Bank Limited
2026041001009028,KBL,7,14,90,232.0,20880.0,2026-04-10,186063450,142,J.F. Securites (PVT) Ltd.,Nepal Stock House (PVT) Ltd.,2026-04-10T11:32:47.636,Kumari Bank Limited
2026041001009062,KBL,81,32,1000,233.0,233000.0,2026-04-10,186081352,142,Aakashbhairab Securities Ltd.,Premier Securities Company Ltd.,2026-04-10T11:32:58.206,Kumari Bank Limited
2026041001009061,KBL,81,40,2000,233.0,466000.0,2026-04-10,186081339,142,Aakashbhairab Securities Ltd.,Creative Securities Pvt Ltd,2026-04-10T11:32:58.206,Kumari Bank Limited
2026041001009059,KBL,81,54,2000,232.9,465800.0,2026-04-10,186081396,142,Aakashbhairab Securities Ltd.,Sewa Securities Pvt. Ltd.,2026-04-10T11:32:58.206,Kumari Bank Limited
2026041001009058,KBL,81,34,1000,232.8,232800.0,2026-04-10,186081337,142,Aakashbhairab Securities Ltd.,Vision Securities Pvt. Ltd,2026-04-10T11:32:58.206,Kumari Bank Limited
2026041001009060,KBL,81,54,990,232.9,230571.0,2026-04-10,186081341,142,Aakashbhairab Securities Ltd.,Sewa Securities Pvt. Ltd.,2026-04-10T11:32:58.206,Kumari Bank Limited
2026041001009063,KBL,81,101,500,233.0,116500.0,2026-04-10,186081325,142,Aakashbhairab Securities Ltd.,APPLE SECURITIES PRIVATE LIMITED,2026-04-10T11:32:58.207,Kumari Bank Limited
2026041001009064,KBL,81,11,40,233.0,9320.0,2026-04-10,186081346,142,Aakashbhairab Securities Ltd.,Malla & Malla Stock Broking Company Pvt. Limited,2026-04-10T11:32:58.207,Kumari Bank Limited
2026041001009065,KBL,81,57,30,233.0,6990.0,2026-04-10,186081350,142,Aakashbhairab Securities Ltd.,Aryatara Investment & Securities,2026-04-10T11:32:58.207,Kumari Bank Limited
2026041001009066,KBL,81,14,100,233.0,23300.0,2026-04-10,186081327,142,Aakashbhairab Securities Ltd.,Nepal Stock House (PVT) Ltd.,2026-04-10T11:32:58.207,Kumari Bank Limited
2026041001009067,KBL,81,58,150,233.0,34950.0,2026-04-10,186081348,142,Aakashbhairab Securities Ltd.,Naasa Securities Co. Ltd.,2026-04-10T11:32:58.207,Kumari Bank Limited
2026041001009073,KBL,81,7,100,233.0,23300.0,2026-04-10,186081345,142,Aakashbhairab Securities Ltd.,J.F. Securites (PVT) Ltd.,2026-04-10T11:33:00.907,Kumari Bank Limited
2026041001009103,KBL,81,40,400,233.0,93200.0,2026-04-10,186081343,142,Aakashbhairab Securities Ltd.,Creative Securities Pvt Ltd,2026-04-10T11:33:09.007,Kumari Bank Limited
2026041001009118,KBL,57,44,498,233.5,116283.0,2026-04-10,185918084,142,Aryatara Investment & Securities,Dynamic Money Managers Securities Pvt. Ltd.,2026-04-10T11:33:19.160122,Kumari Bank Limited
2026041001009119,KBL,57,62,40,233.5,9340.0,2026-04-10,185918086,142,Aryatara Investment & Securities,Capital Max Securities Ltd,2026-04-10T11:33:19.160659,Kumari Bank Limited
2026041001009120,KBL,57,13,362,234.0,84708.0,2026-04-10,185918089,142,Aryatara Investment & Securities,Thrive Brokerage House Pvt. Ltd,2026-04-10T11:33:19.161049,Kumari Bank Limited
2026041001009146,KBL,81,21,223,233.0,51959.0,2026-04-10,185918228,142,Aakashbhairab Securities Ltd.,Midas Stock Broking Company Private Limited,2026-04-10T11:33:31.560635,Kumari Bank Limited
2026041001009253,KBL,4,13,10,234.0,2340.0,2026-04-10,186062879,142,Opal Securities Investment (PVT) Ltd.,Thrive Brokerage House Pvt. Ltd,2026-04-10T11:33:51.655,Kumari Bank Limited
2026041001009303,KBL,81,56,1467,233.0,341811.0,2026-04-10,186081382,142,Aakashbhairab Securities Ltd.,Sri Hari Securities Pvt. Ltd.,2026-04-10T11:34:14.901,Kumari Bank Limited
2026041001009406,KBL,14,48,2000,232.0,464000.0,2026-04-10,186064051,142,Nepal Stock House (PVT) Ltd.,Trishakti Securities Public Limited,2026-04-10T11:34:47.478,Kumari Bank Limited
2026041001009407,KBL,42,48,200,232.0,46400.0,2026-04-10,186070643,142,Sani Securities Company Ltd.,Trishakti Securities Public Limited,2026-04-10T11:34:47.478,Kumari Bank Limited
2026041001009469,KBL,26,25,79,231.8,18312.2,2026-04-10,186066743,142,Asian Securities Private Ltd.,Sweta Securities Private Limited,2026-04-10T11:35:02.615,Kumari Bank Limited
2026041001009468,KBL,58,25,28,231.8,6490.4,2026-04-10,186076845,142,Naasa Securities Co. Ltd.,Sweta Securities Private Limited,2026-04-10T11:35:02.615,Kumari Bank Limited
2026041001009487,KBL,26,47,271,231.8,62817.8,2026-04-10,186066739,142,Asian Securities Private Ltd.,Neev Securities Pvt. Ltd.,2026-04-10T11:35:12.076,Kumari Bank Limited
2026041001009488,KBL,58,47,10,231.1,2311.0,2026-04-10,186078427,142,Naasa Securities Co. Ltd.,Neev Securities Pvt. Ltd.,2026-04-10T11:35:12.077,Kumari Bank Limited
2026041001009489,KBL,49,47,200,231.1,46220.0,2026-04-10,186074536,142,Online Securities Pvt. Ltd.,Neev Securities Pvt. Ltd.,2026-04-10T11:35:12.077,Kumari Bank Limited
2026041001009490,KBL,42,47,65,231.0,15015.0,2026-04-10,186070427,142,Sani Securities Company Ltd.,Neev Securities Pvt. Ltd.,2026-04-10T11:35:12.077,Kumari Bank Limited
2026041001009491,KBL,57,47,154,231.0,35574.0,2026-04-10,186076082,142,Aryatara Investment & Securities,Neev Securities Pvt. Ltd.,2026-04-10T11:35:12.078,Kumari Bank Limited
2026041001009588,KBL,49,42,180,232.0,41760.0,2026-04-10,185918822,142,Online Securities Pvt. Ltd.,Sani Securities Company Ltd.,2026-04-10T11:35:39.094791,Kumari Bank Limited
2026041001009821,KBL,57,42,320,231.0,73920.0,2026-04-10,186076485,142,Aryatara Investment & Securities,Sani Securities Company Ltd.,2026-04-10T11:36:39.009,Kumari Bank Limited
2026041001009892,KBL,57,45,500,231.0,115500.0,2026-04-10,186076208,142,Aryatara Investment & Securities,Imperial Securities Company Pvt. Ltd.,2026-04-10T11:37:04.228,Kumari Bank Limited
2026041001009931,KBL,57,42,500,231.0,115500.0,2026-04-10,186075929,142,Aryatara Investment & Securities,Sani Securities Company Ltd.,2026-04-10T11:37:12.334,Kumari Bank Limited
2026041001009969,KBL,49,16,10,232.0,2320.0,2026-04-10,186074172,142,Online Securities Pvt. Ltd.,Primo Securities (PVT) Ltd.,2026-04-10T11:37:24.289,Kumari Bank Limited
2026041001009970,KBL,49,16,30,232.0,6960.0,2026-04-10,186074127,142,Online Securities Pvt. Ltd.,Primo Securities (PVT) Ltd.,2026-04-10T11:37:24.29,Kumari Bank Limited
2026041001010190,KBL,56,16,443,232.0,102776.0,2026-04-10,186075341,142,Sri Hari Securities Pvt. Ltd.,Primo Securities (PVT) Ltd.,2026-04-10T11:38:36.358,Kumari Bank Limited
2026041001010191,KBL,56,25,57,232.0,13224.0,2026-04-10,186075585,142,Sri Hari Securities Pvt. Ltd.,Sweta Securities Private Limited,2026-04-10T11:38:36.359,Kumari Bank Limited
2026041001010209,KBL,42,48,1000,231.0,231000.0,2026-04-10,186070462,142,Sani Securities Company Ltd.,Trishakti Securities Public Limited,2026-04-10T11:38:39.566,Kumari Bank Limited
2026041001010208,KBL,35,48,500,231.0,115500.0,2026-04-10,186068985,142,Kohinoor Investment & Securities Pvt. Ltd.,Trishakti Securities Public Limited,2026-04-10T11:38:39.566,Kumari Bank Limited
2026041001010206,KBL,58,48,100,231.0,23100.0,2026-04-10,186076725,142,Naasa Securities Co. Ltd.,Trishakti Securities Public Limited,2026-04-10T11:38:39.566,Kumari Bank Limited
2026041001010205,KBL,57,48,26,231.0,6006.0,2026-04-10,186076181,142,Aryatara Investment & Securities,Trishakti Securities Public Limited,2026-04-10T11:38:39.566,Kumari Bank Limited
2026041001010207,KBL,3,48,455,231.0,105105.0,2026-04-10,186062528,142,Arun Securities (PVT) Ltd.,Trishakti Securities Public Limited,2026-04-10T11:38:39.566,Kumari Bank Limited
2026041001010211,KBL,74,48,10,231.0,2310.0,2026-04-10,186080784,142,KALASH STOCK MARKET PVT. LTD.,Trishakti Securities Public Limited,2026-04-10T11:38:39.567,Kumari Bank Limited
2026041001010210,KBL,1,48,150,231.0,34650.0,2026-04-10,186062419,142,Kumari Securities Private Limited,Trishakti Securities Public Limited,2026-04-10T11:38:39.567,Kumari Bank Limited
2026041001010478,KBL,57,25,193,232.0,44776.0,2026-04-10,186076509,142,Aryatara Investment & Securities,Sweta Securities Private Limited,2026-04-10T11:39:45.837,Kumari Bank Limited
2026041001010479,KBL,57,77,108,232.0,25056.0,2026-04-10,186076430,142,Aryatara Investment & Securities,Nabil Stock Dealer Ltd.,2026-04-10T11:39:45.837,Kumari Bank Limited
2026041001010480,KBL,57,51,999,232.0,231768.0,2026-04-10,186076505,142,Aryatara Investment & Securities,Oxford Securities Pvt. Ltd.,2026-04-10T11:39:45.837,Kumari Bank Limited
2026041001010561,KBL,14,8,50,231.0,11550.0,2026-04-10,186064318,142,Nepal Stock House (PVT) Ltd.,Brilliant Securities Pvt. Ltd.,2026-04-10T11:40:29.262,Kumari Bank Limited
2026041001010595,KBL,57,8,490,231.0,113190.0,2026-04-10,186076354,142,Aryatara Investment & Securities,Brilliant Securities Pvt. Ltd.,2026-04-10T11:40:41.036,Kumari Bank Limited
2026041001010787,KBL,34,6,500,232.0,116000.0,2026-04-10,186068845,142,Vision Securities Pvt. Ltd,Agrawal Securities (PVT) Ltd.,2026-04-10T11:42:05.157,Kumari Bank Limited
2026041001010804,KBL,50,58,2000,231.1,462200.0,2026-04-10,186074851,142,Cristal Kanchanjanga Securites Pvt. Ltd.,Naasa Securities Co. Ltd.,2026-04-10T11:42:06.644,Kumari Bank Limited
2026041001010912,KBL,5,51,1000,231.2,231200.0,2026-04-10,186063004,142,Market Securities & Exchange (PVT) Ltd.,Oxford Securities Pvt. Ltd.,2026-04-10T11:42:52.247,Kumari Bank Limited
2026041001011032,KBL,81,47,10,232.0,2320.0,2026-04-10,186081361,142,Aakashbhairab Securities Ltd.,Neev Securities Pvt. Ltd.,2026-04-10T11:43:33.869,Kumari Bank Limited
2026041001011034,KBL,81,64,1000,232.0,232000.0,2026-04-10,186081363,142,Aakashbhairab Securities Ltd.,SUN SECURITIES PVT LTD,2026-04-10T11:43:33.87,Kumari Bank Limited
2026041001011033,KBL,81,58,50,232.0,11600.0,2026-04-10,186081376,142,Aakashbhairab Securities Ltd.,Naasa Securities Co. Ltd.,2026-04-10T11:43:33.87,Kumari Bank Limited
2026041001011036,KBL,81,51,1000,232.0,232000.0,2026-04-10,186081374,142,Aakashbhairab Securities Ltd.,Oxford Securities Pvt. Ltd.,2026-04-10T11:43:33.871,Kumari Bank Limited
2026041001011035,KBL,81,88,750,232.0,174000.0,2026-04-10,186081397,142,Aakashbhairab Securities Ltd.,Blue Chip Securities Ltd,2026-04-10T11:43:33.871,Kumari Bank Limited
2026041001011172,KBL,57,57,12,231.5,2778.0,2026-04-10,186076410,142,Aryatara Investment & Securities,Aryatara Investment & Securities,2026-04-10T11:44:49.261,Kumari Bank Limited
2026041001011174,KBL,58,35,150,232.0,34800.0,2026-04-10,186077377,142,Naasa Securities Co. Ltd.,Kohinoor Investment & Securities Pvt. Ltd.,2026-04-10T11:44:50.026,Kumari Bank Limited
2026041001011179,KBL,38,33,10,232.0,2320.0,2026-04-10,186070843,142,Dipshikha Dhitopatra Karobar Co. Pvt Ltd.,Dakshinkali Investment & Securities Pvt. Ltd.,2026-04-10T11:44:54.968,Kumari Bank Limited
2026041001011183,KBL,51,33,10,232.0,2320.0,2026-04-10,186074864,142,Oxford Securities Pvt. Ltd.,Dakshinkali Investment & Securities Pvt. Ltd.,2026-04-10T11:44:57.214,Kumari Bank Limited
2026041001011353,KBL,81,33,180,232.0,41760.0,2026-04-10,186081360,142,Aakashbhairab Securities Ltd.,Dakshinkali Investment & Securities Pvt. Ltd.,2026-04-10T11:46:03.995,Kumari Bank Limited
2026041001011354,KBL,81,35,40,232.0,9280.0,2026-04-10,186081362,142,Aakashbhairab Securities Ltd.,Kohinoor Investment & Securities Pvt. Ltd.,2026-04-10T11:46:03.996,Kumari Bank Limited
2026041001011355,KBL,81,58,1390,232.0,322480.0,2026-04-10,186081353,142,Aakashbhairab Securities Ltd.,Naasa Securities Co. Ltd.,2026-04-10T11:46:03.996,Kumari Bank Limited
2026041001011356,KBL,81,58,10,232.0,2320.0,2026-04-10,186081358,142,Aakashbhairab Securities Ltd.,Naasa Securities Co. Ltd.,2026-04-10T11:46:03.997,Kumari Bank Limited
2026041001011382,KBL,81,58,40,232.0,9280.0,2026-04-10,186081357,142,Aakashbhairab Securities Ltd.,Naasa Securities Co. Ltd.,2026-04-10T11:46:20.58,Kumari Bank Limited
2026041001011389,KBL,81,51,315,232.0,73080.0,2026-04-10,186081364,142,Aakashbhairab Securities Ltd.,Oxford Securities Pvt. Ltd.,2026-04-10T11:46:24.224,Kumari Bank Limited
2026041001011480,KBL,81,100,1000,232.0,232000.0,2026-04-10,186081385,142,Aakashbhairab Securities Ltd.,Sunrise Securities Limited,2026-04-10T11:46:36.344,Kumari Bank Limited
2026041001011734,KBL,14,57,30,232.5,6975.0,2026-04-10,186064067,142,Nepal Stock House (PVT) Ltd.,Aryatara Investment & Securities,2026-04-10T11:48:23.536,Kumari Bank Limited
2026041001011735,KBL,81,57,580,232.0,134560.0,2026-04-10,186081368,142,Aakashbhairab Securities Ltd.,Aryatara Investment & Securities,2026-04-10T11:48:23.537,Kumari Bank Limited
2026041001011762,KBL,50,65,462,231.3,106860.6,2026-04-10,186074660,142,Cristal Kanchanjanga Securites Pvt. Ltd.,Sharepro Securities Private Limited,2026-04-10T11:48:31.391,Kumari Bank Limited
2026041001011759,KBL,16,65,500,232.0,116000.0,2026-04-10,186064603,142,Primo Securities (PVT) Ltd.,Sharepro Securities Private Limited,2026-04-10T11:48:31.391,Kumari Bank Limited
2026041001011761,KBL,38,65,25,231.5,5787.5,2026-04-10,186071098,142,Dipshikha Dhitopatra Karobar Co. Pvt Ltd.,Sharepro Securities Private Limited,2026-04-10T11:48:31.391,Kumari Bank Limited
2026041001011760,KBL,57,65,13,231.5,3009.5,2026-04-10,186076022,142,Aryatara Investment & Securities,Sharepro Securities Private Limited,2026-04-10T11:48:31.391,Kumari Bank Limited
2026041001011757,KBL,56,65,45,232.0,10440.0,2026-04-10,186075550,142,Sri Hari Securities Pvt. Ltd.,Sharepro Securities Private Limited,2026-04-10T11:48:31.391,Kumari Bank Limited
2026041001011756,KBL,81,65,6445,232.0,1495240.0,2026-04-10,186081370,142,Aakashbhairab Securities Ltd.,Sharepro Securities Private Limited,2026-04-10T11:48:31.391,Kumari Bank Limited
2026041001011758,KBL,49,65,210,232.0,48720.0,2026-04-10,186074579,142,Online Securities Pvt. Ltd.,Sharepro Securities Private Limited,2026-04-10T11:48:31.391,Kumari Bank Limited
2026041001011804,KBL,4,57,10,232.0,2320.0,2026-04-10,186062666,142,Opal Securities Investment (PVT) Ltd.,Aryatara Investment & Securities,2026-04-10T11:48:45.925,Kumari Bank Limited
2026041001011805,KBL,50,57,538,231.3,124439.4,2026-04-10,186074671,142,Cristal Kanchanjanga Securites Pvt. Ltd.,Aryatara Investment & Securities,2026-04-10T11:48:45.926,Kumari Bank Limited
2026041001011806,KBL,5,57,713,231.2,164845.6,2026-04-10,186063029,142,Market Securities & Exchange (PVT) Ltd.,Aryatara Investment & Securities,2026-04-10T11:48:45.926,Kumari Bank Limited
2026041001011839,KBL,69,48,10,232.4,2324.0,2026-04-10,186080508,142,INDEX SECURITIES LIMITED,Trishakti Securities Public Limited,2026-04-10T11:49:06.55,Kumari Bank Limited
2026041001011992,KBL,5,34,20,231.2,4624.0,2026-04-10,186062923,142,Market Securities & Exchange (PVT) Ltd.,Vision Securities Pvt. Ltd,2026-04-10T11:49:52.455,Kumari Bank Limited
2026041001012059,KBL,69,22,10,231.9,2319.0,2026-04-10,186080533,142,INDEX SECURITIES LIMITED,Siprabi Securities Pvt. Ltd.,2026-04-10T11:50:04.797,Kumari Bank Limited
2026041001012130,KBL,38,22,370,231.9,85803.0,2026-04-10,186071021,142,Dipshikha Dhitopatra Karobar Co. Pvt Ltd.,Siprabi Securities Pvt. Ltd.,2026-04-10T11:50:42.846,Kumari Bank Limited
2026041001012219,KBL,38,49,200,231.9,46380.0,2026-04-10,186070860,142,Dipshikha Dhitopatra Karobar Co. Pvt Ltd.,Online Securities Pvt. Ltd.,2026-04-10T11:51:23.108,Kumari Bank Limited
2026041001012223,KBL,38,49,500,231.9,115950.0,2026-04-10,186070907,142,Dipshikha Dhitopatra Karobar Co. Pvt Ltd.,Online Securities Pvt. Ltd.,2026-04-10T11:51:24.466,Kumari Bank Limited
2026041001012306,KBL,14,7,23,232.0,5336.0,2026-04-10,186064235,142,Nepal Stock House (PVT) Ltd.,J.F. Securites (PVT) Ltd.,2026-04-10T11:52:11.67,Kumari Bank Limited
2026041001012361,KBL,57,58,164,231.0,37884.0,2026-04-10,186076204,142,Aryatara Investment & Securities,Naasa Securities Co. Ltd.,2026-04-10T11:52:21.032,Kumari Bank Limited
2026041001012360,KBL,42,58,200,231.0,46200.0,2026-04-10,186069761,142,Sani Securities Company Ltd.,Naasa Securities Co. Ltd.,2026-04-10T11:52:21.032,Kumari Bank Limited
2026041001012358,KBL,49,58,190,231.1,43909.0,2026-04-10,186073859,142,Online Securities Pvt. Ltd.,Naasa Securities Co. Ltd.,2026-04-10T11:52:21.032,Kumari Bank Limited
2026041001012357,KBL,5,58,267,231.2,61730.4,2026-04-10,186062945,142,Market Securities & Exchange (PVT) Ltd.,Naasa Securities Co. Ltd.,2026-04-10T11:52:21.032,Kumari Bank Limited
2026041001012359,KBL,57,58,50,231.0,11550.0,2026-04-10,186076206,142,Aryatara Investment & Securities,Naasa Securities Co. Ltd.,2026-04-10T11:52:21.032,Kumari Bank Limited
2026041001012356,KBL,38,58,130,231.9,30147.0,2026-04-10,186071111,142,Dipshikha Dhitopatra Karobar Co. Pvt Ltd.,Naasa Securities Co. Ltd.,2026-04-10T11:52:21.032,Kumari Bank Limited
2026041001012391,KBL,32,38,200,231.6,46320.0,2026-04-10,186067367,142,Premier Securities Company Ltd.,Dipshikha Dhitopatra Karobar Co. Pvt Ltd.,2026-04-10T11:52:38.922,Kumari Bank Limited
2026041001012392,KBL,57,38,376,231.0,86856.0,2026-04-10,186076275,142,Aryatara Investment & Securities,Dipshikha Dhitopatra Karobar Co. Pvt Ltd.,2026-04-10T11:52:38.922,Kumari Bank Limited
2026041001012393,KBL,11,38,424,231.0,97944.0,2026-04-10,186063835,142,Malla & Malla Stock Broking Company Pvt. Limited,Dipshikha Dhitopatra Karobar Co. Pvt Ltd.,2026-04-10T11:52:38.923,Kumari Bank Limited
2026041001012408,KBL,57,7,97,232.0,22504.0,2026-04-10,186076245,142,Aryatara Investment & Securities,J.F. Securites (PVT) Ltd.,2026-04-10T11:52:46.594,Kumari Bank Limited
2026041001012409,KBL,57,7,30,232.0,6960.0,2026-04-10,186076160,142,Aryatara Investment & Securities,J.F. Securites (PVT) Ltd.,2026-04-10T11:52:46.595,Kumari Bank Limited
2026041001012410,KBL,57,48,190,232.0,44080.0,2026-04-10,186076243,142,Aryatara Investment & Securities,Trishakti Securities Public Limited,2026-04-10T11:52:46.595,Kumari Bank Limited
2026041001012515,KBL,57,19,232,232.0,53824.0,2026-04-10,186076093,142,Aryatara Investment & Securities,Nepal Investment And Securities Trading Private Limited,2026-04-10T11:53:45.795,Kumari Bank Limited
2026041001012580,KBL,76,57,10,232.7,2327.0,2026-04-10,186081193,142,Machhapuchchhre Securities Limited,Aryatara Investment & Securities,2026-04-10T11:54:11.053,Kumari Bank Limited
2026041001012632,KBL,57,34,30,232.0,6960.0,2026-04-10,186075930,142,Aryatara Investment & Securities,Vision Securities Pvt. Ltd,2026-04-10T11:54:36.276,Kumari Bank Limited
2026041001012702,KBL,17,58,10,232.1,2321.0,2026-04-10,186064982,142,ABC Securities Private Limited,Naasa Securities Co. Ltd.,2026-04-10T11:55:10.526,Kumari Bank Limited
2026041001012749,KBL,17,34,44,232.1,10212.4,2026-04-10,186064974,142,ABC Securities Private Limited,Vision Securities Pvt. Ltd,2026-04-10T11:55:29.17,Kumari Bank Limited
2026041001013044,KBL,17,49,100,232.1,23210.0,2026-04-10,186064856,142,ABC Securities Private Limited,Online Securities Pvt. Ltd.,2026-04-10T11:57:55.054,Kumari Bank Limited
2026041001013097,KBL,17,42,33,232.1,7659.3,2026-04-10,186064870,142,ABC Securities Private Limited,Sani Securities Company Ltd.,2026-04-10T11:58:13.746,Kumari Bank Limited
2026041001013137,KBL,58,65,425,232.1,98642.5,2026-04-10,186077180,142,Naasa Securities Co. Ltd.,Sharepro Securities Private Limited,2026-04-10T11:58:33.926,Kumari Bank Limited
2026041001013138,KBL,57,65,1238,232.0,287216.0,2026-04-10,186076251,142,Aryatara Investment & Securities,Sharepro Securities Private Limited,2026-04-10T11:58:33.926,Kumari Bank Limited
2026041001013139,KBL,67,65,500,232.0,116000.0,2026-04-10,186079700,142,Property Wiard Limited,Sharepro Securities Private Limited,2026-04-10T11:58:33.926,Kumari Bank Limited
2026041001013140,KBL,38,65,10,232.0,2320.0,2026-04-10,186070930,142,Dipshikha Dhitopatra Karobar Co. Pvt Ltd.,Sharepro Securities Private Limited,2026-04-10T11:58:33.926,Kumari Bank Limited
2026041001013136,KBL,17,65,444,232.1,103052.4,2026-04-10,186064861,142,ABC Securities Private Limited,Sharepro Securities Private Limited,2026-04-10T11:58:33.926,Kumari Bank Limited
2026041001013141,KBL,5,65,2383,231.1,550711.3,2026-04-10,186063000,142,Market Securities & Exchange (PVT) Ltd.,Sharepro Securities Private Limited,2026-04-10T11:58:33.927,Kumari Bank Limited
2026041001013184,KBL,69,58,10,232.5,2325.0,2026-04-10,186080527,142,INDEX SECURITIES LIMITED,Naasa Securities Co. Ltd.,2026-04-10T11:58:59.768,Kumari Bank Limited
2026041001013196,KBL,5,26,500,231.1,115550.0,2026-04-10,186062959,142,Market Securities & Exchange (PVT) Ltd.,Asian Securities Private Ltd.,2026-04-10T11:59:06.988,Kumari Bank Limited
2026041001013230,KBL,69,58,10,232.5,2325.0,2026-04-10,186080501,142,INDEX SECURITIES LIMITED,Naasa Securities Co. Ltd.,2026-04-10T11:59:27.166,Kumari Bank Limited
2026041001013274,KBL,58,58,10,232.5,2325.0,2026-04-10,186077969,142,Naasa Securities Co. Ltd.,Naasa Securities Co. Ltd.,2026-04-10T11:59:42.28,Kumari Bank Limited
2026041001013275,KBL,58,21,140,232.5,32550.0,2026-04-10,186077971,142,Naasa Securities Co. Ltd.,Midas Stock Broking Company Private Limited,2026-04-10T11:59:42.281,Kumari Bank Limited
2026041001013421,KBL,41,41,150,231.2,34680.0,2026-04-10,186067912,142,Linch Stock Market Ltd.,Linch Stock Market Ltd.,2026-04-10T12:00:18.812,Kumari Bank Limited
2026041001013608,KBL,5,74,117,231.1,27038.7,2026-04-10,186062917,142,Market Securities & Exchange (PVT) Ltd.,KALASH STOCK MARKET PVT. LTD.,2026-04-10T12:01:13.757,Kumari Bank Limited
2026041001013609,KBL,11,74,76,231.0,17556.0,2026-04-10,186063899,142,Malla & Malla Stock Broking Company Pvt. Limited,KALASH STOCK MARKET PVT. LTD.,2026-04-10T12:01:13.758,Kumari Bank Limited
2026041001013610,KBL,57,74,307,231.0,70917.0,2026-04-10,186075995,142,Aryatara Investment & Securities,KALASH STOCK MARKET PVT. LTD.,2026-04-10T12:01:13.758,Kumari Bank Limited
2026041001013612,KBL,68,41,210,231.2,48552.0,2026-04-10,186080316,142,Elite Stock House Limited,Linch Stock Market Ltd.,2026-04-10T12:01:16.268,Kumari Bank Limited
2026041001013624,KBL,57,58,693,231.0,160083.0,2026-04-10,186075894,142,Aryatara Investment & Securities,Naasa Securities Co. Ltd.,2026-04-10T12:01:26.437,Kumari Bank Limited
2026041001013834,KBL,90,41,50,231.2,11560.0,2026-04-10,185920552,142,Sajilo Broker Limited,Linch Stock Market Ltd.,2026-04-10T12:02:10.593183,Kumari Bank Limited
2026041001013916,KBL,35,41,20,231.2,4624.0,2026-04-10,185920821,142,Kohinoor Investment & Securities Pvt. Ltd.,Linch Stock Market Ltd.,2026-04-10T12:02:37.916785,Kumari Bank Limited
2026041001014101,KBL,49,57,860,231.5,199090.0,2026-04-10,185921638,142,Online Securities Pvt. Ltd.,Aryatara Investment & Securities,2026-04-10T12:04:01.889939,Kumari Bank Limited
2026041001014231,KBL,35,57,130,231.2,30056.0,2026-04-10,185922186,142,Kohinoor Investment & Securities Pvt. Ltd.,Aryatara Investment & Securities,2026-04-10T12:04:50.706986,Kumari Bank Limited
2026041001014281,KBL,58,41,10,231.1,2311.0,2026-04-10,185922367,142,Naasa Securities Co. Ltd.,Linch Stock Market Ltd.,2026-04-10T12:05:05.708683,Kumari Bank Limited
2026041001014364,KBL,58,58,100,231.1,23110.0,2026-04-10,185922833,142,Naasa Securities Co. Ltd.,Naasa Securities Co. Ltd.,2026-04-10T12:05:45.034574,Kumari Bank Limited
2026041001014405,KBL,58,44,120,231.1,27732.0,2026-04-10,185923335,142,Naasa Securities Co. Ltd.,Dynamic Money Managers Securities Pvt. Ltd.,2026-04-10T12:06:25.704624,Kumari Bank Limited
2026041001014407,KBL,58,26,20,231.1,4622.0,2026-04-10,185923366,142,Naasa Securities Co. Ltd.,Asian Securities Private Ltd.,2026-04-10T12:06:29.780043,Kumari Bank Limited
2026041001014408,KBL,39,26,200,231.0,46200.0,2026-04-10,185923368,142,Sumeru Securities Pvt. Ltd.,Asian Securities Private Ltd.,2026-04-10T12:06:29.780554,Kumari Bank Limited
2026041001014409,KBL,35,26,770,231.0,177870.0,2026-04-10,185923369,142,Kohinoor Investment & Securities Pvt. Ltd.,Asian Securities Private Ltd.,2026-04-10T12:06:29.781299,Kumari Bank Limited
2026041001014442,KBL,35,50,230,231.0,53130.0,2026-04-10,185923726,142,Kohinoor Investment & Securities Pvt. Ltd.,Cristal Kanchanjanga Securites Pvt. Ltd.,2026-04-10T12:06:54.485054,Kumari Bank Limited
2026041001014443,KBL,41,50,70,231.0,16170.0,2026-04-10,185923728,142,Linch Stock Market Ltd.,Cristal Kanchanjanga Securites Pvt. Ltd.,2026-04-10T12:06:54.485487,Kumari Bank Limited
2026041001014444,KBL,54,50,12,231.0,2772.0,2026-04-10,185923730,142,Sewa Securities Pvt. Ltd.,Cristal Kanchanjanga Securites Pvt. Ltd.,2026-04-10T12:06:54.485708,Kumari Bank Limited
2026041001014445,KBL,7,50,10,231.0,2310.0,2026-04-10,185923732,142,J.F. Securites (PVT) Ltd.,Cristal Kanchanjanga Securites Pvt. Ltd.,2026-04-10T12:06:54.485926,Kumari Bank Limited
2026041001014446,KBL,7,50,10,231.0,2310.0,2026-04-10,185923734,142,J.F. Securites (PVT) Ltd.,Cristal Kanchanjanga Securites Pvt. Ltd.,2026-04-10T12:06:54.486135,Kumari Bank Limited
2026041001014447,KBL,94,50,165,231.0,38115.0,2026-04-10,185923736,142,K.B.L. Securities Limited ,Cristal Kanchanjanga Securites Pvt. Ltd.,2026-04-10T12:06:54.486373,Kumari Bank Limited
2026041001014576,KBL,45,50,2000,231.0,462000.0,2026-04-10,185924344,142,Imperial Securities Company Pvt. Ltd.,Cristal Kanchanjanga Securites Pvt. Ltd.,2026-04-10T12:07:42.538495,Kumari Bank Limited
2026041001014614,KBL,57,57,1000,230.8,230800.0,2026-04-10,185924549,142,Aryatara Investment & Securities,Aryatara Investment & Securities,2026-04-10T12:07:53.700674,Kumari Bank Limited
2026041001014678,KBL,94,7,10,231.0,2310.0,2026-04-10,185924850,142,K.B.L. Securities Limited ,J.F. Securites (PVT) Ltd.,2026-04-10T12:08:15.594744,Kumari Bank Limited
2026041001014685,KBL,38,7,20,231.0,4620.0,2026-04-10,185924870,142,Dipshikha Dhitopatra Karobar Co. Pvt Ltd.,J.F. Securites (PVT) Ltd.,2026-04-10T12:08:17.841055,Kumari Bank Limited
2026041001014727,KBL,46,7,200,231.0,46200.0,2026-04-10,185925216,142,Kalika Securities Pvt. Ltd.,J.F. Securites (PVT) Ltd.,2026-04-10T12:08:42.941131,Kumari Bank Limited
2026041001014747,KBL,47,39,100,230.7,23070.0,2026-04-10,185925324,142,Neev Securities Pvt. Ltd.,Sumeru Securities Pvt. Ltd.,2026-04-10T12:08:51.067144,Kumari Bank Limited
2026041001014748,KBL,7,39,100,230.7,23070.0,2026-04-10,185925326,142,J.F. Securites (PVT) Ltd.,Sumeru Securities Pvt. Ltd.,2026-04-10T12:08:51.067522,Kumari Bank Limited
2026041001014749,KBL,42,39,50,230.7,11535.0,2026-04-10,185925328,142,Sani Securities Company Ltd.,Sumeru Securities Pvt. Ltd.,2026-04-10T12:08:51.067729,Kumari Bank Limited
2026041001014757,KBL,81,38,370,230.5,85285.0,2026-04-10,185925374,142,Aakashbhairab Securities Ltd.,Dipshikha Dhitopatra Karobar Co. Pvt Ltd.,2026-04-10T12:08:53.173601,Kumari Bank Limited
2026041001014758,KBL,51,38,10,230.5,2305.0,2026-04-10,185925376,142,Oxford Securities Pvt. Ltd.,Dipshikha Dhitopatra Karobar Co. Pvt Ltd.,2026-04-10T12:08:53.174007,Kumari Bank Limited
2026041001014759,KBL,26,38,160,230.5,36880.0,2026-04-10,185925377,142,Asian Securities Private Ltd.,Dipshikha Dhitopatra Karobar Co. Pvt Ltd.,2026-04-10T12:08:53.174244,Kumari Bank Limited
2026041001014761,KBL,42,39,10,230.7,2307.0,2026-04-10,185925390,142,Sani Securities Company Ltd.,Sumeru Securities Pvt. Ltd.,2026-04-10T12:08:54.763281,Kumari Bank Limited
2026041001014772,KBL,26,65,90,230.5,20745.0,2026-04-10,185925430,142,Asian Securities Private Ltd.,Sharepro Securities Private Limited,2026-04-10T12:08:59.519286,Kumari Bank Limited
2026041001014773,KBL,25,65,100,230.5,23050.0,2026-04-10,185925432,142,Sweta Securities Private Limited,Sharepro Securities Private Limited,2026-04-10T12:08:59.51938,Kumari Bank Limited
2026041001014774,KBL,43,65,5000,230.2,1151000.0,2026-04-10,185925434,142,South Asian Bulls Pvt. Ltd.,Sharepro Securities Private Limited,2026-04-10T12:08:59.519467,Kumari Bank Limited
2026041001014775,KBL,5,65,1000,230.2,230200.0,2026-04-10,185925436,142,Market Securities & Exchange (PVT) Ltd.,Sharepro Securities Private Limited,2026-04-10T12:08:59.519539,Kumari Bank Limited
2026041001014776,KBL,65,65,100,230.1,23010.0,2026-04-10,185925438,142,Sharepro Securities Private Limited,Sharepro Securities Private Limited,2026-04-10T12:08:59.519612,Kumari Bank Limited
2026041001014777,KBL,62,65,12045,230.0,2770350.0,2026-04-10,185925439,142,Capital Max Securities Ltd,Sharepro Securities Private Limited,2026-04-10T12:08:59.519681,Kumari Bank Limited
2026041001014799,KBL,67,39,240,230.7,55368.0,2026-04-10,185925571,142,Property Wiard Limited,Sumeru Securities Pvt. Ltd.,2026-04-10T12:09:11.220214,Kumari Bank Limited
2026041001014800,KBL,67,7,10,230.7,2307.0,2026-04-10,185925574,142,Property Wiard Limited,J.F. Securites (PVT) Ltd.,2026-04-10T12:09:11.22059,Kumari Bank Limited
2026041001014932,KBL,20,66,150,230.1,34515.0,2026-04-10,185926254,142,Sipla Securities Private Limited,Miyo Securities Pvt Ltd,2026-04-10T12:09:54.305921,Kumari Bank Limited
2026041001014933,KBL,62,66,3175,230.0,730250.0,2026-04-10,185926256,142,Capital Max Securities Ltd,Miyo Securities Pvt Ltd,2026-04-10T12:09:54.305962,Kumari Bank Limited
2026041001014934,KBL,58,66,1000,230.0,230000.0,2026-04-10,185926258,142,Naasa Securities Co. Ltd.,Miyo Securities Pvt Ltd,2026-04-10T12:09:54.306002,Kumari Bank Limited
2026041001014935,KBL,17,66,10,230.0,2300.0,2026-04-10,185926260,142,ABC Securities Private Limited,Miyo Securities Pvt Ltd,2026-04-10T12:09:54.306033,Kumari Bank Limited
2026041001014936,KBL,17,66,10,230.0,2300.0,2026-04-10,185926262,142,ABC Securities Private Limited,Miyo Securities Pvt Ltd,2026-04-10T12:09:54.306077,Kumari Bank Limited
2026041001014937,KBL,17,66,10,230.0,2300.0,2026-04-10,185926264,142,ABC Securities Private Limited,Miyo Securities Pvt Ltd,2026-04-10T12:09:54.306099,Kumari Bank Limited
2026041001014938,KBL,17,66,10,230.0,2300.0,2026-04-10,185926266,142,ABC Securities Private Limited,Miyo Securities Pvt Ltd,2026-04-10T12:09:54.306121,Kumari Bank Limited
2026041001014939,KBL,17,66,10,230.0,2300.0,2026-04-10,185926268,142,ABC Securities Private Limited,Miyo Securities Pvt Ltd,2026-04-10T12:09:54.306142,Kumari Bank Limited
2026041001014940,KBL,58,66,45,230.0,10350.0,2026-04-10,185926270,142,Naasa Securities Co. Ltd.,Miyo Securities Pvt Ltd,2026-04-10T12:09:54.306163,Kumari Bank Limited
2026041001014941,KBL,42,66,252,230.0,57960.0,2026-04-10,185926272,142,Sani Securities Company Ltd.,Miyo Securities Pvt Ltd,2026-04-10T12:09:54.306185,Kumari Bank Limited
2026041001014942,KBL,42,66,30,230.0,6900.0,2026-04-10,185926274,142,Sani Securities Company Ltd.,Miyo Securities Pvt Ltd,2026-04-10T12:09:54.306208,Kumari Bank Limited
2026041001014943,KBL,58,66,435,230.0,100050.0,2026-04-10,185926276,142,Naasa Securities Co. Ltd.,Miyo Securities Pvt Ltd,2026-04-10T12:09:54.306227,Kumari Bank Limited
2026041001014944,KBL,38,66,500,230.0,115000.0,2026-04-10,185926278,142,Dipshikha Dhitopatra Karobar Co. Pvt Ltd.,Miyo Securities Pvt Ltd,2026-04-10T12:09:54.30625,Kumari Bank Limited
2026041001014945,KBL,4,66,450,230.0,103500.0,2026-04-10,185926280,142,Opal Securities Investment (PVT) Ltd.,Miyo Securities Pvt Ltd,2026-04-10T12:09:54.306272,Kumari Bank Limited
2026041001014946,KBL,49,66,20,230.0,4600.0,2026-04-10,185926282,142,Online Securities Pvt. Ltd.,Miyo Securities Pvt Ltd,2026-04-10T12:09:54.306293,Kumari Bank Limited
2026041001014947,KBL,52,66,1183,230.0,272090.0,2026-04-10,185926283,142,Sundhara Securities Limited,Miyo Securities Pvt Ltd,2026-04-10T12:09:54.306316,Kumari Bank Limited
2026041001014985,KBL,52,40,500,230.0,115000.0,2026-04-10,185926495,142,Sundhara Securities Limited,Creative Securities Pvt Ltd,2026-04-10T12:10:09.267665,Kumari Bank Limited
2026041001014993,KBL,52,28,1000,230.0,230000.0,2026-04-10,185926547,142,Sundhara Securities Limited,Shree Krishna Securities Ltd.,2026-04-10T12:10:13.658142,Kumari Bank Limited
2026041001015133,KBL,62,42,10,230.1,2301.0,2026-04-10,185927260,142,Capital Max Securities Ltd,Sani Securities Company Ltd.,2026-04-10T12:10:55.492821,Kumari Bank Limited
2026041001015134,KBL,52,42,2090,230.0,480700.0,2026-04-10,185927262,142,Sundhara Securities Limited,Sani Securities Company Ltd.,2026-04-10T12:10:55.493263,Kumari Bank Limited
2026041001015165,KBL,52,48,227,230.0,52210.0,2026-04-10,185927446,142,Sundhara Securities Limited,Trishakti Securities Public Limited,2026-04-10T12:11:07.783134,Kumari Bank Limited
2026041001015166,KBL,41,48,69,230.0,15870.0,2026-04-10,185927448,142,Linch Stock Market Ltd.,Trishakti Securities Public Limited,2026-04-10T12:11:07.783885,Kumari Bank Limited
2026041001015167,KBL,58,48,10,230.0,2300.0,2026-04-10,185927450,142,Naasa Securities Co. Ltd.,Trishakti Securities Public Limited,2026-04-10T12:11:07.78446,Kumari Bank Limited
2026041001015168,KBL,44,48,2045,230.0,470350.0,2026-04-10,185927451,142,Dynamic Money Managers Securities Pvt. Ltd.,Trishakti Securities Public Limited,2026-04-10T12:11:07.785011,Kumari Bank Limited
2026041001015200,KBL,44,52,185,230.0,42550.0,2026-04-10,185927751,142,Dynamic Money Managers Securities Pvt. Ltd.,Sundhara Securities Limited,2026-04-10T12:11:25.352186,Kumari Bank Limited
2026041001015269,KBL,44,1,770,230.0,177100.0,2026-04-10,185928176,142,Dynamic Money Managers Securities Pvt. Ltd.,Kumari Securities Private Limited,2026-04-10T12:11:49.721699,Kumari Bank Limited
2026041001015270,KBL,48,1,200,230.0,46000.0,2026-04-10,185928178,142,Trishakti Securities Public Limited,Kumari Securities Private Limited,2026-04-10T12:11:49.722137,Kumari Bank Limited
2026041001015271,KBL,14,1,30,230.0,6900.0,2026-04-10,185928179,142,Nepal Stock House (PVT) Ltd.,Kumari Securities Private Limited,2026-04-10T12:11:49.722428,Kumari Bank Limited
2026041001015386,KBL,14,87,30,230.0,6900.0,2026-04-10,185928622,142,Nepal Stock House (PVT) Ltd.,S.P.S.A. Securities Limited,2026-04-10T12:12:06.207303,Kumari Bank Limited
2026041001015387,KBL,58,87,43,230.0,9890.0,2026-04-10,185928624,142,Naasa Securities Co. Ltd.,S.P.S.A. Securities Limited,2026-04-10T12:12:06.207668,Kumari Bank Limited
2026041001015388,KBL,35,87,100,230.0,23000.0,2026-04-10,185928626,142,Kohinoor Investment & Securities Pvt. Ltd.,S.P.S.A. Securities Limited,2026-04-10T12:12:06.207897,Kumari Bank Limited
2026041001015389,KBL,58,87,10,230.0,2300.0,2026-04-10,185928628,142,Naasa Securities Co. Ltd.,S.P.S.A. Securities Limited,2026-04-10T12:12:06.208128,Kumari Bank Limited
2026041001015390,KBL,11,87,1000,230.0,230000.0,2026-04-10,185928630,142,Malla & Malla Stock Broking Company Pvt. Limited,S.P.S.A. Securities Limited,2026-04-10T12:12:06.208344,Kumari Bank Limited
2026041001015391,KBL,21,87,432,230.0,99360.0,2026-04-10,185928632,142,Midas Stock Broking Company Private Limited,S.P.S.A. Securities Limited,2026-04-10T12:12:06.208545,Kumari Bank Limited
2026041001015392,KBL,58,87,180,230.0,41400.0,2026-04-10,185928633,142,Naasa Securities Co. Ltd.,S.P.S.A. Securities Limited,2026-04-10T12:12:06.208742,Kumari Bank Limited
2026041001015394,KBL,58,62,220,230.0,50600.0,2026-04-10,185928678,142,Naasa Securities Co. Ltd.,Capital Max Securities Ltd,2026-04-10T12:12:07.081711,Kumari Bank Limited
2026041001015395,KBL,7,62,10,230.0,2300.0,2026-04-10,185928680,142,J.F. Securites (PVT) Ltd.,Capital Max Securities Ltd,2026-04-10T12:12:07.082494,Kumari Bank Limited
2026041001015396,KBL,58,62,240,230.0,55200.0,2026-04-10,185928682,142,Naasa Securities Co. Ltd.,Capital Max Securities Ltd,2026-04-10T12:12:07.083053,Kumari Bank Limited
2026041001015397,KBL,49,62,10,230.0,2300.0,2026-04-10,185928684,142,Online Securities Pvt. Ltd.,Capital Max Securities Ltd,2026-04-10T12:12:07.083607,Kumari Bank Limited
2026041001015398,KBL,1,62,200,230.0,46000.0,2026-04-10,185928686,142,Kumari Securities Private Limited,Capital Max Securities Ltd,2026-04-10T12:12:07.084153,Kumari Bank Limited
2026041001015399,KBL,36,62,70,229.9,16093.0,2026-04-10,185928688,142,Secured Securities Ltd.,Capital Max Securities Ltd,2026-04-10T12:12:07.08467,Kumari Bank Limited
2026041001015400,KBL,28,62,825,229.6,189420.0,2026-04-10,185928690,142,Shree Krishna Securities Ltd.,Capital Max Securities Ltd,2026-04-10T12:12:07.085196,Kumari Bank Limited
2026041001015401,KBL,44,62,3000,229.5,688500.0,2026-04-10,185928692,142,Dynamic Money Managers Securities Pvt. Ltd.,Capital Max Securities Ltd,2026-04-10T12:12:07.085718,Kumari Bank Limited
2026041001015458,KBL,32,62,500,229.2,114600.0,2026-04-10,185929186,142,Premier Securities Company Ltd.,Capital Max Securities Ltd,2026-04-10T12:12:38.479863,Kumari Bank Limited
2026041001015459,KBL,87,62,925,229.1,211917.5,2026-04-10,185929187,142,S.P.S.A. Securities Limited,Capital Max Securities Ltd,2026-04-10T12:12:38.480604,Kumari Bank Limited
2026041001015526,KBL,87,42,20,229.1,4582.0,2026-04-10,185929815,142,S.P.S.A. Securities Limited,Sani Securities Company Ltd.,2026-04-10T12:13:19.815732,Kumari Bank Limited
2026041001015560,KBL,58,51,9,226.5,2038.5,2026-04-10,185930143,142,Naasa Securities Co. Ltd.,Oxford Securities Pvt. Ltd.,2026-04-10T12:13:36.626001,Kumari Bank Limited
2026041001015566,KBL,87,34,200,229.1,45820.0,2026-04-10,185930165,142,S.P.S.A. Securities Limited,Vision Securities Pvt. Ltd,2026-04-10T12:13:38.605681,Kumari Bank Limited
2026041001015612,KBL,87,48,100,229.1,22910.0,2026-04-10,185930559,142,S.P.S.A. Securities Limited,Trishakti Securities Public Limited,2026-04-10T12:13:55.058953,Kumari Bank Limited
2026041001015647,KBL,87,54,1755,229.1,402070.5,2026-04-10,185930772,142,S.P.S.A. Securities Limited,Sewa Securities Pvt. Ltd.,2026-04-10T12:14:07.163742,Kumari Bank Limited
2026041001015648,KBL,57,54,245,229.1,56129.5,2026-04-10,185930773,142,Aryatara Investment & Securities,Sewa Securities Pvt. Ltd.,2026-04-10T12:14:07.163836,Kumari Bank Limited
2026041001015649,KBL,57,13,250,229.1,57275.0,2026-04-10,185930795,142,Aryatara Investment & Securities,Thrive Brokerage House Pvt. Ltd,2026-04-10T12:14:10.960539,Kumari Bank Limited
2026041001015722,KBL,26,33,30,230.0,6900.0,2026-04-10,185931284,142,Asian Securities Private Ltd.,Dakshinkali Investment & Securities Pvt. Ltd.,2026-04-10T12:14:40.756316,Kumari Bank Limited
2026041001015740,KBL,57,48,1000,229.1,229100.0,2026-04-10,185931435,142,Aryatara Investment & Securities,Trishakti Securities Public Limited,2026-04-10T12:14:47.858197,Kumari Bank Limited
2026041001015748,KBL,57,66,1000,229.1,229100.0,2026-04-10,185931473,142,Aryatara Investment & Securities,Miyo Securities Pvt Ltd,2026-04-10T12:14:50.162528,Kumari Bank Limited
2026041001015820,KBL,57,42,1100,229.1,252010.0,2026-04-10,185931819,142,Aryatara Investment & Securities,Sani Securities Company Ltd.,2026-04-10T12:15:10.491256,Kumari Bank Limited
2026041001015823,KBL,57,48,1000,229.1,229100.0,2026-04-10,185931837,142,Aryatara Investment & Securities,Trishakti Securities Public Limited,2026-04-10T12:15:11.544236,Kumari Bank Limited
2026041001015864,KBL,57,58,405,229.1,92785.5,2026-04-10,185932002,142,Aryatara Investment & Securities,Naasa Securities Co. Ltd.,2026-04-10T12:15:21.514895,Kumari Bank Limited
2026041001015865,KBL,5,58,200,229.0,45800.0,2026-04-10,185932004,142,Market Securities & Exchange (PVT) Ltd.,Naasa Securities Co. Ltd.,2026-04-10T12:15:21.5153,Kumari Bank Limited
2026041001015866,KBL,21,58,800,229.0,183200.0,2026-04-10,185932006,142,Midas Stock Broking Company Private Limited,Naasa Securities Co. Ltd.,2026-04-10T12:15:21.515483,Kumari Bank Limited
2026041001015867,KBL,21,58,511,229.0,117019.0,2026-04-10,185932007,142,Midas Stock Broking Company Private Limited,Naasa Securities Co. Ltd.,2026-04-10T12:15:21.515659,Kumari Bank Limited
2026041001015946,KBL,28,49,170,229.1,38947.0,2026-04-10,185932573,142,Shree Krishna Securities Ltd.,Online Securities Pvt. Ltd.,2026-04-10T12:15:52.872841,Kumari Bank Limited
2026041001015980,KBL,28,60,10,229.1,2291.0,2026-04-10,185932867,142,Shree Krishna Securities Ltd.,Nagarik Stock Dealer ,2026-04-10T12:16:08.066248,Kumari Bank Limited
2026041001016035,KBL,28,58,90,229.1,20619.0,2026-04-10,185933221,142,Shree Krishna Securities Ltd.,Naasa Securities Co. Ltd.,2026-04-10T12:16:24.92866,Kumari Bank Limited
2026041001016098,KBL,28,45,135,229.1,30928.5,2026-04-10,185933731,142,Shree Krishna Securities Ltd.,Imperial Securities Company Pvt. Ltd.,2026-04-10T12:16:51.937383,Kumari Bank Limited
2026041001016100,KBL,28,6,95,229.1,21764.5,2026-04-10,185933756,142,Shree Krishna Securities Ltd.,Agrawal Securities (PVT) Ltd.,2026-04-10T12:16:53.712782,Kumari Bank Limited
2026041001016101,KBL,87,6,905,229.1,207335.5,2026-04-10,185933757,142,S.P.S.A. Securities Limited,Agrawal Securities (PVT) Ltd.,2026-04-10T12:16:53.712849,Kumari Bank Limited
2026041001016153,KBL,87,18,650,229.1,148915.0,2026-04-10,185934101,142,S.P.S.A. Securities Limited,Sagarmatha Securities Private Limited,2026-04-10T12:17:11.363104,Kumari Bank Limited
2026041001016216,KBL,87,70,2000,229.1,458200.0,2026-04-10,185934501,142,S.P.S.A. Securities Limited,Infinity Securities Limited,2026-04-10T12:17:30.606916,Kumari Bank Limited
2026041001016221,KBL,87,39,406,229.1,93014.6,2026-04-10,185934559,142,S.P.S.A. Securities Limited,Sumeru Securities Pvt. Ltd.,2026-04-10T12:17:32.867805,Kumari Bank Limited
2026041001016270,KBL,87,3,1039,229.1,238034.9,2026-04-10,185934868,142,S.P.S.A. Securities Limited,Arun Securities (PVT) Ltd.,2026-04-10T12:17:49.799161,Kumari Bank Limited
2026041001016271,KBL,11,3,1000,229.1,229100.0,2026-04-10,185934870,142,Malla & Malla Stock Broking Company Pvt. Limited,Arun Securities (PVT) Ltd.,2026-04-10T12:17:49.799549,Kumari Bank Limited
2026041001016317,KBL,21,21,200,229.0,45800.0,2026-04-10,185935107,142,Midas Stock Broking Company Private Limited,Midas Stock Broking Company Private Limited,2026-04-10T12:18:06.377201,Kumari Bank Limited
2026041001016326,KBL,21,48,89,229.0,20381.0,2026-04-10,185935176,142,Midas Stock Broking Company Private Limited,Trishakti Securities Public Limited,2026-04-10T12:18:10.544297,Kumari Bank Limited
2026041001016327,KBL,58,48,700,229.0,160300.0,2026-04-10,185935178,142,Naasa Securities Co. Ltd.,Trishakti Securities Public Limited,2026-04-10T12:18:10.544697,Kumari Bank Limited
2026041001016328,KBL,26,48,10,229.0,2290.0,2026-04-10,185935180,142,Asian Securities Private Ltd.,Trishakti Securities Public Limited,2026-04-10T12:18:10.544891,Kumari Bank Limited
2026041001016329,KBL,58,48,175,229.0,40075.0,2026-04-10,185935182,142,Naasa Securities Co. Ltd.,Trishakti Securities Public Limited,2026-04-10T12:18:10.545097,Kumari Bank Limited
2026041001016330,KBL,62,48,26,229.0,5954.0,2026-04-10,185935183,142,Capital Max Securities Ltd,Trishakti Securities Public Limited,2026-04-10T12:18:10.545285,Kumari Bank Limited
2026041001016338,KBL,62,5,244,229.0,55876.0,2026-04-10,185935264,142,Capital Max Securities Ltd,Market Securities & Exchange (PVT) Ltd.,2026-04-10T12:18:14.142423,Kumari Bank Limited
2026041001016339,KBL,71,5,56,229.0,12824.0,2026-04-10,185935265,142,SHUBHAKAMANA SECURITIES PVT. LTD,Market Securities & Exchange (PVT) Ltd.,2026-04-10T12:18:14.142802,Kumari Bank Limited
2026041001016404,KBL,45,3,10,229.1,2291.0,2026-04-10,185935668,142,Imperial Securities Company Pvt. Ltd.,Arun Securities (PVT) Ltd.,2026-04-10T12:18:32.264753,Kumari Bank Limited
2026041001016449,KBL,71,19,850,229.0,194650.0,2026-04-10,185935865,142,SHUBHAKAMANA SECURITIES PVT. LTD,Nepal Investment And Securities Trading Private Limited,2026-04-10T12:18:44.397256,Kumari Bank Limited
2026041001016523,KBL,71,40,1094,229.0,250526.0,2026-04-10,185936224,142,SHUBHAKAMANA SECURITIES PVT. LTD,Creative Securities Pvt Ltd,2026-04-10T12:18:57.165715,Kumari Bank Limited
2026041001016524,KBL,57,40,999,229.0,228771.0,2026-04-10,185936226,142,Aryatara Investment & Securities,Creative Securities Pvt Ltd,2026-04-10T12:18:57.166552,Kumari Bank Limited
2026041001016525,KBL,11,40,50,229.0,11450.0,2026-04-10,185936228,142,Malla & Malla Stock Broking Company Pvt. Limited,Creative Securities Pvt Ltd,2026-04-10T12:18:57.167137,Kumari Bank Limited
2026041001016526,KBL,47,40,857,229.0,196253.0,2026-04-10,185936229,142,Neev Securities Pvt. Ltd.,Creative Securities Pvt Ltd,2026-04-10T12:18:57.167706,Kumari Bank Limited
2026041001016527,KBL,85,3,500,229.1,114550.0,2026-04-10,185936232,142,Capital Hub P. Ltd,Arun Securities (PVT) Ltd.,2026-04-10T12:18:57.2849,Kumari Bank Limited
2026041001016570,KBL,47,53,143,229.0,32747.0,2026-04-10,185936484,142,Neev Securities Pvt. Ltd.,Investment Management Nepal Pvt. Ltd.,2026-04-10T12:19:05.494061,Kumari Bank Limited
2026041001016571,KBL,49,53,10,229.0,2290.0,2026-04-10,185936486,142,Online Securities Pvt. Ltd.,Investment Management Nepal Pvt. Ltd.,2026-04-10T12:19:05.494868,Kumari Bank Limited
2026041001016572,KBL,14,53,100,229.0,22900.0,2026-04-10,185936488,142,Nepal Stock House (PVT) Ltd.,Investment Management Nepal Pvt. Ltd.,2026-04-10T12:19:05.495499,Kumari Bank Limited
2026041001016573,KBL,57,53,200,229.0,45800.0,2026-04-10,185936490,142,Aryatara Investment & Securities,Investment Management Nepal Pvt. Ltd.,2026-04-10T12:19:05.49608,Kumari Bank Limited
2026041001016574,KBL,37,53,1000,229.0,229000.0,2026-04-10,185936492,142,Swarna Laxmi Securities Pvt. Ltd.,Investment Management Nepal Pvt. Ltd.,2026-04-10T12:19:05.496643,Kumari Bank Limited
2026041001016575,KBL,35,53,50,229.0,11450.0,2026-04-10,185936494,142,Kohinoor Investment & Securities Pvt. Ltd.,Investment Management Nepal Pvt. Ltd.,2026-04-10T12:19:05.497207,Kumari Bank Limited
2026041001016576,KBL,48,53,200,229.0,45800.0,2026-04-10,185936496,142,Trishakti Securities Public Limited,Investment Management Nepal Pvt. Ltd.,2026-04-10T12:19:05.497764,Kumari Bank Limited
2026041001016577,KBL,6,53,297,229.0,68013.0,2026-04-10,185936497,142,Agrawal Securities (PVT) Ltd.,Investment Management Nepal Pvt. Ltd.,2026-04-10T12:19:05.498365,Kumari Bank Limited
2026041001016593,KBL,6,35,165,229.0,37785.0,2026-04-10,185936633,142,Agrawal Securities (PVT) Ltd.,Kohinoor Investment & Securities Pvt. Ltd.,2026-04-10T12:19:12.831013,Kumari Bank Limited
2026041001016600,KBL,6,49,50,229.0,11450.0,2026-04-10,185936671,142,Agrawal Securities (PVT) Ltd.,Online Securities Pvt. Ltd.,2026-04-10T12:19:17.029515,Kumari Bank Limited
2026041001016664,KBL,6,58,150,229.0,34350.0,2026-04-10,185937121,142,Agrawal Securities (PVT) Ltd.,Naasa Securities Co. Ltd.,2026-04-10T12:19:41.006434,Kumari Bank Limited
2026041001016667,KBL,6,58,200,229.0,45800.0,2026-04-10,185937127,142,Agrawal Securities (PVT) Ltd.,Naasa Securities Co. Ltd.,2026-04-10T12:19:41.124728,Kumari Bank Limited
2026041001016687,KBL,6,81,100,229.0,22900.0,2026-04-10,185937277,142,Agrawal Securities (PVT) Ltd.,Aakashbhairab Securities Ltd.,2026-04-10T12:19:48.980478,Kumari Bank Limited
2026041001016692,KBL,6,40,1500,229.0,343500.0,2026-04-10,185937287,142,Agrawal Securities (PVT) Ltd.,Creative Securities Pvt Ltd,2026-04-10T12:19:49.438847,Kumari Bank Limited
2026041001016716,KBL,6,32,1200,229.0,274800.0,2026-04-10,185937363,142,Agrawal Securities (PVT) Ltd.,Premier Securities Company Ltd.,2026-04-10T12:19:52.15328,Kumari Bank Limited
2026041001016719,KBL,89,3,100,229.1,22910.0,2026-04-10,185937372,142,Global IME Securities Limited,Arun Securities (PVT) Ltd.,2026-04-10T12:19:52.745644,Kumari Bank Limited
2026041001016732,KBL,6,58,1338,229.0,306402.0,2026-04-10,185937446,142,Agrawal Securities (PVT) Ltd.,Naasa Securities Co. Ltd.,2026-04-10T12:19:55.700633,Kumari Bank Limited
2026041001016733,KBL,7,58,500,229.0,114500.0,2026-04-10,185937448,142,J.F. Securites (PVT) Ltd.,Naasa Securities Co. Ltd.,2026-04-10T12:19:55.700993,Kumari Bank Limited
2026041001016734,KBL,4,58,23,229.0,5267.0,2026-04-10,185937450,142,Opal Securities Investment (PVT) Ltd.,Naasa Securities Co. Ltd.,2026-04-10T12:19:55.701212,Kumari Bank Limited
2026041001016813,KBL,59,58,20,229.0,4580.0,2026-04-10,185937858,142,Deevyaa Securities & Stock House Pvt. Ltd,Naasa Securities Co. Ltd.,2026-04-10T12:20:19.571303,Kumari Bank Limited
2026041001016827,KBL,56,70,100,228.8,22880.0,2026-04-10,185937974,142,Sri Hari Securities Pvt. Ltd.,Infinity Securities Limited,2026-04-10T12:20:24.121937,Kumari Bank Limited
2026041001016828,KBL,51,70,1000,228.5,228500.0,2026-04-10,185937976,142,Oxford Securities Pvt. Ltd.,Infinity Securities Limited,2026-04-10T12:20:24.122311,Kumari Bank Limited
2026041001016829,KBL,49,70,200,228.1,45620.0,2026-04-10,185937978,142,Online Securities Pvt. Ltd.,Infinity Securities Limited,2026-04-10T12:20:24.122508,Kumari Bank Limited
2026041001016830,KBL,47,70,200,228.1,45620.0,2026-04-10,185937980,142,Neev Securities Pvt. Ltd.,Infinity Securities Limited,2026-04-10T12:20:24.122696,Kumari Bank Limited
2026041001016831,KBL,87,70,5000,228.1,1140500.0,2026-04-10,185937982,142,S.P.S.A. Securities Limited,Infinity Securities Limited,2026-04-10T12:20:24.122884,Kumari Bank Limited
2026041001016832,KBL,21,70,1300,228.0,296400.0,2026-04-10,185937984,142,Midas Stock Broking Company Private Limited,Infinity Securities Limited,2026-04-10T12:20:24.123077,Kumari Bank Limited
2026041001016833,KBL,4,70,1100,228.0,250800.0,2026-04-10,185937986,142,Opal Securities Investment (PVT) Ltd.,Infinity Securities Limited,2026-04-10T12:20:24.123268,Kumari Bank Limited
2026041001016834,KBL,43,70,100,228.0,22800.0,2026-04-10,185937988,142,South Asian Bulls Pvt. Ltd.,Infinity Securities Limited,2026-04-10T12:20:24.123454,Kumari Bank Limited
2026041001016835,KBL,57,70,999,228.0,227772.0,2026-04-10,185937990,142,Aryatara Investment & Securities,Infinity Securities Limited,2026-04-10T12:20:24.123638,Kumari Bank Limited
2026041001016836,KBL,57,70,30,228.0,6840.0,2026-04-10,185937992,142,Aryatara Investment & Securities,Infinity Securities Limited,2026-04-10T12:20:24.123828,Kumari Bank Limited
2026041001016837,KBL,34,70,500,228.0,114000.0,2026-04-10,185937994,142,Vision Securities Pvt. Ltd,Infinity Securities Limited,2026-04-10T12:20:24.124013,Kumari Bank Limited
2026041001016838,KBL,58,70,1000,228.0,228000.0,2026-04-10,185937996,142,Naasa Securities Co. Ltd.,Infinity Securities Limited,2026-04-10T12:20:24.12421,Kumari Bank Limited
2026041001016839,KBL,4,70,65,228.0,14820.0,2026-04-10,185937998,142,Opal Securities Investment (PVT) Ltd.,Infinity Securities Limited,2026-04-10T12:20:24.124405,Kumari Bank Limited
2026041001016840,KBL,101,70,500,228.0,114000.0,2026-04-10,185938000,142,APPLE SECURITIES PRIVATE LIMITED,Infinity Securities Limited,2026-04-10T12:20:24.12459,Kumari Bank Limited
2026041001016841,KBL,14,70,20,228.0,4560.0,2026-04-10,185938002,142,Nepal Stock House (PVT) Ltd.,Infinity Securities Limited,2026-04-10T12:20:24.12477,Kumari Bank Limited
2026041001016842,KBL,35,70,186,228.0,42408.0,2026-04-10,185938003,142,Kohinoor Investment & Securities Pvt. Ltd.,Infinity Securities Limited,2026-04-10T12:20:24.124951,Kumari Bank Limited
2026041001016912,KBL,35,51,500,228.0,114000.0,2026-04-10,185938351,142,Kohinoor Investment & Securities Pvt. Ltd.,Oxford Securities Pvt. Ltd.,2026-04-10T12:20:41.154801,Kumari Bank Limited
2026041001016918,KBL,35,58,150,228.0,34200.0,2026-04-10,185938369,142,Kohinoor Investment & Securities Pvt. Ltd.,Naasa Securities Co. Ltd.,2026-04-10T12:20:41.974336,Kumari Bank Limited
2026041001016957,KBL,35,45,1164,228.0,265392.0,2026-04-10,185938480,142,Kohinoor Investment & Securities Pvt. Ltd.,Imperial Securities Company Pvt. Ltd.,2026-04-10T12:20:44.066179,Kumari Bank Limited
2026041001016958,KBL,6,45,20,228.0,4560.0,2026-04-10,185938482,142,Agrawal Securities (PVT) Ltd.,Imperial Securities Company Pvt. Ltd.,2026-04-10T12:20:44.066565,Kumari Bank Limited
2026041001016959,KBL,35,45,50,228.0,11400.0,2026-04-10,185938484,142,Kohinoor Investment & Securities Pvt. Ltd.,Imperial Securities Company Pvt. Ltd.,2026-04-10T12:20:44.066784,Kumari Bank Limited
2026041001016960,KBL,49,45,100,228.0,22800.0,2026-04-10,185938486,142,Online Securities Pvt. Ltd.,Imperial Securities Company Pvt. Ltd.,2026-04-10T12:20:44.066987,Kumari Bank Limited
2026041001016961,KBL,36,45,166,228.0,37848.0,2026-04-10,185938487,142,Secured Securities Ltd.,Imperial Securities Company Pvt. Ltd.,2026-04-10T12:20:44.067206,Kumari Bank Limited
2026041001017148,KBL,44,39,500,228.1,114050.0,2026-04-10,185939549,142,Dynamic Money Managers Securities Pvt. Ltd.,Sumeru Securities Pvt. Ltd.,2026-04-10T12:21:33.839163,Kumari Bank Limited
2026041001017187,KBL,36,48,334,228.0,76152.0,2026-04-10,185939722,142,Secured Securities Ltd.,Trishakti Securities Public Limited,2026-04-10T12:21:43.086364,Kumari Bank Limited
2026041001017188,KBL,81,48,666,228.0,151848.0,2026-04-10,185939723,142,Aakashbhairab Securities Ltd.,Trishakti Securities Public Limited,2026-04-10T12:21:43.087175,Kumari Bank Limited
2026041001017353,KBL,81,48,334,228.0,76152.0,2026-04-10,185940646,142,Aakashbhairab Securities Ltd.,Trishakti Securities Public Limited,2026-04-10T12:22:16.586377,Kumari Bank Limited
2026041001017354,KBL,95,48,560,228.0,127680.0,2026-04-10,185940648,142,Magnet Securities and Investment Company Private Limited,Trishakti Securities Public Limited,2026-04-10T12:22:16.586787,Kumari Bank Limited
2026041001017355,KBL,7,48,10,228.0,2280.0,2026-04-10,185940650,142,J.F. Securites (PVT) Ltd.,Trishakti Securities Public Limited,2026-04-10T12:22:16.586984,Kumari Bank Limited
2026041001017356,KBL,41,48,96,228.0,21888.0,2026-04-10,185940651,142,Linch Stock Market Ltd.,Trishakti Securities Public Limited,2026-04-10T12:22:16.587176,Kumari Bank Limited
2026041001017378,KBL,1,25,50,228.0,11400.0,2026-04-10,185940788,142,Kumari Securities Private Limited,Sweta Securities Private Limited,2026-04-10T12:22:23.768306,Kumari Bank Limited
2026041001017379,KBL,5,25,50,228.0,11400.0,2026-04-10,185940789,142,Market Securities & Exchange (PVT) Ltd.,Sweta Securities Private Limited,2026-04-10T12:22:23.768685,Kumari Bank Limited
2026041001017381,KBL,5,58,1137,228.0,259236.0,2026-04-10,185940799,142,Market Securities & Exchange (PVT) Ltd.,Naasa Securities Co. Ltd.,2026-04-10T12:22:24.174784,Kumari Bank Limited
2026041001017387,KBL,5,26,800,228.0,182400.0,2026-04-10,185940841,142,Market Securities & Exchange (PVT) Ltd.,Asian Securities Private Ltd.,2026-04-10T12:22:25.916238,Kumari Bank Limited
2026041001017394,KBL,5,58,13,228.0,2964.0,2026-04-10,185940880,142,Market Securities & Exchange (PVT) Ltd.,Naasa Securities Co. Ltd.,2026-04-10T12:22:27.400336,Kumari Bank Limited
2026041001017395,KBL,49,58,217,228.0,49476.0,2026-04-10,185940881,142,Online Securities Pvt. Ltd.,Naasa Securities Co. Ltd.,2026-04-10T12:22:27.401155,Kumari Bank Limited
2026041001017519,KBL,49,58,1783,228.0,406524.0,2026-04-10,185941570,142,Online Securities Pvt. Ltd.,Naasa Securities Co. Ltd.,2026-04-10T12:23:02.515498,Kumari Bank Limited
2026041001017520,KBL,17,58,50,228.0,11400.0,2026-04-10,185941572,142,ABC Securities Private Limited,Naasa Securities Co. Ltd.,2026-04-10T12:23:02.516321,Kumari Bank Limited
2026041001017521,KBL,6,58,1500,228.0,342000.0,2026-04-10,185941574,142,Agrawal Securities (PVT) Ltd.,Naasa Securities Co. Ltd.,2026-04-10T12:23:02.516885,Kumari Bank Limited
2026041001017522,KBL,7,58,10,228.0,2280.0,2026-04-10,185941576,142,J.F. Securites (PVT) Ltd.,Naasa Securities Co. Ltd.,2026-04-10T12:23:02.517464,Kumari Bank Limited
2026041001017523,KBL,42,58,100,228.0,22800.0,2026-04-10,185941578,142,Sani Securities Company Ltd.,Naasa Securities Co. Ltd.,2026-04-10T12:23:02.518034,Kumari Bank Limited
2026041001017524,KBL,4,58,17,228.0,3876.0,2026-04-10,185941580,142,Opal Securities Investment (PVT) Ltd.,Naasa Securities Co. Ltd.,2026-04-10T12:23:02.518603,Kumari Bank Limited
2026041001017788,KBL,80,42,50,227.9,11395.0,2026-04-10,185942831,142,Indira securities pvt. ltd,Sani Securities Company Ltd.,2026-04-10T12:23:51.406528,Kumari Bank Limited
2026041001017796,KBL,80,6,109,227.9,24841.1,2026-04-10,185942875,142,Indira securities pvt. ltd,Agrawal Securities (PVT) Ltd.,2026-04-10T12:23:53.002918,Kumari Bank Limited
2026041001017849,KBL,80,4,101,227.9,23017.9,2026-04-10,185943055,142,Indira securities pvt. ltd,Opal Securities Investment (PVT) Ltd.,2026-04-10T12:24:03.900238,Kumari Bank Limited
2026041001017857,KBL,80,52,40,227.9,9116.0,2026-04-10,185943114,142,Indira securities pvt. ltd,Sundhara Securities Limited,2026-04-10T12:24:05.793185,Kumari Bank Limited
