contractId,stockSymbol,buyerMemberId,sellerMemberId,quantity,rate,amount,businessDate,tradeBookId,stockId,buyerBrokerName,sellerBrokerName,transaction_time,securityName
2026041003000223,KSBBL,44,4,14,490.1,6861.4,2026-04-10,185896074,459,Dynamic Money Managers Securities Pvt. Ltd.,Opal Securities Investment (PVT) Ltd.,2026-04-10T11:11:03.229877,Kamana Sewa Bikas Bank Limited
2026041003000231,KSBBL,44,4,66,490.1,32346.6,2026-04-10,185896602,459,Dynamic Money Managers Securities Pvt. Ltd.,Opal Securities Investment (PVT) Ltd.,2026-04-10T11:11:56.147008,Kamana Sewa Bikas Bank Limited
2026041003000256,KSBBL,44,36,948,490.1,464614.8,2026-04-10,185897330,459,Dynamic Money Managers Securities Pvt. Ltd.,Secured Securities Ltd.,2026-04-10T11:12:32.799234,Kamana Sewa Bikas Bank Limited
2026041003000345,KSBBL,44,43,500,491.0,245500.0,2026-04-10,185900752,459,Dynamic Money Managers Securities Pvt. Ltd.,South Asian Bulls Pvt. Ltd.,2026-04-10T11:16:21.023346,Kamana Sewa Bikas Bank Limited
2026041003000380,KSBBL,44,43,500,491.0,245500.0,2026-04-10,185902888,459,Dynamic Money Managers Securities Pvt. Ltd.,South Asian Bulls Pvt. Ltd.,2026-04-10T11:18:58.617545,Kamana Sewa Bikas Bank Limited
2026041003000387,KSBBL,35,43,400,491.0,196400.0,2026-04-10,185903062,459,Kohinoor Investment & Securities Pvt. Ltd.,South Asian Bulls Pvt. Ltd.,2026-04-10T11:19:09.697827,Kamana Sewa Bikas Bank Limited
2026041003000450,KSBBL,44,3,100,491.0,49100.0,2026-04-10,185905374,459,Dynamic Money Managers Securities Pvt. Ltd.,Arun Securities (PVT) Ltd.,2026-04-10T11:21:19.987809,Kamana Sewa Bikas Bank Limited
2026041003000462,KSBBL,44,43,400,491.0,196400.0,2026-04-10,185905537,459,Dynamic Money Managers Securities Pvt. Ltd.,South Asian Bulls Pvt. Ltd.,2026-04-10T11:21:30.414953,Kamana Sewa Bikas Bank Limited
2026041003000494,KSBBL,47,65,23,490.2,11274.6,2026-04-10,185907205,459,Neev Securities Pvt. Ltd.,Sharepro Securities Private Limited,2026-04-10T11:23:06.563328,Kamana Sewa Bikas Bank Limited
2026041003000495,KSBBL,44,65,4972,490.1,2436777.2,2026-04-10,185907207,459,Dynamic Money Managers Securities Pvt. Ltd.,Sharepro Securities Private Limited,2026-04-10T11:23:06.563415,Kamana Sewa Bikas Bank Limited
2026041003000626,KSBBL,44,51,100,490.1,49010.0,2026-04-10,185911040,459,Dynamic Money Managers Securities Pvt. Ltd.,Oxford Securities Pvt. Ltd.,2026-04-10T11:26:37.802574,Kamana Sewa Bikas Bank Limited
2026041003000750,KSBBL,40,43,100,491.0,49100.0,2026-04-10,185916193,459,Creative Securities Pvt Ltd,South Asian Bulls Pvt. Ltd.,2026-04-10T11:30:53.042312,Kamana Sewa Bikas Bank Limited
2026041003000827,KSBBL,6,57,1,482.0,482.0,2026-04-10,186063100,459,Agrawal Securities (PVT) Ltd.,Aryatara Investment & Securities,2026-04-10T11:34:15.864,Kamana Sewa Bikas Bank Limited
2026041003000952,KSBBL,40,39,10,491.0,4910.0,2026-04-10,186067607,459,Creative Securities Pvt Ltd,Sumeru Securities Pvt. Ltd.,2026-04-10T11:39:10.07,Kamana Sewa Bikas Bank Limited
2026041003000975,KSBBL,40,52,50,491.0,24550.0,2026-04-10,186067541,459,Creative Securities Pvt Ltd,Sundhara Securities Limited,2026-04-10T11:40:03.886,Kamana Sewa Bikas Bank Limited
2026041003000974,KSBBL,40,52,40,491.0,19640.0,2026-04-10,186067544,459,Creative Securities Pvt Ltd,Sundhara Securities Limited,2026-04-10T11:40:03.886,Kamana Sewa Bikas Bank Limited
2026041003000991,KSBBL,29,53,500,490.3,245150.0,2026-04-10,186066978,459,Trisul Securities & Invt. Ltd.,Investment Management Nepal Pvt. Ltd.,2026-04-10T11:41:07.231,Kamana Sewa Bikas Bank Limited
2026041003000992,KSBBL,44,53,32,490.2,15686.4,2026-04-10,186071862,459,Dynamic Money Managers Securities Pvt. Ltd.,Investment Management Nepal Pvt. Ltd.,2026-04-10T11:41:07.231,Kamana Sewa Bikas Bank Limited
2026041003001020,KSBBL,72,52,110,491.0,54010.0,2026-04-10,186080375,459,Hatemalo Financial Services Private Limited,Sundhara Securities Limited,2026-04-10T11:42:26.682,Kamana Sewa Bikas Bank Limited
2026041003001046,KSBBL,44,34,536,490.2,262747.2,2026-04-10,186072059,459,Dynamic Money Managers Securities Pvt. Ltd.,Vision Securities Pvt. Ltd,2026-04-10T11:43:37.185,Kamana Sewa Bikas Bank Limited
2026041003001061,KSBBL,44,6,432,490.2,211766.4,2026-04-10,186071728,459,Dynamic Money Managers Securities Pvt. Ltd.,Agrawal Securities (PVT) Ltd.,2026-04-10T11:43:59.541,Kamana Sewa Bikas Bank Limited
2026041003001062,KSBBL,40,6,100,490.2,49020.0,2026-04-10,186067593,459,Creative Securities Pvt Ltd,Agrawal Securities (PVT) Ltd.,2026-04-10T11:43:59.541,Kamana Sewa Bikas Bank Limited
2026041003001063,KSBBL,44,6,900,490.1,441090.0,2026-04-10,186071707,459,Dynamic Money Managers Securities Pvt. Ltd.,Agrawal Securities (PVT) Ltd.,2026-04-10T11:43:59.541,Kamana Sewa Bikas Bank Limited
2026041003001064,KSBBL,64,6,68,490.1,33326.8,2026-04-10,186079112,459,SUN SECURITIES PVT LTD,Agrawal Securities (PVT) Ltd.,2026-04-10T11:43:59.541,Kamana Sewa Bikas Bank Limited
2026041003001170,KSBBL,1,17,147,492.0,72324.0,2026-04-10,186062388,459,Kumari Securities Private Limited,ABC Securities Private Limited,2026-04-10T11:48:51.785,Kamana Sewa Bikas Bank Limited
2026041003001251,KSBBL,1,38,83,493.5,40960.5,2026-04-10,186062349,459,Kumari Securities Private Limited,Dipshikha Dhitopatra Karobar Co. Pvt Ltd.,2026-04-10T11:54:01.373,Kamana Sewa Bikas Bank Limited
2026041003001295,KSBBL,1,1,15,494.0,7410.0,2026-04-10,186062329,459,Kumari Securities Private Limited,Kumari Securities Private Limited,2026-04-10T11:55:53.544,Kamana Sewa Bikas Bank Limited
2026041003001517,KSBBL,94,21,65,491.1,31921.5,2026-04-10,185922778,459,K.B.L. Securities Limited ,Midas Stock Broking Company Private Limited,2026-04-10T12:05:39.550825,Kamana Sewa Bikas Bank Limited
2026041003001518,KSBBL,39,21,235,491.0,115385.0,2026-04-10,185922779,459,Sumeru Securities Pvt. Ltd.,Midas Stock Broking Company Private Limited,2026-04-10T12:05:39.550922,Kamana Sewa Bikas Bank Limited
2026041003001529,KSBBL,39,65,265,491.0,130115.0,2026-04-10,185922948,459,Sumeru Securities Pvt. Ltd.,Sharepro Securities Private Limited,2026-04-10T12:05:51.972771,Kamana Sewa Bikas Bank Limited
2026041003001530,KSBBL,58,65,81,491.0,39771.0,2026-04-10,185922950,459,Naasa Securities Co. Ltd.,Sharepro Securities Private Limited,2026-04-10T12:05:51.972876,Kamana Sewa Bikas Bank Limited
2026041003001531,KSBBL,64,65,432,490.1,211723.2,2026-04-10,185922952,459,SUN SECURITIES PVT LTD,Sharepro Securities Private Limited,2026-04-10T12:05:51.97295,Kamana Sewa Bikas Bank Limited
2026041003001532,KSBBL,6,65,50,490.1,24505.0,2026-04-10,185922954,459,Agrawal Securities (PVT) Ltd.,Sharepro Securities Private Limited,2026-04-10T12:05:51.973021,Kamana Sewa Bikas Bank Limited
2026041003001533,KSBBL,6,65,10,490.0,4900.0,2026-04-10,185922956,459,Agrawal Securities (PVT) Ltd.,Sharepro Securities Private Limited,2026-04-10T12:05:51.973116,Kamana Sewa Bikas Bank Limited
2026041003001534,KSBBL,44,65,1162,490.0,569380.0,2026-04-10,185922957,459,Dynamic Money Managers Securities Pvt. Ltd.,Sharepro Securities Private Limited,2026-04-10T12:05:51.973197,Kamana Sewa Bikas Bank Limited
2026041003001584,KSBBL,44,29,838,490.0,410620.0,2026-04-10,185923968,459,Dynamic Money Managers Securities Pvt. Ltd.,Trisul Securities & Invt. Ltd.,2026-04-10T12:07:14.148042,Kamana Sewa Bikas Bank Limited
2026041003001604,KSBBL,20,59,11,488.0,5368.0,2026-04-10,185924321,459,Sipla Securities Private Limited,Deevyaa Securities & Stock House Pvt. Ltd,2026-04-10T12:07:42.131502,Kamana Sewa Bikas Bank Limited
2026041003001713,KSBBL,45,42,20,487.2,9744.0,2026-04-10,185926510,459,Imperial Securities Company Pvt. Ltd.,Sani Securities Company Ltd.,2026-04-10T12:10:10.17222,Kamana Sewa Bikas Bank Limited
2026041003001714,KSBBL,21,42,80,487.0,38960.0,2026-04-10,185926511,459,Midas Stock Broking Company Private Limited,Sani Securities Company Ltd.,2026-04-10T12:10:10.172308,Kamana Sewa Bikas Bank Limited
2026041003001845,KSBBL,1,1,100,487.1,48710.0,2026-04-10,185929105,459,Kumari Securities Private Limited,Kumari Securities Private Limited,2026-04-10T12:12:33.518337,Kamana Sewa Bikas Bank Limited
2026041003001992,KSBBL,1,33,100,489.5,48950.0,2026-04-10,185931170,459,Kumari Securities Private Limited,Dakshinkali Investment & Securities Pvt. Ltd.,2026-04-10T12:14:34.446002,Kamana Sewa Bikas Bank Limited
2026041003002079,KSBBL,57,57,100,488.0,48800.0,2026-04-10,185932888,459,Aryatara Investment & Securities,Aryatara Investment & Securities,2026-04-10T12:16:09.186638,Kamana Sewa Bikas Bank Limited
2026041003002080,KSBBL,21,57,200,487.0,97400.0,2026-04-10,185932889,459,Midas Stock Broking Company Private Limited,Aryatara Investment & Securities,2026-04-10T12:16:09.186729,Kamana Sewa Bikas Bank Limited
2026041003002168,KSBBL,21,58,200,487.0,97400.0,2026-04-10,185934323,459,Midas Stock Broking Company Private Limited,Naasa Securities Co. Ltd.,2026-04-10T12:17:23.515855,Kamana Sewa Bikas Bank Limited
2026041003002169,KSBBL,21,58,20,487.0,9740.0,2026-04-10,185934368,459,Midas Stock Broking Company Private Limited,Naasa Securities Co. Ltd.,2026-04-10T12:17:24.831242,Kamana Sewa Bikas Bank Limited
2026041003002170,KSBBL,42,58,500,485.2,242600.0,2026-04-10,185934370,459,Sani Securities Company Ltd.,Naasa Securities Co. Ltd.,2026-04-10T12:17:24.831474,Kamana Sewa Bikas Bank Limited
2026041003002171,KSBBL,1,58,100,485.1,48510.0,2026-04-10,185934372,459,Kumari Securities Private Limited,Naasa Securities Co. Ltd.,2026-04-10T12:17:24.831609,Kamana Sewa Bikas Bank Limited
2026041003002172,KSBBL,1,58,100,485.0,48500.0,2026-04-10,185934374,459,Kumari Securities Private Limited,Naasa Securities Co. Ltd.,2026-04-10T12:17:24.831744,Kamana Sewa Bikas Bank Limited
2026041003002173,KSBBL,6,58,15,485.0,7275.0,2026-04-10,185934376,459,Agrawal Securities (PVT) Ltd.,Naasa Securities Co. Ltd.,2026-04-10T12:17:24.831874,Kamana Sewa Bikas Bank Limited
2026041003002174,KSBBL,44,58,1265,485.0,613525.0,2026-04-10,185934377,459,Dynamic Money Managers Securities Pvt. Ltd.,Naasa Securities Co. Ltd.,2026-04-10T12:17:24.832001,Kamana Sewa Bikas Bank Limited
2026041003002200,KSBBL,44,58,700,485.0,339500.0,2026-04-10,185934845,459,Dynamic Money Managers Securities Pvt. Ltd.,Naasa Securities Co. Ltd.,2026-04-10T12:17:48.63852,Kamana Sewa Bikas Bank Limited
2026041003002285,KSBBL,44,46,35,485.0,16975.0,2026-04-10,185936962,459,Dynamic Money Managers Securities Pvt. Ltd.,Kalika Securities Pvt. Ltd.,2026-04-10T12:19:31.80315,Kamana Sewa Bikas Bank Limited
2026041003002286,KSBBL,40,46,50,485.0,24250.0,2026-04-10,185936964,459,Creative Securities Pvt Ltd,Kalika Securities Pvt. Ltd.,2026-04-10T12:19:31.803243,Kamana Sewa Bikas Bank Limited
2026041003002301,KSBBL,42,46,100,484.6,48460.0,2026-04-10,185937222,459,Sani Securities Company Ltd.,Kalika Securities Pvt. Ltd.,2026-04-10T12:19:46.964759,Kamana Sewa Bikas Bank Limited
2026041003002302,KSBBL,51,46,50,484.5,24225.0,2026-04-10,185937224,459,Oxford Securities Pvt. Ltd.,Kalika Securities Pvt. Ltd.,2026-04-10T12:19:46.964854,Kamana Sewa Bikas Bank Limited
2026041003002303,KSBBL,26,46,50,484.3,24215.0,2026-04-10,185937226,459,Asian Securities Private Ltd.,Kalika Securities Pvt. Ltd.,2026-04-10T12:19:46.964898,Kamana Sewa Bikas Bank Limited
2026041003002338,KSBBL,6,46,100,482.2,48220.0,2026-04-10,185937692,459,Agrawal Securities (PVT) Ltd.,Kalika Securities Pvt. Ltd.,2026-04-10T12:20:10.91374,Kamana Sewa Bikas Bank Limited
2026041003002351,KSBBL,13,46,50,481.0,24050.0,2026-04-10,185937928,459,Thrive Brokerage House Pvt. Ltd,Kalika Securities Pvt. Ltd.,2026-04-10T12:20:22.574733,Kamana Sewa Bikas Bank Limited
2026041003002352,KSBBL,45,46,555,481.0,266955.0,2026-04-10,185937965,459,Imperial Securities Company Pvt. Ltd.,Kalika Securities Pvt. Ltd.,2026-04-10T12:20:24.012464,Kamana Sewa Bikas Bank Limited
2026041003002571,KSBBL,32,58,20,483.0,9660.0,2026-04-10,185942177,459,Premier Securities Company Ltd.,Naasa Securities Co. Ltd.,2026-04-10T12:23:24.286669,Kamana Sewa Bikas Bank Limited
2026041003002656,KSBBL,32,38,30,483.0,14490.0,2026-04-10,185943750,459,Premier Securities Company Ltd.,Dipshikha Dhitopatra Karobar Co. Pvt Ltd.,2026-04-10T12:24:36.440344,Kamana Sewa Bikas Bank Limited
2026041003002676,KSBBL,56,38,10,483.0,4830.0,2026-04-10,185944218,459,Sri Hari Securities Pvt. Ltd.,Dipshikha Dhitopatra Karobar Co. Pvt Ltd.,2026-04-10T12:24:58.696941,Kamana Sewa Bikas Bank Limited
2026041003002720,KSBBL,32,38,15,483.0,7245.0,2026-04-10,185945130,459,Premier Securities Company Ltd.,Dipshikha Dhitopatra Karobar Co. Pvt Ltd.,2026-04-10T12:25:46.508078,Kamana Sewa Bikas Bank Limited
2026041003002780,KSBBL,1,22,100,485.0,48500.0,2026-04-10,185946774,459,Kumari Securities Private Limited,Siprabi Securities Pvt. Ltd.,2026-04-10T12:27:15.444561,Kamana Sewa Bikas Bank Limited
2026041003002826,KSBBL,39,41,10,483.0,4830.0,2026-04-10,185947749,459,Sumeru Securities Pvt. Ltd.,Linch Stock Market Ltd.,2026-04-10T12:27:59.227219,Kamana Sewa Bikas Bank Limited
2026041003002834,KSBBL,39,57,190,483.0,91770.0,2026-04-10,185948004,459,Sumeru Securities Pvt. Ltd.,Aryatara Investment & Securities,2026-04-10T12:28:14.648767,Kamana Sewa Bikas Bank Limited
2026041003002845,KSBBL,38,57,500,483.0,241500.0,2026-04-10,185948302,459,Dipshikha Dhitopatra Karobar Co. Pvt Ltd.,Aryatara Investment & Securities,2026-04-10T12:28:31.1111,Kamana Sewa Bikas Bank Limited
2026041003002850,KSBBL,42,11,20,482.0,9640.0,2026-04-10,185948339,459,Sani Securities Company Ltd.,Malla & Malla Stock Broking Company Pvt. Limited,2026-04-10T12:28:32.92229,Kamana Sewa Bikas Bank Limited
2026041003002852,KSBBL,28,57,310,483.0,149730.0,2026-04-10,185948427,459,Shree Krishna Securities Ltd.,Aryatara Investment & Securities,2026-04-10T12:28:39.098559,Kamana Sewa Bikas Bank Limited
2026041003002853,KSBBL,28,57,190,483.0,91770.0,2026-04-10,185948430,459,Shree Krishna Securities Ltd.,Aryatara Investment & Securities,2026-04-10T12:28:39.098666,Kamana Sewa Bikas Bank Limited
2026041003002891,KSBBL,1,57,100,483.0,48300.0,2026-04-10,185948876,459,Kumari Securities Private Limited,Aryatara Investment & Securities,2026-04-10T12:29:06.698884,Kamana Sewa Bikas Bank Limited
2026041003002892,KSBBL,32,57,50,483.0,24150.0,2026-04-10,185948900,459,Premier Securities Company Ltd.,Aryatara Investment & Securities,2026-04-10T12:29:08.276707,Kamana Sewa Bikas Bank Limited
2026041003002902,KSBBL,28,57,250,483.0,120750.0,2026-04-10,185949032,459,Shree Krishna Securities Ltd.,Aryatara Investment & Securities,2026-04-10T12:29:18.833883,Kamana Sewa Bikas Bank Limited
2026041003002919,KSBBL,58,11,300,482.2,144660.0,2026-04-10,185949272,459,Naasa Securities Co. Ltd.,Malla & Malla Stock Broking Company Pvt. Limited,2026-04-10T12:29:34.905884,Kamana Sewa Bikas Bank Limited
2026041003002920,KSBBL,45,11,200,482.1,96420.0,2026-04-10,185949273,459,Imperial Securities Company Pvt. Ltd.,Malla & Malla Stock Broking Company Pvt. Limited,2026-04-10T12:29:34.906123,Kamana Sewa Bikas Bank Limited
2026041003002921,KSBBL,1,57,100,483.0,48300.0,2026-04-10,185949290,459,Kumari Securities Private Limited,Aryatara Investment & Securities,2026-04-10T12:29:35.347798,Kamana Sewa Bikas Bank Limited
2026041003002931,KSBBL,34,57,16,483.0,7728.0,2026-04-10,185949439,459,Vision Securities Pvt. Ltd,Aryatara Investment & Securities,2026-04-10T12:29:47.082847,Kamana Sewa Bikas Bank Limited
2026041003002932,KSBBL,32,57,100,483.0,48300.0,2026-04-10,185949433,459,Premier Securities Company Ltd.,Aryatara Investment & Securities,2026-04-10T12:29:47.911284,Kamana Sewa Bikas Bank Limited
2026041003002950,KSBBL,75,57,194,483.0,93702.0,2026-04-10,185949629,459,N.I.M.B. Stock Markets Limited,Aryatara Investment & Securities,2026-04-10T12:29:57.617076,Kamana Sewa Bikas Bank Limited
2026041003002951,KSBBL,75,39,145,483.0,70035.0,2026-04-10,185949631,459,N.I.M.B. Stock Markets Limited,Sumeru Securities Pvt. Ltd.,2026-04-10T12:29:57.617183,Kamana Sewa Bikas Bank Limited
2026041003002952,KSBBL,75,58,13,487.0,6331.0,2026-04-10,185949633,459,N.I.M.B. Stock Markets Limited,Naasa Securities Co. Ltd.,2026-04-10T12:29:57.617259,Kamana Sewa Bikas Bank Limited
2026041003002953,KSBBL,75,82,1000,488.0,488000.0,2026-04-10,185949635,459,N.I.M.B. Stock Markets Limited,N.M.B. SECURITIES LIMITED,2026-04-10T12:29:57.617338,Kamana Sewa Bikas Bank Limited
2026041003002954,KSBBL,75,66,648,489.0,316872.0,2026-04-10,185949638,459,N.I.M.B. Stock Markets Limited,Miyo Securities Pvt Ltd,2026-04-10T12:29:57.617413,Kamana Sewa Bikas Bank Limited
2026041003003265,KSBBL,72,29,200,488.9,97780.0,2026-04-10,185957145,459,Hatemalo Financial Services Private Limited,Trisul Securities & Invt. Ltd.,2026-04-10T12:39:20.06543,Kamana Sewa Bikas Bank Limited
2026041003003266,KSBBL,72,66,529,489.0,258681.0,2026-04-10,185957147,459,Hatemalo Financial Services Private Limited,Miyo Securities Pvt Ltd,2026-04-10T12:39:20.065556,Kamana Sewa Bikas Bank Limited
2026041003003267,KSBBL,72,36,100,489.0,48900.0,2026-04-10,185957149,459,Hatemalo Financial Services Private Limited,Secured Securities Ltd.,2026-04-10T12:39:20.06562,Kamana Sewa Bikas Bank Limited
2026041003003268,KSBBL,72,57,1000,489.0,489000.0,2026-04-10,185957152,459,Hatemalo Financial Services Private Limited,Aryatara Investment & Securities,2026-04-10T12:39:20.065672,Kamana Sewa Bikas Bank Limited
2026041003003313,KSBBL,72,57,100,486.0,48600.0,2026-04-10,185958268,459,Hatemalo Financial Services Private Limited,Aryatara Investment & Securities,2026-04-10T12:40:47.447802,Kamana Sewa Bikas Bank Limited
2026041003003314,KSBBL,17,57,100,485.0,48500.0,2026-04-10,185958270,459,ABC Securities Private Limited,Aryatara Investment & Securities,2026-04-10T12:40:47.447958,Kamana Sewa Bikas Bank Limited
2026041003003315,KSBBL,75,57,50,483.1,24155.0,2026-04-10,185958271,459,N.I.M.B. Stock Markets Limited,Aryatara Investment & Securities,2026-04-10T12:40:47.448009,Kamana Sewa Bikas Bank Limited
2026041003003334,KSBBL,75,58,500,483.1,241550.0,2026-04-10,185958517,459,N.I.M.B. Stock Markets Limited,Naasa Securities Co. Ltd.,2026-04-10T12:41:08.343806,Kamana Sewa Bikas Bank Limited
2026041003003381,KSBBL,75,50,50,483.1,24155.0,2026-04-10,185959727,459,N.I.M.B. Stock Markets Limited,Cristal Kanchanjanga Securites Pvt. Ltd.,2026-04-10T12:43:12.216796,Kamana Sewa Bikas Bank Limited
2026041003003472,KSBBL,49,57,80,485.0,38800.0,2026-04-10,185961124,459,Online Securities Pvt. Ltd.,Aryatara Investment & Securities,2026-04-10T12:45:37.262215,Kamana Sewa Bikas Bank Limited
2026041003003473,KSBBL,32,57,100,483.5,48350.0,2026-04-10,185961128,459,Premier Securities Company Ltd.,Aryatara Investment & Securities,2026-04-10T12:45:37.26225,Kamana Sewa Bikas Bank Limited
2026041003003474,KSBBL,75,57,20,483.1,9662.0,2026-04-10,185961129,459,N.I.M.B. Stock Markets Limited,Aryatara Investment & Securities,2026-04-10T12:45:37.262274,Kamana Sewa Bikas Bank Limited
2026041003003514,KSBBL,75,1,380,483.1,183578.0,2026-04-10,185961905,459,N.I.M.B. Stock Markets Limited,Kumari Securities Private Limited,2026-04-10T12:47:07.134248,Kamana Sewa Bikas Bank Limited
2026041003003545,KSBBL,21,1,300,483.1,144930.0,2026-04-10,185962487,459,Midas Stock Broking Company Private Limited,Kumari Securities Private Limited,2026-04-10T12:48:22.317382,Kamana Sewa Bikas Bank Limited
2026041003003609,KSBBL,21,49,50,483.1,24155.0,2026-04-10,185964080,459,Midas Stock Broking Company Private Limited,Online Securities Pvt. Ltd.,2026-04-10T12:51:04.926005,Kamana Sewa Bikas Bank Limited
2026041003003610,KSBBL,26,49,100,483.1,48310.0,2026-04-10,185964082,459,Asian Securities Private Ltd.,Online Securities Pvt. Ltd.,2026-04-10T12:51:04.926129,Kamana Sewa Bikas Bank Limited
2026041003003611,KSBBL,36,49,150,483.0,72450.0,2026-04-10,185964084,459,Secured Securities Ltd.,Online Securities Pvt. Ltd.,2026-04-10T12:51:04.926179,Kamana Sewa Bikas Bank Limited
2026041003003612,KSBBL,50,49,15,483.0,7245.0,2026-04-10,185964086,459,Cristal Kanchanjanga Securites Pvt. Ltd.,Online Securities Pvt. Ltd.,2026-04-10T12:51:04.92623,Kamana Sewa Bikas Bank Limited
2026041003003626,KSBBL,32,49,500,483.0,241500.0,2026-04-10,185964518,459,Premier Securities Company Ltd.,Online Securities Pvt. Ltd.,2026-04-10T12:52:04.37771,Kamana Sewa Bikas Bank Limited
2026041003003627,KSBBL,20,49,1000,483.0,483000.0,2026-04-10,185964560,459,Sipla Securities Private Limited,Online Securities Pvt. Ltd.,2026-04-10T12:52:10.11325,Kamana Sewa Bikas Bank Limited
2026041003003631,KSBBL,32,49,500,483.0,241500.0,2026-04-10,185964686,459,Premier Securities Company Ltd.,Online Securities Pvt. Ltd.,2026-04-10T12:52:28.964525,Kamana Sewa Bikas Bank Limited
2026041003003650,KSBBL,32,49,85,483.0,41055.0,2026-04-10,185964985,459,Premier Securities Company Ltd.,Online Securities Pvt. Ltd.,2026-04-10T12:53:07.040823,Kamana Sewa Bikas Bank Limited
2026041003003669,KSBBL,1,14,200,483.9,96780.0,2026-04-10,185965728,459,Kumari Securities Private Limited,Nepal Stock House (PVT) Ltd.,2026-04-10T12:54:18.080913,Kamana Sewa Bikas Bank Limited
2026041003003845,KSBBL,44,67,2184,484.0,1057056.0,2026-04-10,185970931,459,Dynamic Money Managers Securities Pvt. Ltd.,Property Wiard Limited,2026-04-10T13:04:22.165215,Kamana Sewa Bikas Bank Limited
2026041003003906,KSBBL,44,58,10,484.0,4840.0,2026-04-10,185972313,459,Dynamic Money Managers Securities Pvt. Ltd.,Naasa Securities Co. Ltd.,2026-04-10T13:07:49.861905,Kamana Sewa Bikas Bank Limited
2026041003003960,KSBBL,41,32,100,484.1,48410.0,2026-04-10,185973334,459,Linch Stock Market Ltd.,Premier Securities Company Ltd.,2026-04-10T13:10:34.18491,Kamana Sewa Bikas Bank Limited
2026041003003961,KSBBL,35,32,900,484.1,435690.0,2026-04-10,185973335,459,Kohinoor Investment & Securities Pvt. Ltd.,Premier Securities Company Ltd.,2026-04-10T13:10:34.185011,Kamana Sewa Bikas Bank Limited
2026041003004121,KSBBL,58,58,20,485.9,9718.0,2026-04-10,185977117,459,Naasa Securities Co. Ltd.,Naasa Securities Co. Ltd.,2026-04-10T13:19:10.856316,Kamana Sewa Bikas Bank Limited
2026041003004122,KSBBL,58,77,50,486.0,24300.0,2026-04-10,185977119,459,Naasa Securities Co. Ltd.,Nabil Stock Dealer Ltd.,2026-04-10T13:19:10.856576,Kamana Sewa Bikas Bank Limited
2026041003004123,KSBBL,58,8,280,486.0,136080.0,2026-04-10,185977122,459,Naasa Securities Co. Ltd.,Brilliant Securities Pvt. Ltd.,2026-04-10T13:19:10.856741,Kamana Sewa Bikas Bank Limited
2026041003004167,KSBBL,35,19,40,484.1,19364.0,2026-04-10,185978505,459,Kohinoor Investment & Securities Pvt. Ltd.,Nepal Investment And Securities Trading Private Limited,2026-04-10T13:21:28.844619,Kamana Sewa Bikas Bank Limited
2026041003004243,KSBBL,47,8,20,486.0,9720.0,2026-04-10,185980669,459,Neev Securities Pvt. Ltd.,Brilliant Securities Pvt. Ltd.,2026-04-10T13:24:56.710443,Kamana Sewa Bikas Bank Limited
2026041003004257,KSBBL,47,25,19,486.0,9234.0,2026-04-10,185981109,459,Neev Securities Pvt. Ltd.,Sweta Securities Private Limited,2026-04-10T13:25:31.011576,Kamana Sewa Bikas Bank Limited
2026041003004365,KSBBL,58,11,11,489.0,5379.0,2026-04-10,185983523,459,Naasa Securities Co. Ltd.,Malla & Malla Stock Broking Company Pvt. Limited,2026-04-10T13:28:27.916558,Kamana Sewa Bikas Bank Limited
2026041003004366,KSBBL,58,45,50,489.0,24450.0,2026-04-10,185983525,459,Naasa Securities Co. Ltd.,Imperial Securities Company Pvt. Ltd.,2026-04-10T13:28:27.916816,Kamana Sewa Bikas Bank Limited
2026041003004367,KSBBL,58,33,200,489.5,97900.0,2026-04-10,185983527,459,Naasa Securities Co. Ltd.,Dakshinkali Investment & Securities Pvt. Ltd.,2026-04-10T13:28:27.916977,Kamana Sewa Bikas Bank Limited
2026041003004368,KSBBL,58,45,39,489.9,19106.1,2026-04-10,185983530,459,Naasa Securities Co. Ltd.,Imperial Securities Company Pvt. Ltd.,2026-04-10T13:28:27.917217,Kamana Sewa Bikas Bank Limited
2026041003004396,KSBBL,44,45,11,489.9,5388.9,2026-04-10,185984103,459,Dynamic Money Managers Securities Pvt. Ltd.,Imperial Securities Company Pvt. Ltd.,2026-04-10T13:29:26.505129,Kamana Sewa Bikas Bank Limited
2026041003004397,KSBBL,44,1,500,489.9,244950.0,2026-04-10,185984105,459,Dynamic Money Managers Securities Pvt. Ltd.,Kumari Securities Private Limited,2026-04-10T13:29:26.505397,Kamana Sewa Bikas Bank Limited
2026041003004398,KSBBL,44,100,500,490.0,245000.0,2026-04-10,185984107,459,Dynamic Money Managers Securities Pvt. Ltd.,Sunrise Securities Limited,2026-04-10T13:29:26.505565,Kamana Sewa Bikas Bank Limited
2026041003004399,KSBBL,44,100,50,490.0,24500.0,2026-04-10,185984109,459,Dynamic Money Managers Securities Pvt. Ltd.,Sunrise Securities Limited,2026-04-10T13:29:26.505723,Kamana Sewa Bikas Bank Limited
2026041003004400,KSBBL,44,100,330,490.0,161700.0,2026-04-10,185984111,459,Dynamic Money Managers Securities Pvt. Ltd.,Sunrise Securities Limited,2026-04-10T13:29:26.505878,Kamana Sewa Bikas Bank Limited
2026041003004401,KSBBL,44,100,110,490.0,53900.0,2026-04-10,185984113,459,Dynamic Money Managers Securities Pvt. Ltd.,Sunrise Securities Limited,2026-04-10T13:29:26.506044,Kamana Sewa Bikas Bank Limited
2026041003004402,KSBBL,44,100,110,490.0,53900.0,2026-04-10,185984115,459,Dynamic Money Managers Securities Pvt. Ltd.,Sunrise Securities Limited,2026-04-10T13:29:26.50624,Kamana Sewa Bikas Bank Limited
2026041003004403,KSBBL,44,65,550,490.0,269500.0,2026-04-10,185984117,459,Dynamic Money Managers Securities Pvt. Ltd.,Sharepro Securities Private Limited,2026-04-10T13:29:26.506381,Kamana Sewa Bikas Bank Limited
2026041003004404,KSBBL,44,74,339,490.0,166110.0,2026-04-10,185984120,459,Dynamic Money Managers Securities Pvt. Ltd.,KALASH STOCK MARKET PVT. LTD.,2026-04-10T13:29:26.506522,Kamana Sewa Bikas Bank Limited
2026041003004543,KSBBL,14,1,50,490.0,24500.0,2026-04-10,185986087,459,Nepal Stock House (PVT) Ltd.,Kumari Securities Private Limited,2026-04-10T13:32:15.419217,Kamana Sewa Bikas Bank Limited
2026041003004555,KSBBL,14,1,180,490.0,88200.0,2026-04-10,185986373,459,Nepal Stock House (PVT) Ltd.,Kumari Securities Private Limited,2026-04-10T13:32:46.67938,Kamana Sewa Bikas Bank Limited
2026041003004672,KSBBL,75,100,60,490.1,29406.0,2026-04-10,185988753,459,N.I.M.B. Stock Markets Limited,Sunrise Securities Limited,2026-04-10T13:37:45.303692,Kamana Sewa Bikas Bank Limited
2026041003004673,KSBBL,75,21,10940,491.0,5371540.0,2026-04-10,185988756,459,N.I.M.B. Stock Markets Limited,Midas Stock Broking Company Private Limited,2026-04-10T13:37:45.303963,Kamana Sewa Bikas Bank Limited
2026041003005026,KSBBL,58,21,60,491.0,29460.0,2026-04-10,185995597,459,Naasa Securities Co. Ltd.,Midas Stock Broking Company Private Limited,2026-04-10T13:48:04.759161,Kamana Sewa Bikas Bank Limited
2026041003005027,KSBBL,58,47,50,492.0,24600.0,2026-04-10,185995599,459,Naasa Securities Co. Ltd.,Neev Securities Pvt. Ltd.,2026-04-10T13:48:04.759289,Kamana Sewa Bikas Bank Limited
2026041003005028,KSBBL,58,35,390,492.9,192231.0,2026-04-10,185995602,459,Naasa Securities Co. Ltd.,Kohinoor Investment & Securities Pvt. Ltd.,2026-04-10T13:48:04.759355,Kamana Sewa Bikas Bank Limited
2026041003005053,KSBBL,58,35,300,492.9,147870.0,2026-04-10,185996170,459,Naasa Securities Co. Ltd.,Kohinoor Investment & Securities Pvt. Ltd.,2026-04-10T13:49:09.024219,Kamana Sewa Bikas Bank Limited
2026041003005081,KSBBL,17,7,27,492.8,13305.6,2026-04-10,185996575,459,ABC Securities Private Limited,J.F. Securites (PVT) Ltd.,2026-04-10T13:49:48.250134,Kamana Sewa Bikas Bank Limited
2026041003005082,KSBBL,17,35,60,492.9,29574.0,2026-04-10,185996577,459,ABC Securities Private Limited,Kohinoor Investment & Securities Pvt. Ltd.,2026-04-10T13:49:48.250449,Kamana Sewa Bikas Bank Limited
2026041003005083,KSBBL,17,22,13,493.0,6409.0,2026-04-10,185996580,459,ABC Securities Private Limited,Siprabi Securities Pvt. Ltd.,2026-04-10T13:49:48.250664,Kamana Sewa Bikas Bank Limited
2026041003005307,KSBBL,44,45,500,490.0,245000.0,2026-04-10,186000509,459,Dynamic Money Managers Securities Pvt. Ltd.,Imperial Securities Company Pvt. Ltd.,2026-04-10T13:55:19.776818,Kamana Sewa Bikas Bank Limited
2026041003005328,KSBBL,44,32,650,490.0,318500.0,2026-04-10,186001159,459,Dynamic Money Managers Securities Pvt. Ltd.,Premier Securities Company Ltd.,2026-04-10T13:55:47.605596,Kamana Sewa Bikas Bank Limited
2026041003005396,KSBBL,44,1,100,490.0,49000.0,2026-04-10,186002911,459,Dynamic Money Managers Securities Pvt. Ltd.,Kumari Securities Private Limited,2026-04-10T13:57:01.437472,Kamana Sewa Bikas Bank Limited
2026041003005409,KSBBL,44,34,500,490.0,245000.0,2026-04-10,186003155,459,Dynamic Money Managers Securities Pvt. Ltd.,Vision Securities Pvt. Ltd,2026-04-10T13:57:14.236184,Kamana Sewa Bikas Bank Limited
2026041003005440,KSBBL,58,28,10,491.9,4919.0,2026-04-10,186003749,459,Naasa Securities Co. Ltd.,Shree Krishna Securities Ltd.,2026-04-10T13:57:43.117722,Kamana Sewa Bikas Bank Limited
2026041003005441,KSBBL,58,42,10,492.0,4920.0,2026-04-10,186003751,459,Naasa Securities Co. Ltd.,Sani Securities Company Ltd.,2026-04-10T13:57:43.117881,Kamana Sewa Bikas Bank Limited
2026041003005442,KSBBL,58,43,280,492.0,137760.0,2026-04-10,186003754,459,Naasa Securities Co. Ltd.,South Asian Bulls Pvt. Ltd.,2026-04-10T13:57:43.117963,Kamana Sewa Bikas Bank Limited
2026041003005446,KSBBL,58,43,500,492.0,246000.0,2026-04-10,186003902,459,Naasa Securities Co. Ltd.,South Asian Bulls Pvt. Ltd.,2026-04-10T13:57:48.149443,Kamana Sewa Bikas Bank Limited
2026041003005458,KSBBL,58,43,500,492.0,246000.0,2026-04-10,186003996,459,Naasa Securities Co. Ltd.,South Asian Bulls Pvt. Ltd.,2026-04-10T13:57:53.906628,Kamana Sewa Bikas Bank Limited
2026041003005477,KSBBL,44,1,50,490.0,24500.0,2026-04-10,186004373,459,Dynamic Money Managers Securities Pvt. Ltd.,Kumari Securities Private Limited,2026-04-10T13:58:16.509346,Kamana Sewa Bikas Bank Limited
2026041003005516,KSBBL,48,45,100,490.0,49000.0,2026-04-10,186005210,459,Trishakti Securities Public Limited,Imperial Securities Company Pvt. Ltd.,2026-04-10T13:59:18.085565,Kamana Sewa Bikas Bank Limited
2026041003005517,KSBBL,58,45,245,490.0,120050.0,2026-04-10,186005212,459,Naasa Securities Co. Ltd.,Imperial Securities Company Pvt. Ltd.,2026-04-10T13:59:18.085801,Kamana Sewa Bikas Bank Limited
2026041003005518,KSBBL,58,45,180,490.0,88200.0,2026-04-10,186005213,459,Naasa Securities Co. Ltd.,Imperial Securities Company Pvt. Ltd.,2026-04-10T13:59:18.085961,Kamana Sewa Bikas Bank Limited
2026041003005541,KSBBL,58,1,50,490.0,24500.0,2026-04-10,186005553,459,Naasa Securities Co. Ltd.,Kumari Securities Private Limited,2026-04-10T13:59:47.502531,Kamana Sewa Bikas Bank Limited
2026041003005548,KSBBL,58,18,14,490.0,6860.0,2026-04-10,186005621,459,Naasa Securities Co. Ltd.,Sagarmatha Securities Private Limited,2026-04-10T13:59:54.798301,Kamana Sewa Bikas Bank Limited
2026041003005554,KSBBL,58,14,56,490.0,27440.0,2026-04-10,186005724,459,Naasa Securities Co. Ltd.,Nepal Stock House (PVT) Ltd.,2026-04-10T14:00:00.011662,Kamana Sewa Bikas Bank Limited
2026041003005967,KSBBL,44,14,44,490.0,21560.0,2026-04-10,186013675,459,Dynamic Money Managers Securities Pvt. Ltd.,Nepal Stock House (PVT) Ltd.,2026-04-10T14:15:18.494081,Kamana Sewa Bikas Bank Limited
2026041003005968,KSBBL,44,42,25,490.0,12250.0,2026-04-10,186013677,459,Dynamic Money Managers Securities Pvt. Ltd.,Sani Securities Company Ltd.,2026-04-10T14:15:18.494411,Kamana Sewa Bikas Bank Limited
2026041003005969,KSBBL,44,48,10,490.0,4900.0,2026-04-10,186013679,459,Dynamic Money Managers Securities Pvt. Ltd.,Trishakti Securities Public Limited,2026-04-10T14:15:18.494598,Kamana Sewa Bikas Bank Limited
2026041003005970,KSBBL,44,42,200,491.0,98200.0,2026-04-10,186013681,459,Dynamic Money Managers Securities Pvt. Ltd.,Sani Securities Company Ltd.,2026-04-10T14:15:18.494771,Kamana Sewa Bikas Bank Limited
2026041003005971,KSBBL,44,6,60,491.9,29514.0,2026-04-10,186013683,459,Dynamic Money Managers Securities Pvt. Ltd.,Agrawal Securities (PVT) Ltd.,2026-04-10T14:15:18.494997,Kamana Sewa Bikas Bank Limited
2026041003005972,KSBBL,44,43,820,492.0,403440.0,2026-04-10,186013685,459,Dynamic Money Managers Securities Pvt. Ltd.,South Asian Bulls Pvt. Ltd.,2026-04-10T14:15:18.495206,Kamana Sewa Bikas Bank Limited
2026041003005973,KSBBL,44,43,500,492.0,246000.0,2026-04-10,186013687,459,Dynamic Money Managers Securities Pvt. Ltd.,South Asian Bulls Pvt. Ltd.,2026-04-10T14:15:18.495419,Kamana Sewa Bikas Bank Limited
2026041003005974,KSBBL,44,43,500,492.0,246000.0,2026-04-10,186013689,459,Dynamic Money Managers Securities Pvt. Ltd.,South Asian Bulls Pvt. Ltd.,2026-04-10T14:15:18.495659,Kamana Sewa Bikas Bank Limited
2026041003005975,KSBBL,44,29,347,492.0,170724.0,2026-04-10,186013692,459,Dynamic Money Managers Securities Pvt. Ltd.,Trisul Securities & Invt. Ltd.,2026-04-10T14:15:18.495886,Kamana Sewa Bikas Bank Limited
2026041003006720,KSBBL,6,10,100,488.3,48830.0,2026-04-10,186025200,459,Agrawal Securities (PVT) Ltd.,Pragyan Securities (PVT) Ltd.,2026-04-10T14:31:43.860551,Kamana Sewa Bikas Bank Limited
2026041003006721,KSBBL,34,10,100,488.3,48830.0,2026-04-10,186025202,459,Vision Securities Pvt. Ltd,Pragyan Securities (PVT) Ltd.,2026-04-10T14:31:43.86069,Kamana Sewa Bikas Bank Limited
2026041003006722,KSBBL,58,10,300,488.2,146460.0,2026-04-10,186025203,459,Naasa Securities Co. Ltd.,Pragyan Securities (PVT) Ltd.,2026-04-10T14:31:43.860758,Kamana Sewa Bikas Bank Limited
2026041003006779,KSBBL,7,1,5,480.0,2400.0,2026-04-10,186025851,459,J.F. Securites (PVT) Ltd.,Kumari Securities Private Limited,2026-04-10T14:32:40.214969,Kamana Sewa Bikas Bank Limited
2026041003006833,KSBBL,58,58,22,491.0,10802.0,2026-04-10,186026855,459,Naasa Securities Co. Ltd.,Naasa Securities Co. Ltd.,2026-04-10T14:34:10.665873,Kamana Sewa Bikas Bank Limited
2026041003006834,KSBBL,58,29,135,492.0,66420.0,2026-04-10,186026857,459,Naasa Securities Co. Ltd.,Trisul Securities & Invt. Ltd.,2026-04-10T14:34:10.666021,Kamana Sewa Bikas Bank Limited
2026041003006835,KSBBL,58,48,143,492.0,70356.0,2026-04-10,186026860,459,Naasa Securities Co. Ltd.,Trishakti Securities Public Limited,2026-04-10T14:34:10.666114,Kamana Sewa Bikas Bank Limited
2026041003006840,KSBBL,58,48,44,492.0,21648.0,2026-04-10,186027031,459,Naasa Securities Co. Ltd.,Trishakti Securities Public Limited,2026-04-10T14:34:29.123205,Kamana Sewa Bikas Bank Limited
2026041003006841,KSBBL,58,53,306,492.0,150552.0,2026-04-10,186027034,459,Naasa Securities Co. Ltd.,Investment Management Nepal Pvt. Ltd.,2026-04-10T14:34:29.123358,Kamana Sewa Bikas Bank Limited
2026041003007221,KSBBL,46,53,20,488.0,9760.0,2026-04-10,186035374,459,Kalika Securities Pvt. Ltd.,Investment Management Nepal Pvt. Ltd.,2026-04-10T14:44:39.992993,Kamana Sewa Bikas Bank Limited
2026041003007222,KSBBL,41,53,18,488.0,8784.0,2026-04-10,186035376,459,Linch Stock Market Ltd.,Investment Management Nepal Pvt. Ltd.,2026-04-10T14:44:39.993289,Kamana Sewa Bikas Bank Limited
2026041003007223,KSBBL,58,53,151,488.0,73688.0,2026-04-10,186035377,459,Naasa Securities Co. Ltd.,Investment Management Nepal Pvt. Ltd.,2026-04-10T14:44:39.993467,Kamana Sewa Bikas Bank Limited
2026041003007375,KSBBL,58,85,149,490.0,73010.0,2026-04-10,186038396,459,Naasa Securities Co. Ltd.,Capital Hub P. Ltd,2026-04-10T14:47:15.52589,Kamana Sewa Bikas Bank Limited
2026041003007570,KSBBL,38,32,100,489.0,48900.0,2026-04-10,186041743,459,Dipshikha Dhitopatra Karobar Co. Pvt Ltd.,Premier Securities Company Ltd.,2026-04-10T14:50:13.856316,Kamana Sewa Bikas Bank Limited
2026041003007571,KSBBL,38,85,150,490.0,73500.0,2026-04-10,186041746,459,Dipshikha Dhitopatra Karobar Co. Pvt Ltd.,Capital Hub P. Ltd,2026-04-10T14:50:13.856631,Kamana Sewa Bikas Bank Limited
2026041003007611,KSBBL,58,25,50,489.0,24450.0,2026-04-10,186043021,459,Naasa Securities Co. Ltd.,Sweta Securities Private Limited,2026-04-10T14:51:09.158105,Kamana Sewa Bikas Bank Limited
2026041003007612,KSBBL,58,32,150,489.0,73350.0,2026-04-10,186043024,459,Naasa Securities Co. Ltd.,Premier Securities Company Ltd.,2026-04-10T14:51:09.158278,Kamana Sewa Bikas Bank Limited
2026041003007626,KSBBL,58,32,50,489.0,24450.0,2026-04-10,186043201,459,Naasa Securities Co. Ltd.,Premier Securities Company Ltd.,2026-04-10T14:51:17.702729,Kamana Sewa Bikas Bank Limited
2026041003007627,KSBBL,58,85,50,490.0,24500.0,2026-04-10,186043204,459,Naasa Securities Co. Ltd.,Capital Hub P. Ltd,2026-04-10T14:51:17.703044,Kamana Sewa Bikas Bank Limited
2026041003007889,KSBBL,44,32,11,488.0,5368.0,2026-04-10,186047354,459,Dynamic Money Managers Securities Pvt. Ltd.,Premier Securities Company Ltd.,2026-04-10T14:54:07.677719,Kamana Sewa Bikas Bank Limited
2026041003007890,KSBBL,44,32,89,488.0,43432.0,2026-04-10,186047355,459,Dynamic Money Managers Securities Pvt. Ltd.,Premier Securities Company Ltd.,2026-04-10T14:54:07.677866,Kamana Sewa Bikas Bank Limited
2026041003007990,KSBBL,44,40,39,488.0,19032.0,2026-04-10,186049341,459,Dynamic Money Managers Securities Pvt. Ltd.,Creative Securities Pvt Ltd,2026-04-10T14:55:18.854978,Kamana Sewa Bikas Bank Limited
2026041003008024,KSBBL,44,41,300,488.0,146400.0,2026-04-10,186050288,459,Dynamic Money Managers Securities Pvt. Ltd.,Linch Stock Market Ltd.,2026-04-10T14:55:53.628012,Kamana Sewa Bikas Bank Limited
2026041003008036,KSBBL,58,57,230,489.0,112470.0,2026-04-10,186050461,459,Naasa Securities Co. Ltd.,Aryatara Investment & Securities,2026-04-10T14:55:58.072709,Kamana Sewa Bikas Bank Limited
2026041003008053,KSBBL,58,85,151,490.0,73990.0,2026-04-10,186050731,459,Naasa Securities Co. Ltd.,Capital Hub P. Ltd,2026-04-10T14:56:11.13109,Kamana Sewa Bikas Bank Limited
2026041003008054,KSBBL,58,50,19,490.0,9310.0,2026-04-10,186050734,459,Naasa Securities Co. Ltd.,Cristal Kanchanjanga Securites Pvt. Ltd.,2026-04-10T14:56:11.131274,Kamana Sewa Bikas Bank Limited
2026041003008503,KSBBL,44,33,572,488.0,279136.0,2026-04-10,186058334,459,Dynamic Money Managers Securities Pvt. Ltd.,Dakshinkali Investment & Securities Pvt. Ltd.,2026-04-10T14:59:25.401192,Kamana Sewa Bikas Bank Limited
2026041003008504,KSBBL,17,33,150,488.0,73200.0,2026-04-10,186058336,459,ABC Securities Private Limited,Dakshinkali Investment & Securities Pvt. Ltd.,2026-04-10T14:59:25.401356,Kamana Sewa Bikas Bank Limited
2026041003008505,KSBBL,41,33,20,488.0,9760.0,2026-04-10,186058337,459,Linch Stock Market Ltd.,Dakshinkali Investment & Securities Pvt. Ltd.,2026-04-10T14:59:25.401422,Kamana Sewa Bikas Bank Limited
2026041003008588,KSBBL,29,47,10,490.0,4900.0,2026-04-10,186059694,459,Trisul Securities & Invt. Ltd.,Neev Securities Pvt. Ltd.,2026-04-10T14:59:42.527919,Kamana Sewa Bikas Bank Limited
