contractId,stockSymbol,buyerMemberId,sellerMemberId,quantity,price,amount,businessDate,tradeBookId,stockId,buyerBrokerName,sellerBrokerName,transaction_time,securityName
2026041003000030,MLBL,22,33,360,380.0,136800.0,2026-04-10,185887078,401,Siprabi Securities Pvt. Ltd.,Dakshinkali Investment & Securities Pvt. Ltd.,2026-04-10T11:01:37.425245,Mahalaxmi Bikas Bank Ltd.
2026041003000115,MLBL,39,14,10,379.0,3790.0,2026-04-10,185890334,401,Sumeru Securities Pvt. Ltd.,Nepal Stock House (PVT) Ltd.,2026-04-10T11:05:17.088815,Mahalaxmi Bikas Bank Ltd.
2026041003000257,MLBL,21,6,10,384.0,3840.0,2026-04-10,185897333,401,Midas Stock Broking Company Private Limited,Agrawal Securities (PVT) Ltd.,2026-04-10T11:12:32.932308,Mahalaxmi Bikas Bank Ltd.
2026041003000365,MLBL,42,58,34,380.0,12920.0,2026-04-10,185902232,401,Sani Securities Company Ltd.,Naasa Securities Co. Ltd.,2026-04-10T11:18:12.002122,Mahalaxmi Bikas Bank Ltd.
2026041003000372,MLBL,42,42,80,380.0,30400.0,2026-04-10,185902661,401,Sani Securities Company Ltd.,Sani Securities Company Ltd.,2026-04-10T11:18:38.19446,Mahalaxmi Bikas Bank Ltd.
2026041003000388,MLBL,49,42,34,380.0,12920.0,2026-04-10,185903070,401,Online Securities Pvt. Ltd.,Sani Securities Company Ltd.,2026-04-10T11:19:10.067595,Mahalaxmi Bikas Bank Ltd.
2026041003000389,MLBL,49,49,200,381.0,76200.0,2026-04-10,185903072,401,Online Securities Pvt. Ltd.,Online Securities Pvt. Ltd.,2026-04-10T11:19:10.067727,Mahalaxmi Bikas Bank Ltd.
2026041003000403,MLBL,49,45,10,381.0,3810.0,2026-04-10,185903366,401,Online Securities Pvt. Ltd.,Imperial Securities Company Pvt. Ltd.,2026-04-10T11:19:32.29532,Mahalaxmi Bikas Bank Ltd.
2026041003000404,MLBL,49,93,256,381.0,97536.0,2026-04-10,185903393,401,Online Securities Pvt. Ltd.,Beni Securities Pvt.Ltd.,2026-04-10T11:19:33.098264,Mahalaxmi Bikas Bank Ltd.
2026041003000405,MLBL,74,93,25,379.5,9487.5,2026-04-10,185903395,401,KALASH STOCK MARKET PVT. LTD.,Beni Securities Pvt.Ltd.,2026-04-10T11:19:33.098382,Mahalaxmi Bikas Bank Ltd.
2026041003000406,MLBL,3,93,291,379.3,110376.3,2026-04-10,185903396,401,Arun Securities (PVT) Ltd.,Beni Securities Pvt.Ltd.,2026-04-10T11:19:33.098456,Mahalaxmi Bikas Bank Ltd.
2026041003000451,MLBL,3,35,375,379.3,142237.5,2026-04-10,185905406,401,Arun Securities (PVT) Ltd.,Kohinoor Investment & Securities Pvt. Ltd.,2026-04-10T11:21:20.672529,Mahalaxmi Bikas Bank Ltd.
2026041003000464,MLBL,21,6,10,384.0,3840.0,2026-04-10,185905557,401,Midas Stock Broking Company Private Limited,Agrawal Securities (PVT) Ltd.,2026-04-10T11:21:32.531811,Mahalaxmi Bikas Bank Ltd.
2026041003000656,MLBL,7,49,2,391.6,783.2,2026-04-10,185911786,401,J.F. Securites (PVT) Ltd.,Online Securities Pvt. Ltd.,2026-04-10T11:27:29.069493,Mahalaxmi Bikas Bank Ltd.
2026041003000960,MLBL,49,45,11,379.7,4176.7,2026-04-10,186074489,401,Online Securities Pvt. Ltd.,Imperial Securities Company Pvt. Ltd.,2026-04-10T11:39:18.839,Mahalaxmi Bikas Bank Ltd.
2026041003001045,MLBL,21,1,10,382.0,3820.0,2026-04-10,186065578,401,Midas Stock Broking Company Private Limited,Kumari Securities Private Limited,2026-04-10T11:43:35.251,Mahalaxmi Bikas Bank Ltd.
2026041003001054,MLBL,21,1,10,382.0,3820.0,2026-04-10,186065549,401,Midas Stock Broking Company Private Limited,Kumari Securities Private Limited,2026-04-10T11:43:56.022,Mahalaxmi Bikas Bank Ltd.
2026041003001055,MLBL,21,29,10,383.0,3830.0,2026-04-10,186065522,401,Midas Stock Broking Company Private Limited,Trisul Securities & Invt. Ltd.,2026-04-10T11:43:56.022,Mahalaxmi Bikas Bank Ltd.
2026041003001103,MLBL,41,46,20,380.0,7600.0,2026-04-10,186067902,401,Linch Stock Market Ltd.,Kalika Securities Pvt. Ltd.,2026-04-10T11:45:46.556,Mahalaxmi Bikas Bank Ltd.
2026041003001110,MLBL,21,29,10,383.0,3830.0,2026-04-10,186065674,401,Midas Stock Broking Company Private Limited,Trisul Securities & Invt. Ltd.,2026-04-10T11:46:03.894,Mahalaxmi Bikas Bank Ltd.
2026041003001117,MLBL,41,38,90,380.0,34200.0,2026-04-10,186067915,401,Linch Stock Market Ltd.,Dipshikha Dhitopatra Karobar Co. Pvt Ltd.,2026-04-10T11:46:21.774,Mahalaxmi Bikas Bank Ltd.
2026041003001129,MLBL,21,29,10,383.0,3830.0,2026-04-10,186065632,401,Midas Stock Broking Company Private Limited,Trisul Securities & Invt. Ltd.,2026-04-10T11:47:05.868,Mahalaxmi Bikas Bank Ltd.
2026041003001140,MLBL,44,57,309,383.0,118347.0,2026-04-10,186071793,401,Dynamic Money Managers Securities Pvt. Ltd.,Aryatara Investment & Securities,2026-04-10T11:47:48.843,Mahalaxmi Bikas Bank Ltd.
2026041003001143,MLBL,44,48,205,384.0,78720.0,2026-04-10,186071789,401,Dynamic Money Managers Securities Pvt. Ltd.,Trishakti Securities Public Limited,2026-04-10T11:47:48.843,Mahalaxmi Bikas Bank Ltd.
2026041003001139,MLBL,44,29,470,383.0,180010.0,2026-04-10,186071808,401,Dynamic Money Managers Securities Pvt. Ltd.,Trisul Securities & Invt. Ltd.,2026-04-10T11:47:48.843,Mahalaxmi Bikas Bank Ltd.
2026041003001141,MLBL,44,39,150,383.5,57525.0,2026-04-10,186071816,401,Dynamic Money Managers Securities Pvt. Ltd.,Sumeru Securities Pvt. Ltd.,2026-04-10T11:47:48.843,Mahalaxmi Bikas Bank Ltd.
2026041003001142,MLBL,44,29,500,383.9,191950.0,2026-04-10,186071802,401,Dynamic Money Managers Securities Pvt. Ltd.,Trisul Securities & Invt. Ltd.,2026-04-10T11:47:48.843,Mahalaxmi Bikas Bank Ltd.
2026041003001145,MLBL,44,41,402,384.0,154368.0,2026-04-10,186071801,401,Dynamic Money Managers Securities Pvt. Ltd.,Linch Stock Market Ltd.,2026-04-10T11:47:48.844,Mahalaxmi Bikas Bank Ltd.
2026041003001146,MLBL,44,14,50,384.0,19200.0,2026-04-10,186071795,401,Dynamic Money Managers Securities Pvt. Ltd.,Nepal Stock House (PVT) Ltd.,2026-04-10T11:47:48.844,Mahalaxmi Bikas Bank Ltd.
2026041003001147,MLBL,44,74,130,384.9,50037.0,2026-04-10,186071818,401,Dynamic Money Managers Securities Pvt. Ltd.,KALASH STOCK MARKET PVT. LTD.,2026-04-10T11:47:48.844,Mahalaxmi Bikas Bank Ltd.
2026041003001144,MLBL,44,78,267,384.0,102528.0,2026-04-10,186071812,401,Dynamic Money Managers Securities Pvt. Ltd.,Garima Securities Limited,2026-04-10T11:47:48.844,Mahalaxmi Bikas Bank Ltd.
2026041003001253,MLBL,19,38,10,380.5,3805.0,2026-04-10,186065452,401,Nepal Investment And Securities Trading Private Limited,Dipshikha Dhitopatra Karobar Co. Pvt Ltd.,2026-04-10T11:54:10.292,Mahalaxmi Bikas Bank Ltd.
2026041003001396,MLBL,19,65,490,380.5,186445.0,2026-04-10,186065414,401,Nepal Investment And Securities Trading Private Limited,Sharepro Securities Private Limited,2026-04-10T12:00:29.462,Mahalaxmi Bikas Bank Ltd.
2026041003001397,MLBL,49,65,500,380.1,190050.0,2026-04-10,186074107,401,Online Securities Pvt. Ltd.,Sharepro Securities Private Limited,2026-04-10T12:00:29.462,Mahalaxmi Bikas Bank Ltd.
2026041003001398,MLBL,41,65,390,380.0,148200.0,2026-04-10,186067865,401,Linch Stock Market Ltd.,Sharepro Securities Private Limited,2026-04-10T12:00:29.462,Mahalaxmi Bikas Bank Ltd.
2026041003001399,MLBL,22,65,1620,380.0,615600.0,2026-04-10,186065872,401,Siprabi Securities Pvt. Ltd.,Sharepro Securities Private Limited,2026-04-10T12:00:29.463,Mahalaxmi Bikas Bank Ltd.
2026041003001455,MLBL,22,74,20,380.0,7600.0,2026-04-10,185921154,401,Siprabi Securities Pvt. Ltd.,KALASH STOCK MARKET PVT. LTD.,2026-04-10T12:03:11.947931,Mahalaxmi Bikas Bank Ltd.
2026041003001456,MLBL,21,74,19,380.0,7220.0,2026-04-10,185921156,401,Midas Stock Broking Company Private Limited,KALASH STOCK MARKET PVT. LTD.,2026-04-10T12:03:11.948185,Mahalaxmi Bikas Bank Ltd.
2026041003001457,MLBL,41,74,61,379.9,23173.9,2026-04-10,185921157,401,Linch Stock Market Ltd.,KALASH STOCK MARKET PVT. LTD.,2026-04-10T12:03:11.948325,Mahalaxmi Bikas Bank Ltd.
2026041003001466,MLBL,41,21,100,379.9,37990.0,2026-04-10,185921305,401,Linch Stock Market Ltd.,Midas Stock Broking Company Private Limited,2026-04-10T12:03:30.706048,Mahalaxmi Bikas Bank Ltd.
2026041003001569,MLBL,32,45,20,380.0,7600.0,2026-04-10,185923684,401,Premier Securities Company Ltd.,Imperial Securities Company Pvt. Ltd.,2026-04-10T12:06:52.463465,Mahalaxmi Bikas Bank Ltd.
2026041003001660,MLBL,41,42,35,379.9,13296.5,2026-04-10,185925527,401,Linch Stock Market Ltd.,Sani Securities Company Ltd.,2026-04-10T12:09:09.43427,Mahalaxmi Bikas Bank Ltd.
2026041003001661,MLBL,41,14,4,379.9,1519.6,2026-04-10,185925529,401,Linch Stock Market Ltd.,Nepal Stock House (PVT) Ltd.,2026-04-10T12:09:09.434518,Mahalaxmi Bikas Bank Ltd.
2026041003001699,MLBL,49,51,50,379.7,18985.0,2026-04-10,185925961,401,Online Securities Pvt. Ltd.,Oxford Securities Pvt. Ltd.,2026-04-10T12:09:39.856849,Mahalaxmi Bikas Bank Ltd.
2026041003001722,MLBL,49,58,50,379.7,18985.0,2026-04-10,185926707,401,Online Securities Pvt. Ltd.,Naasa Securities Co. Ltd.,2026-04-10T12:10:22.707066,Mahalaxmi Bikas Bank Ltd.
2026041003001777,MLBL,49,42,275,379.7,104417.5,2026-04-10,185928123,401,Online Securities Pvt. Ltd.,Sani Securities Company Ltd.,2026-04-10T12:11:47.705866,Mahalaxmi Bikas Bank Ltd.
2026041003001779,MLBL,49,42,114,379.7,43285.8,2026-04-10,185928154,401,Online Securities Pvt. Ltd.,Sani Securities Company Ltd.,2026-04-10T12:11:49.088388,Mahalaxmi Bikas Bank Ltd.
2026041003001780,MLBL,41,42,50,379.7,18985.0,2026-04-10,185928156,401,Linch Stock Market Ltd.,Sani Securities Company Ltd.,2026-04-10T12:11:49.088427,Mahalaxmi Bikas Bank Ltd.
2026041003001781,MLBL,3,42,334,379.3,126686.2,2026-04-10,185928158,401,Arun Securities (PVT) Ltd.,Sani Securities Company Ltd.,2026-04-10T12:11:49.088456,Mahalaxmi Bikas Bank Ltd.
2026041003001782,MLBL,39,42,467,379.2,177086.4,2026-04-10,185928159,401,Sumeru Securities Pvt. Ltd.,Sani Securities Company Ltd.,2026-04-10T12:11:49.088485,Mahalaxmi Bikas Bank Ltd.
2026041003001979,MLBL,39,21,16,379.2,6067.2,2026-04-10,185930895,401,Sumeru Securities Pvt. Ltd.,Midas Stock Broking Company Private Limited,2026-04-10T12:14:14.651817,Mahalaxmi Bikas Bank Ltd.
2026041003002061,MLBL,39,64,50,379.2,18960.0,2026-04-10,185932478,401,Sumeru Securities Pvt. Ltd.,SUN SECURITIES PVT LTD,2026-04-10T12:15:47.934174,Mahalaxmi Bikas Bank Ltd.
2026041003002101,MLBL,39,16,39,379.2,14788.8,2026-04-10,185933125,401,Sumeru Securities Pvt. Ltd.,Primo Securities (PVT) Ltd.,2026-04-10T12:16:19.358731,Mahalaxmi Bikas Bank Ltd.
2026041003002132,MLBL,39,16,418,379.2,158505.6,2026-04-10,185933680,401,Sumeru Securities Pvt. Ltd.,Primo Securities (PVT) Ltd.,2026-04-10T12:16:48.403912,Mahalaxmi Bikas Bank Ltd.
2026041003002164,MLBL,13,13,81,379.0,30699.0,2026-04-10,185934167,401,Thrive Brokerage House Pvt. Ltd,Thrive Brokerage House Pvt. Ltd,2026-04-10T12:17:16.122854,Mahalaxmi Bikas Bank Ltd.
2026041003002227,MLBL,13,45,19,379.0,7201.0,2026-04-10,185935750,401,Thrive Brokerage House Pvt. Ltd,Imperial Securities Company Pvt. Ltd.,2026-04-10T12:18:37.822904,Mahalaxmi Bikas Bank Ltd.
2026041003002228,MLBL,90,45,61,379.0,23119.0,2026-04-10,185935751,401,Sajilo Broker Limited,Imperial Securities Company Pvt. Ltd.,2026-04-10T12:18:37.823013,Mahalaxmi Bikas Bank Ltd.
2026041003002293,MLBL,90,49,39,379.0,14781.0,2026-04-10,185937149,401,Sajilo Broker Limited,Online Securities Pvt. Ltd.,2026-04-10T12:19:41.82371,Mahalaxmi Bikas Bank Ltd.
2026041003002330,MLBL,58,16,182,378.2,68832.4,2026-04-10,185937591,401,Naasa Securities Co. Ltd.,Primo Securities (PVT) Ltd.,2026-04-10T12:20:04.448018,Mahalaxmi Bikas Bank Ltd.
2026041003002340,MLBL,58,49,97,378.2,36685.4,2026-04-10,185937785,401,Naasa Securities Co. Ltd.,Online Securities Pvt. Ltd.,2026-04-10T12:20:16.002738,Mahalaxmi Bikas Bank Ltd.
2026041003002471,MLBL,58,82,221,378.2,83582.2,2026-04-10,185940538,401,Naasa Securities Co. Ltd.,N.M.B. SECURITIES LIMITED,2026-04-10T12:22:12.15736,Mahalaxmi Bikas Bank Ltd.
2026041003002472,MLBL,48,82,500,376.4,188200.0,2026-04-10,185940540,401,Trishakti Securities Public Limited,N.M.B. SECURITIES LIMITED,2026-04-10T12:22:12.157611,Mahalaxmi Bikas Bank Ltd.
2026041003002473,MLBL,45,82,151,376.4,56836.4,2026-04-10,185940542,401,Imperial Securities Company Pvt. Ltd.,N.M.B. SECURITIES LIMITED,2026-04-10T12:22:12.157746,Mahalaxmi Bikas Bank Ltd.
2026041003002474,MLBL,41,82,500,376.1,188050.0,2026-04-10,185940544,401,Linch Stock Market Ltd.,N.M.B. SECURITIES LIMITED,2026-04-10T12:22:12.157875,Mahalaxmi Bikas Bank Ltd.
2026041003002475,MLBL,58,82,250,376.1,94025.0,2026-04-10,185940546,401,Naasa Securities Co. Ltd.,N.M.B. SECURITIES LIMITED,2026-04-10T12:22:12.158002,Mahalaxmi Bikas Bank Ltd.
2026041003002476,MLBL,22,82,378,376.0,142128.0,2026-04-10,185940547,401,Siprabi Securities Pvt. Ltd.,N.M.B. SECURITIES LIMITED,2026-04-10T12:22:12.158144,Mahalaxmi Bikas Bank Ltd.
2026041003002657,MLBL,92,52,53,376.1,19933.3,2026-04-10,185943807,401,Roadshow securities limited,Sundhara Securities Limited,2026-04-10T12:24:40.92931,Mahalaxmi Bikas Bank Ltd.
2026041003003009,MLBL,100,45,115,378.0,43470.0,2026-04-10,185951263,401,Sunrise Securities Limited,Imperial Securities Company Pvt. Ltd.,2026-04-10T12:32:02.82058,Mahalaxmi Bikas Bank Ltd.
2026041003003010,MLBL,100,21,250,379.0,94750.0,2026-04-10,185951265,401,Sunrise Securities Limited,Midas Stock Broking Company Private Limited,2026-04-10T12:32:02.820719,Mahalaxmi Bikas Bank Ltd.
2026041003003011,MLBL,100,11,16,380.0,6080.0,2026-04-10,185951267,401,Sunrise Securities Limited,Malla & Malla Stock Broking Company Pvt. Limited,2026-04-10T12:32:02.820771,Mahalaxmi Bikas Bank Ltd.
2026041003003012,MLBL,100,45,110,380.0,41800.0,2026-04-10,185951269,401,Sunrise Securities Limited,Imperial Securities Company Pvt. Ltd.,2026-04-10T12:32:02.820823,Mahalaxmi Bikas Bank Ltd.
2026041003003013,MLBL,100,22,20,380.0,7600.0,2026-04-10,185951271,401,Sunrise Securities Limited,Siprabi Securities Pvt. Ltd.,2026-04-10T12:32:02.820867,Mahalaxmi Bikas Bank Ltd.
2026041003003014,MLBL,100,49,22,380.0,8360.0,2026-04-10,185951273,401,Sunrise Securities Limited,Online Securities Pvt. Ltd.,2026-04-10T12:32:02.820913,Mahalaxmi Bikas Bank Ltd.
2026041003003015,MLBL,100,21,145,382.0,55390.0,2026-04-10,185951275,401,Sunrise Securities Limited,Midas Stock Broking Company Private Limited,2026-04-10T12:32:02.82096,Mahalaxmi Bikas Bank Ltd.
2026041003003016,MLBL,100,43,900,383.0,344700.0,2026-04-10,185951277,401,Sunrise Securities Limited,South Asian Bulls Pvt. Ltd.,2026-04-10T12:32:02.821006,Mahalaxmi Bikas Bank Ltd.
2026041003003020,MLBL,100,22,1422,383.0,544626.0,2026-04-10,185951448,401,Sunrise Securities Limited,Siprabi Securities Pvt. Ltd.,2026-04-10T12:32:15.908934,Mahalaxmi Bikas Bank Ltd.
2026041003003183,MLBL,40,3,68,380.0,25840.0,2026-04-10,185955491,401,Creative Securities Pvt Ltd,Arun Securities (PVT) Ltd.,2026-04-10T12:37:40.865144,Mahalaxmi Bikas Bank Ltd.
2026041003003196,MLBL,40,33,432,380.0,164160.0,2026-04-10,185955912,401,Creative Securities Pvt Ltd,Dakshinkali Investment & Securities Pvt. Ltd.,2026-04-10T12:38:06.383393,Mahalaxmi Bikas Bank Ltd.
2026041003003321,MLBL,58,57,25,377.5,9437.5,2026-04-10,185958418,401,Naasa Securities Co. Ltd.,Aryatara Investment & Securities,2026-04-10T12:41:03.13938,Mahalaxmi Bikas Bank Ltd.
2026041003003322,MLBL,40,57,500,377.0,188500.0,2026-04-10,185958420,401,Creative Securities Pvt Ltd,Aryatara Investment & Securities,2026-04-10T12:41:03.139475,Mahalaxmi Bikas Bank Ltd.
2026041003003323,MLBL,21,57,20,376.3,7526.0,2026-04-10,185958422,401,Midas Stock Broking Company Private Limited,Aryatara Investment & Securities,2026-04-10T12:41:03.139549,Mahalaxmi Bikas Bank Ltd.
2026041003003324,MLBL,36,57,200,376.3,75260.0,2026-04-10,185958424,401,Secured Securities Ltd.,Aryatara Investment & Securities,2026-04-10T12:41:03.139613,Mahalaxmi Bikas Bank Ltd.
2026041003003325,MLBL,22,57,55,376.2,20691.0,2026-04-10,185958425,401,Siprabi Securities Pvt. Ltd.,Aryatara Investment & Securities,2026-04-10T12:41:03.139686,Mahalaxmi Bikas Bank Ltd.
2026041003003693,MLBL,14,13,108,379.9,41029.2,2026-04-10,185966368,401,Nepal Stock House (PVT) Ltd.,Thrive Brokerage House Pvt. Ltd,2026-04-10T12:55:15.331732,Mahalaxmi Bikas Bank Ltd.
2026041003003704,MLBL,57,13,11,379.9,4178.9,2026-04-10,185967107,401,Aryatara Investment & Securities,Thrive Brokerage House Pvt. Ltd,2026-04-10T12:56:39.649259,Mahalaxmi Bikas Bank Ltd.
2026041003003705,MLBL,57,33,489,380.0,185820.0,2026-04-10,185967110,401,Aryatara Investment & Securities,Dakshinkali Investment & Securities Pvt. Ltd.,2026-04-10T12:56:39.649332,Mahalaxmi Bikas Bank Ltd.
2026041003003728,MLBL,14,33,79,380.0,30020.0,2026-04-10,185968019,401,Nepal Stock House (PVT) Ltd.,Dakshinkali Investment & Securities Pvt. Ltd.,2026-04-10T12:58:30.275847,Mahalaxmi Bikas Bank Ltd.
2026041003003737,MLBL,14,38,29,380.0,11020.0,2026-04-10,185968352,401,Nepal Stock House (PVT) Ltd.,Dipshikha Dhitopatra Karobar Co. Pvt Ltd.,2026-04-10T12:58:56.77592,Mahalaxmi Bikas Bank Ltd.
2026041003003746,MLBL,57,38,40,380.0,15200.0,2026-04-10,185968556,401,Aryatara Investment & Securities,Dipshikha Dhitopatra Karobar Co. Pvt Ltd.,2026-04-10T12:59:16.095949,Mahalaxmi Bikas Bank Ltd.
2026041003003952,MLBL,21,38,25,380.0,9500.0,2026-04-10,185973272,401,Midas Stock Broking Company Private Limited,Dipshikha Dhitopatra Karobar Co. Pvt Ltd.,2026-04-10T13:10:25.429207,Mahalaxmi Bikas Bank Ltd.
2026041003004045,MLBL,49,38,34,380.0,12920.0,2026-04-10,185975241,401,Online Securities Pvt. Ltd.,Dipshikha Dhitopatra Karobar Co. Pvt Ltd.,2026-04-10T13:14:53.759867,Mahalaxmi Bikas Bank Ltd.
2026041003004046,MLBL,49,42,40,380.0,15200.0,2026-04-10,185975243,401,Online Securities Pvt. Ltd.,Sani Securities Company Ltd.,2026-04-10T13:14:53.760168,Mahalaxmi Bikas Bank Ltd.
2026041003004047,MLBL,49,22,17,380.0,6460.0,2026-04-10,185975246,401,Online Securities Pvt. Ltd.,Siprabi Securities Pvt. Ltd.,2026-04-10T13:14:53.760337,Mahalaxmi Bikas Bank Ltd.
2026041003004120,MLBL,57,22,174,379.0,65946.0,2026-04-10,185977116,401,Aryatara Investment & Securities,Siprabi Securities Pvt. Ltd.,2026-04-10T13:19:10.18892,Mahalaxmi Bikas Bank Ltd.
2026041003004144,MLBL,21,57,15,380.0,5700.0,2026-04-10,185977771,401,Midas Stock Broking Company Private Limited,Aryatara Investment & Securities,2026-04-10T13:20:29.681436,Mahalaxmi Bikas Bank Ltd.
2026041003004145,MLBL,21,45,11,380.0,4180.0,2026-04-10,185977774,401,Midas Stock Broking Company Private Limited,Imperial Securities Company Pvt. Ltd.,2026-04-10T13:20:29.681615,Mahalaxmi Bikas Bank Ltd.
2026041003004178,MLBL,57,16,300,380.2,114060.0,2026-04-10,185978816,401,Aryatara Investment & Securities,Primo Securities (PVT) Ltd.,2026-04-10T13:21:57.840473,Mahalaxmi Bikas Bank Ltd.
2026041003004188,MLBL,57,16,200,380.2,76040.0,2026-04-10,185979092,401,Aryatara Investment & Securities,Primo Securities (PVT) Ltd.,2026-04-10T13:22:37.786067,Mahalaxmi Bikas Bank Ltd.
2026041003004288,MLBL,44,16,500,380.2,190100.0,2026-04-10,185981919,401,Dynamic Money Managers Securities Pvt. Ltd.,Primo Securities (PVT) Ltd.,2026-04-10T13:26:05.049966,Mahalaxmi Bikas Bank Ltd.
2026041003004289,MLBL,44,11,500,381.0,190500.0,2026-04-10,185981921,401,Dynamic Money Managers Securities Pvt. Ltd.,Malla & Malla Stock Broking Company Pvt. Limited,2026-04-10T13:26:05.050119,Mahalaxmi Bikas Bank Ltd.
2026041003004290,MLBL,44,22,500,382.0,191000.0,2026-04-10,185981923,401,Dynamic Money Managers Securities Pvt. Ltd.,Siprabi Securities Pvt. Ltd.,2026-04-10T13:26:05.050181,Mahalaxmi Bikas Bank Ltd.
2026041003004554,MLBL,42,29,525,382.9,201022.5,2026-04-10,185986312,401,Sani Securities Company Ltd.,Trisul Securities & Invt. Ltd.,2026-04-10T13:32:41.370428,Mahalaxmi Bikas Bank Ltd.
2026041003004608,MLBL,58,34,100,382.1,38210.0,2026-04-10,185987184,401,Naasa Securities Co. Ltd.,Vision Securities Pvt. Ltd,2026-04-10T13:34:28.802206,Mahalaxmi Bikas Bank Ltd.
2026041003004609,MLBL,58,34,100,382.1,38210.0,2026-04-10,185987186,401,Naasa Securities Co. Ltd.,Vision Securities Pvt. Ltd,2026-04-10T13:34:28.802338,Mahalaxmi Bikas Bank Ltd.
2026041003004610,MLBL,42,34,500,382.1,191050.0,2026-04-10,185987187,401,Sani Securities Company Ltd.,Vision Securities Pvt. Ltd,2026-04-10T13:34:28.802417,Mahalaxmi Bikas Bank Ltd.
2026041003004613,MLBL,44,34,500,382.0,191000.0,2026-04-10,185987299,401,Dynamic Money Managers Securities Pvt. Ltd.,Vision Securities Pvt. Ltd,2026-04-10T13:34:43.560376,Mahalaxmi Bikas Bank Ltd.
2026041003004634,MLBL,47,51,2,378.0,756.0,2026-04-10,185987745,401,Neev Securities Pvt. Ltd.,Oxford Securities Pvt. Ltd.,2026-04-10T13:35:36.825021,Mahalaxmi Bikas Bank Ltd.
2026041003004655,MLBL,1,4,40,383.0,15320.0,2026-04-10,185988256,401,Kumari Securities Private Limited,Opal Securities Investment (PVT) Ltd.,2026-04-10T13:36:35.804093,Mahalaxmi Bikas Bank Ltd.
2026041003004721,MLBL,47,7,1,383.0,383.0,2026-04-10,185989759,401,Neev Securities Pvt. Ltd.,J.F. Securites (PVT) Ltd.,2026-04-10T13:39:14.053344,Mahalaxmi Bikas Bank Ltd.
2026041003004866,MLBL,14,4,100,383.0,38300.0,2026-04-10,185992570,401,Nepal Stock House (PVT) Ltd.,Opal Securities Investment (PVT) Ltd.,2026-04-10T13:43:48.473483,Mahalaxmi Bikas Bank Ltd.
2026041003004952,MLBL,47,1,250,382.0,95500.0,2026-04-10,185994464,401,Neev Securities Pvt. Ltd.,Kumari Securities Private Limited,2026-04-10T13:46:21.170002,Mahalaxmi Bikas Bank Ltd.
2026041003004996,MLBL,50,1,200,382.0,76400.0,2026-04-10,185995212,401,Cristal Kanchanjanga Securites Pvt. Ltd.,Kumari Securities Private Limited,2026-04-10T13:47:20.636147,Mahalaxmi Bikas Bank Ltd.
2026041003005041,MLBL,38,19,78,382.0,29796.0,2026-04-10,185995817,401,Dipshikha Dhitopatra Karobar Co. Pvt Ltd.,Nepal Investment And Securities Trading Private Limited,2026-04-10T13:48:37.822552,Mahalaxmi Bikas Bank Ltd.
2026041003005160,MLBL,50,34,10,382.0,3820.0,2026-04-10,185997656,401,Cristal Kanchanjanga Securites Pvt. Ltd.,Vision Securities Pvt. Ltd,2026-04-10T13:51:24.291274,Mahalaxmi Bikas Bank Ltd.
2026041003005161,MLBL,58,34,100,381.1,38110.0,2026-04-10,185997657,401,Naasa Securities Co. Ltd.,Vision Securities Pvt. Ltd,2026-04-10T13:51:24.291418,Mahalaxmi Bikas Bank Ltd.
2026041003005274,MLBL,42,49,33,379.0,12507.0,2026-04-10,185999545,401,Sani Securities Company Ltd.,Online Securities Pvt. Ltd.,2026-04-10T13:54:08.842435,Mahalaxmi Bikas Bank Ltd.
2026041003005280,MLBL,42,16,102,379.0,38658.0,2026-04-10,185999794,401,Sani Securities Company Ltd.,Primo Securities (PVT) Ltd.,2026-04-10T13:54:28.395225,Mahalaxmi Bikas Bank Ltd.
2026041003005286,MLBL,3,16,617,378.1,233287.7,2026-04-10,185999957,401,Arun Securities (PVT) Ltd.,Primo Securities (PVT) Ltd.,2026-04-10T13:54:41.730075,Mahalaxmi Bikas Bank Ltd.
2026041003005447,MLBL,40,60,250,378.4,94600.0,2026-04-10,186003932,401,Creative Securities Pvt Ltd,Nagarik Stock Dealer ,2026-04-10T13:57:51.32334,Mahalaxmi Bikas Bank Ltd.
2026041003005448,MLBL,38,60,100,378.2,37820.0,2026-04-10,186003934,401,Dipshikha Dhitopatra Karobar Co. Pvt Ltd.,Nagarik Stock Dealer ,2026-04-10T13:57:51.323432,Mahalaxmi Bikas Bank Ltd.
2026041003005449,MLBL,3,60,383,378.1,144812.3,2026-04-10,186003936,401,Arun Securities (PVT) Ltd.,Nagarik Stock Dealer ,2026-04-10T13:57:51.323496,Mahalaxmi Bikas Bank Ltd.
2026041003005450,MLBL,29,60,267,378.1,100952.7,2026-04-10,186003937,401,Trisul Securities & Invt. Ltd.,Nagarik Stock Dealer ,2026-04-10T13:57:51.32356,Mahalaxmi Bikas Bank Ltd.
2026041003005474,MLBL,29,49,33,378.1,12477.3,2026-04-10,186004339,401,Trisul Securities & Invt. Ltd.,Online Securities Pvt. Ltd.,2026-04-10T13:58:14.210094,Mahalaxmi Bikas Bank Ltd.
2026041003005582,MLBL,33,1,50,378.2,18910.0,2026-04-10,186006281,401,Dakshinkali Investment & Securities Pvt. Ltd.,Kumari Securities Private Limited,2026-04-10T14:00:51.975933,Mahalaxmi Bikas Bank Ltd.
2026041003005659,MLBL,49,7,50,380.0,19000.0,2026-04-10,186007531,401,Online Securities Pvt. Ltd.,J.F. Securites (PVT) Ltd.,2026-04-10T14:02:42.33516,Mahalaxmi Bikas Bank Ltd.
2026041003005660,MLBL,49,34,250,381.0,95250.0,2026-04-10,186007534,401,Online Securities Pvt. Ltd.,Vision Securities Pvt. Ltd,2026-04-10T14:02:42.335427,Mahalaxmi Bikas Bank Ltd.
2026041003005678,MLBL,33,84,50,378.2,18910.0,2026-04-10,186007848,401,Dakshinkali Investment & Securities Pvt. Ltd.,MILKY WAY SHARE BROKER COMPANY LTD ,2026-04-10T14:03:25.80849,Mahalaxmi Bikas Bank Ltd.
2026041003005679,MLBL,29,84,430,378.1,162583.0,2026-04-10,186007850,401,Trisul Securities & Invt. Ltd.,MILKY WAY SHARE BROKER COMPANY LTD ,2026-04-10T14:03:25.808777,Mahalaxmi Bikas Bank Ltd.
2026041003005680,MLBL,6,84,100,376.5,37650.0,2026-04-10,186007852,401,Agrawal Securities (PVT) Ltd.,MILKY WAY SHARE BROKER COMPANY LTD ,2026-04-10T14:03:25.808964,Mahalaxmi Bikas Bank Ltd.
2026041003005681,MLBL,38,84,50,376.5,18825.0,2026-04-10,186007854,401,Dipshikha Dhitopatra Karobar Co. Pvt Ltd.,MILKY WAY SHARE BROKER COMPANY LTD ,2026-04-10T14:03:25.809164,Mahalaxmi Bikas Bank Ltd.
2026041003005682,MLBL,49,84,200,376.5,75300.0,2026-04-10,186007856,401,Online Securities Pvt. Ltd.,MILKY WAY SHARE BROKER COMPANY LTD ,2026-04-10T14:03:25.809357,Mahalaxmi Bikas Bank Ltd.
2026041003005683,MLBL,3,84,1000,376.4,376400.0,2026-04-10,186007858,401,Arun Securities (PVT) Ltd.,MILKY WAY SHARE BROKER COMPANY LTD ,2026-04-10T14:03:25.809536,Mahalaxmi Bikas Bank Ltd.
2026041003005684,MLBL,4,84,270,376.3,101601.0,2026-04-10,186007859,401,Opal Securities Investment (PVT) Ltd.,MILKY WAY SHARE BROKER COMPANY LTD ,2026-04-10T14:03:25.809712,Mahalaxmi Bikas Bank Ltd.
2026041003005694,MLBL,4,51,12,376.3,4515.6,2026-04-10,186008219,401,Opal Securities Investment (PVT) Ltd.,Oxford Securities Pvt. Ltd.,2026-04-10T14:03:53.156659,Mahalaxmi Bikas Bank Ltd.
2026041003005707,MLBL,34,34,104,380.0,39520.0,2026-04-10,186008563,401,Vision Securities Pvt. Ltd,Vision Securities Pvt. Ltd,2026-04-10T14:04:27.272919,Mahalaxmi Bikas Bank Ltd.
2026041003005711,MLBL,34,1,150,380.0,57000.0,2026-04-10,186008667,401,Vision Securities Pvt. Ltd,Kumari Securities Private Limited,2026-04-10T14:04:42.38497,Mahalaxmi Bikas Bank Ltd.
2026041003005754,MLBL,34,74,11,380.0,4180.0,2026-04-10,186009593,401,Vision Securities Pvt. Ltd,KALASH STOCK MARKET PVT. LTD.,2026-04-10T14:06:35.39981,Mahalaxmi Bikas Bank Ltd.
2026041003005958,MLBL,34,19,100,380.0,38000.0,2026-04-10,186013563,401,Vision Securities Pvt. Ltd,Nepal Investment And Securities Trading Private Limited,2026-04-10T14:15:05.777988,Mahalaxmi Bikas Bank Ltd.
2026041003006006,MLBL,50,92,91,381.0,34671.0,2026-04-10,186014272,401,Cristal Kanchanjanga Securites Pvt. Ltd.,Roadshow securities limited,2026-04-10T14:16:34.503203,Mahalaxmi Bikas Bank Ltd.
2026041003006007,MLBL,34,92,17,380.0,6460.0,2026-04-10,186014273,401,Vision Securities Pvt. Ltd,Roadshow securities limited,2026-04-10T14:16:34.503236,Mahalaxmi Bikas Bank Ltd.
2026041003006165,MLBL,47,19,10,381.0,3810.0,2026-04-10,186015821,401,Neev Securities Pvt. Ltd.,Nepal Investment And Securities Trading Private Limited,2026-04-10T14:19:00.201826,Mahalaxmi Bikas Bank Ltd.
2026041003006364,MLBL,34,19,44,380.0,16720.0,2026-04-10,186019423,401,Vision Securities Pvt. Ltd,Nepal Investment And Securities Trading Private Limited,2026-04-10T14:24:03.70523,Mahalaxmi Bikas Bank Ltd.
2026041003006863,MLBL,83,32,48,380.0,18240.0,2026-04-10,186027654,401,Sanima Securities Limited,Premier Securities Company Ltd.,2026-04-10T14:35:28.001966,Mahalaxmi Bikas Bank Ltd.
2026041003006959,MLBL,1,32,452,380.0,171760.0,2026-04-10,186029917,401,Kumari Securities Private Limited,Premier Securities Company Ltd.,2026-04-10T14:38:22.193962,Mahalaxmi Bikas Bank Ltd.
2026041003006960,MLBL,1,29,500,380.0,190000.0,2026-04-10,186029919,401,Kumari Securities Private Limited,Trisul Securities & Invt. Ltd.,2026-04-10T14:38:22.194135,Mahalaxmi Bikas Bank Ltd.
2026041003007056,MLBL,1,38,43,380.0,16340.0,2026-04-10,186031405,401,Kumari Securities Private Limited,Dipshikha Dhitopatra Karobar Co. Pvt Ltd.,2026-04-10T14:40:11.252999,Mahalaxmi Bikas Bank Ltd.
2026041003007172,MLBL,45,38,30,380.0,11400.0,2026-04-10,186033957,401,Imperial Securities Company Pvt. Ltd.,Dipshikha Dhitopatra Karobar Co. Pvt Ltd.,2026-04-10T14:43:23.389443,Mahalaxmi Bikas Bank Ltd.
2026041003007174,MLBL,45,34,20,380.0,7600.0,2026-04-10,186034042,401,Imperial Securities Company Pvt. Ltd.,Vision Securities Pvt. Ltd,2026-04-10T14:43:28.252729,Mahalaxmi Bikas Bank Ltd.
2026041003007288,MLBL,59,32,35,379.0,13265.0,2026-04-10,186036522,401,Deevyaa Securities & Stock House Pvt. Ltd,Premier Securities Company Ltd.,2026-04-10T14:45:39.551235,Mahalaxmi Bikas Bank Ltd.
2026041003007289,MLBL,1,32,965,378.0,364770.0,2026-04-10,186036523,401,Kumari Securities Private Limited,Premier Securities Company Ltd.,2026-04-10T14:45:39.551378,Mahalaxmi Bikas Bank Ltd.
2026041003007353,MLBL,1,21,40,378.0,15120.0,2026-04-10,186038023,401,Kumari Securities Private Limited,Midas Stock Broking Company Private Limited,2026-04-10T14:46:51.54272,Mahalaxmi Bikas Bank Ltd.
2026041003007354,MLBL,11,21,10,378.0,3780.0,2026-04-10,186038025,401,Malla & Malla Stock Broking Company Pvt. Limited,Midas Stock Broking Company Private Limited,2026-04-10T14:46:51.543014,Mahalaxmi Bikas Bank Ltd.
2026041003007371,MLBL,11,21,20,378.0,7560.0,2026-04-10,186038317,401,Malla & Malla Stock Broking Company Pvt. Limited,Midas Stock Broking Company Private Limited,2026-04-10T14:47:08.520438,Mahalaxmi Bikas Bank Ltd.
2026041003007728,MLBL,41,57,10,377.6,3776.0,2026-04-10,186044821,401,Linch Stock Market Ltd.,Aryatara Investment & Securities,2026-04-10T14:52:29.8872,Mahalaxmi Bikas Bank Ltd.
2026041003007741,MLBL,1,59,5,380.0,1900.0,2026-04-10,186045072,401,Kumari Securities Private Limited,Deevyaa Securities & Stock House Pvt. Ltd,2026-04-10T14:52:42.322183,Mahalaxmi Bikas Bank Ltd.
2026041003007865,MLBL,41,41,112,377.6,42291.2,2026-04-10,186047166,401,Linch Stock Market Ltd.,Linch Stock Market Ltd.,2026-04-10T14:53:57.62476,Mahalaxmi Bikas Bank Ltd.
2026041003007866,MLBL,29,41,438,377.6,165388.8,2026-04-10,186047167,401,Trisul Securities & Invt. Ltd.,Linch Stock Market Ltd.,2026-04-10T14:53:57.624827,Mahalaxmi Bikas Bank Ltd.
2026041003007886,MLBL,29,42,28,377.6,10572.8,2026-04-10,186047289,401,Trisul Securities & Invt. Ltd.,Sani Securities Company Ltd.,2026-04-10T14:54:02.530142,Mahalaxmi Bikas Bank Ltd.
2026041003007953,MLBL,29,74,500,377.6,188800.0,2026-04-10,186048359,401,Trisul Securities & Invt. Ltd.,KALASH STOCK MARKET PVT. LTD.,2026-04-10T14:54:47.299791,Mahalaxmi Bikas Bank Ltd.
2026041003008149,MLBL,22,26,84,377.7,31726.8,2026-04-10,186052024,401,Siprabi Securities Pvt. Ltd.,Asian Securities Private Ltd.,2026-04-10T14:56:55.902635,Mahalaxmi Bikas Bank Ltd.
2026041003008150,MLBL,29,26,334,377.6,126118.4,2026-04-10,186052026,401,Trisul Securities & Invt. Ltd.,Asian Securities Private Ltd.,2026-04-10T14:56:55.9028,Mahalaxmi Bikas Bank Ltd.
2026041003008151,MLBL,38,26,100,377.5,37750.0,2026-04-10,186052028,401,Dipshikha Dhitopatra Karobar Co. Pvt Ltd.,Asian Securities Private Ltd.,2026-04-10T14:56:55.902868,Mahalaxmi Bikas Bank Ltd.
2026041003008213,MLBL,40,18,300,377.4,113220.0,2026-04-10,186053316,401,Creative Securities Pvt Ltd,Sagarmatha Securities Private Limited,2026-04-10T14:57:32.757328,Mahalaxmi Bikas Bank Ltd.
2026041003008229,MLBL,54,18,100,377.4,37740.0,2026-04-10,186053602,401,Sewa Securities Pvt. Ltd.,Sagarmatha Securities Private Limited,2026-04-10T14:57:41.547957,Mahalaxmi Bikas Bank Ltd.
2026041003008230,MLBL,14,78,100,377.3,37730.0,2026-04-10,186053606,401,Nepal Stock House (PVT) Ltd.,Garima Securities Limited,2026-04-10T14:57:41.653061,Mahalaxmi Bikas Bank Ltd.
2026041003008231,MLBL,34,78,200,377.3,75460.0,2026-04-10,186053607,401,Vision Securities Pvt. Ltd,Garima Securities Limited,2026-04-10T14:57:41.653229,Mahalaxmi Bikas Bank Ltd.
2026041003008233,MLBL,38,18,100,377.4,37740.0,2026-04-10,186053668,401,Dipshikha Dhitopatra Karobar Co. Pvt Ltd.,Sagarmatha Securities Private Limited,2026-04-10T14:57:43.537501,Mahalaxmi Bikas Bank Ltd.
2026041003008310,MLBL,38,26,482,377.5,181955.0,2026-04-10,186055301,401,Dipshikha Dhitopatra Karobar Co. Pvt Ltd.,Asian Securities Private Ltd.,2026-04-10T14:58:27.070175,Mahalaxmi Bikas Bank Ltd.
2026041003008318,MLBL,38,41,288,377.5,108720.0,2026-04-10,186055592,401,Dipshikha Dhitopatra Karobar Co. Pvt Ltd.,Linch Stock Market Ltd.,2026-04-10T14:58:34.175057,Mahalaxmi Bikas Bank Ltd.
2026041003008319,MLBL,4,41,212,377.2,79966.4,2026-04-10,186055593,401,Opal Securities Investment (PVT) Ltd.,Linch Stock Market Ltd.,2026-04-10T14:58:34.175317,Mahalaxmi Bikas Bank Ltd.
2026041003008362,MLBL,54,41,18,377.3,6791.4,2026-04-10,186056213,401,Sewa Securities Pvt. Ltd.,Linch Stock Market Ltd.,2026-04-10T14:58:48.140416,Mahalaxmi Bikas Bank Ltd.
2026041003008516,MLBL,41,22,1000,377.4,377400.0,2026-04-10,186058632,401,Linch Stock Market Ltd.,Siprabi Securities Pvt. Ltd.,2026-04-10T14:59:28.768506,Mahalaxmi Bikas Bank Ltd.
2026041003008517,MLBL,54,22,500,377.3,188650.0,2026-04-10,186058634,401,Sewa Securities Pvt. Ltd.,Siprabi Securities Pvt. Ltd.,2026-04-10T14:59:28.768638,Mahalaxmi Bikas Bank Ltd.
2026041003008518,MLBL,4,22,3500,377.2,1320200.0,2026-04-10,186058635,401,Opal Securities Investment (PVT) Ltd.,Siprabi Securities Pvt. Ltd.,2026-04-10T14:59:28.768707,Mahalaxmi Bikas Bank Ltd.
2026041003008617,MLBL,48,35,11,379.9,4178.9,2026-04-10,186060088,401,Trishakti Securities Public Limited,Kohinoor Investment & Securities Pvt. Ltd.,2026-04-10T14:59:45.925484,Mahalaxmi Bikas Bank Ltd.
2026041003008679,MLBL,48,35,12,379.9,4558.8,2026-04-10,186061014,401,Trishakti Securities Public Limited,Kohinoor Investment & Securities Pvt. Ltd.,2026-04-10T14:59:56.089578,Mahalaxmi Bikas Bank Ltd.
2026041003008702,MLBL,11,32,100,377.5,37750.0,2026-04-10,186061784,401,Malla & Malla Stock Broking Company Pvt. Limited,Premier Securities Company Ltd.,2026-04-10T14:59:58.345286,Mahalaxmi Bikas Bank Ltd.
2026041003008703,MLBL,4,32,400,377.2,150880.0,2026-04-10,186061787,401,Opal Securities Investment (PVT) Ltd.,Premier Securities Company Ltd.,2026-04-10T14:59:58.345421,Mahalaxmi Bikas Bank Ltd.
