contract_id,symbol,buyer_member_id,seller_member_id,volume,price,amount,buyer_broker,seller_broker,transaction_time
2026041003000009,NABBC,95,62,10,1190.5,11905.0,Magnet Securities and Investment Company Private Limited,Capital Max Securities Ltd,2026-04-10T11:00:17.116878
2026041003000014,NABBC,62,34,10,1234.0,12340.0,Capital Max Securities Ltd,Vision Securities Pvt. Ltd,2026-04-10T11:01:05.689644
2026041003000015,NABBC,95,71,10,1190.5,11905.0,Magnet Securities and Investment Company Private Limited,SHUBHAKAMANA SECURITIES PVT. LTD,2026-04-10T11:01:07.270569
2026041003000018,NABBC,62,62,16800,1233.0,20714400.0,Capital Max Securities Ltd,Capital Max Securities Ltd,2026-04-10T11:01:17.055925
2026041003000023,NABBC,71,62,8000,1233.0,9864000.0,SHUBHAKAMANA SECURITIES PVT. LTD,Capital Max Securities Ltd,2026-04-10T11:01:19.162622
2026041003000025,NABBC,95,62,10,1190.5,11905.0,Magnet Securities and Investment Company Private Limited,Capital Max Securities Ltd,2026-04-10T11:01:21.236149
2026041003000034,NABBC,95,62,57,1190.5,67858.5,Magnet Securities and Investment Company Private Limited,Capital Max Securities Ltd,2026-04-10T11:01:48.529137
2026041003000074,NABBC,1,14,10,1214.0,12140.0,Kumari Securities Private Limited,Nepal Stock House (PVT) Ltd.,2026-04-10T11:02:55.847992
2026041003000075,NABBC,95,14,90,1190.5,107145.0,Magnet Securities and Investment Company Private Limited,Nepal Stock House (PVT) Ltd.,2026-04-10T11:02:55.848039
2026041003000118,NABBC,35,28,100,1200.0,120000.0,Kohinoor Investment & Securities Pvt. Ltd.,Shree Krishna Securities Ltd.,2026-04-10T11:05:19.101578
2026041003000129,NABBC,1,49,10,1213.8,12138.0,Kumari Securities Private Limited,Online Securities Pvt. Ltd.,2026-04-10T11:05:46.947903
2026041003000156,NABBC,48,17,100,1200.0,120000.0,Trishakti Securities Public Limited,ABC Securities Private Limited,2026-04-10T11:07:09.273541
2026041003000188,NABBC,17,28,100,1200.0,120000.0,ABC Securities Private Limited,Shree Krishna Securities Ltd.,2026-04-10T11:09:14.455958
2026041003000346,NABBC,47,49,10,1200.0,12000.0,Neev Securities Pvt. Ltd.,Online Securities Pvt. Ltd.,2026-04-10T11:16:23.389645
2026041003000448,NABBC,48,4,20,1196.0,23920.0,Trishakti Securities Public Limited,Opal Securities Investment (PVT) Ltd.,2026-04-10T11:21:14.988267
2026041003000480,NABBC,62,62,255,1200.0,306000.0,Capital Max Securities Ltd,Capital Max Securities Ltd,2026-04-10T11:22:24.569063
2026041003000515,NABBC,62,71,100,1200.0,120000.0,Capital Max Securities Ltd,SHUBHAKAMANA SECURITIES PVT. LTD,2026-04-10T11:23:43.996669
2026041003000570,NABBC,39,28,20,1205.0,24100.0,Sumeru Securities Pvt. Ltd.,Shree Krishna Securities Ltd.,2026-04-10T11:25:09.481219
2026041003000571,NABBC,39,75,50,1207.0,60350.0,Sumeru Securities Pvt. Ltd.,N.I.M.B. Stock Markets Limited,2026-04-10T11:25:09.481286
2026041003000572,NABBC,39,28,100,1209.0,120900.0,Sumeru Securities Pvt. Ltd.,Shree Krishna Securities Ltd.,2026-04-10T11:25:09.481323
2026041003000573,NABBC,39,41,30,1210.0,36300.0,Sumeru Securities Pvt. Ltd.,Linch Stock Market Ltd.,2026-04-10T11:25:09.481355
2026041003000625,NABBC,39,28,10,1213.8,12138.0,Sumeru Securities Pvt. Ltd.,Shree Krishna Securities Ltd.,2026-04-10T11:26:36.613065
2026041003000699,NABBC,45,17,50,1201.5,60075.0,Imperial Securities Company Pvt. Ltd.,ABC Securities Private Limited,2026-04-10T11:29:25.385547
2026041003000700,NABBC,33,17,45,1201.1,54049.5,Dakshinkali Investment & Securities Pvt. Ltd.,ABC Securities Private Limited,2026-04-10T11:29:25.385644
2026041003000701,NABBC,49,17,100,1201.0,120100.0,Online Securities Pvt. Ltd.,ABC Securities Private Limited,2026-04-10T11:29:25.385716
2026041003000702,NABBC,62,17,45,1200.0,54000.0,Capital Max Securities Ltd,ABC Securities Private Limited,2026-04-10T11:29:25.38579
2026041003000703,NABBC,89,17,10,1197.0,11970.0,Global IME Securities Limited,ABC Securities Private Limited,2026-04-10T11:29:25.385861
2026041003000704,NABBC,95,17,823,1195.1,983567.3,Magnet Securities and Investment Company Private Limited,ABC Securities Private Limited,2026-04-10T11:29:25.38593
2026041003000705,NABBC,62,17,200,1195.0,239000.0,Capital Max Securities Ltd,ABC Securities Private Limited,2026-04-10T11:29:25.386001
2026041003000706,NABBC,99,17,200,1195.0,239000.0,Prabhu Stock Market Limited,ABC Securities Private Limited,2026-04-10T11:29:25.386088
2026041003000707,NABBC,62,17,400,1193.0,477200.0,Capital Max Securities Ltd,ABC Securities Private Limited,2026-04-10T11:29:25.386157
2026041003000708,NABBC,29,17,20,1192.1,23842.0,Trisul Securities & Invt. Ltd.,ABC Securities Private Limited,2026-04-10T11:29:25.386228
2026041003000709,NABBC,8,17,20,1192.0,23840.0,Brilliant Securities Pvt. Ltd.,ABC Securities Private Limited,2026-04-10T11:29:25.386298
2026041003000710,NABBC,48,17,70,1192.0,83440.0,Trishakti Securities Public Limited,ABC Securities Private Limited,2026-04-10T11:29:25.386367
2026041003000711,NABBC,48,17,100,1192.0,119200.0,Trishakti Securities Public Limited,ABC Securities Private Limited,2026-04-10T11:29:25.386435
2026041003000712,NABBC,62,17,45,1192.0,53640.0,Capital Max Securities Ltd,ABC Securities Private Limited,2026-04-10T11:29:25.386501
2026041003000713,NABBC,71,17,500,1191.0,595500.0,SHUBHAKAMANA SECURITIES PVT. LTD,ABC Securities Private Limited,2026-04-10T11:29:25.386572
2026041003000714,NABBC,62,17,190,1190.0,226100.0,Capital Max Securities Ltd,ABC Securities Private Limited,2026-04-10T11:29:25.386639
2026041003000716,NABBC,21,71,50,1212.0,60600.0,Midas Stock Broking Company Private Limited,SHUBHAKAMANA SECURITIES PVT. LTD,2026-04-10T11:29:26.458167
2026041003000738,NABBC,21,21,10,1212.0,12120.0,Midas Stock Broking Company Private Limited,Midas Stock Broking Company Private Limited,2026-04-10T11:30:21.536141
2026041003000826,NABBC,18,20,500,1201.1,600550.0,Sagarmatha Securities Private Limited,Sipla Securities Private Limited,2026-04-10T11:34:08.072
2026041003001118,NABBC,74,20,200,1200.1,240020.0,KALASH STOCK MARKET PVT. LTD.,Sipla Securities Private Limited,2026-04-10T11:46:28.659
2026041003001232,NABBC,7,28,100,1208.4,120840.0,J.F. Securites (PVT) Ltd.,Shree Krishna Securities Ltd.,2026-04-10T11:52:21.531
2026041003001236,NABBC,7,28,20,1208.4,24168.0,J.F. Securites (PVT) Ltd.,Shree Krishna Securities Ltd.,2026-04-10T11:52:34.763
2026041003001320,NABBC,4,85,50,1198.0,59900.0,Opal Securities Investment (PVT) Ltd.,Capital Hub P. Ltd,2026-04-10T11:57:34.122
2026041003001321,NABBC,32,85,27,1197.0,32319.0,Premier Securities Company Ltd.,Capital Hub P. Ltd,2026-04-10T11:57:34.122
2026041003001465,NABBC,28,20,100,1205.0,120500.0,Shree Krishna Securities Ltd.,Sipla Securities Private Limited,2026-04-10T12:03:24.548268
2026041003001514,NABBC,28,20,50,1197.1,59855.0,Shree Krishna Securities Ltd.,Sipla Securities Private Limited,2026-04-10T12:05:32.804994
2026041003001651,NABBC,1,61,100,1197.2,119720.0,Kumari Securities Private Limited,BHOLE GANESH SECURITIES LTD,2026-04-10T12:09:04.31016
2026041003001652,NABBC,28,61,50,1197.1,59855.0,Shree Krishna Securities Ltd.,BHOLE GANESH SECURITIES LTD,2026-04-10T12:09:04.310342
2026041003001761,NABBC,28,49,50,1197.1,59855.0,Shree Krishna Securities Ltd.,Online Securities Pvt. Ltd.,2026-04-10T12:11:24.609314
2026041003001762,NABBC,32,49,133,1197.0,159201.0,Premier Securities Company Ltd.,Online Securities Pvt. Ltd.,2026-04-10T12:11:24.609405
2026041003001968,NABBC,28,49,50,1196.0,59800.0,Shree Krishna Securities Ltd.,Online Securities Pvt. Ltd.,2026-04-10T12:14:12.81194
2026041003001969,NABBC,22,49,20,1195.1,23902.0,Siprabi Securities Pvt. Ltd.,Online Securities Pvt. Ltd.,2026-04-10T12:14:12.812041
2026041003001970,NABBC,33,49,50,1194.0,59700.0,Dakshinkali Investment & Securities Pvt. Ltd.,Online Securities Pvt. Ltd.,2026-04-10T12:14:12.812093
2026041003001971,NABBC,58,49,20,1193.1,23862.0,Naasa Securities Co. Ltd.,Online Securities Pvt. Ltd.,2026-04-10T12:14:12.812131
2026041003001972,NABBC,45,49,33,1193.1,39372.3,Imperial Securities Company Pvt. Ltd.,Online Securities Pvt. Ltd.,2026-04-10T12:14:12.812172
2026041003001973,NABBC,39,49,100,1191.0,119100.0,Sumeru Securities Pvt. Ltd.,Online Securities Pvt. Ltd.,2026-04-10T12:14:12.812217
2026041003001974,NABBC,48,49,100,1190.1,119010.0,Trishakti Securities Public Limited,Online Securities Pvt. Ltd.,2026-04-10T12:14:12.812255
2026041003001975,NABBC,38,49,150,1190.1,178515.0,Dipshikha Dhitopatra Karobar Co. Pvt Ltd.,Online Securities Pvt. Ltd.,2026-04-10T12:14:12.81229
2026041003001976,NABBC,62,49,294,1190.0,349860.0,Capital Max Securities Ltd,Online Securities Pvt. Ltd.,2026-04-10T12:14:12.812328
2026041003002027,NABBC,62,28,50,1190.0,59500.0,Capital Max Securities Ltd,Shree Krishna Securities Ltd.,2026-04-10T12:15:29.267331
2026041003002241,NABBC,62,20,400,1190.0,476000.0,Capital Max Securities Ltd,Sipla Securities Private Limited,2026-04-10T12:18:47.55315
2026041003002398,NABBC,62,34,43,1190.0,51170.0,Capital Max Securities Ltd,Vision Securities Pvt. Ltd,2026-04-10T12:21:02.559904
2026041003002413,NABBC,62,58,10,1190.0,11900.0,Capital Max Securities Ltd,Naasa Securities Co. Ltd.,2026-04-10T12:21:35.217197
2026041003002572,NABBC,62,54,13,1190.0,15470.0,Capital Max Securities Ltd,Sewa Securities Pvt. Ltd.,2026-04-10T12:23:25.036543
2026041003002573,NABBC,22,54,17,1190.0,20230.0,Siprabi Securities Pvt. Ltd.,Sewa Securities Pvt. Ltd.,2026-04-10T12:23:25.036626
2026041003002669,NABBC,39,25,10,1191.0,11910.0,Sumeru Securities Pvt. Ltd.,Sweta Securities Private Limited,2026-04-10T12:24:50.289991
2026041003003005,NABBC,71,58,10,1205.0,12050.0,SHUBHAKAMANA SECURITIES PVT. LTD,Naasa Securities Co. Ltd.,2026-04-10T12:31:55.356017
2026041003003079,NABBC,34,20,10,1205.0,12050.0,Vision Securities Pvt. Ltd,Sipla Securities Private Limited,2026-04-10T12:33:32.437798
2026041003003424,NABBC,58,42,69,1195.0,82455.0,Naasa Securities Co. Ltd.,Sani Securities Company Ltd.,2026-04-10T12:44:34.479494
2026041003003425,NABBC,39,42,40,1191.0,47640.0,Sumeru Securities Pvt. Ltd.,Sani Securities Company Ltd.,2026-04-10T12:44:34.479702
2026041003003426,NABBC,39,42,20,1191.0,23820.0,Sumeru Securities Pvt. Ltd.,Sani Securities Company Ltd.,2026-04-10T12:44:34.479818
2026041003003427,NABBC,22,42,23,1190.0,27370.0,Siprabi Securities Pvt. Ltd.,Sani Securities Company Ltd.,2026-04-10T12:44:34.479932
2026041003003428,NABBC,67,42,50,1190.0,59500.0,Property Wiard Limited,Sani Securities Company Ltd.,2026-04-10T12:44:34.480073
2026041003003429,NABBC,99,42,100,1190.0,119000.0,Prabhu Stock Market Limited,Sani Securities Company Ltd.,2026-04-10T12:44:34.480194
2026041003003430,NABBC,22,42,20,1190.0,23800.0,Siprabi Securities Pvt. Ltd.,Sani Securities Company Ltd.,2026-04-10T12:44:34.480302
2026041003003431,NABBC,58,42,15,1186.1,17791.5,Naasa Securities Co. Ltd.,Sani Securities Company Ltd.,2026-04-10T12:44:34.480409
2026041003003432,NABBC,64,42,21,1186.0,24906.0,SUN SECURITIES PVT LTD,Sani Securities Company Ltd.,2026-04-10T12:44:34.480513
2026041003003606,NABBC,20,20,100,1200.0,120000.0,Sipla Securities Private Limited,Sipla Securities Private Limited,2026-04-10T12:50:50.657815
2026041003003642,NABBC,58,33,10,1204.9,12049.0,Naasa Securities Co. Ltd.,Dakshinkali Investment & Securities Pvt. Ltd.,2026-04-10T12:52:56.556552
2026041003003887,NABBC,64,20,129,1186.0,152994.0,SUN SECURITIES PVT LTD,Sipla Securities Private Limited,2026-04-10T13:07:05.461675
2026041003003888,NABBC,99,20,55,1186.0,65230.0,Prabhu Stock Market Limited,Sipla Securities Private Limited,2026-04-10T13:07:05.461812
2026041003003889,NABBC,47,20,16,1186.0,18976.0,Neev Securities Pvt. Ltd.,Sipla Securities Private Limited,2026-04-10T13:07:05.461858
2026041003004021,NABBC,41,11,10,1186.2,11862.0,Linch Stock Market Ltd.,Malla & Malla Stock Broking Company Pvt. Limited,2026-04-10T13:13:35.430004
2026041003004022,NABBC,48,11,100,1186.2,118620.0,Trishakti Securities Public Limited,Malla & Malla Stock Broking Company Pvt. Limited,2026-04-10T13:13:35.430118
2026041003004035,NABBC,34,11,130,1186.2,154206.0,Vision Securities Pvt. Ltd,Malla & Malla Stock Broking Company Pvt. Limited,2026-04-10T13:14:25.115797
2026041003004071,NABBC,21,17,40,1186.3,47452.0,Midas Stock Broking Company Private Limited,ABC Securities Private Limited,2026-04-10T13:15:55.721528
2026041003004072,NABBC,34,17,70,1186.2,83034.0,Vision Securities Pvt. Ltd,ABC Securities Private Limited,2026-04-10T13:15:55.721621
2026041003004073,NABBC,22,17,100,1186.0,118600.0,Siprabi Securities Pvt. Ltd.,ABC Securities Private Limited,2026-04-10T13:15:55.721649
2026041003004074,NABBC,22,17,90,1186.0,106740.0,Siprabi Securities Pvt. Ltd.,ABC Securities Private Limited,2026-04-10T13:15:55.721669
2026041003004115,NABBC,58,17,30,1186.0,35580.0,Naasa Securities Co. Ltd.,ABC Securities Private Limited,2026-04-10T13:19:01.488836
2026041003004116,NABBC,40,17,30,1185.8,35574.0,Creative Securities Pvt Ltd,ABC Securities Private Limited,2026-04-10T13:19:01.489073
2026041003004117,NABBC,6,17,100,1181.0,118100.0,Agrawal Securities (PVT) Ltd.,ABC Securities Private Limited,2026-04-10T13:19:01.489208
2026041003004118,NABBC,21,17,40,1180.0,47200.0,Midas Stock Broking Company Private Limited,ABC Securities Private Limited,2026-04-10T13:19:01.489335
2026041003004124,NABBC,21,17,10,1180.0,11800.0,Midas Stock Broking Company Private Limited,ABC Securities Private Limited,2026-04-10T13:19:14.826206
2026041003004125,NABBC,1,17,50,1180.0,59000.0,Kumari Securities Private Limited,ABC Securities Private Limited,2026-04-10T13:19:14.826394
2026041003004126,NABBC,17,17,200,1180.0,236000.0,ABC Securities Private Limited,ABC Securities Private Limited,2026-04-10T13:19:14.82651
2026041003004128,NABBC,95,11,30,1178.0,35340.0,Magnet Securities and Investment Company Private Limited,Malla & Malla Stock Broking Company Pvt. Limited,2026-04-10T13:19:27.295385
2026041003004132,NABBC,95,11,20,1178.0,23560.0,Magnet Securities and Investment Company Private Limited,Malla & Malla Stock Broking Company Pvt. Limited,2026-04-10T13:19:48.132929
2026041003004133,NABBC,4,11,80,1178.0,94240.0,Opal Securities Investment (PVT) Ltd.,Malla & Malla Stock Broking Company Pvt. Limited,2026-04-10T13:19:48.133131
2026041003004704,NABBC,1,21,10,1196.7,11967.0,Kumari Securities Private Limited,Midas Stock Broking Company Private Limited,2026-04-10T13:38:50.618321
2026041003004738,NABBC,35,21,20,1196.7,23934.0,Kohinoor Investment & Securities Pvt. Ltd.,Midas Stock Broking Company Private Limited,2026-04-10T13:39:44.700093
2026041003004739,NABBC,35,20,50,1197.0,59850.0,Kohinoor Investment & Securities Pvt. Ltd.,Sipla Securities Private Limited,2026-04-10T13:39:44.70033
2026041003004754,NABBC,33,49,10,1187.0,11870.0,Dakshinkali Investment & Securities Pvt. Ltd.,Online Securities Pvt. Ltd.,2026-04-10T13:39:58.047081
2026041003004755,NABBC,33,49,10,1186.0,11860.0,Dakshinkali Investment & Securities Pvt. Ltd.,Online Securities Pvt. Ltd.,2026-04-10T13:39:58.047187
2026041003004756,NABBC,17,49,99,1185.0,117315.0,ABC Securities Private Limited,Online Securities Pvt. Ltd.,2026-04-10T13:39:58.047266
2026041003004761,NABBC,49,49,10,1187.5,11875.0,Online Securities Pvt. Ltd.,Online Securities Pvt. Ltd.,2026-04-10T13:40:28.602289
2026041003004762,NABBC,47,49,11,1183.0,13013.0,Neev Securities Pvt. Ltd.,Online Securities Pvt. Ltd.,2026-04-10T13:40:28.602428
2026041003004763,NABBC,4,49,39,1182.0,46098.0,Opal Securities Investment (PVT) Ltd.,Online Securities Pvt. Ltd.,2026-04-10T13:40:28.602474
2026041003004764,NABBC,1,49,60,1180.2,70812.0,Kumari Securities Private Limited,Online Securities Pvt. Ltd.,2026-04-10T13:40:28.602501
2026041003004765,NABBC,34,49,50,1180.1,59005.0,Vision Securities Pvt. Ltd,Online Securities Pvt. Ltd.,2026-04-10T13:40:28.602532
2026041003004766,NABBC,34,49,30,1180.0,35400.0,Vision Securities Pvt. Ltd,Online Securities Pvt. Ltd.,2026-04-10T13:40:28.602572
2026041003004773,NABBC,34,49,370,1180.0,436600.0,Vision Securities Pvt. Ltd,Online Securities Pvt. Ltd.,2026-04-10T13:40:54.182906
2026041003004774,NABBC,58,49,15,1180.0,17700.0,Naasa Securities Co. Ltd.,Online Securities Pvt. Ltd.,2026-04-10T13:40:54.183064
2026041003004775,NABBC,45,49,100,1180.0,118000.0,Imperial Securities Company Pvt. Ltd.,Online Securities Pvt. Ltd.,2026-04-10T13:40:54.18314
2026041003004776,NABBC,46,49,50,1179.0,58950.0,Kalika Securities Pvt. Ltd.,Online Securities Pvt. Ltd.,2026-04-10T13:40:54.183239
2026041003004777,NABBC,1,49,50,1178.3,58915.0,Kumari Securities Private Limited,Online Securities Pvt. Ltd.,2026-04-10T13:40:54.18332
2026041003004778,NABBC,21,49,40,1178.1,47124.0,Midas Stock Broking Company Private Limited,Online Securities Pvt. Ltd.,2026-04-10T13:40:54.183472
2026041003004779,NABBC,58,49,46,1178.1,54192.6,Naasa Securities Co. Ltd.,Online Securities Pvt. Ltd.,2026-04-10T13:40:54.183535
2026041003004784,NABBC,58,49,10,1178.1,11781.0,Naasa Securities Co. Ltd.,Online Securities Pvt. Ltd.,2026-04-10T13:41:13.966243
2026041003004836,NABBC,71,34,10,1197.8,11978.0,SHUBHAKAMANA SECURITIES PVT. LTD,Vision Securities Pvt. Ltd,2026-04-10T13:42:42.720431
2026041003005038,NABBC,17,34,68,1197.8,81450.4,ABC Securities Private Limited,Vision Securities Pvt. Ltd,2026-04-10T13:48:29.00682
2026041003005039,NABBC,17,20,33,1198.0,39534.0,ABC Securities Private Limited,Sipla Securities Private Limited,2026-04-10T13:48:29.006947
2026041003005210,NABBC,69,20,60,1198.0,71880.0,INDEX SECURITIES LIMITED,Sipla Securities Private Limited,2026-04-10T13:52:40.062711
2026041003005212,NABBC,69,20,90,1200.0,108000.0,INDEX SECURITIES LIMITED,Sipla Securities Private Limited,2026-04-10T13:52:44.562251
2026041003005213,NABBC,69,58,10,1200.0,12000.0,INDEX SECURITIES LIMITED,Naasa Securities Co. Ltd.,2026-04-10T13:52:44.562373
2026041003006001,NABBC,17,20,200,1195.0,239000.0,ABC Securities Private Limited,Sipla Securities Private Limited,2026-04-10T14:16:09.440001
2026041003006122,NABBC,17,20,100,1195.0,119500.0,ABC Securities Private Limited,Sipla Securities Private Limited,2026-04-10T14:18:32.165959
2026041003006428,NABBC,45,20,30,1195.0,35850.0,Imperial Securities Company Pvt. Ltd.,Sipla Securities Private Limited,2026-04-10T14:25:30.934404
2026041003006851,NABBC,74,58,41,1190.0,48790.0,KALASH STOCK MARKET PVT. LTD.,Naasa Securities Co. Ltd.,2026-04-10T14:35:13.491791
2026041003006888,NABBC,58,58,10,1190.0,11900.0,Naasa Securities Co. Ltd.,Naasa Securities Co. Ltd.,2026-04-10T14:35:55.272095
2026041003006889,NABBC,88,58,30,1189.1,35673.0,Blue Chip Securities Ltd,Naasa Securities Co. Ltd.,2026-04-10T14:35:55.27231
2026041003007001,NABBC,88,53,100,1189.1,118910.0,Blue Chip Securities Ltd,Investment Management Nepal Pvt. Ltd.,2026-04-10T14:38:58.490658
2026041003007014,NABBC,88,47,10,1189.1,11891.0,Blue Chip Securities Ltd,Neev Securities Pvt. Ltd.,2026-04-10T14:39:21.54822
2026041003007187,NABBC,6,77,58,1190.0,69020.0,Agrawal Securities (PVT) Ltd.,Nabil Stock Dealer Ltd.,2026-04-10T14:43:49.363296
2026041003007280,NABBC,42,77,45,1190.0,53550.0,Sani Securities Company Ltd.,Nabil Stock Dealer Ltd.,2026-04-10T14:45:27.849687
2026041003007473,NABBC,58,20,40,1190.0,47600.0,Naasa Securities Co. Ltd.,Sipla Securities Private Limited,2026-04-10T14:48:45.687388
2026041003007474,NABBC,88,20,60,1189.1,71346.0,Blue Chip Securities Ltd,Sipla Securities Private Limited,2026-04-10T14:48:45.687527
2026041003007707,NABBC,7,20,10,1189.0,11890.0,J.F. Securites (PVT) Ltd.,Sipla Securities Private Limited,2026-04-10T14:52:21.094648
2026041003007873,NABBC,69,71,500,1181.1,590550.0,INDEX SECURITIES LIMITED,SHUBHAKAMANA SECURITIES PVT. LTD,2026-04-10T14:54:01.74379
2026041003007874,NABBC,47,71,13,1181.0,15353.0,Neev Securities Pvt. Ltd.,SHUBHAKAMANA SECURITIES PVT. LTD,2026-04-10T14:54:01.743849
2026041003007875,NABBC,6,71,200,1181.0,236200.0,Agrawal Securities (PVT) Ltd.,SHUBHAKAMANA SECURITIES PVT. LTD,2026-04-10T14:54:01.743877
2026041003007876,NABBC,28,71,50,1180.0,59000.0,Shree Krishna Securities Ltd.,SHUBHAKAMANA SECURITIES PVT. LTD,2026-04-10T14:54:01.743902
2026041003007877,NABBC,21,71,50,1180.0,59000.0,Midas Stock Broking Company Private Limited,SHUBHAKAMANA SECURITIES PVT. LTD,2026-04-10T14:54:01.743927
2026041003007878,NABBC,34,71,100,1180.0,118000.0,Vision Securities Pvt. Ltd,SHUBHAKAMANA SECURITIES PVT. LTD,2026-04-10T14:54:01.743947
2026041003007879,NABBC,42,71,25,1180.0,29500.0,Sani Securities Company Ltd.,SHUBHAKAMANA SECURITIES PVT. LTD,2026-04-10T14:54:01.743992
2026041003007880,NABBC,51,71,20,1180.0,23600.0,Oxford Securities Pvt. Ltd.,SHUBHAKAMANA SECURITIES PVT. LTD,2026-04-10T14:54:01.744092
2026041003007881,NABBC,49,71,20,1180.0,23600.0,Online Securities Pvt. Ltd.,SHUBHAKAMANA SECURITIES PVT. LTD,2026-04-10T14:54:01.744113
2026041003007882,NABBC,4,71,200,1180.0,236000.0,Opal Securities Investment (PVT) Ltd.,SHUBHAKAMANA SECURITIES PVT. LTD,2026-04-10T14:54:01.744134
2026041003007883,NABBC,3,71,250,1180.0,295000.0,Arun Securities (PVT) Ltd.,SHUBHAKAMANA SECURITIES PVT. LTD,2026-04-10T14:54:01.744175
2026041003007884,NABBC,21,71,10,1179.3,11793.0,Midas Stock Broking Company Private Limited,SHUBHAKAMANA SECURITIES PVT. LTD,2026-04-10T14:54:01.744198
2026041003007915,NABBC,58,6,70,1178.1,82467.0,Naasa Securities Co. Ltd.,Agrawal Securities (PVT) Ltd.,2026-04-10T14:54:17.826309
2026041003007916,NABBC,35,6,247,1178.1,290990.7,Kohinoor Investment & Securities Pvt. Ltd.,Agrawal Securities (PVT) Ltd.,2026-04-10T14:54:17.826482
2026041003007938,NABBC,71,20,10,1189.0,11890.0,SHUBHAKAMANA SECURITIES PVT. LTD,Sipla Securities Private Limited,2026-04-10T14:54:36.440622
2026041003007988,NABBC,49,35,35,1188.0,41580.0,Online Securities Pvt. Ltd.,Kohinoor Investment & Securities Pvt. Ltd.,2026-04-10T14:55:17.294315
2026041003008227,NABBC,42,6,10,1181.0,11810.0,Sani Securities Company Ltd.,Agrawal Securities (PVT) Ltd.,2026-04-10T14:57:40.28974
2026041003008469,NABBC,58,35,20,1182.1,23642.0,Naasa Securities Co. Ltd.,Kohinoor Investment & Securities Pvt. Ltd.,2026-04-10T14:59:17.308879
2026041003008470,NABBC,62,35,240,1182.0,283680.0,Capital Max Securities Ltd,Kohinoor Investment & Securities Pvt. Ltd.,2026-04-10T14:59:17.308982
2026041003008488,NABBC,69,35,40,1182.0,47280.0,INDEX SECURITIES LIMITED,Kohinoor Investment & Securities Pvt. Ltd.,2026-04-10T14:59:22.087645
2026041003008489,NABBC,69,20,80,1189.0,95120.0,INDEX SECURITIES LIMITED,Sipla Securities Private Limited,2026-04-10T14:59:22.087713
2026041003008490,NABBC,69,77,87,1194.9,103956.3,INDEX SECURITIES LIMITED,Nabil Stock Dealer Ltd.,2026-04-10T14:59:22.087756
2026041003008491,NABBC,69,20,70,1195.0,83650.0,INDEX SECURITIES LIMITED,Sipla Securities Private Limited,2026-04-10T14:59:22.087786
2026041003008492,NABBC,69,57,10,1199.0,11990.0,INDEX SECURITIES LIMITED,Aryatara Investment & Securities,2026-04-10T14:59:22.087813
2026041003008493,NABBC,69,34,13,1199.6,15594.8,INDEX SECURITIES LIMITED,Vision Securities Pvt. Ltd,2026-04-10T14:59:22.087837
2026041003008589,NABBC,39,22,10,1199.0,11990.0,Sumeru Securities Pvt. Ltd.,Siprabi Securities Pvt. Ltd.,2026-04-10T14:59:42.766703
2026041003008689,NABBC,39,22,10,1199.0,11990.0,Sumeru Securities Pvt. Ltd.,Siprabi Securities Pvt. Ltd.,2026-04-10T14:59:57.063374
2026041003008707,NABBC,71,34,40,1199.6,47984.0,SHUBHAKAMANA SECURITIES PVT. LTD,Vision Securities Pvt. Ltd,2026-04-10T14:59:58.72026
