contractId,stockSymbol,buyerMemberId,sellerMemberId,quantity,rate,amount,businessDate,tradeBookId,stockId,buyerBrokerName,sellerBrokerName,transaction_time,securityName
2026041003000035,NFS,58,34,50,631.0,31550.0,2026-04-10,185887436,194,Naasa Securities Co. Ltd.,Vision Securities Pvt. Ltd,2026-04-10T11:02:01.05374,Nepal Finance Ltd.
2026041003000041,NFS,58,45,50,631.0,31550.0,2026-04-10,185887948,194,Naasa Securities Co. Ltd.,Imperial Securities Company Pvt. Ltd.,2026-04-10T11:02:21.780045,Nepal Finance Ltd.
2026041003000081,NFS,58,7,50,631.0,31550.0,2026-04-10,185888834,194,Naasa Securities Co. Ltd.,J.F. Securites (PVT) Ltd.,2026-04-10T11:03:22.861489,Nepal Finance Ltd.
2026041003000112,NFS,58,51,50,631.0,31550.0,2026-04-10,185890160,194,Naasa Securities Co. Ltd.,Oxford Securities Pvt. Ltd.,2026-04-10T11:05:05.623374,Nepal Finance Ltd.
2026041003000128,NFS,58,42,300,631.0,189300.0,2026-04-10,185890764,194,Naasa Securities Co. Ltd.,Sani Securities Company Ltd.,2026-04-10T11:05:45.697408,Nepal Finance Ltd.
2026041003000136,NFS,58,42,20,630.0,12600.0,2026-04-10,185891055,194,Naasa Securities Co. Ltd.,Sani Securities Company Ltd.,2026-04-10T11:06:04.968498,Nepal Finance Ltd.
2026041003000155,NFS,58,38,50,630.0,31500.0,2026-04-10,185892245,194,Naasa Securities Co. Ltd.,Dipshikha Dhitopatra Karobar Co. Pvt Ltd.,2026-04-10T11:07:08.541821,Nepal Finance Ltd.
2026041003000201,NFS,58,48,50,628.0,31400.0,2026-04-10,185895303,194,Naasa Securities Co. Ltd.,Trishakti Securities Public Limited,2026-04-10T11:10:13.389186,Nepal Finance Ltd.
2026041003000202,NFS,58,48,23,626.0,14398.0,2026-04-10,185895305,194,Naasa Securities Co. Ltd.,Trishakti Securities Public Limited,2026-04-10T11:10:13.389273,Nepal Finance Ltd.
2026041003000203,NFS,58,48,50,625.0,31250.0,2026-04-10,185895307,194,Naasa Securities Co. Ltd.,Trishakti Securities Public Limited,2026-04-10T11:10:13.389314,Nepal Finance Ltd.
2026041003000204,NFS,58,48,150,623.0,93450.0,2026-04-10,185895309,194,Naasa Securities Co. Ltd.,Trishakti Securities Public Limited,2026-04-10T11:10:13.38935,Nepal Finance Ltd.
2026041003000205,NFS,34,48,500,620.0,310000.0,2026-04-10,185895311,194,Vision Securities Pvt. Ltd,Trishakti Securities Public Limited,2026-04-10T11:10:13.389384,Nepal Finance Ltd.
2026041003000226,NFS,62,48,227,620.0,140740.0,2026-04-10,185896312,194,Capital Max Securities Ltd,Trishakti Securities Public Limited,2026-04-10T11:11:26.857822,Nepal Finance Ltd.
2026041003000467,NFS,44,45,100,621.0,62100.0,2026-04-10,185905986,194,Dynamic Money Managers Securities Pvt. Ltd.,Imperial Securities Company Pvt. Ltd.,2026-04-10T11:21:55.636759,Nepal Finance Ltd.
2026041003001033,NFS,53,58,664,620.6,412078.4,2026-04-10,186075861,194,Investment Management Nepal Pvt. Ltd.,Naasa Securities Co. Ltd.,2026-04-10T11:42:52.432,Nepal Finance Ltd.
2026041003001032,NFS,33,58,50,621.0,31050.0,2026-04-10,186067658,194,Dakshinkali Investment & Securities Pvt. Ltd.,Naasa Securities Co. Ltd.,2026-04-10T11:42:52.432,Nepal Finance Ltd.
2026041003001030,NFS,41,58,50,621.0,31050.0,2026-04-10,186068024,194,Linch Stock Market Ltd.,Naasa Securities Co. Ltd.,2026-04-10T11:42:52.432,Nepal Finance Ltd.
2026041003001029,NFS,28,58,225,621.1,139747.5,2026-04-10,186066813,194,Shree Krishna Securities Ltd.,Naasa Securities Co. Ltd.,2026-04-10T11:42:52.432,Nepal Finance Ltd.
2026041003001031,NFS,38,58,11,621.0,6831.0,2026-04-10,186071057,194,Dipshikha Dhitopatra Karobar Co. Pvt Ltd.,Naasa Securities Co. Ltd.,2026-04-10T11:42:52.432,Nepal Finance Ltd.
2026041003001213,NFS,58,51,50,621.0,31050.0,2026-04-10,186077865,194,Naasa Securities Co. Ltd.,Oxford Securities Pvt. Ltd.,2026-04-10T11:51:03.07,Nepal Finance Ltd.
2026041003001393,NFS,58,60,10,621.0,6210.0,2026-04-10,186077048,194,Naasa Securities Co. Ltd.,Nagarik Stock Dealer ,2026-04-10T12:00:24.984,Nepal Finance Ltd.
2026041003001508,NFS,58,49,40,621.0,24840.0,2026-04-10,185922646,194,Naasa Securities Co. Ltd.,Online Securities Pvt. Ltd.,2026-04-10T12:05:27.395652,Nepal Finance Ltd.
2026041003001509,NFS,58,49,49,621.0,30429.0,2026-04-10,185922648,194,Naasa Securities Co. Ltd.,Online Securities Pvt. Ltd.,2026-04-10T12:05:27.395853,Nepal Finance Ltd.
2026041003001510,NFS,42,49,11,621.0,6831.0,2026-04-10,185922649,194,Sani Securities Company Ltd.,Online Securities Pvt. Ltd.,2026-04-10T12:05:27.395978,Nepal Finance Ltd.
2026041003001516,NFS,42,62,84,621.0,52164.0,2026-04-10,185922771,194,Sani Securities Company Ltd.,Capital Max Securities Ltd,2026-04-10T12:05:38.925182,Nepal Finance Ltd.
2026041003001526,NFS,42,49,100,621.0,62100.0,2026-04-10,185922939,194,Sani Securities Company Ltd.,Online Securities Pvt. Ltd.,2026-04-10T12:05:51.416664,Nepal Finance Ltd.
2026041003001566,NFS,42,43,41,621.0,25461.0,2026-04-10,185923653,194,Sani Securities Company Ltd.,South Asian Bulls Pvt. Ltd.,2026-04-10T12:06:48.407251,Nepal Finance Ltd.
2026041003001855,NFS,35,49,98,621.1,60867.8,2026-04-10,185929324,194,Kohinoor Investment & Securities Pvt. Ltd.,Online Securities Pvt. Ltd.,2026-04-10T12:12:47.441874,Nepal Finance Ltd.
2026041003001856,NFS,42,49,264,621.0,163944.0,2026-04-10,185929326,194,Sani Securities Company Ltd.,Online Securities Pvt. Ltd.,2026-04-10T12:12:47.442126,Nepal Finance Ltd.
2026041003001857,NFS,49,49,50,621.0,31050.0,2026-04-10,185929328,194,Online Securities Pvt. Ltd.,Online Securities Pvt. Ltd.,2026-04-10T12:12:47.442265,Nepal Finance Ltd.
2026041003001858,NFS,57,49,88,621.0,54648.0,2026-04-10,185929329,194,Aryatara Investment & Securities,Online Securities Pvt. Ltd.,2026-04-10T12:12:47.442397,Nepal Finance Ltd.
2026041003001990,NFS,57,49,100,621.0,62100.0,2026-04-10,185931095,194,Aryatara Investment & Securities,Online Securities Pvt. Ltd.,2026-04-10T12:14:29.500932,Nepal Finance Ltd.
2026041003002213,NFS,57,8,280,621.0,173880.0,2026-04-10,185935277,194,Aryatara Investment & Securities,Brilliant Securities Pvt. Ltd.,2026-04-10T12:18:15.539938,Nepal Finance Ltd.
2026041003002225,NFS,57,49,32,621.0,19872.0,2026-04-10,185935724,194,Aryatara Investment & Securities,Online Securities Pvt. Ltd.,2026-04-10T12:18:36.89899,Nepal Finance Ltd.
2026041003002226,NFS,13,49,58,621.0,36018.0,2026-04-10,185935725,194,Thrive Brokerage House Pvt. Ltd,Online Securities Pvt. Ltd.,2026-04-10T12:18:36.899098,Nepal Finance Ltd.
2026041003002426,NFS,53,57,236,620.6,146461.6,2026-04-10,185939982,194,Investment Management Nepal Pvt. Ltd.,Aryatara Investment & Securities,2026-04-10T12:21:51.914529,Nepal Finance Ltd.
2026041003002427,NFS,48,57,100,620.5,62050.0,2026-04-10,185939984,194,Trishakti Securities Public Limited,Aryatara Investment & Securities,2026-04-10T12:21:51.914736,Nepal Finance Ltd.
2026041003002428,NFS,42,57,10,620.4,6204.0,2026-04-10,185939986,194,Sani Securities Company Ltd.,Aryatara Investment & Securities,2026-04-10T12:21:51.914873,Nepal Finance Ltd.
2026041003002429,NFS,42,57,20,620.3,12406.0,2026-04-10,185939988,194,Sani Securities Company Ltd.,Aryatara Investment & Securities,2026-04-10T12:21:51.915005,Nepal Finance Ltd.
2026041003002430,NFS,49,57,500,620.2,310100.0,2026-04-10,185939990,194,Online Securities Pvt. Ltd.,Aryatara Investment & Securities,2026-04-10T12:21:51.91515,Nepal Finance Ltd.
2026041003002431,NFS,74,57,500,620.1,310050.0,2026-04-10,185939992,194,KALASH STOCK MARKET PVT. LTD.,Aryatara Investment & Securities,2026-04-10T12:21:51.915303,Nepal Finance Ltd.
2026041003002432,NFS,4,57,40,620.0,24800.0,2026-04-10,185939994,194,Opal Securities Investment (PVT) Ltd.,Aryatara Investment & Securities,2026-04-10T12:21:51.915438,Nepal Finance Ltd.
2026041003002433,NFS,56,57,94,620.0,58280.0,2026-04-10,185939995,194,Sri Hari Securities Pvt. Ltd.,Aryatara Investment & Securities,2026-04-10T12:21:51.915562,Nepal Finance Ltd.
2026041003002526,NFS,34,44,500,620.0,310000.0,2026-04-10,185941257,194,Vision Securities Pvt. Ltd,Dynamic Money Managers Securities Pvt. Ltd.,2026-04-10T12:22:46.316236,Nepal Finance Ltd.
2026041003002541,NFS,34,48,30,620.0,18600.0,2026-04-10,185941497,194,Vision Securities Pvt. Ltd,Trishakti Securities Public Limited,2026-04-10T12:22:58.205544,Nepal Finance Ltd.
2026041003002547,NFS,34,44,270,620.0,167400.0,2026-04-10,185941646,194,Vision Securities Pvt. Ltd,Dynamic Money Managers Securities Pvt. Ltd.,2026-04-10T12:23:06.555118,Nepal Finance Ltd.
2026041003002548,NFS,58,44,150,620.0,93000.0,2026-04-10,185941648,194,Naasa Securities Co. Ltd.,Dynamic Money Managers Securities Pvt. Ltd.,2026-04-10T12:23:06.555235,Nepal Finance Ltd.
2026041003002746,NFS,58,32,100,619.0,61900.0,2026-04-10,185945891,194,Naasa Securities Co. Ltd.,Premier Securities Company Ltd.,2026-04-10T12:26:25.085726,Nepal Finance Ltd.
2026041003002846,NFS,58,34,32,619.0,19808.0,2026-04-10,185948326,194,Naasa Securities Co. Ltd.,Vision Securities Pvt. Ltd,2026-04-10T12:28:31.999378,Nepal Finance Ltd.
2026041003002847,NFS,43,34,30,618.5,18555.0,2026-04-10,185948328,194,South Asian Bulls Pvt. Ltd.,Vision Securities Pvt. Ltd,2026-04-10T12:28:31.999432,Nepal Finance Ltd.
2026041003002848,NFS,45,34,50,618.4,30920.0,2026-04-10,185948330,194,Imperial Securities Company Pvt. Ltd.,Vision Securities Pvt. Ltd,2026-04-10T12:28:31.999458,Nepal Finance Ltd.
2026041003002849,NFS,14,34,102,617.1,62944.2,2026-04-10,185948331,194,Nepal Stock House (PVT) Ltd.,Vision Securities Pvt. Ltd,2026-04-10T12:28:31.999481,Nepal Finance Ltd.
2026041003003026,NFS,14,44,80,620.0,49600.0,2026-04-10,185951642,194,Nepal Stock House (PVT) Ltd.,Dynamic Money Managers Securities Pvt. Ltd.,2026-04-10T12:32:30.817819,Nepal Finance Ltd.
2026041003003605,NFS,48,44,500,622.0,311000.0,2026-04-10,185963904,194,Trishakti Securities Public Limited,Dynamic Money Managers Securities Pvt. Ltd.,2026-04-10T12:50:50.36536,Nepal Finance Ltd.
2026041003003878,NFS,44,25,12,620.0,7440.0,2026-04-10,185971856,194,Dynamic Money Managers Securities Pvt. Ltd.,Sweta Securities Private Limited,2026-04-10T13:06:43.554838,Nepal Finance Ltd.
2026041003003879,NFS,58,25,30,620.0,18600.0,2026-04-10,185971858,194,Naasa Securities Co. Ltd.,Sweta Securities Private Limited,2026-04-10T13:06:43.555088,Nepal Finance Ltd.
2026041003003880,NFS,1,25,100,618.6,61860.0,2026-04-10,185971860,194,Kumari Securities Private Limited,Sweta Securities Private Limited,2026-04-10T13:06:43.555236,Nepal Finance Ltd.
2026041003003881,NFS,38,25,20,618.5,12370.0,2026-04-10,185971862,194,Dipshikha Dhitopatra Karobar Co. Pvt Ltd.,Sweta Securities Private Limited,2026-04-10T13:06:43.555372,Nepal Finance Ltd.
2026041003003882,NFS,57,25,80,618.4,49472.0,2026-04-10,185971864,194,Aryatara Investment & Securities,Sweta Securities Private Limited,2026-04-10T13:06:43.555506,Nepal Finance Ltd.
2026041003003883,NFS,28,25,135,618.4,83484.0,2026-04-10,185971866,194,Shree Krishna Securities Ltd.,Sweta Securities Private Limited,2026-04-10T13:06:43.555668,Nepal Finance Ltd.
2026041003003908,NFS,58,25,50,618.4,30920.0,2026-04-10,185972362,194,Naasa Securities Co. Ltd.,Sweta Securities Private Limited,2026-04-10T13:07:54.444615,Nepal Finance Ltd.
2026041003003909,NFS,62,51,100,618.2,61820.0,2026-04-10,185972371,194,Capital Max Securities Ltd,Oxford Securities Pvt. Ltd.,2026-04-10T13:07:57.471365,Nepal Finance Ltd.
2026041003003928,NFS,62,25,73,618.2,45128.6,2026-04-10,185972739,194,Capital Max Securities Ltd,Sweta Securities Private Limited,2026-04-10T13:08:57.82863,Nepal Finance Ltd.
2026041003004089,NFS,48,45,80,618.3,49464.0,2026-04-10,185976295,194,Trishakti Securities Public Limited,Imperial Securities Company Pvt. Ltd.,2026-04-10T13:17:20.09809,Nepal Finance Ltd.
2026041003004381,NFS,58,58,10,620.9,6209.0,2026-04-10,185983732,194,Naasa Securities Co. Ltd.,Naasa Securities Co. Ltd.,2026-04-10T13:28:55.220885,Nepal Finance Ltd.
2026041003004440,NFS,14,42,100,621.0,62100.0,2026-04-10,185984554,194,Nepal Stock House (PVT) Ltd.,Sani Securities Company Ltd.,2026-04-10T13:30:19.303004,Nepal Finance Ltd.
2026041003004484,NFS,62,42,300,621.0,186300.0,2026-04-10,185985424,194,Capital Max Securities Ltd,Sani Securities Company Ltd.,2026-04-10T13:31:16.682833,Nepal Finance Ltd.
2026041003004489,NFS,45,42,125,621.0,77625.0,2026-04-10,185985512,194,Imperial Securities Company Pvt. Ltd.,Sani Securities Company Ltd.,2026-04-10T13:31:25.723402,Nepal Finance Ltd.
2026041003004491,NFS,14,42,100,621.0,62100.0,2026-04-10,185985588,194,Nepal Stock House (PVT) Ltd.,Sani Securities Company Ltd.,2026-04-10T13:31:36.407736,Nepal Finance Ltd.
2026041003004545,NFS,48,42,175,621.0,108675.0,2026-04-10,185986103,194,Trishakti Securities Public Limited,Sani Securities Company Ltd.,2026-04-10T13:32:18.828958,Nepal Finance Ltd.
2026041003004546,NFS,48,42,179,621.0,111159.0,2026-04-10,185986105,194,Trishakti Securities Public Limited,Sani Securities Company Ltd.,2026-04-10T13:32:18.829029,Nepal Finance Ltd.
2026041003004547,NFS,48,25,100,622.0,62200.0,2026-04-10,185986107,194,Trishakti Securities Public Limited,Sweta Securities Private Limited,2026-04-10T13:32:18.829053,Nepal Finance Ltd.
2026041003004548,NFS,48,44,46,623.0,28658.0,2026-04-10,185986110,194,Trishakti Securities Public Limited,Dynamic Money Managers Securities Pvt. Ltd.,2026-04-10T13:32:18.829079,Nepal Finance Ltd.
2026041003004549,NFS,48,44,259,623.0,161357.0,2026-04-10,185986165,194,Trishakti Securities Public Limited,Dynamic Money Managers Securities Pvt. Ltd.,2026-04-10T13:32:26.393537,Nepal Finance Ltd.
2026041003004550,NFS,48,49,100,624.0,62400.0,2026-04-10,185986167,194,Trishakti Securities Public Limited,Online Securities Pvt. Ltd.,2026-04-10T13:32:26.393631,Nepal Finance Ltd.
2026041003004551,NFS,48,36,141,624.0,87984.0,2026-04-10,185986170,194,Trishakti Securities Public Limited,Secured Securities Ltd.,2026-04-10T13:32:26.393696,Nepal Finance Ltd.
2026041003005306,NFS,77,36,10,624.0,6240.0,2026-04-10,186000460,194,Nabil Stock Dealer Ltd.,Secured Securities Ltd.,2026-04-10T13:55:18.778539,Nepal Finance Ltd.
2026041003005390,NFS,58,19,55,620.0,34100.0,2026-04-10,186002751,194,Naasa Securities Co. Ltd.,Nepal Investment And Securities Trading Private Limited,2026-04-10T13:56:52.9809,Nepal Finance Ltd.
2026041003005400,NFS,62,45,10,619.5,6195.0,2026-04-10,186003000,194,Capital Max Securities Ltd,Imperial Securities Company Pvt. Ltd.,2026-04-10T13:57:06.872903,Nepal Finance Ltd.
2026041003005466,NFS,48,45,70,619.5,43365.0,2026-04-10,186004144,194,Trishakti Securities Public Limited,Imperial Securities Company Pvt. Ltd.,2026-04-10T13:58:03.609627,Nepal Finance Ltd.
2026041003005555,NFS,48,19,120,619.2,74304.0,2026-04-10,186005747,194,Trishakti Securities Public Limited,Nepal Investment And Securities Trading Private Limited,2026-04-10T14:00:03.61325,Nepal Finance Ltd.
2026041003005566,NFS,14,7,100,619.1,61910.0,2026-04-10,186006130,194,Nepal Stock House (PVT) Ltd.,J.F. Securites (PVT) Ltd.,2026-04-10T14:00:37.735734,Nepal Finance Ltd.
2026041003005567,NFS,38,7,100,619.0,61900.0,2026-04-10,186006131,194,Dipshikha Dhitopatra Karobar Co. Pvt Ltd.,J.F. Securites (PVT) Ltd.,2026-04-10T14:00:37.735943,Nepal Finance Ltd.
2026041003005747,NFS,48,35,130,618.7,80431.0,2026-04-10,186009486,194,Trishakti Securities Public Limited,Kohinoor Investment & Securities Pvt. Ltd.,2026-04-10T14:06:17.795037,Nepal Finance Ltd.
2026041003005748,NFS,34,35,120,618.6,74232.0,2026-04-10,186009487,194,Vision Securities Pvt. Ltd,Kohinoor Investment & Securities Pvt. Ltd.,2026-04-10T14:06:17.795192,Nepal Finance Ltd.
2026041003005876,NFS,32,19,10,621.0,6210.0,2026-04-10,186012115,194,Premier Securities Company Ltd.,Nepal Investment And Securities Trading Private Limited,2026-04-10T14:11:55.197413,Nepal Finance Ltd.
2026041003006065,NFS,79,48,80,623.0,49840.0,2026-04-10,186014900,194,pahiinvestment,Trishakti Securities Public Limited,2026-04-10T14:17:44.082392,Nepal Finance Ltd.
2026041003006319,NFS,7,19,250,620.1,155025.0,2026-04-10,186018629,194,J.F. Securites (PVT) Ltd.,Nepal Investment And Securities Trading Private Limited,2026-04-10T14:23:13.064017,Nepal Finance Ltd.
2026041003006410,NFS,48,19,50,620.0,31000.0,2026-04-10,186020215,194,Trishakti Securities Public Limited,Nepal Investment And Securities Trading Private Limited,2026-04-10T14:25:07.83611,Nepal Finance Ltd.
2026041003006591,NFS,33,74,500,620.0,310000.0,2026-04-10,186023288,194,Dakshinkali Investment & Securities Pvt. Ltd.,KALASH STOCK MARKET PVT. LTD.,2026-04-10T14:29:17.805913,Nepal Finance Ltd.
2026041003006845,NFS,17,74,100,620.0,62000.0,2026-04-10,186027167,194,ABC Securities Private Limited,KALASH STOCK MARKET PVT. LTD.,2026-04-10T14:34:43.032107,Nepal Finance Ltd.
2026041003006864,NFS,51,38,5,615.0,3075.0,2026-04-10,186027671,194,Oxford Securities Pvt. Ltd.,Dipshikha Dhitopatra Karobar Co. Pvt Ltd.,2026-04-10T14:35:29.440314,Nepal Finance Ltd.
2026041003006869,NFS,51,58,1,610.0,610.0,2026-04-10,186027761,194,Oxford Securities Pvt. Ltd.,Naasa Securities Co. Ltd.,2026-04-10T14:35:36.368656,Nepal Finance Ltd.
2026041003006973,NFS,45,36,200,621.0,124200.0,2026-04-10,186029971,194,Imperial Securities Company Pvt. Ltd.,Secured Securities Ltd.,2026-04-10T14:38:25.354259,Nepal Finance Ltd.
2026041003007033,NFS,17,7,400,620.0,248000.0,2026-04-10,186030895,194,ABC Securities Private Limited,J.F. Securites (PVT) Ltd.,2026-04-10T14:39:33.182181,Nepal Finance Ltd.
2026041003007154,NFS,5,26,207,621.0,128547.0,2026-04-10,186033635,194,Market Securities & Exchange (PVT) Ltd.,Asian Securities Private Ltd.,2026-04-10T14:43:04.093832,Nepal Finance Ltd.
2026041003007191,NFS,5,7,130,621.0,80730.0,2026-04-10,186034729,194,Market Securities & Exchange (PVT) Ltd.,J.F. Securites (PVT) Ltd.,2026-04-10T14:44:01.26711,Nepal Finance Ltd.
2026041003007253,NFS,7,48,25,619.9,15497.5,2026-04-10,186035883,194,J.F. Securites (PVT) Ltd.,Trishakti Securities Public Limited,2026-04-10T14:45:04.455889,Nepal Finance Ltd.
2026041003007384,NFS,45,49,100,619.1,61910.0,2026-04-10,186038523,194,Imperial Securities Company Pvt. Ltd.,Online Securities Pvt. Ltd.,2026-04-10T14:47:25.355185,Nepal Finance Ltd.
2026041003007518,NFS,45,45,100,619.1,61910.0,2026-04-10,186040667,194,Imperial Securities Company Pvt. Ltd.,Imperial Securities Company Pvt. Ltd.,2026-04-10T14:49:17.051616,Nepal Finance Ltd.
2026041003007566,NFS,45,48,10,620.0,6200.0,2026-04-10,186041510,194,Imperial Securities Company Pvt. Ltd.,Trishakti Securities Public Limited,2026-04-10T14:50:04.681778,Nepal Finance Ltd.
2026041003007680,NFS,14,39,18,619.0,11142.0,2026-04-10,186044118,194,Nepal Stock House (PVT) Ltd.,Sumeru Securities Pvt. Ltd.,2026-04-10T14:52:00.334465,Nepal Finance Ltd.
2026041003007681,NFS,13,39,100,618.7,61870.0,2026-04-10,186044120,194,Thrive Brokerage House Pvt. Ltd,Sumeru Securities Pvt. Ltd.,2026-04-10T14:52:00.334723,Nepal Finance Ltd.
2026041003007682,NFS,13,39,82,618.7,50733.4,2026-04-10,186044121,194,Thrive Brokerage House Pvt. Ltd,Sumeru Securities Pvt. Ltd.,2026-04-10T14:52:00.334873,Nepal Finance Ltd.
2026041003007768,NFS,13,91,18,618.7,11136.6,2026-04-10,186045693,194,Thrive Brokerage House Pvt. Ltd,Citizens Share Broker Limited,2026-04-10T14:53:08.708296,Nepal Finance Ltd.
2026041003007769,NFS,32,91,100,618.0,61800.0,2026-04-10,186045695,194,Premier Securities Company Ltd.,Citizens Share Broker Limited,2026-04-10T14:53:08.708369,Nepal Finance Ltd.
2026041003007770,NFS,49,91,20,618.0,12360.0,2026-04-10,186045697,194,Online Securities Pvt. Ltd.,Citizens Share Broker Limited,2026-04-10T14:53:08.708412,Nepal Finance Ltd.
2026041003007771,NFS,14,91,198,617.1,122185.8,2026-04-10,186045699,194,Nepal Stock House (PVT) Ltd.,Citizens Share Broker Limited,2026-04-10T14:53:08.708434,Nepal Finance Ltd.
2026041003007772,NFS,11,91,100,617.0,61700.0,2026-04-10,186045701,194,Malla & Malla Stock Broking Company Pvt. Limited,Citizens Share Broker Limited,2026-04-10T14:53:08.708463,Nepal Finance Ltd.
2026041003007773,NFS,58,91,500,616.2,308100.0,2026-04-10,186045703,194,Naasa Securities Co. Ltd.,Citizens Share Broker Limited,2026-04-10T14:53:08.708496,Nepal Finance Ltd.
2026041003007774,NFS,14,91,15,616.0,9240.0,2026-04-10,186045705,194,Nepal Stock House (PVT) Ltd.,Citizens Share Broker Limited,2026-04-10T14:53:08.708528,Nepal Finance Ltd.
2026041003007775,NFS,14,91,67,615.1,41211.7,2026-04-10,186045707,194,Nepal Stock House (PVT) Ltd.,Citizens Share Broker Limited,2026-04-10T14:53:08.708554,Nepal Finance Ltd.
2026041003007776,NFS,58,91,15,615.0,9225.0,2026-04-10,186045709,194,Naasa Securities Co. Ltd.,Citizens Share Broker Limited,2026-04-10T14:53:08.708622,Nepal Finance Ltd.
2026041003007777,NFS,50,91,500,615.0,307500.0,2026-04-10,186045711,194,Cristal Kanchanjanga Securites Pvt. Ltd.,Citizens Share Broker Limited,2026-04-10T14:53:08.70865,Nepal Finance Ltd.
2026041003007778,NFS,45,91,100,615.0,61500.0,2026-04-10,186045713,194,Imperial Securities Company Pvt. Ltd.,Citizens Share Broker Limited,2026-04-10T14:53:08.708676,Nepal Finance Ltd.
2026041003007779,NFS,57,91,300,615.0,184500.0,2026-04-10,186045715,194,Aryatara Investment & Securities,Citizens Share Broker Limited,2026-04-10T14:53:08.708703,Nepal Finance Ltd.
2026041003007780,NFS,53,91,20,615.0,12300.0,2026-04-10,186045717,194,Investment Management Nepal Pvt. Ltd.,Citizens Share Broker Limited,2026-04-10T14:53:08.708737,Nepal Finance Ltd.
2026041003007781,NFS,42,91,100,615.0,61500.0,2026-04-10,186045719,194,Sani Securities Company Ltd.,Citizens Share Broker Limited,2026-04-10T14:53:08.708763,Nepal Finance Ltd.
2026041003007782,NFS,4,91,475,615.0,292125.0,2026-04-10,186045721,194,Opal Securities Investment (PVT) Ltd.,Citizens Share Broker Limited,2026-04-10T14:53:08.708787,Nepal Finance Ltd.
2026041003007783,NFS,8,91,100,615.0,61500.0,2026-04-10,186045723,194,Brilliant Securities Pvt. Ltd.,Citizens Share Broker Limited,2026-04-10T14:53:08.70881,Nepal Finance Ltd.
2026041003007784,NFS,34,91,380,615.0,233700.0,2026-04-10,186045725,194,Vision Securities Pvt. Ltd,Citizens Share Broker Limited,2026-04-10T14:53:08.708833,Nepal Finance Ltd.
2026041003007785,NFS,17,91,150,614.0,92100.0,2026-04-10,186045727,194,ABC Securities Private Limited,Citizens Share Broker Limited,2026-04-10T14:53:08.708861,Nepal Finance Ltd.
2026041003007786,NFS,45,91,150,613.0,91950.0,2026-04-10,186045729,194,Imperial Securities Company Pvt. Ltd.,Citizens Share Broker Limited,2026-04-10T14:53:08.708887,Nepal Finance Ltd.
2026041003007787,NFS,43,91,100,611.0,61100.0,2026-04-10,186045731,194,South Asian Bulls Pvt. Ltd.,Citizens Share Broker Limited,2026-04-10T14:53:08.708916,Nepal Finance Ltd.
2026041003007788,NFS,44,91,800,610.0,488000.0,2026-04-10,186045671,194,Dynamic Money Managers Securities Pvt. Ltd.,Citizens Share Broker Limited,2026-04-10T14:53:08.708945,Nepal Finance Ltd.
2026041003007789,NFS,46,91,100,610.0,61000.0,2026-04-10,186045673,194,Kalika Securities Pvt. Ltd.,Citizens Share Broker Limited,2026-04-10T14:53:08.708971,Nepal Finance Ltd.
2026041003007790,NFS,41,91,150,610.0,91500.0,2026-04-10,186045675,194,Linch Stock Market Ltd.,Citizens Share Broker Limited,2026-04-10T14:53:08.708999,Nepal Finance Ltd.
2026041003007791,NFS,56,91,30,610.0,18300.0,2026-04-10,186045677,194,Sri Hari Securities Pvt. Ltd.,Citizens Share Broker Limited,2026-04-10T14:53:08.709031,Nepal Finance Ltd.
2026041003007792,NFS,17,91,20,610.0,12200.0,2026-04-10,186045679,194,ABC Securities Private Limited,Citizens Share Broker Limited,2026-04-10T14:53:08.709058,Nepal Finance Ltd.
2026041003007793,NFS,33,91,492,610.0,300120.0,2026-04-10,186045680,194,Dakshinkali Investment & Securities Pvt. Ltd.,Citizens Share Broker Limited,2026-04-10T14:53:08.709117,Nepal Finance Ltd.
2026041003008042,NFS,58,49,100,620.0,62000.0,2026-04-10,186050561,194,Naasa Securities Co. Ltd.,Online Securities Pvt. Ltd.,2026-04-10T14:56:02.069205,Nepal Finance Ltd.
2026041003008075,NFS,58,7,157,620.0,97340.0,2026-04-10,186050926,194,Naasa Securities Co. Ltd.,J.F. Securites (PVT) Ltd.,2026-04-10T14:56:16.9583,Nepal Finance Ltd.
2026041003008220,NFS,49,7,18,620.0,11160.0,2026-04-10,186053503,194,Online Securities Pvt. Ltd.,J.F. Securites (PVT) Ltd.,2026-04-10T14:57:38.080893,Nepal Finance Ltd.
2026041003008221,NFS,49,44,12,620.0,7440.0,2026-04-10,186053506,194,Online Securities Pvt. Ltd.,Dynamic Money Managers Securities Pvt. Ltd.,2026-04-10T14:57:38.081053,Nepal Finance Ltd.
2026041003008312,NFS,42,42,20,617.0,12340.0,2026-04-10,186055400,194,Sani Securities Company Ltd.,Sani Securities Company Ltd.,2026-04-10T14:58:30.087353,Nepal Finance Ltd.
2026041003008402,NFS,6,49,60,617.0,37020.0,2026-04-10,186056999,194,Agrawal Securities (PVT) Ltd.,Online Securities Pvt. Ltd.,2026-04-10T14:59:03.631123,Nepal Finance Ltd.
2026041003008592,NFS,58,22,150,618.0,92700.0,2026-04-10,186059755,194,Naasa Securities Co. Ltd.,Siprabi Securities Pvt. Ltd.,2026-04-10T14:59:42.923605,Nepal Finance Ltd.
2026041003008698,NFS,53,36,10,619.7,6197.0,2026-04-10,186061416,194,Investment Management Nepal Pvt. Ltd.,Secured Securities Ltd.,2026-04-10T14:59:57.867843,Nepal Finance Ltd.
