contract_id,symbol,buyer_member_id,seller_member_id,volume,price,amount,buyer_broker,seller_broker,transaction_time
2026041004000015,RADHI,63,34,10,845.0,8450.0,Himalayan Brokerage Company Limited,Vision Securities Pvt. Ltd,2026-04-10T10:46:00.048201
2026041004000016,RADHI,63,16,40,845.0,33800.0,Himalayan Brokerage Company Limited,Primo Securities (PVT) Ltd.,2026-04-10T10:46:00.048245
2026041004000640,RADHI,43,49,500,833.5,416750.0,South Asian Bulls Pvt. Ltd.,Online Securities Pvt. Ltd.,2026-04-10T11:07:30.335308
2026041004000641,RADHI,51,49,200,833.1,166620.0,Oxford Securities Pvt. Ltd.,Online Securities Pvt. Ltd.,2026-04-10T11:07:30.335452
2026041004000658,RADHI,32,49,111,832.2,92374.2,Premier Securities Company Ltd.,Online Securities Pvt. Ltd.,2026-04-10T11:07:41.78512
2026041004000659,RADHI,52,49,50,832.1,41605.0,Sundhara Securities Limited,Online Securities Pvt. Ltd.,2026-04-10T11:07:41.785201
2026041004000660,RADHI,59,49,200,832.0,166400.0,Deevyaa Securities & Stock House Pvt. Ltd,Online Securities Pvt. Ltd.,2026-04-10T11:07:41.78524
2026041004000661,RADHI,45,49,500,832.0,416000.0,Imperial Securities Company Pvt. Ltd.,Online Securities Pvt. Ltd.,2026-04-10T11:07:41.785273
2026041004000662,RADHI,32,49,339,832.0,282048.0,Premier Securities Company Ltd.,Online Securities Pvt. Ltd.,2026-04-10T11:07:41.785305
2026041004000808,RADHI,32,92,161,832.0,133952.0,Premier Securities Company Ltd.,Roadshow securities limited,2026-04-10T11:09:16.667371
2026041004000809,RADHI,43,92,100,830.0,83000.0,South Asian Bulls Pvt. Ltd.,Roadshow securities limited,2026-04-10T11:09:16.667482
2026041004000837,RADHI,14,92,39,830.0,32370.0,Nepal Stock House (PVT) Ltd.,Roadshow securities limited,2026-04-10T11:09:26.196776
2026041004000921,RADHI,14,22,50,834.0,41700.0,Nepal Stock House (PVT) Ltd.,Siprabi Securities Pvt. Ltd.,2026-04-10T11:10:35.263731
2026041004001016,RADHI,99,58,100,834.0,83400.0,Prabhu Stock Market Limited,Naasa Securities Co. Ltd.,2026-04-10T11:11:35.650098
2026041004001017,RADHI,99,63,350,834.0,291900.0,Prabhu Stock Market Limited,Himalayan Brokerage Company Limited,2026-04-10T11:11:37.900884
2026041004001670,RADHI,58,43,150,837.0,125550.0,Naasa Securities Co. Ltd.,South Asian Bulls Pvt. Ltd.,2026-04-10T11:15:37.587923
2026041004001704,RADHI,58,57,50,837.0,41850.0,Naasa Securities Co. Ltd.,Aryatara Investment & Securities,2026-04-10T11:16:01.100522
2026041004001731,RADHI,51,71,300,836.1,250830.0,Oxford Securities Pvt. Ltd.,SHUBHAKAMANA SECURITIES PVT. LTD,2026-04-10T11:16:22.153032
2026041004001748,RADHI,34,92,200,835.0,167000.0,Vision Securities Pvt. Ltd,Roadshow securities limited,2026-04-10T11:16:37.000963
2026041004001772,RADHI,34,45,100,835.0,83500.0,Vision Securities Pvt. Ltd,Imperial Securities Company Pvt. Ltd.,2026-04-10T11:16:51.018374
2026041004001830,RADHI,34,92,200,835.0,167000.0,Vision Securities Pvt. Ltd,Roadshow securities limited,2026-04-10T11:17:33.507657
2026041004001918,RADHI,59,63,150,834.6,125190.0,Deevyaa Securities & Stock House Pvt. Ltd,Himalayan Brokerage Company Limited,2026-04-10T11:18:22.342395
2026041004002054,RADHI,35,16,590,835.0,492650.0,Kohinoor Investment & Securities Pvt. Ltd.,Primo Securities (PVT) Ltd.,2026-04-10T11:19:33.248578
2026041004002055,RADHI,35,16,590,835.0,492650.0,Kohinoor Investment & Securities Pvt. Ltd.,Primo Securities (PVT) Ltd.,2026-04-10T11:19:33.248685
2026041004002093,RADHI,35,57,50,835.0,41750.0,Kohinoor Investment & Securities Pvt. Ltd.,Aryatara Investment & Securities,2026-04-10T11:19:43.020939
2026041004002097,RADHI,35,34,50,835.0,41750.0,Kohinoor Investment & Securities Pvt. Ltd.,Vision Securities Pvt. Ltd,2026-04-10T11:19:45.04119
2026041004002109,RADHI,35,51,100,835.0,83500.0,Kohinoor Investment & Securities Pvt. Ltd.,Oxford Securities Pvt. Ltd.,2026-04-10T11:19:50.781355
2026041004002145,RADHI,35,71,390,835.0,325650.0,Kohinoor Investment & Securities Pvt. Ltd.,SHUBHAKAMANA SECURITIES PVT. LTD,2026-04-10T11:20:03.210186
2026041004002146,RADHI,35,71,590,835.0,492650.0,Kohinoor Investment & Securities Pvt. Ltd.,SHUBHAKAMANA SECURITIES PVT. LTD,2026-04-10T11:20:03.210298
2026041004002299,RADHI,35,71,30,835.0,25050.0,Kohinoor Investment & Securities Pvt. Ltd.,SHUBHAKAMANA SECURITIES PVT. LTD,2026-04-10T11:20:58.894943
2026041004002394,RADHI,59,34,50,834.6,41730.0,Deevyaa Securities & Stock House Pvt. Ltd,Vision Securities Pvt. Ltd,2026-04-10T11:21:41.218841
2026041004002395,RADHI,51,34,300,834.1,250230.0,Oxford Securities Pvt. Ltd.,Vision Securities Pvt. Ltd,2026-04-10T11:21:41.218949
2026041004002436,RADHI,52,71,500,831.1,415550.0,Sundhara Securities Limited,SHUBHAKAMANA SECURITIES PVT. LTD,2026-04-10T11:21:57.068152
2026041004002437,RADHI,34,71,200,830.1,166020.0,Vision Securities Pvt. Ltd,SHUBHAKAMANA SECURITIES PVT. LTD,2026-04-10T11:21:57.068273
2026041004002438,RADHI,43,71,1000,830.1,830100.0,South Asian Bulls Pvt. Ltd.,SHUBHAKAMANA SECURITIES PVT. LTD,2026-04-10T11:21:57.068326
2026041004002439,RADHI,52,71,1000,829.1,829100.0,Sundhara Securities Limited,SHUBHAKAMANA SECURITIES PVT. LTD,2026-04-10T11:21:57.06837
2026041004002440,RADHI,99,71,2050,829.0,1699450.0,Prabhu Stock Market Limited,SHUBHAKAMANA SECURITIES PVT. LTD,2026-04-10T11:21:57.068411
2026041004002441,RADHI,81,71,250,829.0,207250.0,Aakashbhairab Securities Ltd.,SHUBHAKAMANA SECURITIES PVT. LTD,2026-04-10T11:21:57.068451
2026041004002534,RADHI,39,53,500,829.1,414550.0,Sumeru Securities Pvt. Ltd.,Investment Management Nepal Pvt. Ltd.,2026-04-10T11:22:44.39121
2026041004002543,RADHI,39,42,500,829.1,414550.0,Sumeru Securities Pvt. Ltd.,Sani Securities Company Ltd.,2026-04-10T11:22:47.624008
2026041004002558,RADHI,81,92,150,829.0,124350.0,Aakashbhairab Securities Ltd.,Roadshow securities limited,2026-04-10T11:22:52.711618
2026041004002559,RADHI,34,92,50,829.0,41450.0,Vision Securities Pvt. Ltd,Roadshow securities limited,2026-04-10T11:22:52.711711
2026041004002560,RADHI,46,92,10,829.0,8290.0,Kalika Securities Pvt. Ltd.,Roadshow securities limited,2026-04-10T11:22:52.711752
2026041004002561,RADHI,81,92,80,829.0,66320.0,Aakashbhairab Securities Ltd.,Roadshow securities limited,2026-04-10T11:22:52.711794
2026041004002670,RADHI,34,42,300,829.1,248730.0,Vision Securities Pvt. Ltd,Sani Securities Company Ltd.,2026-04-10T11:23:50.502018
2026041004002819,RADHI,16,42,100,829.1,82910.0,Primo Securities (PVT) Ltd.,Sani Securities Company Ltd.,2026-04-10T11:24:36.719942
2026041004002860,RADHI,81,35,120,829.0,99480.0,Aakashbhairab Securities Ltd.,Kohinoor Investment & Securities Pvt. Ltd.,2026-04-10T11:24:50.699149
2026041004002861,RADHI,81,35,300,829.0,248700.0,Aakashbhairab Securities Ltd.,Kohinoor Investment & Securities Pvt. Ltd.,2026-04-10T11:24:50.69921
2026041004002862,RADHI,32,35,129,828.5,106876.5,Premier Securities Company Ltd.,Kohinoor Investment & Securities Pvt. Ltd.,2026-04-10T11:24:50.699239
2026041004002863,RADHI,32,35,30,828.1,24843.0,Premier Securities Company Ltd.,Kohinoor Investment & Securities Pvt. Ltd.,2026-04-10T11:24:50.699268
2026041004002864,RADHI,41,35,10,827.0,8270.0,Linch Stock Market Ltd.,Kohinoor Investment & Securities Pvt. Ltd.,2026-04-10T11:24:50.6993
2026041004002865,RADHI,101,35,20,825.5,16510.0,APPLE SECURITIES PRIVATE LIMITED,Kohinoor Investment & Securities Pvt. Ltd.,2026-04-10T11:24:50.699337
2026041004002866,RADHI,45,35,391,825.2,322653.2,Imperial Securities Company Pvt. Ltd.,Kohinoor Investment & Securities Pvt. Ltd.,2026-04-10T11:24:50.699359
2026041004002875,RADHI,16,42,100,829.1,82910.0,Primo Securities (PVT) Ltd.,Sani Securities Company Ltd.,2026-04-10T11:24:55.883069
2026041004002953,RADHI,74,35,50,825.4,41270.0,KALASH STOCK MARKET PVT. LTD.,Kohinoor Investment & Securities Pvt. Ltd.,2026-04-10T11:25:27.111875
2026041004003330,RADHI,52,14,50,826.2,41310.0,Sundhara Securities Limited,Nepal Stock House (PVT) Ltd.,2026-04-10T11:28:31.029764
2026041004003331,RADHI,42,14,50,826.2,41310.0,Sani Securities Company Ltd.,Nepal Stock House (PVT) Ltd.,2026-04-10T11:28:31.029901
2026041004003477,RADHI,51,49,50,833.0,41650.0,Oxford Securities Pvt. Ltd.,Online Securities Pvt. Ltd.,2026-04-10T11:29:31.25698
2026041004003858,RADHI,66,49,10,833.0,8330.0,Miyo Securities Pvt Ltd,Online Securities Pvt. Ltd.,2026-04-10T11:32:04.691037
2026041004003922,RADHI,59,49,40,833.0,33320.0,Deevyaa Securities & Stock House Pvt. Ltd,Online Securities Pvt. Ltd.,2026-04-10T11:32:40.326
2026041004003945,RADHI,59,49,40,833.0,33320.0,Deevyaa Securities & Stock House Pvt. Ltd,Online Securities Pvt. Ltd.,2026-04-10T11:32:48.888
2026041004003964,RADHI,58,49,50,833.0,41650.0,Naasa Securities Co. Ltd.,Online Securities Pvt. Ltd.,2026-04-10T11:32:56.648
2026041004004042,RADHI,96,71,1640,835.0,1369400.0,Himalayan Securities Limited,SHUBHAKAMANA SECURITIES PVT. LTD,2026-04-10T11:33:34.934
2026041004004041,RADHI,96,34,550,834.0,458700.0,Himalayan Securities Limited,Vision Securities Pvt. Ltd,2026-04-10T11:33:34.934
2026041004004040,RADHI,96,49,310,833.0,258230.0,Himalayan Securities Limited,Online Securities Pvt. Ltd.,2026-04-10T11:33:34.934
2026041004004073,RADHI,44,71,50,835.0,41750.0,Dynamic Money Managers Securities Pvt. Ltd.,SHUBHAKAMANA SECURITIES PVT. LTD,2026-04-10T11:33:51.189
2026041004004074,RADHI,44,57,18,835.0,15030.0,Dynamic Money Managers Securities Pvt. Ltd.,Aryatara Investment & Securities,2026-04-10T11:33:51.189
2026041004004112,RADHI,44,71,1932,838.0,1619016.0,Dynamic Money Managers Securities Pvt. Ltd.,SHUBHAKAMANA SECURITIES PVT. LTD,2026-04-10T11:34:09.249
2026041004004203,RADHI,96,60,50,839.5,41975.0,Himalayan Securities Limited,Nagarik Stock Dealer ,2026-04-10T11:34:43.658
2026041004004202,RADHI,96,44,213,839.0,178707.0,Himalayan Securities Limited,Dynamic Money Managers Securities Pvt. Ltd.,2026-04-10T11:34:43.658
2026041004004204,RADHI,96,16,619,840.0,519960.0,Himalayan Securities Limited,Primo Securities (PVT) Ltd.,2026-04-10T11:34:43.658
2026041004004200,RADHI,96,22,50,838.9,41945.0,Himalayan Securities Limited,Siprabi Securities Pvt. Ltd.,2026-04-10T11:34:43.658
2026041004004201,RADHI,96,39,1000,839.0,839000.0,Himalayan Securities Limited,Sumeru Securities Pvt. Ltd.,2026-04-10T11:34:43.658
2026041004004199,RADHI,96,71,68,838.0,56984.0,Himalayan Securities Limited,SHUBHAKAMANA SECURITIES PVT. LTD,2026-04-10T11:34:43.658
2026041004004463,RADHI,50,77,500,832.1,416050.0,Cristal Kanchanjanga Securites Pvt. Ltd.,Nabil Stock Dealer Ltd.,2026-04-10T11:37:04.072
2026041004004464,RADHI,44,77,500,832.0,416000.0,Dynamic Money Managers Securities Pvt. Ltd.,Nabil Stock Dealer Ltd.,2026-04-10T11:37:04.073
2026041004004476,RADHI,44,71,1500,832.0,1248000.0,Dynamic Money Managers Securities Pvt. Ltd.,SHUBHAKAMANA SECURITIES PVT. LTD,2026-04-10T11:37:11.419
2026041004004521,RADHI,96,71,1000,832.0,832000.0,Himalayan Securities Limited,SHUBHAKAMANA SECURITIES PVT. LTD,2026-04-10T11:37:40.741
2026041004004643,RADHI,60,48,200,831.0,166200.0,Nagarik Stock Dealer ,Trishakti Securities Public Limited,2026-04-10T11:38:30.527
2026041004004687,RADHI,96,71,1500,835.0,1252500.0,Himalayan Securities Limited,SHUBHAKAMANA SECURITIES PVT. LTD,2026-04-10T11:38:47.747
2026041004004863,RADHI,44,71,1750,835.0,1461250.0,Dynamic Money Managers Securities Pvt. Ltd.,SHUBHAKAMANA SECURITIES PVT. LTD,2026-04-10T11:40:06.646
2026041004004864,RADHI,44,80,1250,835.0,1043750.0,Dynamic Money Managers Securities Pvt. Ltd.,Indira securities pvt. ltd,2026-04-10T11:40:06.646
2026041004005118,RADHI,44,17,150,832.0,124800.0,Dynamic Money Managers Securities Pvt. Ltd.,ABC Securities Private Limited,2026-04-10T11:43:29.532
2026041004005506,RADHI,74,38,20,835.0,16700.0,KALASH STOCK MARKET PVT. LTD.,Dipshikha Dhitopatra Karobar Co. Pvt Ltd.,2026-04-10T11:47:38.473
2026041004005507,RADHI,74,44,130,835.0,108550.0,KALASH STOCK MARKET PVT. LTD.,Dynamic Money Managers Securities Pvt. Ltd.,2026-04-10T11:47:38.473
2026041004005505,RADHI,74,52,65,835.0,54275.0,KALASH STOCK MARKET PVT. LTD.,Sundhara Securities Limited,2026-04-10T11:47:38.473
2026041004005504,RADHI,74,80,11,835.0,9185.0,KALASH STOCK MARKET PVT. LTD.,Indira securities pvt. ltd,2026-04-10T11:47:38.473
2026041004005541,RADHI,74,81,100,835.0,83500.0,KALASH STOCK MARKET PVT. LTD.,Aakashbhairab Securities Ltd.,2026-04-10T11:47:58.325
2026041004005684,RADHI,35,71,1500,837.0,1255500.0,Kohinoor Investment & Securities Pvt. Ltd.,SHUBHAKAMANA SECURITIES PVT. LTD,2026-04-10T11:49:46.941
2026041004005690,RADHI,44,71,370,837.0,309690.0,Dynamic Money Managers Securities Pvt. Ltd.,SHUBHAKAMANA SECURITIES PVT. LTD,2026-04-10T11:49:57.66
2026041004005692,RADHI,44,81,30,837.0,25110.0,Dynamic Money Managers Securities Pvt. Ltd.,Aakashbhairab Securities Ltd.,2026-04-10T11:49:57.661
2026041004005691,RADHI,44,100,100,837.0,83700.0,Dynamic Money Managers Securities Pvt. Ltd.,Sunrise Securities Limited,2026-04-10T11:49:57.661
2026041004005960,RADHI,74,20,383,838.0,320954.0,KALASH STOCK MARKET PVT. LTD.,Sipla Securities Private Limited,2026-04-10T11:52:54.287
2026041004005959,RADHI,74,81,70,837.0,58590.0,KALASH STOCK MARKET PVT. LTD.,Aakashbhairab Securities Ltd.,2026-04-10T11:52:54.287
2026041004006089,RADHI,18,14,500,832.1,416050.0,Sagarmatha Securities Private Limited,Nepal Stock House (PVT) Ltd.,2026-04-10T11:55:03.078
2026041004006090,RADHI,44,14,161,832.0,133952.0,Dynamic Money Managers Securities Pvt. Ltd.,Nepal Stock House (PVT) Ltd.,2026-04-10T11:55:03.078
2026041004006087,RADHI,32,14,69,833.4,57504.6,Premier Securities Company Ltd.,Nepal Stock House (PVT) Ltd.,2026-04-10T11:55:03.078
2026041004006086,RADHI,48,14,20,833.5,16670.0,Trishakti Securities Public Limited,Nepal Stock House (PVT) Ltd.,2026-04-10T11:55:03.078
2026041004006088,RADHI,44,14,250,833.0,208250.0,Dynamic Money Managers Securities Pvt. Ltd.,Nepal Stock House (PVT) Ltd.,2026-04-10T11:55:03.078
2026041004006105,RADHI,74,20,17,838.0,14246.0,KALASH STOCK MARKET PVT. LTD.,Sipla Securities Private Limited,2026-04-10T11:55:11.471
2026041004006106,RADHI,74,81,100,838.0,83800.0,KALASH STOCK MARKET PVT. LTD.,Aakashbhairab Securities Ltd.,2026-04-10T11:55:11.472
2026041004006269,RADHI,58,34,10,838.9,8389.0,Naasa Securities Co. Ltd.,Vision Securities Pvt. Ltd,2026-04-10T11:57:07.181
2026041004006321,RADHI,32,33,21,832.1,17474.1,Premier Securities Company Ltd.,Dakshinkali Investment & Securities Pvt. Ltd.,2026-04-10T11:58:04.049
2026041004006322,RADHI,44,33,979,832.0,814528.0,Dynamic Money Managers Securities Pvt. Ltd.,Dakshinkali Investment & Securities Pvt. Ltd.,2026-04-10T11:58:04.049
2026041004007288,RADHI,41,39,650,832.2,540930.0,Linch Stock Market Ltd.,Sumeru Securities Pvt. Ltd.,2026-04-10T12:08:08.425715
2026041004007289,RADHI,35,39,1000,832.1,832100.0,Kohinoor Investment & Securities Pvt. Ltd.,Sumeru Securities Pvt. Ltd.,2026-04-10T12:08:08.426
2026041004007290,RADHI,32,39,10,832.1,8321.0,Premier Securities Company Ltd.,Sumeru Securities Pvt. Ltd.,2026-04-10T12:08:08.426175
2026041004007291,RADHI,44,39,710,832.0,590720.0,Dynamic Money Managers Securities Pvt. Ltd.,Sumeru Securities Pvt. Ltd.,2026-04-10T12:08:08.426384
2026041004007292,RADHI,45,39,65,831.1,54021.5,Imperial Securities Company Pvt. Ltd.,Sumeru Securities Pvt. Ltd.,2026-04-10T12:08:08.426563
2026041004007293,RADHI,39,39,100,831.0,83100.0,Sumeru Securities Pvt. Ltd.,Sumeru Securities Pvt. Ltd.,2026-04-10T12:08:08.42674
2026041004007294,RADHI,38,39,10,831.0,8310.0,Dipshikha Dhitopatra Karobar Co. Pvt Ltd.,Sumeru Securities Pvt. Ltd.,2026-04-10T12:08:08.426916
2026041004007295,RADHI,74,39,300,830.1,249030.0,KALASH STOCK MARKET PVT. LTD.,Sumeru Securities Pvt. Ltd.,2026-04-10T12:08:08.427087
2026041004007296,RADHI,43,39,1000,830.0,830000.0,South Asian Bulls Pvt. Ltd.,Sumeru Securities Pvt. Ltd.,2026-04-10T12:08:08.42725
2026041004007297,RADHI,45,39,500,830.0,415000.0,Imperial Securities Company Pvt. Ltd.,Sumeru Securities Pvt. Ltd.,2026-04-10T12:08:08.427428
2026041004007298,RADHI,29,39,50,830.0,41500.0,Trisul Securities & Invt. Ltd.,Sumeru Securities Pvt. Ltd.,2026-04-10T12:08:08.427598
2026041004007299,RADHI,81,39,500,830.0,415000.0,Aakashbhairab Securities Ltd.,Sumeru Securities Pvt. Ltd.,2026-04-10T12:08:08.42776
2026041004007300,RADHI,32,39,89,830.0,73870.0,Premier Securities Company Ltd.,Sumeru Securities Pvt. Ltd.,2026-04-10T12:08:08.427962
2026041004007301,RADHI,75,39,16,830.0,13280.0,N.I.M.B. Stock Markets Limited,Sumeru Securities Pvt. Ltd.,2026-04-10T12:08:08.428129
2026041004007338,RADHI,75,8,234,830.0,194220.0,N.I.M.B. Stock Markets Limited,Brilliant Securities Pvt. Ltd.,2026-04-10T12:08:26.354663
2026041004007339,RADHI,58,8,50,830.0,41500.0,Naasa Securities Co. Ltd.,Brilliant Securities Pvt. Ltd.,2026-04-10T12:08:26.354848
2026041004007340,RADHI,58,8,16,830.0,13280.0,Naasa Securities Co. Ltd.,Brilliant Securities Pvt. Ltd.,2026-04-10T12:08:26.354909
2026041004007436,RADHI,64,39,25,829.1,20727.5,SUN SECURITIES PVT LTD,Sumeru Securities Pvt. Ltd.,2026-04-10T12:09:18.833928
2026041004007437,RADHI,74,39,100,829.1,82910.0,KALASH STOCK MARKET PVT. LTD.,Sumeru Securities Pvt. Ltd.,2026-04-10T12:09:18.834245
2026041004007438,RADHI,7,39,500,826.3,413150.0,J.F. Securites (PVT) Ltd.,Sumeru Securities Pvt. Ltd.,2026-04-10T12:09:18.834505
2026041004007439,RADHI,41,39,500,826.3,413150.0,Linch Stock Market Ltd.,Sumeru Securities Pvt. Ltd.,2026-04-10T12:09:18.834774
2026041004007440,RADHI,41,39,500,826.3,413150.0,Linch Stock Market Ltd.,Sumeru Securities Pvt. Ltd.,2026-04-10T12:09:18.834992
2026041004007441,RADHI,34,39,34,826.2,28090.8,Vision Securities Pvt. Ltd,Sumeru Securities Pvt. Ltd.,2026-04-10T12:09:18.835245
2026041004007442,RADHI,52,39,100,826.2,82620.0,Sundhara Securities Limited,Sumeru Securities Pvt. Ltd.,2026-04-10T12:09:18.835489
2026041004007443,RADHI,66,39,100,826.1,82610.0,Miyo Securities Pvt Ltd,Sumeru Securities Pvt. Ltd.,2026-04-10T12:09:18.835688
2026041004007444,RADHI,52,39,500,826.1,413050.0,Sundhara Securities Limited,Sumeru Securities Pvt. Ltd.,2026-04-10T12:09:18.835914
2026041004007445,RADHI,75,39,5000,826.1,4130500.0,N.I.M.B. Stock Markets Limited,Sumeru Securities Pvt. Ltd.,2026-04-10T12:09:18.836108
2026041004007446,RADHI,59,39,100,826.0,82600.0,Deevyaa Securities & Stock House Pvt. Ltd,Sumeru Securities Pvt. Ltd.,2026-04-10T12:09:18.83629
2026041004007447,RADHI,75,39,500,826.0,413000.0,N.I.M.B. Stock Markets Limited,Sumeru Securities Pvt. Ltd.,2026-04-10T12:09:18.836544
2026041004007448,RADHI,32,39,10,826.0,8260.0,Premier Securities Company Ltd.,Sumeru Securities Pvt. Ltd.,2026-04-10T12:09:18.836775
2026041004007621,RADHI,74,42,32,825.6,26419.2,KALASH STOCK MARKET PVT. LTD.,Sani Securities Company Ltd.,2026-04-10T12:10:35.074028
2026041004007622,RADHI,16,42,138,825.6,113932.8,Primo Securities (PVT) Ltd.,Sani Securities Company Ltd.,2026-04-10T12:10:35.074309
2026041004007921,RADHI,28,19,300,825.7,247710.0,Shree Krishna Securities Ltd.,Nepal Investment And Securities Trading Private Limited,2026-04-10T12:12:21.400683
2026041004008259,RADHI,67,77,30,826.0,24780.0,Property Wiard Limited,Nabil Stock Dealer Ltd.,2026-04-10T12:14:29.492471
2026041004008260,RADHI,38,77,29,826.0,23954.0,Dipshikha Dhitopatra Karobar Co. Pvt Ltd.,Nabil Stock Dealer Ltd.,2026-04-10T12:14:29.49275
2026041004008261,RADHI,38,77,40,826.0,33040.0,Dipshikha Dhitopatra Karobar Co. Pvt Ltd.,Nabil Stock Dealer Ltd.,2026-04-10T12:14:29.492931
2026041004008262,RADHI,38,77,38,826.0,31388.0,Dipshikha Dhitopatra Karobar Co. Pvt Ltd.,Nabil Stock Dealer Ltd.,2026-04-10T12:14:29.493104
2026041004008263,RADHI,99,77,36,826.0,29736.0,Prabhu Stock Market Limited,Nabil Stock Dealer Ltd.,2026-04-10T12:14:29.493276
2026041004008264,RADHI,38,77,67,826.0,55342.0,Dipshikha Dhitopatra Karobar Co. Pvt Ltd.,Nabil Stock Dealer Ltd.,2026-04-10T12:14:29.493471
2026041004008265,RADHI,38,77,40,826.0,33040.0,Dipshikha Dhitopatra Karobar Co. Pvt Ltd.,Nabil Stock Dealer Ltd.,2026-04-10T12:14:29.493667
2026041004008266,RADHI,99,77,315,826.0,260190.0,Prabhu Stock Market Limited,Nabil Stock Dealer Ltd.,2026-04-10T12:14:29.493875
2026041004008267,RADHI,28,77,200,825.7,165140.0,Shree Krishna Securities Ltd.,Nabil Stock Dealer Ltd.,2026-04-10T12:14:29.494061
2026041004008268,RADHI,41,77,205,825.7,169268.5,Linch Stock Market Ltd.,Nabil Stock Dealer Ltd.,2026-04-10T12:14:29.494252
2026041004008420,RADHI,41,19,295,825.7,243581.5,Linch Stock Market Ltd.,Nepal Investment And Securities Trading Private Limited,2026-04-10T12:15:37.136905
2026041004008746,RADHI,34,40,19,825.7,15688.3,Vision Securities Pvt. Ltd,Creative Securities Pvt Ltd,2026-04-10T12:17:30.645172
2026041004008845,RADHI,16,100,62,825.6,51187.2,Primo Securities (PVT) Ltd.,Sunrise Securities Limited,2026-04-10T12:17:59.396098
2026041004008846,RADHI,80,100,200,825.6,165120.0,Indira securities pvt. ltd,Sunrise Securities Limited,2026-04-10T12:17:59.396292
2026041004008847,RADHI,34,100,100,825.5,82550.0,Vision Securities Pvt. Ltd,Sunrise Securities Limited,2026-04-10T12:17:59.396366
2026041004008848,RADHI,44,100,2000,825.5,1651000.0,Dynamic Money Managers Securities Pvt. Ltd.,Sunrise Securities Limited,2026-04-10T12:17:59.396423
2026041004008849,RADHI,48,100,50,825.5,41275.0,Trishakti Securities Public Limited,Sunrise Securities Limited,2026-04-10T12:17:59.396487
2026041004008850,RADHI,51,100,88,825.4,72635.2,Oxford Securities Pvt. Ltd.,Sunrise Securities Limited,2026-04-10T12:17:59.396575
2026041004008943,RADHI,16,40,100,825.7,82570.0,Primo Securities (PVT) Ltd.,Creative Securities Pvt Ltd,2026-04-10T12:18:20.409967
2026041004009126,RADHI,51,62,31,825.4,25587.4,Oxford Securities Pvt. Ltd.,Capital Max Securities Ltd,2026-04-10T12:19:18.082137
2026041004009240,RADHI,51,57,100,825.4,82540.0,Oxford Securities Pvt. Ltd.,Aryatara Investment & Securities,2026-04-10T12:19:46.827577
2026041004009256,RADHI,60,40,10,825.5,8255.0,Nagarik Stock Dealer ,Creative Securities Pvt Ltd,2026-04-10T12:19:56.677498
2026041004009257,RADHI,51,40,276,825.4,227810.4,Oxford Securities Pvt. Ltd.,Creative Securities Pvt Ltd,2026-04-10T12:19:56.677538
2026041004009309,RADHI,38,62,12,825.7,9908.4,Dipshikha Dhitopatra Karobar Co. Pvt Ltd.,Capital Max Securities Ltd,2026-04-10T12:20:14.582429
2026041004009355,RADHI,39,39,200,825.3,165060.0,Sumeru Securities Pvt. Ltd.,Sumeru Securities Pvt. Ltd.,2026-04-10T12:20:30.517626
2026041004009356,RADHI,32,39,10,825.3,8253.0,Premier Securities Company Ltd.,Sumeru Securities Pvt. Ltd.,2026-04-10T12:20:30.517793
2026041004009357,RADHI,45,39,109,825.2,89946.8,Imperial Securities Company Pvt. Ltd.,Sumeru Securities Pvt. Ltd.,2026-04-10T12:20:30.51785
2026041004009358,RADHI,81,39,500,825.1,412550.0,Aakashbhairab Securities Ltd.,Sumeru Securities Pvt. Ltd.,2026-04-10T12:20:30.517908
2026041004009359,RADHI,21,39,300,825.0,247500.0,Midas Stock Broking Company Private Limited,Sumeru Securities Pvt. Ltd.,2026-04-10T12:20:30.517962
2026041004009360,RADHI,29,39,50,825.0,41250.0,Trisul Securities & Invt. Ltd.,Sumeru Securities Pvt. Ltd.,2026-04-10T12:20:30.518016
2026041004009361,RADHI,81,39,200,825.0,165000.0,Aakashbhairab Securities Ltd.,Sumeru Securities Pvt. Ltd.,2026-04-10T12:20:30.518067
2026041004009362,RADHI,50,39,200,825.0,165000.0,Cristal Kanchanjanga Securites Pvt. Ltd.,Sumeru Securities Pvt. Ltd.,2026-04-10T12:20:30.518118
2026041004009363,RADHI,62,39,45,825.0,37125.0,Capital Max Securities Ltd,Sumeru Securities Pvt. Ltd.,2026-04-10T12:20:30.51817
2026041004009364,RADHI,49,39,200,825.0,165000.0,Online Securities Pvt. Ltd.,Sumeru Securities Pvt. Ltd.,2026-04-10T12:20:30.518222
2026041004009365,RADHI,81,39,500,825.0,412500.0,Aakashbhairab Securities Ltd.,Sumeru Securities Pvt. Ltd.,2026-04-10T12:20:30.518275
2026041004009378,RADHI,58,39,120,825.0,99000.0,Naasa Securities Co. Ltd.,Sumeru Securities Pvt. Ltd.,2026-04-10T12:20:34.343277
2026041004009393,RADHI,52,76,400,824.0,329600.0,Sundhara Securities Limited,Machhapuchchhre Securities Limited,2026-04-10T12:20:38.937928
2026041004009527,RADHI,58,39,50,825.0,41250.0,Naasa Securities Co. Ltd.,Sumeru Securities Pvt. Ltd.,2026-04-10T12:21:26.409841
2026041004009596,RADHI,34,39,516,825.0,425700.0,Vision Securities Pvt. Ltd,Sumeru Securities Pvt. Ltd.,2026-04-10T12:21:46.172199
2026041004009658,RADHI,34,39,100,825.0,82500.0,Vision Securities Pvt. Ltd,Sumeru Securities Pvt. Ltd.,2026-04-10T12:22:03.4911
2026041004009833,RADHI,38,33,100,825.1,82510.0,Dipshikha Dhitopatra Karobar Co. Pvt Ltd.,Dakshinkali Investment & Securities Pvt. Ltd.,2026-04-10T12:23:03.743213
2026041004010308,RADHI,38,17,300,825.1,247530.0,Dipshikha Dhitopatra Karobar Co. Pvt Ltd.,ABC Securities Private Limited,2026-04-10T12:25:46.679523
2026041004010309,RADHI,34,17,384,825.0,316800.0,Vision Securities Pvt. Ltd,ABC Securities Private Limited,2026-04-10T12:25:46.679678
2026041004010351,RADHI,52,6,100,824.0,82400.0,Sundhara Securities Limited,Agrawal Securities (PVT) Ltd.,2026-04-10T12:26:02.341427
2026041004010352,RADHI,74,6,85,824.0,70040.0,KALASH STOCK MARKET PVT. LTD.,Agrawal Securities (PVT) Ltd.,2026-04-10T12:26:02.341694
2026041004010353,RADHI,16,6,100,824.0,82400.0,Primo Securities (PVT) Ltd.,Agrawal Securities (PVT) Ltd.,2026-04-10T12:26:02.341879
2026041004010395,RADHI,64,6,205,824.0,168920.0,SUN SECURITIES PVT LTD,Agrawal Securities (PVT) Ltd.,2026-04-10T12:26:15.638657
2026041004010411,RADHI,64,6,85,824.0,70040.0,SUN SECURITIES PVT LTD,Agrawal Securities (PVT) Ltd.,2026-04-10T12:26:23.999506
2026041004010426,RADHI,64,6,25,824.0,20600.0,SUN SECURITIES PVT LTD,Agrawal Securities (PVT) Ltd.,2026-04-10T12:26:32.106449
2026041004010497,RADHI,64,10,43,824.0,35432.0,SUN SECURITIES PVT LTD,Pragyan Securities (PVT) Ltd.,2026-04-10T12:27:01.184499
2026041004010498,RADHI,64,10,42,824.0,34608.0,SUN SECURITIES PVT LTD,Pragyan Securities (PVT) Ltd.,2026-04-10T12:27:01.184679
2026041004010499,RADHI,64,10,38,824.0,31312.0,SUN SECURITIES PVT LTD,Pragyan Securities (PVT) Ltd.,2026-04-10T12:27:01.184738
2026041004010500,RADHI,49,10,36,824.0,29664.0,Online Securities Pvt. Ltd.,Pragyan Securities (PVT) Ltd.,2026-04-10T12:27:01.184798
2026041004010501,RADHI,74,10,100,823.1,82310.0,KALASH STOCK MARKET PVT. LTD.,Pragyan Securities (PVT) Ltd.,2026-04-10T12:27:01.184873
2026041004010502,RADHI,41,10,10,823.0,8230.0,Linch Stock Market Ltd.,Pragyan Securities (PVT) Ltd.,2026-04-10T12:27:01.184928
2026041004010503,RADHI,52,10,200,823.0,164600.0,Sundhara Securities Limited,Pragyan Securities (PVT) Ltd.,2026-04-10T12:27:01.184981
2026041004010504,RADHI,16,10,31,823.0,25513.0,Primo Securities (PVT) Ltd.,Pragyan Securities (PVT) Ltd.,2026-04-10T12:27:01.185033
2026041004010729,RADHI,91,36,5,808.0,4040.0,Citizens Share Broker Limited,Secured Securities Ltd.,2026-04-10T12:28:18.516147
2026041004010814,RADHI,36,25,100,828.0,82800.0,Secured Securities Ltd.,Sweta Securities Private Limited,2026-04-10T12:29:04.92637
2026041004010891,RADHI,36,62,20,825.1,16502.0,Secured Securities Ltd.,Capital Max Securities Ltd,2026-04-10T12:29:47.410611
2026041004010892,RADHI,14,62,500,825.0,412500.0,Nepal Stock House (PVT) Ltd.,Capital Max Securities Ltd,2026-04-10T12:29:47.41068
2026041004010893,RADHI,34,62,100,823.3,82330.0,Vision Securities Pvt. Ltd,Capital Max Securities Ltd,2026-04-10T12:29:47.410721
2026041004010894,RADHI,45,62,85,823.2,69972.0,Imperial Securities Company Pvt. Ltd.,Capital Max Securities Ltd,2026-04-10T12:29:47.410744
2026041004010895,RADHI,16,62,69,823.0,56787.0,Primo Securities (PVT) Ltd.,Capital Max Securities Ltd,2026-04-10T12:29:47.41077
2026041004010896,RADHI,58,62,50,823.0,41150.0,Naasa Securities Co. Ltd.,Capital Max Securities Ltd,2026-04-10T12:29:47.410793
2026041004010897,RADHI,74,62,100,822.2,82220.0,KALASH STOCK MARKET PVT. LTD.,Capital Max Securities Ltd,2026-04-10T12:29:47.410815
2026041004010898,RADHI,33,62,500,822.2,411100.0,Dakshinkali Investment & Securities Pvt. Ltd.,Capital Max Securities Ltd,2026-04-10T12:29:47.410835
2026041004010899,RADHI,18,62,500,822.1,411050.0,Sagarmatha Securities Private Limited,Capital Max Securities Ltd,2026-04-10T12:29:47.410858
2026041004010900,RADHI,32,62,10,822.1,8221.0,Premier Securities Company Ltd.,Capital Max Securities Ltd,2026-04-10T12:29:47.410877
2026041004010901,RADHI,39,62,100,822.0,82200.0,Sumeru Securities Pvt. Ltd.,Capital Max Securities Ltd,2026-04-10T12:29:47.410949
2026041004010902,RADHI,34,62,1000,822.0,822000.0,Vision Securities Pvt. Ltd,Capital Max Securities Ltd,2026-04-10T12:29:47.41097
2026041004010903,RADHI,43,62,150,821.0,123150.0,South Asian Bulls Pvt. Ltd.,Capital Max Securities Ltd,2026-04-10T12:29:47.410992
2026041004010904,RADHI,80,62,100,820.2,82020.0,Indira securities pvt. ltd,Capital Max Securities Ltd,2026-04-10T12:29:47.411012
2026041004010905,RADHI,34,62,1000,820.2,820200.0,Vision Securities Pvt. Ltd,Capital Max Securities Ltd,2026-04-10T12:29:47.411034
2026041004010906,RADHI,16,62,516,820.1,423171.6,Primo Securities (PVT) Ltd.,Capital Max Securities Ltd,2026-04-10T12:29:47.411058
2026041004012002,RADHI,52,45,10,825.0,8250.0,Sundhara Securities Limited,Imperial Securities Company Pvt. Ltd.,2026-04-10T12:38:14.919407
2026041004012003,RADHI,16,45,100,824.7,82470.0,Primo Securities (PVT) Ltd.,Imperial Securities Company Pvt. Ltd.,2026-04-10T12:38:14.919574
2026041004012004,RADHI,21,45,50,824.5,41225.0,Midas Stock Broking Company Private Limited,Imperial Securities Company Pvt. Ltd.,2026-04-10T12:38:14.919641
2026041004012005,RADHI,74,45,50,824.1,41205.0,KALASH STOCK MARKET PVT. LTD.,Imperial Securities Company Pvt. Ltd.,2026-04-10T12:38:14.919726
2026041004012006,RADHI,81,45,1000,824.0,824000.0,Aakashbhairab Securities Ltd.,Imperial Securities Company Pvt. Ltd.,2026-04-10T12:38:14.919789
2026041004012191,RADHI,74,34,100,823.8,82380.0,KALASH STOCK MARKET PVT. LTD.,Vision Securities Pvt. Ltd,2026-04-10T12:39:19.824383
2026041004012192,RADHI,74,34,50,823.6,41180.0,KALASH STOCK MARKET PVT. LTD.,Vision Securities Pvt. Ltd,2026-04-10T12:39:19.824621
2026041004012193,RADHI,32,34,50,823.4,41170.0,Premier Securities Company Ltd.,Vision Securities Pvt. Ltd,2026-04-10T12:39:19.824692
2026041004012230,RADHI,32,17,50,823.4,41170.0,Premier Securities Company Ltd.,ABC Securities Private Limited,2026-04-10T12:39:30.590246
2026041004012324,RADHI,75,17,266,822.1,218678.6,N.I.M.B. Stock Markets Limited,ABC Securities Private Limited,2026-04-10T12:40:39.58086
2026041004012396,RADHI,74,53,200,822.2,164440.0,KALASH STOCK MARKET PVT. LTD.,Investment Management Nepal Pvt. Ltd.,2026-04-10T12:41:16.403141
2026041004012657,RADHI,42,49,91,823.0,74893.0,Sani Securities Company Ltd.,Online Securities Pvt. Ltd.,2026-04-10T12:44:33.257173
2026041004012658,RADHI,58,45,38,822.2,31243.6,Naasa Securities Co. Ltd.,Imperial Securities Company Pvt. Ltd.,2026-04-10T12:44:35.482512
2026041004012659,RADHI,75,45,1462,822.1,1201910.2,N.I.M.B. Stock Markets Limited,Imperial Securities Company Pvt. Ltd.,2026-04-10T12:44:35.482624
2026041004012674,RADHI,75,14,2000,822.1,1644200.0,N.I.M.B. Stock Markets Limited,Nepal Stock House (PVT) Ltd.,2026-04-10T12:44:58.029796
2026041004012744,RADHI,74,49,400,823.0,329200.0,KALASH STOCK MARKET PVT. LTD.,Online Securities Pvt. Ltd.,2026-04-10T12:45:49.314492
2026041004012909,RADHI,42,58,17,823.0,13991.0,Sani Securities Company Ltd.,Naasa Securities Co. Ltd.,2026-04-10T12:48:23.363534
2026041004013102,RADHI,35,45,790,826.9,653251.0,Kohinoor Investment & Securities Pvt. Ltd.,Imperial Securities Company Pvt. Ltd.,2026-04-10T12:51:41.786601
2026041004013103,RADHI,35,39,210,827.0,173670.0,Kohinoor Investment & Securities Pvt. Ltd.,Sumeru Securities Pvt. Ltd.,2026-04-10T12:51:41.786907
2026041004013459,RADHI,44,74,350,826.9,289415.0,Dynamic Money Managers Securities Pvt. Ltd.,KALASH STOCK MARKET PVT. LTD.,2026-04-10T12:58:02.973901
2026041004013479,RADHI,42,74,40,826.9,33076.0,Sani Securities Company Ltd.,KALASH STOCK MARKET PVT. LTD.,2026-04-10T12:58:30.684407
2026041004013493,RADHI,58,74,40,826.9,33076.0,Naasa Securities Co. Ltd.,KALASH STOCK MARKET PVT. LTD.,2026-04-10T12:58:38.908715
2026041004013495,RADHI,75,74,170,826.9,140573.0,N.I.M.B. Stock Markets Limited,KALASH STOCK MARKET PVT. LTD.,2026-04-10T12:58:43.272728
2026041004013496,RADHI,75,45,400,826.9,330760.0,N.I.M.B. Stock Markets Limited,Imperial Securities Company Pvt. Ltd.,2026-04-10T12:58:43.272928
2026041004013497,RADHI,75,39,4430,827.0,3663610.0,N.I.M.B. Stock Markets Limited,Sumeru Securities Pvt. Ltd.,2026-04-10T12:58:43.273003
2026041004013525,RADHI,19,39,200,827.0,165400.0,Nepal Investment And Securities Trading Private Limited,Sumeru Securities Pvt. Ltd.,2026-04-10T12:58:58.47312
2026041004013694,RADHI,66,39,160,827.0,132320.0,Miyo Securities Pvt Ltd,Sumeru Securities Pvt. Ltd.,2026-04-10T13:01:23.992748
2026041004013741,RADHI,36,45,10,827.0,8270.0,Secured Securities Ltd.,Imperial Securities Company Pvt. Ltd.,2026-04-10T13:02:32.040282
2026041004013864,RADHI,60,45,330,827.0,272910.0,Nagarik Stock Dealer ,Imperial Securities Company Pvt. Ltd.,2026-04-10T13:04:52.795965
2026041004014294,RADHI,60,25,40,828.0,33120.0,Nagarik Stock Dealer ,Sweta Securities Private Limited,2026-04-10T13:13:01.737214
2026041004014320,RADHI,44,25,86,828.0,71208.0,Dynamic Money Managers Securities Pvt. Ltd.,Sweta Securities Private Limited,2026-04-10T13:13:30.825874
2026041004014321,RADHI,44,45,400,828.0,331200.0,Dynamic Money Managers Securities Pvt. Ltd.,Imperial Securities Company Pvt. Ltd.,2026-04-10T13:13:30.826244
2026041004014377,RADHI,75,56,1000,830.0,830000.0,N.I.M.B. Stock Markets Limited,Sri Hari Securities Pvt. Ltd.,2026-04-10T13:14:26.260101
2026041004014378,RADHI,44,58,14,828.0,11592.0,Dynamic Money Managers Securities Pvt. Ltd.,Naasa Securities Co. Ltd.,2026-04-10T13:14:26.595382
2026041004014407,RADHI,62,58,20,824.0,16480.0,Capital Max Securities Ltd,Naasa Securities Co. Ltd.,2026-04-10T13:14:55.01911
2026041004014408,RADHI,44,58,13,824.0,10712.0,Dynamic Money Managers Securities Pvt. Ltd.,Naasa Securities Co. Ltd.,2026-04-10T13:14:55.019455
2026041004014454,RADHI,45,41,10,824.2,8242.0,Imperial Securities Company Pvt. Ltd.,Linch Stock Market Ltd.,2026-04-10T13:15:31.569187
2026041004014587,RADHI,60,43,42,824.4,34624.8,Nagarik Stock Dealer ,South Asian Bulls Pvt. Ltd.,2026-04-10T13:17:40.736406
2026041004014856,RADHI,42,48,90,830.0,74700.0,Sani Securities Company Ltd.,Trishakti Securities Public Limited,2026-04-10T13:21:29.343484
2026041004014857,RADHI,42,45,35,831.9,29116.5,Sani Securities Company Ltd.,Imperial Securities Company Pvt. Ltd.,2026-04-10T13:21:29.343676
2026041004014858,RADHI,42,17,25,832.0,20800.0,Sani Securities Company Ltd.,ABC Securities Private Limited,2026-04-10T13:21:29.343761
2026041004014953,RADHI,59,17,25,832.0,20800.0,Deevyaa Securities & Stock House Pvt. Ltd,ABC Securities Private Limited,2026-04-10T13:22:26.003032
2026041004014954,RADHI,59,45,175,832.0,145600.0,Deevyaa Securities & Stock House Pvt. Ltd,Imperial Securities Company Pvt. Ltd.,2026-04-10T13:22:26.003238
2026041004015002,RADHI,58,45,225,832.0,187200.0,Naasa Securities Co. Ltd.,Imperial Securities Company Pvt. Ltd.,2026-04-10T13:22:47.914469
2026041004015003,RADHI,58,49,275,832.0,228800.0,Naasa Securities Co. Ltd.,Online Securities Pvt. Ltd.,2026-04-10T13:22:47.914672
2026041004015231,RADHI,58,49,300,832.0,249600.0,Naasa Securities Co. Ltd.,Online Securities Pvt. Ltd.,2026-04-10T13:25:25.252893
2026041004015247,RADHI,58,49,200,832.0,166400.0,Naasa Securities Co. Ltd.,Online Securities Pvt. Ltd.,2026-04-10T13:25:29.930642
2026041004015795,RADHI,45,39,120,830.0,99600.0,Imperial Securities Company Pvt. Ltd.,Sumeru Securities Pvt. Ltd.,2026-04-10T13:31:52.987344
2026041004016030,RADHI,25,5,50,831.9,41595.0,Sweta Securities Private Limited,Market Securities & Exchange (PVT) Ltd.,2026-04-10T13:34:13.788637
2026041004016131,RADHI,22,5,200,830.0,166000.0,Siprabi Securities Pvt. Ltd.,Market Securities & Exchange (PVT) Ltd.,2026-04-10T13:35:37.221894
2026041004016250,RADHI,25,5,100,831.9,83190.0,Sweta Securities Private Limited,Market Securities & Exchange (PVT) Ltd.,2026-04-10T13:37:15.326465
2026041004016284,RADHI,58,6,4,830.0,3320.0,Naasa Securities Co. Ltd.,Agrawal Securities (PVT) Ltd.,2026-04-10T13:37:44.947423
2026041004016353,RADHI,38,39,100,830.0,83000.0,Dipshikha Dhitopatra Karobar Co. Pvt Ltd.,Sumeru Securities Pvt. Ltd.,2026-04-10T13:38:26.432431
2026041004016354,RADHI,52,39,10,828.3,8283.0,Sundhara Securities Limited,Sumeru Securities Pvt. Ltd.,2026-04-10T13:38:26.43247
2026041004016355,RADHI,83,39,226,828.2,187173.2,Sanima Securities Limited,Sumeru Securities Pvt. Ltd.,2026-04-10T13:38:26.43252
2026041004016418,RADHI,39,6,5,830.0,4150.0,Sumeru Securities Pvt. Ltd.,Agrawal Securities (PVT) Ltd.,2026-04-10T13:38:57.688426
2026041004016513,RADHI,60,58,44,831.9,36603.6,Nagarik Stock Dealer ,Naasa Securities Co. Ltd.,2026-04-10T13:39:40.210362
2026041004016530,RADHI,60,49,225,832.0,187200.0,Nagarik Stock Dealer ,Online Securities Pvt. Ltd.,2026-04-10T13:39:48.790488
2026041004016531,RADHI,60,45,500,832.0,416000.0,Nagarik Stock Dealer ,Imperial Securities Company Pvt. Ltd.,2026-04-10T13:39:48.790886
2026041004016556,RADHI,5,48,20,832.3,16646.0,Market Securities & Exchange (PVT) Ltd.,Trishakti Securities Public Limited,2026-04-10T13:40:05.819264
2026041004016557,RADHI,5,45,280,832.9,233212.0,Market Securities & Exchange (PVT) Ltd.,Imperial Securities Company Pvt. Ltd.,2026-04-10T13:40:05.819334
2026041004016581,RADHI,60,45,320,832.9,266528.0,Nagarik Stock Dealer ,Imperial Securities Company Pvt. Ltd.,2026-04-10T13:40:23.034741
2026041004016657,RADHI,38,32,7,820.0,5740.0,Dipshikha Dhitopatra Karobar Co. Pvt Ltd.,Premier Securities Company Ltd.,2026-04-10T13:41:30.080719
2026041004016947,RADHI,41,5,200,832.9,166580.0,Linch Stock Market Ltd.,Market Securities & Exchange (PVT) Ltd.,2026-04-10T13:43:18.845946
2026041004016957,RADHI,75,34,100,833.0,83300.0,N.I.M.B. Stock Markets Limited,Vision Securities Pvt. Ltd,2026-04-10T13:43:24.334845
2026041004016958,RADHI,75,49,1000,833.0,833000.0,N.I.M.B. Stock Markets Limited,Online Securities Pvt. Ltd.,2026-04-10T13:43:24.335065
2026041004016959,RADHI,75,42,100,833.0,83300.0,N.I.M.B. Stock Markets Limited,Sani Securities Company Ltd.,2026-04-10T13:43:24.335158
2026041004016960,RADHI,75,34,80,834.9,66792.0,N.I.M.B. Stock Markets Limited,Vision Securities Pvt. Ltd,2026-04-10T13:43:24.335234
2026041004016961,RADHI,75,14,100,835.0,83500.0,N.I.M.B. Stock Markets Limited,Nepal Stock House (PVT) Ltd.,2026-04-10T13:43:24.33531
2026041004016962,RADHI,75,47,500,835.0,417500.0,N.I.M.B. Stock Markets Limited,Neev Securities Pvt. Ltd.,2026-04-10T13:43:24.33543
2026041004016963,RADHI,75,4,1120,835.0,935200.0,N.I.M.B. Stock Markets Limited,Opal Securities Investment (PVT) Ltd.,2026-04-10T13:43:24.335502
2026041004016981,RADHI,22,53,1,819.0,819.0,Siprabi Securities Pvt. Ltd.,Investment Management Nepal Pvt. Ltd.,2026-04-10T13:43:31.336396
2026041004016993,RADHI,60,4,111,835.0,92685.0,Nagarik Stock Dealer ,Opal Securities Investment (PVT) Ltd.,2026-04-10T13:43:40.942607
2026041004017013,RADHI,35,4,269,835.0,224615.0,Kohinoor Investment & Securities Pvt. Ltd.,Opal Securities Investment (PVT) Ltd.,2026-04-10T13:43:50.277223
2026041004017047,RADHI,35,101,250,836.0,209000.0,Kohinoor Investment & Securities Pvt. Ltd.,APPLE SECURITIES PRIVATE LIMITED,2026-04-10T13:44:12.727934
2026041004017092,RADHI,38,3,1,824.0,824.0,Dipshikha Dhitopatra Karobar Co. Pvt Ltd.,Arun Securities (PVT) Ltd.,2026-04-10T13:44:41.941699
2026041004017151,RADHI,35,49,250,836.0,209000.0,Kohinoor Investment & Securities Pvt. Ltd.,Online Securities Pvt. Ltd.,2026-04-10T13:45:04.784801
2026041004017159,RADHI,38,57,1,825.0,825.0,Dipshikha Dhitopatra Karobar Co. Pvt Ltd.,Aryatara Investment & Securities,2026-04-10T13:45:12.929283
2026041004017161,RADHI,35,49,231,835.0,192885.0,Kohinoor Investment & Securities Pvt. Ltd.,Online Securities Pvt. Ltd.,2026-04-10T13:45:14.078125
2026041004017192,RADHI,22,19,5,825.0,4125.0,Siprabi Securities Pvt. Ltd.,Nepal Investment And Securities Trading Private Limited,2026-04-10T13:45:32.762326
2026041004017283,RADHI,26,1,1000,836.0,836000.0,Asian Securities Private Ltd.,Kumari Securities Private Limited,2026-04-10T13:46:32.575419
2026041004017284,RADHI,58,45,1000,835.0,835000.0,Naasa Securities Co. Ltd.,Imperial Securities Company Pvt. Ltd.,2026-04-10T13:46:34.786972
2026041004017478,RADHI,58,81,100,837.0,83700.0,Naasa Securities Co. Ltd.,Aakashbhairab Securities Ltd.,2026-04-10T13:48:29.851671
2026041004017479,RADHI,58,100,100,837.0,83700.0,Naasa Securities Co. Ltd.,Sunrise Securities Limited,2026-04-10T13:48:29.852031
2026041004017480,RADHI,58,11,12,838.0,10056.0,Naasa Securities Co. Ltd.,Malla & Malla Stock Broking Company Pvt. Limited,2026-04-10T13:48:29.852267
2026041004017481,RADHI,58,45,288,838.0,241344.0,Naasa Securities Co. Ltd.,Imperial Securities Company Pvt. Ltd.,2026-04-10T13:48:29.852507
2026041004017490,RADHI,58,71,500,836.0,418000.0,Naasa Securities Co. Ltd.,SHUBHAKAMANA SECURITIES PVT. LTD,2026-04-10T13:48:39.665713
2026041004017552,RADHI,44,71,1500,837.0,1255500.0,Dynamic Money Managers Securities Pvt. Ltd.,SHUBHAKAMANA SECURITIES PVT. LTD,2026-04-10T13:49:19.117619
2026041004017679,RADHI,41,51,1,830.0,830.0,Linch Stock Market Ltd.,Oxford Securities Pvt. Ltd.,2026-04-10T13:50:32.514745
2026041004017865,RADHI,58,62,1000,837.0,837000.0,Naasa Securities Co. Ltd.,Capital Max Securities Ltd,2026-04-10T13:52:15.266756
2026041004017967,RADHI,58,32,300,835.0,250500.0,Naasa Securities Co. Ltd.,Premier Securities Company Ltd.,2026-04-10T13:53:40.614949
2026041004017968,RADHI,44,32,2000,834.0,1668000.0,Dynamic Money Managers Securities Pvt. Ltd.,Premier Securities Company Ltd.,2026-04-10T13:53:40.615162
2026041004018035,RADHI,44,32,200,834.0,166800.0,Dynamic Money Managers Securities Pvt. Ltd.,Premier Securities Company Ltd.,2026-04-10T13:54:20.996923
2026041004018036,RADHI,44,81,1000,837.0,837000.0,Dynamic Money Managers Securities Pvt. Ltd.,Aakashbhairab Securities Ltd.,2026-04-10T13:54:20.997126
2026041004018037,RADHI,44,71,2000,837.5,1675000.0,Dynamic Money Managers Securities Pvt. Ltd.,SHUBHAKAMANA SECURITIES PVT. LTD,2026-04-10T13:54:20.997218
2026041004018038,RADHI,44,45,712,838.0,596656.0,Dynamic Money Managers Securities Pvt. Ltd.,Imperial Securities Company Pvt. Ltd.,2026-04-10T13:54:20.997297
2026041004018039,RADHI,44,39,1588,838.0,1330744.0,Dynamic Money Managers Securities Pvt. Ltd.,Sumeru Securities Pvt. Ltd.,2026-04-10T13:54:20.997398
2026041004018099,RADHI,75,39,412,838.0,345256.0,N.I.M.B. Stock Markets Limited,Sumeru Securities Pvt. Ltd.,2026-04-10T13:54:50.356144
2026041004018100,RADHI,75,71,2000,838.0,1676000.0,N.I.M.B. Stock Markets Limited,SHUBHAKAMANA SECURITIES PVT. LTD,2026-04-10T13:54:50.356278
2026041004018101,RADHI,75,39,1000,838.5,838500.0,N.I.M.B. Stock Markets Limited,Sumeru Securities Pvt. Ltd.,2026-04-10T13:54:50.356393
2026041004018102,RADHI,75,81,100,838.5,83850.0,N.I.M.B. Stock Markets Limited,Aakashbhairab Securities Ltd.,2026-04-10T13:54:50.356473
2026041004018103,RADHI,75,34,14,838.9,11744.6,N.I.M.B. Stock Markets Limited,Vision Securities Pvt. Ltd,2026-04-10T13:54:50.356555
2026041004018104,RADHI,75,71,1474,839.0,1236686.0,N.I.M.B. Stock Markets Limited,SHUBHAKAMANA SECURITIES PVT. LTD,2026-04-10T13:54:50.356633
2026041004018586,RADHI,58,45,300,833.1,249930.0,Naasa Securities Co. Ltd.,Imperial Securities Company Pvt. Ltd.,2026-04-10T13:56:47.364393
2026041004018638,RADHI,14,56,500,830.0,415000.0,Nepal Stock House (PVT) Ltd.,Sri Hari Securities Pvt. Ltd.,2026-04-10T13:57:03.992014
2026041004018781,RADHI,35,45,25,826.0,20650.0,Kohinoor Investment & Securities Pvt. Ltd.,Imperial Securities Company Pvt. Ltd.,2026-04-10T13:57:53.652185
2026041004018782,RADHI,95,45,100,826.0,82600.0,Magnet Securities and Investment Company Private Limited,Imperial Securities Company Pvt. Ltd.,2026-04-10T13:57:53.652563
2026041004018783,RADHI,83,45,14,826.0,11564.0,Sanima Securities Limited,Imperial Securities Company Pvt. Ltd.,2026-04-10T13:57:53.652801
2026041004018784,RADHI,19,45,1000,825.1,825100.0,Nepal Investment And Securities Trading Private Limited,Imperial Securities Company Pvt. Ltd.,2026-04-10T13:57:53.653016
2026041004018785,RADHI,38,45,10,825.0,8250.0,Dipshikha Dhitopatra Karobar Co. Pvt Ltd.,Imperial Securities Company Pvt. Ltd.,2026-04-10T13:57:53.653233
2026041004018786,RADHI,95,45,500,825.0,412500.0,Magnet Securities and Investment Company Private Limited,Imperial Securities Company Pvt. Ltd.,2026-04-10T13:57:53.653461
2026041004018787,RADHI,50,45,100,825.0,82500.0,Cristal Kanchanjanga Securites Pvt. Ltd.,Imperial Securities Company Pvt. Ltd.,2026-04-10T13:57:53.65367
2026041004018788,RADHI,95,45,251,825.0,207075.0,Magnet Securities and Investment Company Private Limited,Imperial Securities Company Pvt. Ltd.,2026-04-10T13:57:53.653922
2026041004018857,RADHI,44,56,500,830.0,415000.0,Dynamic Money Managers Securities Pvt. Ltd.,Sri Hari Securities Pvt. Ltd.,2026-04-10T13:58:19.354919
2026041004018879,RADHI,14,45,100,825.2,82520.0,Nepal Stock House (PVT) Ltd.,Imperial Securities Company Pvt. Ltd.,2026-04-10T13:58:25.949605
2026041004018880,RADHI,95,45,249,825.0,205425.0,Magnet Securities and Investment Company Private Limited,Imperial Securities Company Pvt. Ltd.,2026-04-10T13:58:25.949817
2026041004018898,RADHI,44,45,651,825.0,537075.0,Dynamic Money Managers Securities Pvt. Ltd.,Imperial Securities Company Pvt. Ltd.,2026-04-10T13:58:32.410004
2026041004019209,RADHI,60,45,58,825.1,47855.8,Nagarik Stock Dealer ,Imperial Securities Company Pvt. Ltd.,2026-04-10T14:01:46.534567
2026041004019210,RADHI,44,45,349,825.0,287925.0,Dynamic Money Managers Securities Pvt. Ltd.,Imperial Securities Company Pvt. Ltd.,2026-04-10T14:01:46.534836
2026041004019211,RADHI,58,45,300,825.0,247500.0,Naasa Securities Co. Ltd.,Imperial Securities Company Pvt. Ltd.,2026-04-10T14:01:46.534941
2026041004019212,RADHI,50,45,1717,825.0,1416525.0,Cristal Kanchanjanga Securites Pvt. Ltd.,Imperial Securities Company Pvt. Ltd.,2026-04-10T14:01:46.535021
2026041004019213,RADHI,38,45,100,825.0,82500.0,Dipshikha Dhitopatra Karobar Co. Pvt Ltd.,Imperial Securities Company Pvt. Ltd.,2026-04-10T14:01:46.535097
2026041004019242,RADHI,14,45,76,825.0,62700.0,Nepal Stock House (PVT) Ltd.,Imperial Securities Company Pvt. Ltd.,2026-04-10T14:02:03.171827
2026041004019463,RADHI,58,58,38,825.8,31380.4,Naasa Securities Co. Ltd.,Naasa Securities Co. Ltd.,2026-04-10T14:04:44.087129
2026041004019710,RADHI,58,45,200,829.9,165980.0,Naasa Securities Co. Ltd.,Imperial Securities Company Pvt. Ltd.,2026-04-10T14:08:36.272664
2026041004019724,RADHI,58,45,150,829.9,124485.0,Naasa Securities Co. Ltd.,Imperial Securities Company Pvt. Ltd.,2026-04-10T14:08:51.18946
2026041004019739,RADHI,14,45,150,829.9,124485.0,Nepal Stock House (PVT) Ltd.,Imperial Securities Company Pvt. Ltd.,2026-04-10T14:09:05.749058
2026041004019740,RADHI,14,56,150,830.0,124500.0,Nepal Stock House (PVT) Ltd.,Sri Hari Securities Pvt. Ltd.,2026-04-10T14:09:05.749505
2026041004019858,RADHI,21,45,500,829.9,414950.0,Midas Stock Broking Company Private Limited,Imperial Securities Company Pvt. Ltd.,2026-04-10T14:11:06.039415
2026041004019859,RADHI,21,56,850,830.0,705500.0,Midas Stock Broking Company Private Limited,Sri Hari Securities Pvt. Ltd.,2026-04-10T14:11:06.039661
2026041004019860,RADHI,21,65,40,830.0,33200.0,Midas Stock Broking Company Private Limited,Sharepro Securities Private Limited,2026-04-10T14:11:06.039745
2026041004019872,RADHI,21,5,100,830.0,83000.0,Midas Stock Broking Company Private Limited,Market Securities & Exchange (PVT) Ltd.,2026-04-10T14:11:25.09674
2026041004019974,RADHI,41,34,1,824.0,824.0,Linch Stock Market Ltd.,Vision Securities Pvt. Ltd,2026-04-10T14:13:33.214645
2026041004020173,RADHI,28,5,30,830.0,24900.0,Shree Krishna Securities Ltd.,Market Securities & Exchange (PVT) Ltd.,2026-04-10T14:15:59.674841
2026041004020181,RADHI,32,75,50,832.0,41600.0,Premier Securities Company Ltd.,N.I.M.B. Stock Markets Limited,2026-04-10T14:16:09.531583
2026041004020244,RADHI,41,5,13,831.9,10814.7,Linch Stock Market Ltd.,Market Securities & Exchange (PVT) Ltd.,2026-04-10T14:17:05.338174
2026041004020270,RADHI,28,58,37,830.0,30710.0,Shree Krishna Securities Ltd.,Naasa Securities Co. Ltd.,2026-04-10T14:17:52.042308
2026041004020300,RADHI,39,5,137,831.9,113970.3,Sumeru Securities Pvt. Ltd.,Market Securities & Exchange (PVT) Ltd.,2026-04-10T14:18:28.593631
2026041004020301,RADHI,39,45,500,831.9,415950.0,Sumeru Securities Pvt. Ltd.,Imperial Securities Company Pvt. Ltd.,2026-04-10T14:18:28.59406
2026041004020315,RADHI,39,75,450,832.0,374400.0,Sumeru Securities Pvt. Ltd.,N.I.M.B. Stock Markets Limited,2026-04-10T14:18:37.034062
2026041004020376,RADHI,34,25,500,834.0,417000.0,Vision Securities Pvt. Ltd,Sweta Securities Private Limited,2026-04-10T14:19:28.424767
2026041004020377,RADHI,34,34,600,836.0,501600.0,Vision Securities Pvt. Ltd,Vision Securities Pvt. Ltd,2026-04-10T14:19:28.425189
2026041004020532,RADHI,26,74,1000,830.2,830200.0,Asian Securities Private Ltd.,KALASH STOCK MARKET PVT. LTD.,2026-04-10T14:21:28.265288
2026041004020533,RADHI,39,74,1000,830.1,830100.0,Sumeru Securities Pvt. Ltd.,KALASH STOCK MARKET PVT. LTD.,2026-04-10T14:21:28.265503
2026041004020534,RADHI,62,74,200,830.0,166000.0,Capital Max Securities Ltd,KALASH STOCK MARKET PVT. LTD.,2026-04-10T14:21:28.265583
2026041004021171,RADHI,63,84,100,830.0,83000.0,Himalayan Brokerage Company Limited,MILKY WAY SHARE BROKER COMPANY LTD ,2026-04-10T14:26:32.617427
2026041004021204,RADHI,5,96,500,827.7,413850.0,Market Securities & Exchange (PVT) Ltd.,Himalayan Securities Limited,2026-04-10T14:26:54.966066
2026041004021205,RADHI,19,96,500,827.6,413800.0,Nepal Investment And Securities Trading Private Limited,Himalayan Securities Limited,2026-04-10T14:26:54.966297
2026041004021206,RADHI,58,96,76,827.5,62890.0,Naasa Securities Co. Ltd.,Himalayan Securities Limited,2026-04-10T14:26:54.966394
2026041004021488,RADHI,66,84,100,828.0,82800.0,Miyo Securities Pvt Ltd,MILKY WAY SHARE BROKER COMPANY LTD ,2026-04-10T14:29:18.977389
2026041004021489,RADHI,58,84,224,828.0,185472.0,Naasa Securities Co. Ltd.,MILKY WAY SHARE BROKER COMPANY LTD ,2026-04-10T14:29:18.977623
2026041004021490,RADHI,83,84,243,827.3,201033.9,Sanima Securities Limited,MILKY WAY SHARE BROKER COMPANY LTD ,2026-04-10T14:29:18.977711
2026041004021491,RADHI,39,84,433,827.2,358177.6,Sumeru Securities Pvt. Ltd.,MILKY WAY SHARE BROKER COMPANY LTD ,2026-04-10T14:29:18.977795
2026041004021521,RADHI,39,84,67,827.2,55422.4,Sumeru Securities Pvt. Ltd.,MILKY WAY SHARE BROKER COMPANY LTD ,2026-04-10T14:29:39.014191
2026041004021522,RADHI,19,84,500,827.1,413550.0,Nepal Investment And Securities Trading Private Limited,MILKY WAY SHARE BROKER COMPANY LTD ,2026-04-10T14:29:39.014433
2026041004021523,RADHI,50,84,200,827.0,165400.0,Cristal Kanchanjanga Securites Pvt. Ltd.,MILKY WAY SHARE BROKER COMPANY LTD ,2026-04-10T14:29:39.01452
2026041004021524,RADHI,46,84,40,827.0,33080.0,Kalika Securities Pvt. Ltd.,MILKY WAY SHARE BROKER COMPANY LTD ,2026-04-10T14:29:39.014601
2026041004021525,RADHI,19,84,500,826.4,413200.0,Nepal Investment And Securities Trading Private Limited,MILKY WAY SHARE BROKER COMPANY LTD ,2026-04-10T14:29:39.014684
2026041004021526,RADHI,59,84,693,826.3,572625.9,Deevyaa Securities & Stock House Pvt. Ltd,MILKY WAY SHARE BROKER COMPANY LTD ,2026-04-10T14:29:39.014769
2026041004021544,RADHI,59,84,900,826.3,743670.0,Deevyaa Securities & Stock House Pvt. Ltd,MILKY WAY SHARE BROKER COMPANY LTD ,2026-04-10T14:29:51.034284
2026041004021581,RADHI,59,38,488,826.3,403234.4,Deevyaa Securities & Stock House Pvt. Ltd,Dipshikha Dhitopatra Karobar Co. Pvt Ltd.,2026-04-10T14:30:07.292668
2026041004021640,RADHI,39,84,500,826.4,413200.0,Sumeru Securities Pvt. Ltd.,MILKY WAY SHARE BROKER COMPANY LTD ,2026-04-10T14:30:33.115188
2026041004021641,RADHI,59,84,500,826.3,413150.0,Deevyaa Securities & Stock House Pvt. Ltd,MILKY WAY SHARE BROKER COMPANY LTD ,2026-04-10T14:30:33.115387
2026041004021661,RADHI,59,75,500,826.3,413150.0,Deevyaa Securities & Stock House Pvt. Ltd,N.I.M.B. Stock Markets Limited,2026-04-10T14:30:40.66413
2026041004021669,RADHI,59,6,1919,826.3,1585669.7,Deevyaa Securities & Stock House Pvt. Ltd,Agrawal Securities (PVT) Ltd.,2026-04-10T14:30:45.989261
2026041004021670,RADHI,58,6,300,826.3,247890.0,Naasa Securities Co. Ltd.,Agrawal Securities (PVT) Ltd.,2026-04-10T14:30:45.989489
2026041004021671,RADHI,5,6,100,826.0,82600.0,Market Securities & Exchange (PVT) Ltd.,Agrawal Securities (PVT) Ltd.,2026-04-10T14:30:45.989577
2026041004021761,RADHI,44,6,1500,826.0,1239000.0,Dynamic Money Managers Securities Pvt. Ltd.,Agrawal Securities (PVT) Ltd.,2026-04-10T14:31:35.896836
2026041004021765,RADHI,74,36,10,825.4,8254.0,KALASH STOCK MARKET PVT. LTD.,Secured Securities Ltd.,2026-04-10T14:31:39.2642
2026041004021869,RADHI,44,6,181,826.0,149506.0,Dynamic Money Managers Securities Pvt. Ltd.,Agrawal Securities (PVT) Ltd.,2026-04-10T14:32:58.093242
2026041004021994,RADHI,44,59,500,826.0,413000.0,Dynamic Money Managers Securities Pvt. Ltd.,Deevyaa Securities & Stock House Pvt. Ltd,2026-04-10T14:34:02.228794
2026041004022045,RADHI,58,45,150,827.9,124185.0,Naasa Securities Co. Ltd.,Imperial Securities Company Pvt. Ltd.,2026-04-10T14:34:49.590126
2026041004022431,RADHI,36,75,20,826.2,16524.0,Secured Securities Ltd.,N.I.M.B. Stock Markets Limited,2026-04-10T14:38:28.78589
2026041004022432,RADHI,39,75,480,826.2,396576.0,Sumeru Securities Pvt. Ltd.,N.I.M.B. Stock Markets Limited,2026-04-10T14:38:28.786119
2026041004022444,RADHI,64,45,111,827.9,91896.9,SUN SECURITIES PVT LTD,Imperial Securities Company Pvt. Ltd.,2026-04-10T14:38:39.144831
2026041004022560,RADHI,26,45,120,826.3,99156.0,Asian Securities Private Ltd.,Imperial Securities Company Pvt. Ltd.,2026-04-10T14:39:52.904859
2026041004022561,RADHI,39,45,20,826.2,16524.0,Sumeru Securities Pvt. Ltd.,Imperial Securities Company Pvt. Ltd.,2026-04-10T14:39:52.90529
2026041004022562,RADHI,41,45,60,826.1,49566.0,Linch Stock Market Ltd.,Imperial Securities Company Pvt. Ltd.,2026-04-10T14:39:52.905583
2026041004022677,RADHI,58,53,200,827.0,165400.0,Naasa Securities Co. Ltd.,Investment Management Nepal Pvt. Ltd.,2026-04-10T14:41:23.963086
2026041004022728,RADHI,41,75,40,826.1,33044.0,Linch Stock Market Ltd.,N.I.M.B. Stock Markets Limited,2026-04-10T14:42:12.376623
2026041004022729,RADHI,58,75,85,826.1,70218.5,Naasa Securities Co. Ltd.,N.I.M.B. Stock Markets Limited,2026-04-10T14:42:12.376893
2026041004022730,RADHI,39,75,500,826.1,413050.0,Sumeru Securities Pvt. Ltd.,N.I.M.B. Stock Markets Limited,2026-04-10T14:42:12.376992
2026041004022731,RADHI,58,75,275,826.1,227177.5,Naasa Securities Co. Ltd.,N.I.M.B. Stock Markets Limited,2026-04-10T14:42:12.377073
2026041004023004,RADHI,58,26,225,826.1,185872.5,Naasa Securities Co. Ltd.,Asian Securities Private Ltd.,2026-04-10T14:43:57.697364
2026041004023005,RADHI,48,26,30,826.0,24780.0,Trishakti Securities Public Limited,Asian Securities Private Ltd.,2026-04-10T14:43:57.697469
2026041004023071,RADHI,3,36,11,826.1,9087.1,Arun Securities (PVT) Ltd.,Secured Securities Ltd.,2026-04-10T14:44:40.214674
2026041004023072,RADHI,44,36,319,825.8,263430.2,Dynamic Money Managers Securities Pvt. Ltd.,Secured Securities Ltd.,2026-04-10T14:44:40.215082
2026041004023073,RADHI,74,36,40,825.7,33028.0,KALASH STOCK MARKET PVT. LTD.,Secured Securities Ltd.,2026-04-10T14:44:40.215381
2026041004023074,RADHI,74,36,10,825.3,8253.0,KALASH STOCK MARKET PVT. LTD.,Secured Securities Ltd.,2026-04-10T14:44:40.215632
2026041004023075,RADHI,39,36,120,825.2,99024.0,Sumeru Securities Pvt. Ltd.,Secured Securities Ltd.,2026-04-10T14:44:40.215865
2026041004023139,RADHI,39,75,380,825.2,313576.0,Sumeru Securities Pvt. Ltd.,N.I.M.B. Stock Markets Limited,2026-04-10T14:45:13.655658
2026041004023140,RADHI,56,75,50,825.0,41250.0,Sri Hari Securities Pvt. Ltd.,N.I.M.B. Stock Markets Limited,2026-04-10T14:45:13.655978
2026041004023141,RADHI,14,75,500,825.0,412500.0,Nepal Stock House (PVT) Ltd.,N.I.M.B. Stock Markets Limited,2026-04-10T14:45:13.656092
2026041004023142,RADHI,81,75,100,825.0,82500.0,Aakashbhairab Securities Ltd.,N.I.M.B. Stock Markets Limited,2026-04-10T14:45:13.656242
2026041004023143,RADHI,7,75,70,825.0,57750.0,J.F. Securites (PVT) Ltd.,N.I.M.B. Stock Markets Limited,2026-04-10T14:45:13.656403
2026041004023182,RADHI,22,59,4,820.0,3280.0,Siprabi Securities Pvt. Ltd.,Deevyaa Securities & Stock House Pvt. Ltd,2026-04-10T14:45:28.413546
2026041004023214,RADHI,39,81,500,825.2,412600.0,Sumeru Securities Pvt. Ltd.,Aakashbhairab Securities Ltd.,2026-04-10T14:45:32.051659
2026041004023215,RADHI,7,81,530,825.0,437250.0,J.F. Securites (PVT) Ltd.,Aakashbhairab Securities Ltd.,2026-04-10T14:45:32.052031
2026041004023374,RADHI,22,13,2,815.0,1630.0,Siprabi Securities Pvt. Ltd.,Thrive Brokerage House Pvt. Ltd,2026-04-10T14:46:18.728223
2026041004023440,RADHI,34,56,70,824.9,57743.0,Vision Securities Pvt. Ltd,Sri Hari Securities Pvt. Ltd.,2026-04-10T14:46:29.068082
2026041004023472,RADHI,34,26,30,824.9,24747.0,Vision Securities Pvt. Ltd,Asian Securities Private Ltd.,2026-04-10T14:46:40.914769
2026041004023473,RADHI,39,26,70,824.9,57743.0,Sumeru Securities Pvt. Ltd.,Asian Securities Private Ltd.,2026-04-10T14:46:40.914991
2026041004023514,RADHI,74,81,470,825.0,387750.0,KALASH STOCK MARKET PVT. LTD.,Aakashbhairab Securities Ltd.,2026-04-10T14:46:59.729676
2026041004023515,RADHI,74,59,60,825.0,49500.0,KALASH STOCK MARKET PVT. LTD.,Deevyaa Securities & Stock House Pvt. Ltd,2026-04-10T14:46:59.730055
2026041004023516,RADHI,74,13,470,825.0,387750.0,KALASH STOCK MARKET PVT. LTD.,Thrive Brokerage House Pvt. Ltd,2026-04-10T14:46:59.730284
2026041004023538,RADHI,42,13,100,825.0,82500.0,Sani Securities Company Ltd.,Thrive Brokerage House Pvt. Ltd,2026-04-10T14:47:12.220554
2026041004023559,RADHI,39,74,430,824.9,354707.0,Sumeru Securities Pvt. Ltd.,KALASH STOCK MARKET PVT. LTD.,2026-04-10T14:47:18.259152
2026041004023560,RADHI,75,74,974,824.8,803355.2,N.I.M.B. Stock Markets Limited,KALASH STOCK MARKET PVT. LTD.,2026-04-10T14:47:18.259205
2026041004023599,RADHI,75,34,50,824.8,41240.0,N.I.M.B. Stock Markets Limited,Vision Securities Pvt. Ltd,2026-04-10T14:47:39.028025
2026041004023618,RADHI,75,62,120,824.8,98976.0,N.I.M.B. Stock Markets Limited,Capital Max Securities Ltd,2026-04-10T14:47:48.514595
2026041004023652,RADHI,75,68,1000,824.8,824800.0,N.I.M.B. Stock Markets Limited,Elite Stock House Limited,2026-04-10T14:48:03.052286
2026041004023699,RADHI,75,78,20,824.8,16496.0,N.I.M.B. Stock Markets Limited,Garima Securities Limited,2026-04-10T14:48:25.35303
2026041004023771,RADHI,44,13,330,825.0,272250.0,Dynamic Money Managers Securities Pvt. Ltd.,Thrive Brokerage House Pvt. Ltd,2026-04-10T14:48:39.367574
2026041004023896,RADHI,49,42,59,826.0,48734.0,Online Securities Pvt. Ltd.,Sani Securities Company Ltd.,2026-04-10T14:49:24.497271
2026041004023903,RADHI,44,58,20,825.0,16500.0,Dynamic Money Managers Securities Pvt. Ltd.,Naasa Securities Co. Ltd.,2026-04-10T14:49:27.681209
2026041004023904,RADHI,63,58,150,825.0,123750.0,Himalayan Brokerage Company Limited,Naasa Securities Co. Ltd.,2026-04-10T14:49:27.681306
2026041004023905,RADHI,62,58,105,825.0,86625.0,Capital Max Securities Ltd,Naasa Securities Co. Ltd.,2026-04-10T14:49:27.681392
2026041004023906,RADHI,75,58,272,824.8,224345.6,N.I.M.B. Stock Markets Limited,Naasa Securities Co. Ltd.,2026-04-10T14:49:27.681458
2026041004023930,RADHI,75,13,150,824.8,123720.0,N.I.M.B. Stock Markets Limited,Thrive Brokerage House Pvt. Ltd,2026-04-10T14:49:38.393504
2026041004023956,RADHI,75,66,2000,824.8,1649600.0,N.I.M.B. Stock Markets Limited,Miyo Securities Pvt Ltd,2026-04-10T14:49:48.700056
2026041004024002,RADHI,75,17,100,824.8,82480.0,N.I.M.B. Stock Markets Limited,ABC Securities Private Limited,2026-04-10T14:50:05.194433
2026041004024043,RADHI,75,38,314,824.8,258987.2,N.I.M.B. Stock Markets Limited,Dipshikha Dhitopatra Karobar Co. Pvt Ltd.,2026-04-10T14:50:15.178832
2026041004024044,RADHI,58,38,200,824.8,164960.0,Naasa Securities Co. Ltd.,Dipshikha Dhitopatra Karobar Co. Pvt Ltd.,2026-04-10T14:50:15.179057
2026041004024045,RADHI,7,38,486,824.0,400464.0,J.F. Securites (PVT) Ltd.,Dipshikha Dhitopatra Karobar Co. Pvt Ltd.,2026-04-10T14:50:15.17914
2026041004024117,RADHI,7,61,114,824.0,93936.0,J.F. Securites (PVT) Ltd.,BHOLE GANESH SECURITIES LTD,2026-04-10T14:50:24.448426
2026041004024118,RADHI,50,61,161,823.9,132647.9,Cristal Kanchanjanga Securites Pvt. Ltd.,BHOLE GANESH SECURITIES LTD,2026-04-10T14:50:24.448631
2026041004024144,RADHI,50,48,839,823.9,691252.1,Cristal Kanchanjanga Securites Pvt. Ltd.,Trishakti Securities Public Limited,2026-04-10T14:50:35.598602
2026041004024145,RADHI,48,48,200,823.6,164720.0,Trishakti Securities Public Limited,Trishakti Securities Public Limited,2026-04-10T14:50:35.598816
2026041004024146,RADHI,32,48,19,823.5,15646.5,Premier Securities Company Ltd.,Trishakti Securities Public Limited,2026-04-10T14:50:35.598896
2026041004024147,RADHI,44,48,942,823.0,775266.0,Dynamic Money Managers Securities Pvt. Ltd.,Trishakti Securities Public Limited,2026-04-10T14:50:35.598977
2026041004024340,RADHI,49,48,50,823.5,41175.0,Online Securities Pvt. Ltd.,Trishakti Securities Public Limited,2026-04-10T14:51:35.852554
2026041004024341,RADHI,25,48,1000,823.1,823100.0,Sweta Securities Private Limited,Trishakti Securities Public Limited,2026-04-10T14:51:35.852948
2026041004024342,RADHI,81,48,200,823.1,164620.0,Aakashbhairab Securities Ltd.,Trishakti Securities Public Limited,2026-04-10T14:51:35.85318
2026041004024343,RADHI,44,48,58,823.0,47734.0,Dynamic Money Managers Securities Pvt. Ltd.,Trishakti Securities Public Limited,2026-04-10T14:51:35.853425
2026041004024344,RADHI,45,48,235,823.0,193405.0,Imperial Securities Company Pvt. Ltd.,Trishakti Securities Public Limited,2026-04-10T14:51:35.853658
2026041004024345,RADHI,44,48,50,823.0,41150.0,Dynamic Money Managers Securities Pvt. Ltd.,Trishakti Securities Public Limited,2026-04-10T14:51:35.853884
2026041004024346,RADHI,101,48,1000,823.0,823000.0,APPLE SECURITIES PRIVATE LIMITED,Trishakti Securities Public Limited,2026-04-10T14:51:35.854097
2026041004024347,RADHI,58,48,100,823.0,82300.0,Naasa Securities Co. Ltd.,Trishakti Securities Public Limited,2026-04-10T14:51:35.854305
2026041004024437,RADHI,49,48,10,823.0,8230.0,Online Securities Pvt. Ltd.,Trishakti Securities Public Limited,2026-04-10T14:52:00.351028
2026041004024443,RADHI,32,50,11,822.2,9044.2,Premier Securities Company Ltd.,Cristal Kanchanjanga Securites Pvt. Ltd.,2026-04-10T14:52:03.424675
2026041004024444,RADHI,75,50,1189,822.1,977476.9,N.I.M.B. Stock Markets Limited,Cristal Kanchanjanga Securites Pvt. Ltd.,2026-04-10T14:52:03.424958
2026041004024733,RADHI,75,66,83,822.1,68234.3,N.I.M.B. Stock Markets Limited,Miyo Securities Pvt Ltd,2026-04-10T14:53:19.070719
2026041004024734,RADHI,44,66,10,822.1,8221.0,Dynamic Money Managers Securities Pvt. Ltd.,Miyo Securities Pvt Ltd,2026-04-10T14:53:19.071119
2026041004024735,RADHI,16,66,50,822.1,41105.0,Primo Securities (PVT) Ltd.,Miyo Securities Pvt Ltd,2026-04-10T14:53:19.07138
2026041004024736,RADHI,44,66,20,822.0,16440.0,Dynamic Money Managers Securities Pvt. Ltd.,Miyo Securities Pvt Ltd,2026-04-10T14:53:19.071625
2026041004024737,RADHI,16,66,49,822.0,40278.0,Primo Securities (PVT) Ltd.,Miyo Securities Pvt Ltd,2026-04-10T14:53:19.071877
2026041004025119,RADHI,16,77,51,822.0,41922.0,Primo Securities (PVT) Ltd.,Nabil Stock Dealer Ltd.,2026-04-10T14:54:56.68513
2026041004025120,RADHI,92,77,200,821.1,164220.0,Roadshow securities limited,Nabil Stock Dealer Ltd.,2026-04-10T14:54:56.685553
2026041004025121,RADHI,45,77,100,821.1,82110.0,Imperial Securities Company Pvt. Ltd.,Nabil Stock Dealer Ltd.,2026-04-10T14:54:56.685765
2026041004025122,RADHI,38,77,500,821.0,410500.0,Dipshikha Dhitopatra Karobar Co. Pvt Ltd.,Nabil Stock Dealer Ltd.,2026-04-10T14:54:56.686004
2026041004025123,RADHI,38,77,500,821.0,410500.0,Dipshikha Dhitopatra Karobar Co. Pvt Ltd.,Nabil Stock Dealer Ltd.,2026-04-10T14:54:56.686229
2026041004025124,RADHI,74,77,500,820.5,410250.0,KALASH STOCK MARKET PVT. LTD.,Nabil Stock Dealer Ltd.,2026-04-10T14:54:56.68649
2026041004025125,RADHI,74,77,150,820.4,123060.0,KALASH STOCK MARKET PVT. LTD.,Nabil Stock Dealer Ltd.,2026-04-10T14:54:56.686719
2026041004025126,RADHI,74,77,100,820.3,82030.0,KALASH STOCK MARKET PVT. LTD.,Nabil Stock Dealer Ltd.,2026-04-10T14:54:56.686947
2026041004025127,RADHI,43,77,150,820.2,123030.0,South Asian Bulls Pvt. Ltd.,Nabil Stock Dealer Ltd.,2026-04-10T14:54:56.687164
2026041004025128,RADHI,32,77,11,820.2,9022.2,Premier Securities Company Ltd.,Nabil Stock Dealer Ltd.,2026-04-10T14:54:56.687384
2026041004025129,RADHI,80,77,100,820.2,82020.0,Indira securities pvt. ltd,Nabil Stock Dealer Ltd.,2026-04-10T14:54:56.687597
2026041004025130,RADHI,16,77,484,820.1,396928.4,Primo Securities (PVT) Ltd.,Nabil Stock Dealer Ltd.,2026-04-10T14:54:56.687821
2026041004025131,RADHI,64,77,25,820.1,20502.5,SUN SECURITIES PVT LTD,Nabil Stock Dealer Ltd.,2026-04-10T14:54:56.688042
2026041004025132,RADHI,26,77,23,820.1,18862.3,Asian Securities Private Ltd.,Nabil Stock Dealer Ltd.,2026-04-10T14:54:56.688249
2026041004025133,RADHI,41,77,10,820.0,8200.0,Linch Stock Market Ltd.,Nabil Stock Dealer Ltd.,2026-04-10T14:54:56.688478
2026041004025134,RADHI,57,77,500,820.0,410000.0,Aryatara Investment & Securities,Nabil Stock Dealer Ltd.,2026-04-10T14:54:56.688708
2026041004025135,RADHI,11,77,10,820.0,8200.0,Malla & Malla Stock Broking Company Pvt. Limited,Nabil Stock Dealer Ltd.,2026-04-10T14:54:56.688924
2026041004025136,RADHI,43,77,100,820.0,82000.0,South Asian Bulls Pvt. Ltd.,Nabil Stock Dealer Ltd.,2026-04-10T14:54:56.689142
2026041004025137,RADHI,57,77,200,820.0,164000.0,Aryatara Investment & Securities,Nabil Stock Dealer Ltd.,2026-04-10T14:54:56.689365
2026041004025138,RADHI,50,77,500,820.0,410000.0,Cristal Kanchanjanga Securites Pvt. Ltd.,Nabil Stock Dealer Ltd.,2026-04-10T14:54:56.689605
2026041004025139,RADHI,32,77,50,820.0,41000.0,Premier Securities Company Ltd.,Nabil Stock Dealer Ltd.,2026-04-10T14:54:56.689817
2026041004025140,RADHI,58,77,15,820.0,12300.0,Naasa Securities Co. Ltd.,Nabil Stock Dealer Ltd.,2026-04-10T14:54:56.690031
2026041004025141,RADHI,64,77,200,820.0,164000.0,SUN SECURITIES PVT LTD,Nabil Stock Dealer Ltd.,2026-04-10T14:54:56.690237
2026041004025142,RADHI,14,77,521,820.0,427220.0,Nepal Stock House (PVT) Ltd.,Nabil Stock Dealer Ltd.,2026-04-10T14:54:56.690462
2026041004025188,RADHI,14,77,979,820.0,802780.0,Nepal Stock House (PVT) Ltd.,Nabil Stock Dealer Ltd.,2026-04-10T14:55:05.759185
2026041004025189,RADHI,95,77,1000,820.0,820000.0,Magnet Securities and Investment Company Private Limited,Nabil Stock Dealer Ltd.,2026-04-10T14:55:05.759381
2026041004025190,RADHI,75,77,200,820.0,164000.0,N.I.M.B. Stock Markets Limited,Nabil Stock Dealer Ltd.,2026-04-10T14:55:05.759455
2026041004025191,RADHI,45,77,200,820.0,164000.0,Imperial Securities Company Pvt. Ltd.,Nabil Stock Dealer Ltd.,2026-04-10T14:55:05.75953
2026041004025192,RADHI,62,77,15,820.0,12300.0,Capital Max Securities Ltd,Nabil Stock Dealer Ltd.,2026-04-10T14:55:05.759598
2026041004025193,RADHI,7,77,390,820.0,319800.0,J.F. Securites (PVT) Ltd.,Nabil Stock Dealer Ltd.,2026-04-10T14:55:05.759666
2026041004025194,RADHI,101,77,1000,820.0,820000.0,APPLE SECURITIES PRIVATE LIMITED,Nabil Stock Dealer Ltd.,2026-04-10T14:55:05.759775
2026041004025195,RADHI,38,77,30,820.0,24600.0,Dipshikha Dhitopatra Karobar Co. Pvt Ltd.,Nabil Stock Dealer Ltd.,2026-04-10T14:55:05.759844
2026041004025221,RADHI,8,77,1000,820.0,820000.0,Brilliant Securities Pvt. Ltd.,Nabil Stock Dealer Ltd.,2026-04-10T14:55:13.780918
2026041004025292,RADHI,8,77,186,820.0,152520.0,Brilliant Securities Pvt. Ltd.,Nabil Stock Dealer Ltd.,2026-04-10T14:55:30.339364
2026041004025357,RADHI,8,74,13,820.0,10660.0,Brilliant Securities Pvt. Ltd.,KALASH STOCK MARKET PVT. LTD.,2026-04-10T14:55:42.499572
2026041004025402,RADHI,33,82,10,825.0,8250.0,Dakshinkali Investment & Securities Pvt. Ltd.,N.M.B. SECURITIES LIMITED,2026-04-10T14:55:52.627155
2026041004025651,RADHI,39,13,10,821.0,8210.0,Sumeru Securities Pvt. Ltd.,Thrive Brokerage House Pvt. Ltd,2026-04-10T14:57:04.897532
2026041004025652,RADHI,42,13,90,821.0,73890.0,Sani Securities Company Ltd.,Thrive Brokerage House Pvt. Ltd,2026-04-10T14:57:04.897588
2026041004026105,RADHI,33,72,175,821.5,143762.5,Dakshinkali Investment & Securities Pvt. Ltd.,Hatemalo Financial Services Private Limited,2026-04-10T14:58:30.256465
2026041004026106,RADHI,52,72,200,821.5,164300.0,Sundhara Securities Limited,Hatemalo Financial Services Private Limited,2026-04-10T14:58:30.256647
2026041004026107,RADHI,34,72,100,821.4,82140.0,Vision Securities Pvt. Ltd,Hatemalo Financial Services Private Limited,2026-04-10T14:58:30.256731
2026041004026108,RADHI,39,72,525,821.2,431130.0,Sumeru Securities Pvt. Ltd.,Hatemalo Financial Services Private Limited,2026-04-10T14:58:30.256809
2026041004026139,RADHI,39,38,475,821.2,390070.0,Sumeru Securities Pvt. Ltd.,Dipshikha Dhitopatra Karobar Co. Pvt Ltd.,2026-04-10T14:58:32.140591
2026041004026140,RADHI,17,38,75,821.2,61590.0,ABC Securities Private Limited,Dipshikha Dhitopatra Karobar Co. Pvt Ltd.,2026-04-10T14:58:32.140782
2026041004026254,RADHI,32,78,10,822.1,8221.0,Premier Securities Company Ltd.,Garima Securities Limited,2026-04-10T14:58:49.008321
2026041004026419,RADHI,8,45,300,824.9,247470.0,Brilliant Securities Pvt. Ltd.,Imperial Securities Company Pvt. Ltd.,2026-04-10T14:59:09.843005
2026041004026420,RADHI,8,82,490,825.0,404250.0,Brilliant Securities Pvt. Ltd.,N.M.B. SECURITIES LIMITED,2026-04-10T14:59:09.843344
2026041004026421,RADHI,8,48,297,825.0,245025.0,Brilliant Securities Pvt. Ltd.,Trishakti Securities Public Limited,2026-04-10T14:59:09.843557
2026041004026422,RADHI,8,14,254,825.0,209550.0,Brilliant Securities Pvt. Ltd.,Nepal Stock House (PVT) Ltd.,2026-04-10T14:59:09.843769
2026041004026423,RADHI,8,16,460,825.0,379500.0,Brilliant Securities Pvt. Ltd.,Primo Securities (PVT) Ltd.,2026-04-10T14:59:09.843979
2026041004026472,RADHI,39,16,40,825.0,33000.0,Sumeru Securities Pvt. Ltd.,Primo Securities (PVT) Ltd.,2026-04-10T14:59:16.107505
2026041004026509,RADHI,33,29,50,827.0,41350.0,Dakshinkali Investment & Securities Pvt. Ltd.,Trisul Securities & Invt. Ltd.,2026-04-10T14:59:19.283478
2026041004026908,RADHI,39,29,450,827.0,372150.0,Sumeru Securities Pvt. Ltd.,Trisul Securities & Invt. Ltd.,2026-04-10T14:59:51.935101
2026041004027144,RADHI,39,47,10,827.0,8270.0,Sumeru Securities Pvt. Ltd.,Neev Securities Pvt. Ltd.,2026-04-10T14:59:59.842299
2026041004027145,RADHI,33,47,11,826.9,9095.9,Dakshinkali Investment & Securities Pvt. Ltd.,Neev Securities Pvt. Ltd.,2026-04-10T14:59:59.842477
2026041004027146,RADHI,33,47,179,825.1,147692.9,Dakshinkali Investment & Securities Pvt. Ltd.,Neev Securities Pvt. Ltd.,2026-04-10T14:59:59.842558
