contractId,stockSymbol,buyerMemberId,sellerMemberId,quantity,rate,amount,businessDate,tradeBookId,stockId,buyerBrokerName,sellerBrokerName,transaction_time,securityName
2026041004000696,RHPL,58,42,60,291.0,17460.0,2026-04-10,185893069,2841,Naasa Securities Co. Ltd.,Sani Securities Company Ltd.,2026-04-10T11:08:01.763946,RASUWAGADHI HYDROPOWER COMPANY LIMITED
2026041004000721,RHPL,1,42,330,291.0,96030.0,2026-04-10,185893395,2841,Kumari Securities Private Limited,Sani Securities Company Ltd.,2026-04-10T11:08:14.539058,RASUWAGADHI HYDROPOWER COMPANY LIMITED
2026041004000818,RHPL,1,82,200,291.0,58200.0,2026-04-10,185894377,2841,Kumari Securities Private Limited,N.M.B. SECURITIES LIMITED,2026-04-10T11:09:19.028565,RASUWAGADHI HYDROPOWER COMPANY LIMITED
2026041004000819,RHPL,34,82,100,291.0,29100.0,2026-04-10,185894378,2841,Vision Securities Pvt. Ltd,N.M.B. SECURITIES LIMITED,2026-04-10T11:09:19.028647,RASUWAGADHI HYDROPOWER COMPANY LIMITED
2026041004001222,RHPL,48,57,70,294.0,20580.0,2026-04-10,185897305,2841,Trishakti Securities Public Limited,Aryatara Investment & Securities,2026-04-10T11:12:30.402412,RASUWAGADHI HYDROPOWER COMPANY LIMITED
2026041004001289,RHPL,48,88,50,292.0,14600.0,2026-04-10,185897898,2841,Trishakti Securities Public Limited,Blue Chip Securities Ltd,2026-04-10T11:13:10.120063,RASUWAGADHI HYDROPOWER COMPANY LIMITED
2026041004002644,RHPL,1,25,136,292.1,39725.6,2026-04-10,185907729,2841,Kumari Securities Private Limited,Sweta Securities Private Limited,2026-04-10T11:23:39.527226,RASUWAGADHI HYDROPOWER COMPANY LIMITED
2026041004002645,RHPL,48,25,50,292.0,14600.0,2026-04-10,185907731,2841,Trishakti Securities Public Limited,Sweta Securities Private Limited,2026-04-10T11:23:39.52742,RASUWAGADHI HYDROPOWER COMPANY LIMITED
2026041004002646,RHPL,58,25,30,292.0,8760.0,2026-04-10,185907733,2841,Naasa Securities Co. Ltd.,Sweta Securities Private Limited,2026-04-10T11:23:39.527539,RASUWAGADHI HYDROPOWER COMPANY LIMITED
2026041004002647,RHPL,82,25,106,292.0,30952.0,2026-04-10,185907735,2841,N.M.B. SECURITIES LIMITED,Sweta Securities Private Limited,2026-04-10T11:23:39.527649,RASUWAGADHI HYDROPOWER COMPANY LIMITED
2026041004002648,RHPL,82,25,106,292.0,30952.0,2026-04-10,185907737,2841,N.M.B. SECURITIES LIMITED,Sweta Securities Private Limited,2026-04-10T11:23:39.52776,RASUWAGADHI HYDROPOWER COMPANY LIMITED
2026041004002649,RHPL,32,25,275,292.0,80300.0,2026-04-10,185907739,2841,Premier Securities Company Ltd.,Sweta Securities Private Limited,2026-04-10T11:23:39.527872,RASUWAGADHI HYDROPOWER COMPANY LIMITED
2026041004002650,RHPL,1,25,270,291.6,78732.0,2026-04-10,185907741,2841,Kumari Securities Private Limited,Sweta Securities Private Limited,2026-04-10T11:23:39.527987,RASUWAGADHI HYDROPOWER COMPANY LIMITED
2026041004002651,RHPL,16,25,27,291.5,7870.5,2026-04-10,185907742,2841,Primo Securities (PVT) Ltd.,Sweta Securities Private Limited,2026-04-10T11:23:39.528099,RASUWAGADHI HYDROPOWER COMPANY LIMITED
2026041004002677,RHPL,34,44,100,292.0,29200.0,2026-04-10,185907938,2841,Vision Securities Pvt. Ltd,Dynamic Money Managers Securities Pvt. Ltd.,2026-04-10T11:23:52.17223,RASUWAGADHI HYDROPOWER COMPANY LIMITED
2026041004002992,RHPL,34,88,50,291.6,14580.0,2026-04-10,185910248,2841,Vision Securities Pvt. Ltd,Blue Chip Securities Ltd,2026-04-10T11:25:42.761218,RASUWAGADHI HYDROPOWER COMPANY LIMITED
2026041004003228,RHPL,90,42,50,291.7,14585.0,2026-04-10,185912340,2841,Sajilo Broker Limited,Sani Securities Company Ltd.,2026-04-10T11:27:51.268736,RASUWAGADHI HYDROPOWER COMPANY LIMITED
2026041004004238,RHPL,4,42,10,292.2,2922.0,2026-04-10,186062592,2841,Opal Securities Investment (PVT) Ltd.,Sani Securities Company Ltd.,2026-04-10T11:34:51.771,RASUWAGADHI HYDROPOWER COMPANY LIMITED
2026041004004311,RHPL,4,4,200,292.2,58440.0,2026-04-10,185918746,2841,Opal Securities Investment (PVT) Ltd.,Opal Securities Investment (PVT) Ltd.,2026-04-10T11:35:30.839272,RASUWAGADHI HYDROPOWER COMPANY LIMITED
2026041004004327,RHPL,4,50,500,292.2,146100.0,2026-04-10,186062641,2841,Opal Securities Investment (PVT) Ltd.,Cristal Kanchanjanga Securites Pvt. Ltd.,2026-04-10T11:35:43.512,RASUWAGADHI HYDROPOWER COMPANY LIMITED
2026041004004398,RHPL,57,19,25,293.1,7327.5,2026-04-10,186076424,2841,Aryatara Investment & Securities,Nepal Investment And Securities Trading Private Limited,2026-04-10T11:36:35.954,RASUWAGADHI HYDROPOWER COMPANY LIMITED
2026041004004428,RHPL,57,32,500,293.1,146550.0,2026-04-10,186076289,2841,Aryatara Investment & Securities,Premier Securities Company Ltd.,2026-04-10T11:36:55.297,RASUWAGADHI HYDROPOWER COMPANY LIMITED
2026041004004480,RHPL,41,5,20,294.0,5880.0,2026-04-10,186067972,2841,Linch Stock Market Ltd.,Market Securities & Exchange (PVT) Ltd.,2026-04-10T11:37:15.333,RASUWAGADHI HYDROPOWER COMPANY LIMITED
2026041004004635,RHPL,59,54,70,296.0,20720.0,2026-04-10,186078692,2841,Deevyaa Securities & Stock House Pvt. Ltd,Sewa Securities Pvt. Ltd.,2026-04-10T11:38:27.323,RASUWAGADHI HYDROPOWER COMPANY LIMITED
2026041004004633,RHPL,59,50,40,295.0,11800.0,2026-04-10,186078686,2841,Deevyaa Securities & Stock House Pvt. Ltd,Cristal Kanchanjanga Securites Pvt. Ltd.,2026-04-10T11:38:27.323,RASUWAGADHI HYDROPOWER COMPANY LIMITED
2026041004004634,RHPL,59,40,150,296.0,44400.0,2026-04-10,186078673,2841,Deevyaa Securities & Stock House Pvt. Ltd,Creative Securities Pvt Ltd,2026-04-10T11:38:27.323,RASUWAGADHI HYDROPOWER COMPANY LIMITED
2026041004004811,RHPL,59,3,10,296.8,2968.0,2026-04-10,186078674,2841,Deevyaa Securities & Stock House Pvt. Ltd,Arun Securities (PVT) Ltd.,2026-04-10T11:39:38.931,RASUWAGADHI HYDROPOWER COMPANY LIMITED
2026041004004812,RHPL,59,16,20,297.0,5940.0,2026-04-10,186078676,2841,Deevyaa Securities & Stock House Pvt. Ltd,Primo Securities (PVT) Ltd.,2026-04-10T11:39:38.931,RASUWAGADHI HYDROPOWER COMPANY LIMITED
2026041004004813,RHPL,59,58,10,297.0,2970.0,2026-04-10,186078661,2841,Deevyaa Securities & Stock House Pvt. Ltd,Naasa Securities Co. Ltd.,2026-04-10T11:39:38.931,RASUWAGADHI HYDROPOWER COMPANY LIMITED
2026041004004814,RHPL,59,33,460,297.0,136620.0,2026-04-10,186078678,2841,Deevyaa Securities & Stock House Pvt. Ltd,Dakshinkali Investment & Securities Pvt. Ltd.,2026-04-10T11:39:38.931,RASUWAGADHI HYDROPOWER COMPANY LIMITED
2026041004005551,RHPL,25,3,80,295.0,23600.0,2026-04-10,186066507,2841,Sweta Securities Private Limited,Arun Securities (PVT) Ltd.,2026-04-10T11:48:06.538,RASUWAGADHI HYDROPOWER COMPANY LIMITED
2026041004006201,RHPL,25,46,20,295.0,5900.0,2026-04-10,186066238,2841,Sweta Securities Private Limited,Kalika Securities Pvt. Ltd.,2026-04-10T11:56:15.515,RASUWAGADHI HYDROPOWER COMPANY LIMITED
2026041004006202,RHPL,32,46,80,295.0,23600.0,2026-04-10,186067414,2841,Premier Securities Company Ltd.,Kalika Securities Pvt. Ltd.,2026-04-10T11:56:15.515,RASUWAGADHI HYDROPOWER COMPANY LIMITED
2026041004006914,RHPL,59,34,100,296.0,29600.0,2026-04-10,185922166,2841,Deevyaa Securities & Stock House Pvt. Ltd,Vision Securities Pvt. Ltd,2026-04-10T12:04:49.516535,RASUWAGADHI HYDROPOWER COMPANY LIMITED
2026041004007633,RHPL,38,4,70,295.5,20685.0,2026-04-10,185927053,2841,Dipshikha Dhitopatra Karobar Co. Pvt Ltd.,Opal Securities Investment (PVT) Ltd.,2026-04-10T12:10:42.546291,RASUWAGADHI HYDROPOWER COMPANY LIMITED
2026041004007759,RHPL,38,42,20,295.5,5910.0,2026-04-10,185927741,2841,Dipshikha Dhitopatra Karobar Co. Pvt Ltd.,Sani Securities Company Ltd.,2026-04-10T12:11:24.979874,RASUWAGADHI HYDROPOWER COMPANY LIMITED
2026041004007935,RHPL,38,25,10,295.5,2955.0,2026-04-10,185929045,2841,Dipshikha Dhitopatra Karobar Co. Pvt Ltd.,Sweta Securities Private Limited,2026-04-10T12:12:29.751202,RASUWAGADHI HYDROPOWER COMPANY LIMITED
2026041004008063,RHPL,38,51,400,295.5,118200.0,2026-04-10,185929791,2841,Dipshikha Dhitopatra Karobar Co. Pvt Ltd.,Oxford Securities Pvt. Ltd.,2026-04-10T12:13:17.608089,RASUWAGADHI HYDROPOWER COMPANY LIMITED
2026041004008283,RHPL,4,62,500,295.2,147600.0,2026-04-10,185931179,2841,Opal Securities Investment (PVT) Ltd.,Capital Max Securities Ltd,2026-04-10T12:14:35.056429,RASUWAGADHI HYDROPOWER COMPANY LIMITED
2026041004008333,RHPL,91,17,70,295.1,20657.0,2026-04-10,185931607,2841,Citizens Share Broker Limited,ABC Securities Private Limited,2026-04-10T12:14:58.016711,RASUWAGADHI HYDROPOWER COMPANY LIMITED
2026041004008500,RHPL,10,49,70,295.2,20664.0,2026-04-10,185932651,2841,Pragyan Securities (PVT) Ltd.,Online Securities Pvt. Ltd.,2026-04-10T12:15:56.399985,RASUWAGADHI HYDROPOWER COMPANY LIMITED
2026041004008542,RHPL,10,22,30,295.2,8856.0,2026-04-10,185932870,2841,Pragyan Securities (PVT) Ltd.,Siprabi Securities Pvt. Ltd.,2026-04-10T12:16:08.12411,RASUWAGADHI HYDROPOWER COMPANY LIMITED
2026041004008625,RHPL,91,22,42,295.1,12394.2,2026-04-10,185933697,2841,Citizens Share Broker Limited,Siprabi Securities Pvt. Ltd.,2026-04-10T12:16:49.275116,RASUWAGADHI HYDROPOWER COMPANY LIMITED
2026041004008665,RHPL,91,57,888,295.1,262048.8,2026-04-10,185933942,2841,Citizens Share Broker Limited,Aryatara Investment & Securities,2026-04-10T12:17:03.328078,RASUWAGADHI HYDROPOWER COMPANY LIMITED
2026041004008666,RHPL,32,57,95,295.0,28025.0,2026-04-10,185933944,2841,Premier Securities Company Ltd.,Aryatara Investment & Securities,2026-04-10T12:17:03.328194,RASUWAGADHI HYDROPOWER COMPANY LIMITED
2026041004009259,RHPL,41,58,80,294.0,23520.0,2026-04-10,185937482,2841,Linch Stock Market Ltd.,Naasa Securities Co. Ltd.,2026-04-10T12:19:57.726538,RASUWAGADHI HYDROPOWER COMPANY LIMITED
2026041004009260,RHPL,35,58,30,294.0,8820.0,2026-04-10,185937484,2841,Kohinoor Investment & Securities Pvt. Ltd.,Naasa Securities Co. Ltd.,2026-04-10T12:19:57.726668,RASUWAGADHI HYDROPOWER COMPANY LIMITED
2026041004009765,RHPL,7,42,10,293.0,2930.0,2026-04-10,185940974,2841,J.F. Securites (PVT) Ltd.,Sani Securities Company Ltd.,2026-04-10T12:22:30.888633,RASUWAGADHI HYDROPOWER COMPANY LIMITED
2026041004009766,RHPL,49,42,90,292.5,26325.0,2026-04-10,185940975,2841,Online Securities Pvt. Ltd.,Sani Securities Company Ltd.,2026-04-10T12:22:30.888776,RASUWAGADHI HYDROPOWER COMPANY LIMITED
2026041004009998,RHPL,49,47,60,292.5,17550.0,2026-04-10,185942578,2841,Online Securities Pvt. Ltd.,Neev Securities Pvt. Ltd.,2026-04-10T12:23:39.925238,RASUWAGADHI HYDROPOWER COMPANY LIMITED
2026041004010041,RHPL,17,19,20,292.1,5842.0,2026-04-10,185943029,2841,ABC Securities Private Limited,Nepal Investment And Securities Trading Private Limited,2026-04-10T12:24:01.998484,RASUWAGADHI HYDROPOWER COMPANY LIMITED
2026041004010053,RHPL,17,47,40,292.1,11684.0,2026-04-10,185943181,2841,ABC Securities Private Limited,Neev Securities Pvt. Ltd.,2026-04-10T12:24:09.984745,RASUWAGADHI HYDROPOWER COMPANY LIMITED
2026041004010198,RHPL,17,26,95,292.1,27749.5,2026-04-10,185944419,2841,ABC Securities Private Limited,Asian Securities Private Ltd.,2026-04-10T12:25:10.136155,RASUWAGADHI HYDROPOWER COMPANY LIMITED
2026041004010795,RHPL,17,59,1845,292.1,538924.5,2026-04-10,185948648,2841,ABC Securities Private Limited,Deevyaa Securities & Stock House Pvt. Ltd,2026-04-10T12:28:54.470962,RASUWAGADHI HYDROPOWER COMPANY LIMITED
2026041004010984,RHPL,90,59,1000,292.1,292100.0,2026-04-10,185949864,2841,Sajilo Broker Limited,Deevyaa Securities & Stock House Pvt. Ltd,2026-04-10T12:30:11.278755,RASUWAGADHI HYDROPOWER COMPANY LIMITED
2026041004011014,RHPL,90,59,500,292.1,146050.0,2026-04-10,185950018,2841,Sajilo Broker Limited,Deevyaa Securities & Stock House Pvt. Ltd,2026-04-10T12:30:24.380164,RASUWAGADHI HYDROPOWER COMPANY LIMITED
2026041004011276,RHPL,10,59,55,292.1,16065.5,2026-04-10,185951592,2841,Pragyan Securities (PVT) Ltd.,Deevyaa Securities & Stock House Pvt. Ltd,2026-04-10T12:32:26.522363,RASUWAGADHI HYDROPOWER COMPANY LIMITED
2026041004011315,RHPL,25,59,100,292.1,29210.0,2026-04-10,185951860,2841,Sweta Securities Private Limited,Deevyaa Securities & Stock House Pvt. Ltd,2026-04-10T12:32:45.847379,RASUWAGADHI HYDROPOWER COMPANY LIMITED
2026041004011507,RHPL,38,36,100,292.1,29210.0,2026-04-10,185953143,2841,Dipshikha Dhitopatra Karobar Co. Pvt Ltd.,Secured Securities Ltd.,2026-04-10T12:34:36.534429,RASUWAGADHI HYDROPOWER COMPANY LIMITED
2026041004011743,RHPL,38,38,80,292.1,23368.0,2026-04-10,185954513,2841,Dipshikha Dhitopatra Karobar Co. Pvt Ltd.,Dipshikha Dhitopatra Karobar Co. Pvt Ltd.,2026-04-10T12:36:45.634103,RASUWAGADHI HYDROPOWER COMPANY LIMITED
2026041004012028,RHPL,38,38,20,292.1,5842.0,2026-04-10,185956202,2841,Dipshikha Dhitopatra Karobar Co. Pvt Ltd.,Dipshikha Dhitopatra Karobar Co. Pvt Ltd.,2026-04-10T12:38:25.691628,RASUWAGADHI HYDROPOWER COMPANY LIMITED
2026041004012029,RHPL,58,38,10,292.0,2920.0,2026-04-10,185956204,2841,Naasa Securities Co. Ltd.,Dipshikha Dhitopatra Karobar Co. Pvt Ltd.,2026-04-10T12:38:25.691772,RASUWAGADHI HYDROPOWER COMPANY LIMITED
2026041004012030,RHPL,11,38,50,292.0,14600.0,2026-04-10,185956206,2841,Malla & Malla Stock Broking Company Pvt. Limited,Dipshikha Dhitopatra Karobar Co. Pvt Ltd.,2026-04-10T12:38:25.691836,RASUWAGADHI HYDROPOWER COMPANY LIMITED
2026041004012031,RHPL,1,38,200,291.8,58360.0,2026-04-10,185956208,2841,Kumari Securities Private Limited,Dipshikha Dhitopatra Karobar Co. Pvt Ltd.,2026-04-10T12:38:25.691891,RASUWAGADHI HYDROPOWER COMPANY LIMITED
2026041004012032,RHPL,58,38,1000,291.7,291700.0,2026-04-10,185956210,2841,Naasa Securities Co. Ltd.,Dipshikha Dhitopatra Karobar Co. Pvt Ltd.,2026-04-10T12:38:25.691947,RASUWAGADHI HYDROPOWER COMPANY LIMITED
2026041004012033,RHPL,16,38,173,291.5,50429.5,2026-04-10,185956212,2841,Primo Securities (PVT) Ltd.,Dipshikha Dhitopatra Karobar Co. Pvt Ltd.,2026-04-10T12:38:25.691999,RASUWAGADHI HYDROPOWER COMPANY LIMITED
2026041004012034,RHPL,59,38,500,291.5,145750.0,2026-04-10,185956214,2841,Deevyaa Securities & Stock House Pvt. Ltd,Dipshikha Dhitopatra Karobar Co. Pvt Ltd.,2026-04-10T12:38:25.692052,RASUWAGADHI HYDROPOWER COMPANY LIMITED
2026041004012035,RHPL,84,38,47,291.2,13686.4,2026-04-10,185956215,2841,MILKY WAY SHARE BROKER COMPANY LTD ,Dipshikha Dhitopatra Karobar Co. Pvt Ltd.,2026-04-10T12:38:25.692103,RASUWAGADHI HYDROPOWER COMPANY LIMITED
2026041004012140,RHPL,84,52,453,291.2,131913.6,2026-04-10,185956978,2841,MILKY WAY SHARE BROKER COMPANY LTD ,Sundhara Securities Limited,2026-04-10T12:39:11.296401,RASUWAGADHI HYDROPOWER COMPANY LIMITED
2026041004012141,RHPL,34,52,195,291.2,56784.0,2026-04-10,185956980,2841,Vision Securities Pvt. Ltd,Sundhara Securities Limited,2026-04-10T12:39:11.296483,RASUWAGADHI HYDROPOWER COMPANY LIMITED
2026041004012142,RHPL,34,52,52,291.0,15132.0,2026-04-10,185956981,2841,Vision Securities Pvt. Ltd,Sundhara Securities Limited,2026-04-10T12:39:11.296514,RASUWAGADHI HYDROPOWER COMPANY LIMITED
2026041004012152,RHPL,34,33,200,291.0,58200.0,2026-04-10,185957029,2841,Vision Securities Pvt. Ltd,Dakshinkali Investment & Securities Pvt. Ltd.,2026-04-10T12:39:15.637992,RASUWAGADHI HYDROPOWER COMPANY LIMITED
2026041004012295,RHPL,25,65,100,291.1,29110.0,2026-04-10,185957829,2841,Sweta Securities Private Limited,Sharepro Securities Private Limited,2026-04-10T12:40:07.704816,RASUWAGADHI HYDROPOWER COMPANY LIMITED
2026041004012415,RHPL,25,22,30,291.1,8733.0,2026-04-10,185958719,2841,Sweta Securities Private Limited,Siprabi Securities Pvt. Ltd.,2026-04-10T12:41:31.653119,RASUWAGADHI HYDROPOWER COMPANY LIMITED
2026041004012972,RHPL,45,19,35,291.2,10192.0,2026-04-10,185963198,2841,Imperial Securities Company Pvt. Ltd.,Nepal Investment And Securities Trading Private Limited,2026-04-10T12:49:19.814973,RASUWAGADHI HYDROPOWER COMPANY LIMITED
2026041004012973,RHPL,42,19,35,291.2,10192.0,2026-04-10,185963199,2841,Sani Securities Company Ltd.,Nepal Investment And Securities Trading Private Limited,2026-04-10T12:49:19.815144,RASUWAGADHI HYDROPOWER COMPANY LIMITED
2026041004013058,RHPL,42,29,35,291.2,10192.0,2026-04-10,185963776,2841,Sani Securities Company Ltd.,Trisul Securities & Invt. Ltd.,2026-04-10T12:50:28.811412,RASUWAGADHI HYDROPOWER COMPANY LIMITED
2026041004013059,RHPL,1,29,200,291.2,58240.0,2026-04-10,185963777,2841,Kumari Securities Private Limited,Trisul Securities & Invt. Ltd.,2026-04-10T12:50:28.811612,RASUWAGADHI HYDROPOWER COMPANY LIMITED
2026041004013063,RHPL,51,28,150,292.0,43800.0,2026-04-10,185963838,2841,Oxford Securities Pvt. Ltd.,Shree Krishna Securities Ltd.,2026-04-10T12:50:37.684498,RASUWAGADHI HYDROPOWER COMPANY LIMITED
2026041004013098,RHPL,48,58,10,292.0,2920.0,2026-04-10,185964318,2841,Trishakti Securities Public Limited,Naasa Securities Co. Ltd.,2026-04-10T12:51:31.774775,RASUWAGADHI HYDROPOWER COMPANY LIMITED
2026041004013158,RHPL,48,13,80,292.4,23392.0,2026-04-10,185964820,2841,Trishakti Securities Public Limited,Thrive Brokerage House Pvt. Ltd,2026-04-10T12:52:46.005637,RASUWAGADHI HYDROPOWER COMPANY LIMITED
2026041004013172,RHPL,25,41,10,291.1,2911.0,2026-04-10,185964871,2841,Sweta Securities Private Limited,Linch Stock Market Ltd.,2026-04-10T12:52:51.317633,RASUWAGADHI HYDROPOWER COMPANY LIMITED
2026041004013239,RHPL,48,52,476,292.5,139230.0,2026-04-10,185965676,2841,Trishakti Securities Public Limited,Sundhara Securities Limited,2026-04-10T12:54:14.76573,RASUWAGADHI HYDROPOWER COMPANY LIMITED
2026041004013765,RHPL,48,52,500,292.0,146000.0,2026-04-10,185970390,2841,Trishakti Securities Public Limited,Sundhara Securities Limited,2026-04-10T13:03:06.712179,RASUWAGADHI HYDROPOWER COMPANY LIMITED
2026041004013795,RHPL,25,52,100,292.0,29200.0,2026-04-10,185970600,2841,Sweta Securities Private Limited,Sundhara Securities Limited,2026-04-10T13:03:34.818529,RASUWAGADHI HYDROPOWER COMPANY LIMITED
2026041004014209,RHPL,38,52,15,292.0,4380.0,2026-04-10,185973766,2841,Dipshikha Dhitopatra Karobar Co. Pvt Ltd.,Sundhara Securities Limited,2026-04-10T13:11:38.397585,RASUWAGADHI HYDROPOWER COMPANY LIMITED
2026041004014213,RHPL,14,52,385,292.0,112420.0,2026-04-10,185973797,2841,Nepal Stock House (PVT) Ltd.,Sundhara Securities Limited,2026-04-10T13:11:43.900217,RASUWAGADHI HYDROPOWER COMPANY LIMITED
2026041004014830,RHPL,11,52,150,292.5,43875.0,2026-04-10,185978386,2841,Malla & Malla Stock Broking Company Pvt. Limited,Sundhara Securities Limited,2026-04-10T13:21:15.955248,RASUWAGADHI HYDROPOWER COMPANY LIMITED
2026041004014948,RHPL,14,59,15,292.0,4380.0,2026-04-10,185978930,2841,Nepal Stock House (PVT) Ltd.,Deevyaa Securities & Stock House Pvt. Ltd,2026-04-10T13:22:14.2548,RASUWAGADHI HYDROPOWER COMPANY LIMITED
2026041004014949,RHPL,14,59,35,292.0,10220.0,2026-04-10,185978931,2841,Nepal Stock House (PVT) Ltd.,Deevyaa Securities & Stock House Pvt. Ltd,2026-04-10T13:22:14.254851,RASUWAGADHI HYDROPOWER COMPANY LIMITED
2026041004015276,RHPL,44,52,74,292.5,21645.0,2026-04-10,185981607,2841,Dynamic Money Managers Securities Pvt. Ltd.,Sundhara Securities Limited,2026-04-10T13:25:41.10523,RASUWAGADHI HYDROPOWER COMPANY LIMITED
2026041004015515,RHPL,44,44,90,292.5,26325.0,2026-04-10,185983551,2841,Dynamic Money Managers Securities Pvt. Ltd.,Dynamic Money Managers Securities Pvt. Ltd.,2026-04-10T13:28:30.780749,RASUWAGADHI HYDROPOWER COMPANY LIMITED
2026041004015653,RHPL,81,36,50,292.6,14630.0,2026-04-10,185984551,2841,Aakashbhairab Securities Ltd.,Secured Securities Ltd.,2026-04-10T13:30:18.617645,RASUWAGADHI HYDROPOWER COMPANY LIMITED
2026041004016044,RHPL,32,19,20,293.0,5860.0,2026-04-10,185987177,2841,Premier Securities Company Ltd.,Nepal Investment And Securities Trading Private Limited,2026-04-10T13:34:27.803635,RASUWAGADHI HYDROPOWER COMPANY LIMITED
2026041004016082,RHPL,32,36,30,293.0,8790.0,2026-04-10,185987460,2841,Premier Securities Company Ltd.,Secured Securities Ltd.,2026-04-10T13:35:04.042471,RASUWAGADHI HYDROPOWER COMPANY LIMITED
2026041004016083,RHPL,44,36,40,292.9,11716.0,2026-04-10,185987461,2841,Dynamic Money Managers Securities Pvt. Ltd.,Secured Securities Ltd.,2026-04-10T13:35:04.042656,RASUWAGADHI HYDROPOWER COMPANY LIMITED
2026041004017193,RHPL,44,50,80,292.9,23432.0,2026-04-10,185993827,2841,Dynamic Money Managers Securities Pvt. Ltd.,Cristal Kanchanjanga Securites Pvt. Ltd.,2026-04-10T13:45:32.91604,RASUWAGADHI HYDROPOWER COMPANY LIMITED
2026041004017316,RHPL,44,58,220,292.9,64438.0,2026-04-10,185994888,2841,Dynamic Money Managers Securities Pvt. Ltd.,Naasa Securities Co. Ltd.,2026-04-10T13:46:55.759557,RASUWAGADHI HYDROPOWER COMPANY LIMITED
2026041004017351,RHPL,42,58,50,292.9,14645.0,2026-04-10,185995119,2841,Sani Securities Company Ltd.,Naasa Securities Co. Ltd.,2026-04-10T13:47:12.032411,RASUWAGADHI HYDROPOWER COMPANY LIMITED
2026041004017764,RHPL,17,51,54,294.0,15876.0,2026-04-10,185997629,2841,ABC Securities Private Limited,Oxford Securities Pvt. Ltd.,2026-04-10T13:51:23.388514,RASUWAGADHI HYDROPOWER COMPANY LIMITED
2026041004017765,RHPL,17,86,40,294.0,11760.0,2026-04-10,185997631,2841,ABC Securities Private Limited,Stoxkarts Securities Limited,2026-04-10T13:51:23.388609,RASUWAGADHI HYDROPOWER COMPANY LIMITED
2026041004017766,RHPL,17,43,500,294.5,147250.0,2026-04-10,185997634,2841,ABC Securities Private Limited,South Asian Bulls Pvt. Ltd.,2026-04-10T13:51:23.388693,RASUWAGADHI HYDROPOWER COMPANY LIMITED
2026041004017767,RHPL,17,41,800,294.9,235920.0,2026-04-10,185997637,2841,ABC Securities Private Limited,Linch Stock Market Ltd.,2026-04-10T13:51:23.388767,RASUWAGADHI HYDROPOWER COMPANY LIMITED
2026041004017768,RHPL,17,33,10,294.9,2949.0,2026-04-10,185997639,2841,ABC Securities Private Limited,Dakshinkali Investment & Securities Pvt. Ltd.,2026-04-10T13:51:23.388841,RASUWAGADHI HYDROPOWER COMPANY LIMITED
2026041004017769,RHPL,17,33,10,294.9,2949.0,2026-04-10,185997641,2841,ABC Securities Private Limited,Dakshinkali Investment & Securities Pvt. Ltd.,2026-04-10T13:51:23.388913,RASUWAGADHI HYDROPOWER COMPANY LIMITED
2026041004017770,RHPL,17,26,20,295.0,5900.0,2026-04-10,185997643,2841,ABC Securities Private Limited,Asian Securities Private Ltd.,2026-04-10T13:51:23.388988,RASUWAGADHI HYDROPOWER COMPANY LIMITED
2026041004017771,RHPL,17,52,200,295.0,59000.0,2026-04-10,185997645,2841,ABC Securities Private Limited,Sundhara Securities Limited,2026-04-10T13:51:23.389062,RASUWAGADHI HYDROPOWER COMPANY LIMITED
2026041004017772,RHPL,17,45,366,295.0,107970.0,2026-04-10,185997648,2841,ABC Securities Private Limited,Imperial Securities Company Pvt. Ltd.,2026-04-10T13:51:23.389135,RASUWAGADHI HYDROPOWER COMPANY LIMITED
2026041004018154,RHPL,91,49,70,292.9,20503.0,2026-04-10,186000241,2841,Citizens Share Broker Limited,Online Securities Pvt. Ltd.,2026-04-10T13:55:00.76388,RASUWAGADHI HYDROPOWER COMPANY LIMITED
2026041004018413,RHPL,17,29,200,293.0,58600.0,2026-04-10,186001572,2841,ABC Securities Private Limited,Trisul Securities & Invt. Ltd.,2026-04-10T13:56:03.482803,RASUWAGADHI HYDROPOWER COMPANY LIMITED
2026041004018702,RHPL,89,36,10,292.9,2929.0,2026-04-10,186003390,2841,Global IME Securities Limited,Secured Securities Ltd.,2026-04-10T13:57:25.181504,RASUWAGADHI HYDROPOWER COMPANY LIMITED
2026041004018703,RHPL,16,36,80,292.8,23424.0,2026-04-10,186003391,2841,Primo Securities (PVT) Ltd.,Secured Securities Ltd.,2026-04-10T13:57:25.181695,RASUWAGADHI HYDROPOWER COMPANY LIMITED
2026041004018911,RHPL,16,49,70,292.8,20496.0,2026-04-10,186004739,2841,Primo Securities (PVT) Ltd.,Online Securities Pvt. Ltd.,2026-04-10T13:58:45.318065,RASUWAGADHI HYDROPOWER COMPANY LIMITED
2026041004019029,RHPL,20,29,50,293.0,14650.0,2026-04-10,186005509,2841,Sipla Securities Private Limited,Trisul Securities & Invt. Ltd.,2026-04-10T13:59:43.627114,RASUWAGADHI HYDROPOWER COMPANY LIMITED
2026041004019030,RHPL,20,52,25,293.0,7325.0,2026-04-10,186005512,2841,Sipla Securities Private Limited,Sundhara Securities Limited,2026-04-10T13:59:43.62729,RASUWAGADHI HYDROPOWER COMPANY LIMITED
2026041004019114,RHPL,16,43,50,292.8,14640.0,2026-04-10,186006090,2841,Primo Securities (PVT) Ltd.,South Asian Bulls Pvt. Ltd.,2026-04-10T14:00:33.759227,RASUWAGADHI HYDROPOWER COMPANY LIMITED
2026041004019115,RHPL,81,43,150,292.6,43890.0,2026-04-10,186006091,2841,Aakashbhairab Securities Ltd.,South Asian Bulls Pvt. Ltd.,2026-04-10T14:00:33.759301,RASUWAGADHI HYDROPOWER COMPANY LIMITED
2026041004019126,RHPL,81,49,40,292.6,11704.0,2026-04-10,186006151,2841,Aakashbhairab Securities Ltd.,Online Securities Pvt. Ltd.,2026-04-10T14:00:39.82107,RASUWAGADHI HYDROPOWER COMPANY LIMITED
2026041004019254,RHPL,14,52,15,293.0,4395.0,2026-04-10,186007203,2841,Nepal Stock House (PVT) Ltd.,Sundhara Securities Limited,2026-04-10T14:02:14.926165,RASUWAGADHI HYDROPOWER COMPANY LIMITED
2026041004019319,RHPL,14,39,10,293.0,2930.0,2026-04-10,186007679,2841,Nepal Stock House (PVT) Ltd.,Sumeru Securities Pvt. Ltd.,2026-04-10T14:03:00.565045,RASUWAGADHI HYDROPOWER COMPANY LIMITED
2026041004019330,RHPL,14,41,20,293.0,5860.0,2026-04-10,186007739,2841,Nepal Stock House (PVT) Ltd.,Linch Stock Market Ltd.,2026-04-10T14:03:11.716266,RASUWAGADHI HYDROPOWER COMPANY LIMITED
2026041004019583,RHPL,17,3,250,295.0,73750.0,2026-04-10,186009685,2841,ABC Securities Private Limited,Arun Securities (PVT) Ltd.,2026-04-10T14:06:48.997348,RASUWAGADHI HYDROPOWER COMPANY LIMITED
2026041004019584,RHPL,17,49,70,295.0,20650.0,2026-04-10,186009687,2841,ABC Securities Private Limited,Online Securities Pvt. Ltd.,2026-04-10T14:06:48.99744,RASUWAGADHI HYDROPOWER COMPANY LIMITED
2026041004019585,RHPL,17,49,70,295.0,20650.0,2026-04-10,186009689,2841,ABC Securities Private Limited,Online Securities Pvt. Ltd.,2026-04-10T14:06:48.997462,RASUWAGADHI HYDROPOWER COMPANY LIMITED
2026041004019586,RHPL,17,52,40,295.0,11800.0,2026-04-10,186009691,2841,ABC Securities Private Limited,Sundhara Securities Limited,2026-04-10T14:06:48.997483,RASUWAGADHI HYDROPOWER COMPANY LIMITED
2026041004019587,RHPL,17,33,1000,295.0,295000.0,2026-04-10,186009693,2841,ABC Securities Private Limited,Dakshinkali Investment & Securities Pvt. Ltd.,2026-04-10T14:06:48.997512,RASUWAGADHI HYDROPOWER COMPANY LIMITED
2026041004019588,RHPL,17,33,10,295.0,2950.0,2026-04-10,186009695,2841,ABC Securities Private Limited,Dakshinkali Investment & Securities Pvt. Ltd.,2026-04-10T14:06:48.997539,RASUWAGADHI HYDROPOWER COMPANY LIMITED
2026041004019589,RHPL,17,45,134,295.0,39530.0,2026-04-10,186009697,2841,ABC Securities Private Limited,Imperial Securities Company Pvt. Ltd.,2026-04-10T14:06:48.997564,RASUWAGADHI HYDROPOWER COMPANY LIMITED
2026041004019590,RHPL,17,49,110,295.1,32461.0,2026-04-10,186009699,2841,ABC Securities Private Limited,Online Securities Pvt. Ltd.,2026-04-10T14:06:48.997592,RASUWAGADHI HYDROPOWER COMPANY LIMITED
2026041004019591,RHPL,17,56,310,295.2,91512.0,2026-04-10,186009701,2841,ABC Securities Private Limited,Sri Hari Securities Pvt. Ltd.,2026-04-10T14:06:48.997618,RASUWAGADHI HYDROPOWER COMPANY LIMITED
2026041004020165,RHPL,17,50,70,295.9,20713.0,2026-04-10,186013987,2841,ABC Securities Private Limited,Cristal Kanchanjanga Securites Pvt. Ltd.,2026-04-10T14:15:56.316188,RASUWAGADHI HYDROPOWER COMPANY LIMITED
2026041004020166,RHPL,17,26,30,295.9,8877.0,2026-04-10,186013989,2841,ABC Securities Private Limited,Asian Securities Private Ltd.,2026-04-10T14:15:56.316276,RASUWAGADHI HYDROPOWER COMPANY LIMITED
2026041004020167,RHPL,17,4,80,296.0,23680.0,2026-04-10,186013991,2841,ABC Securities Private Limited,Opal Securities Investment (PVT) Ltd.,2026-04-10T14:15:56.316366,RASUWAGADHI HYDROPOWER COMPANY LIMITED
2026041004020168,RHPL,17,49,200,296.0,59200.0,2026-04-10,186013993,2841,ABC Securities Private Limited,Online Securities Pvt. Ltd.,2026-04-10T14:15:56.316439,RASUWAGADHI HYDROPOWER COMPANY LIMITED
2026041004020169,RHPL,17,49,500,296.0,148000.0,2026-04-10,186013995,2841,ABC Securities Private Limited,Online Securities Pvt. Ltd.,2026-04-10T14:15:56.316553,RASUWAGADHI HYDROPOWER COMPANY LIMITED
2026041004020170,RHPL,17,32,40,296.0,11840.0,2026-04-10,186013997,2841,ABC Securities Private Limited,Premier Securities Company Ltd.,2026-04-10T14:15:56.316625,RASUWAGADHI HYDROPOWER COMPANY LIMITED
2026041004020171,RHPL,17,16,1000,296.0,296000.0,2026-04-10,186013999,2841,ABC Securities Private Limited,Primo Securities (PVT) Ltd.,2026-04-10T14:15:56.316696,RASUWAGADHI HYDROPOWER COMPANY LIMITED
2026041004020172,RHPL,17,57,80,296.0,23680.0,2026-04-10,186014002,2841,ABC Securities Private Limited,Aryatara Investment & Securities,2026-04-10T14:15:56.316764,RASUWAGADHI HYDROPOWER COMPANY LIMITED
2026041004020206,RHPL,14,95,70,293.1,20517.0,2026-04-10,186014201,2841,Nepal Stock House (PVT) Ltd.,Magnet Securities and Investment Company Private Limited,2026-04-10T14:16:25.537361,RASUWAGADHI HYDROPOWER COMPANY LIMITED
2026041004020268,RHPL,14,40,10,293.1,2931.0,2026-04-10,186014919,2841,Nepal Stock House (PVT) Ltd.,Creative Securities Pvt Ltd,2026-04-10T14:17:48.348951,RASUWAGADHI HYDROPOWER COMPANY LIMITED
2026041004020467,RHPL,14,38,10,293.1,2931.0,2026-04-10,186016961,2841,Nepal Stock House (PVT) Ltd.,Dipshikha Dhitopatra Karobar Co. Pvt Ltd.,2026-04-10T14:20:45.492291,RASUWAGADHI HYDROPOWER COMPANY LIMITED
2026041004020520,RHPL,14,38,10,293.1,2931.0,2026-04-10,186017286,2841,Nepal Stock House (PVT) Ltd.,Dipshikha Dhitopatra Karobar Co. Pvt Ltd.,2026-04-10T14:21:05.667642,RASUWAGADHI HYDROPOWER COMPANY LIMITED
2026041004020521,RHPL,14,38,30,293.0,8790.0,2026-04-10,186017287,2841,Nepal Stock House (PVT) Ltd.,Dipshikha Dhitopatra Karobar Co. Pvt Ltd.,2026-04-10T14:21:05.667747,RASUWAGADHI HYDROPOWER COMPANY LIMITED
2026041004020860,RHPL,14,38,20,293.0,5860.0,2026-04-10,186019429,2841,Nepal Stock House (PVT) Ltd.,Dipshikha Dhitopatra Karobar Co. Pvt Ltd.,2026-04-10T14:24:04.105289,RASUWAGADHI HYDROPOWER COMPANY LIMITED
2026041004020972,RHPL,14,33,10,293.0,2930.0,2026-04-10,186019899,2841,Nepal Stock House (PVT) Ltd.,Dakshinkali Investment & Securities Pvt. Ltd.,2026-04-10T14:24:43.514334,RASUWAGADHI HYDROPOWER COMPANY LIMITED
2026041004021123,RHPL,81,39,10,293.2,2932.0,2026-04-10,186020883,2841,Aakashbhairab Securities Ltd.,Sumeru Securities Pvt. Ltd.,2026-04-10T14:26:12.343226,RASUWAGADHI HYDROPOWER COMPANY LIMITED
2026041004021519,RHPL,81,22,80,293.2,23456.0,2026-04-10,186023493,2841,Aakashbhairab Securities Ltd.,Siprabi Securities Pvt. Ltd.,2026-04-10T14:29:34.187636,RASUWAGADHI HYDROPOWER COMPANY LIMITED
2026041004022294,RHPL,58,57,40,294.0,11760.0,2026-04-10,186028855,2841,Naasa Securities Co. Ltd.,Aryatara Investment & Securities,2026-04-10T14:37:00.582105,RASUWAGADHI HYDROPOWER COMPANY LIMITED
2026041004022425,RHPL,58,40,40,294.0,11760.0,2026-04-10,186029903,2841,Naasa Securities Co. Ltd.,Creative Securities Pvt Ltd,2026-04-10T14:38:20.561841,RASUWAGADHI HYDROPOWER COMPANY LIMITED
2026041004022582,RHPL,58,49,20,294.0,5880.0,2026-04-10,186031348,2841,Naasa Securities Co. Ltd.,Online Securities Pvt. Ltd.,2026-04-10T14:40:04.761555,RASUWAGADHI HYDROPOWER COMPANY LIMITED
2026041004022733,RHPL,42,42,15,293.5,4402.5,2026-04-10,186032806,2841,Sani Securities Company Ltd.,Sani Securities Company Ltd.,2026-04-10T14:42:16.009147,RASUWAGADHI HYDROPOWER COMPANY LIMITED
2026041004022734,RHPL,57,42,200,293.3,58660.0,2026-04-10,186032808,2841,Aryatara Investment & Securities,Sani Securities Company Ltd.,2026-04-10T14:42:16.009502,RASUWAGADHI HYDROPOWER COMPANY LIMITED
2026041004022735,RHPL,42,42,100,293.3,29330.0,2026-04-10,186032810,2841,Sani Securities Company Ltd.,Sani Securities Company Ltd.,2026-04-10T14:42:16.009703,RASUWAGADHI HYDROPOWER COMPANY LIMITED
2026041004022736,RHPL,7,42,100,293.3,29330.0,2026-04-10,186032812,2841,J.F. Securites (PVT) Ltd.,Sani Securities Company Ltd.,2026-04-10T14:42:16.009894,RASUWAGADHI HYDROPOWER COMPANY LIMITED
2026041004022737,RHPL,39,42,85,293.3,24930.5,2026-04-10,186032813,2841,Sumeru Securities Pvt. Ltd.,Sani Securities Company Ltd.,2026-04-10T14:42:16.010083,RASUWAGADHI HYDROPOWER COMPANY LIMITED
2026041004022769,RHPL,39,42,15,293.3,4399.5,2026-04-10,186033070,2841,Sumeru Securities Pvt. Ltd.,Sani Securities Company Ltd.,2026-04-10T14:42:33.884212,RASUWAGADHI HYDROPOWER COMPANY LIMITED
2026041004022770,RHPL,81,42,170,293.2,49844.0,2026-04-10,186033072,2841,Aakashbhairab Securities Ltd.,Sani Securities Company Ltd.,2026-04-10T14:42:33.88438,RASUWAGADHI HYDROPOWER COMPANY LIMITED
2026041004022771,RHPL,39,42,115,293.2,33718.0,2026-04-10,186033073,2841,Sumeru Securities Pvt. Ltd.,Sani Securities Company Ltd.,2026-04-10T14:42:33.884451,RASUWAGADHI HYDROPOWER COMPANY LIMITED
2026041004022890,RHPL,39,34,215,293.2,63038.0,2026-04-10,186033858,2841,Sumeru Securities Pvt. Ltd.,Vision Securities Pvt. Ltd,2026-04-10T14:43:17.885349,RASUWAGADHI HYDROPOWER COMPANY LIMITED
2026041004022891,RHPL,14,34,295,293.0,86435.0,2026-04-10,186033860,2841,Nepal Stock House (PVT) Ltd.,Vision Securities Pvt. Ltd,2026-04-10T14:43:17.885661,RASUWAGADHI HYDROPOWER COMPANY LIMITED
2026041004022892,RHPL,29,34,100,293.0,29300.0,2026-04-10,186033862,2841,Trisul Securities & Invt. Ltd.,Vision Securities Pvt. Ltd,2026-04-10T14:43:17.885858,RASUWAGADHI HYDROPOWER COMPANY LIMITED
2026041004022893,RHPL,7,34,345,293.0,101085.0,2026-04-10,186033864,2841,J.F. Securites (PVT) Ltd.,Vision Securities Pvt. Ltd,2026-04-10T14:43:17.886067,RASUWAGADHI HYDROPOWER COMPANY LIMITED
2026041004022894,RHPL,54,34,45,293.0,13185.0,2026-04-10,186033865,2841,Sewa Securities Pvt. Ltd.,Vision Securities Pvt. Ltd,2026-04-10T14:43:17.886266,RASUWAGADHI HYDROPOWER COMPANY LIMITED
2026041004023156,RHPL,54,16,555,293.0,162615.0,2026-04-10,186036128,2841,Sewa Securities Pvt. Ltd.,Primo Securities (PVT) Ltd.,2026-04-10T14:45:18.922303,RASUWAGADHI HYDROPOWER COMPANY LIMITED
2026041004023157,RHPL,13,16,300,293.0,87900.0,2026-04-10,186036130,2841,Thrive Brokerage House Pvt. Ltd,Primo Securities (PVT) Ltd.,2026-04-10T14:45:18.922662,RASUWAGADHI HYDROPOWER COMPANY LIMITED
2026041004023463,RHPL,56,16,20,292.8,5856.0,2026-04-10,186037702,2841,Sri Hari Securities Pvt. Ltd.,Primo Securities (PVT) Ltd.,2026-04-10T14:46:36.277238,RASUWAGADHI HYDROPOWER COMPANY LIMITED
2026041004023464,RHPL,1,16,175,292.7,51222.5,2026-04-10,186037703,2841,Kumari Securities Private Limited,Primo Securities (PVT) Ltd.,2026-04-10T14:46:36.277414,RASUWAGADHI HYDROPOWER COMPANY LIMITED
2026041004023901,RHPL,1,49,15,292.7,4390.5,2026-04-10,186040824,2841,Kumari Securities Private Limited,Online Securities Pvt. Ltd.,2026-04-10T14:49:26.742724,RASUWAGADHI HYDROPOWER COMPANY LIMITED
2026041004023902,RHPL,14,49,25,292.0,7300.0,2026-04-10,186040825,2841,Nepal Stock House (PVT) Ltd.,Online Securities Pvt. Ltd.,2026-04-10T14:49:26.742771,RASUWAGADHI HYDROPOWER COMPANY LIMITED
2026041004024084,RHPL,14,57,40,292.0,11680.0,2026-04-10,186041918,2841,Nepal Stock House (PVT) Ltd.,Aryatara Investment & Securities,2026-04-10T14:50:17.331896,RASUWAGADHI HYDROPOWER COMPANY LIMITED
2026041004024085,RHPL,57,57,200,292.0,58400.0,2026-04-10,186041922,2841,Aryatara Investment & Securities,Aryatara Investment & Securities,2026-04-10T14:50:17.332065,RASUWAGADHI HYDROPOWER COMPANY LIMITED
2026041004024086,RHPL,53,57,160,292.0,46720.0,2026-04-10,186041923,2841,Investment Management Nepal Pvt. Ltd.,Aryatara Investment & Securities,2026-04-10T14:50:17.332134,RASUWAGADHI HYDROPOWER COMPANY LIMITED
2026041004024273,RHPL,49,38,30,292.1,8763.0,2026-04-10,186043122,2841,Online Securities Pvt. Ltd.,Dipshikha Dhitopatra Karobar Co. Pvt Ltd.,2026-04-10T14:51:13.809259,RASUWAGADHI HYDROPOWER COMPANY LIMITED
2026041004024274,RHPL,53,38,40,292.0,11680.0,2026-04-10,186043123,2841,Investment Management Nepal Pvt. Ltd.,Dipshikha Dhitopatra Karobar Co. Pvt Ltd.,2026-04-10T14:51:13.809433,RASUWAGADHI HYDROPOWER COMPANY LIMITED
2026041004024359,RHPL,53,42,70,292.0,20440.0,2026-04-10,186043669,2841,Investment Management Nepal Pvt. Ltd.,Sani Securities Company Ltd.,2026-04-10T14:51:41.803039,RASUWAGADHI HYDROPOWER COMPANY LIMITED
2026041004024419,RHPL,53,89,200,292.0,58400.0,2026-04-10,186044075,2841,Investment Management Nepal Pvt. Ltd.,Global IME Securities Limited,2026-04-10T14:51:59.413278,RASUWAGADHI HYDROPOWER COMPANY LIMITED
2026041004024503,RHPL,53,52,30,292.0,8760.0,2026-04-10,186044496,2841,Investment Management Nepal Pvt. Ltd.,Sundhara Securities Limited,2026-04-10T14:52:14.942218,RASUWAGADHI HYDROPOWER COMPANY LIMITED
2026041004024504,RHPL,42,52,10,292.0,2920.0,2026-04-10,186044497,2841,Sani Securities Company Ltd.,Sundhara Securities Limited,2026-04-10T14:52:14.942378,RASUWAGADHI HYDROPOWER COMPANY LIMITED
2026041004024601,RHPL,42,14,90,292.0,26280.0,2026-04-10,186045068,2841,Sani Securities Company Ltd.,Nepal Stock House (PVT) Ltd.,2026-04-10T14:52:42.155746,RASUWAGADHI HYDROPOWER COMPANY LIMITED
2026041004024637,RHPL,19,14,10,292.0,2920.0,2026-04-10,186045291,2841,Nepal Investment And Securities Trading Private Limited,Nepal Stock House (PVT) Ltd.,2026-04-10T14:52:50.352574,RASUWAGADHI HYDROPOWER COMPANY LIMITED
2026041004024807,RHPL,19,16,70,293.0,20510.0,2026-04-10,186046560,2841,Nepal Investment And Securities Trading Private Limited,Primo Securities (PVT) Ltd.,2026-04-10T14:53:37.496863,RASUWAGADHI HYDROPOWER COMPANY LIMITED
2026041004026530,RHPL,48,53,500,292.2,146100.0,2026-04-10,186058079,2841,Trishakti Securities Public Limited,Investment Management Nepal Pvt. Ltd.,2026-04-10T14:59:21.929938,RASUWAGADHI HYDROPOWER COMPANY LIMITED
2026041004026693,RHPL,48,32,100,292.1,29210.0,2026-04-10,186058997,2841,Trishakti Securities Public Limited,Premier Securities Company Ltd.,2026-04-10T14:59:34.425126,RASUWAGADHI HYDROPOWER COMPANY LIMITED
2026041004026752,RHPL,48,57,400,292.1,116840.0,2026-04-10,186059370,2841,Trishakti Securities Public Limited,Aryatara Investment & Securities,2026-04-10T14:59:39.045856,RASUWAGADHI HYDROPOWER COMPANY LIMITED
2026041004026753,RHPL,49,57,300,292.0,87600.0,2026-04-10,186059372,2841,Online Securities Pvt. Ltd.,Aryatara Investment & Securities,2026-04-10T14:59:39.046019,RASUWAGADHI HYDROPOWER COMPANY LIMITED
2026041004026754,RHPL,58,57,650,292.0,189800.0,2026-04-10,186059373,2841,Naasa Securities Co. Ltd.,Aryatara Investment & Securities,2026-04-10T14:59:39.046096,RASUWAGADHI HYDROPOWER COMPANY LIMITED
2026041004026807,RHPL,57,45,40,293.0,11720.0,2026-04-10,186059860,2841,Aryatara Investment & Securities,Imperial Securities Company Pvt. Ltd.,2026-04-10T14:59:44.120377,RASUWAGADHI HYDROPOWER COMPANY LIMITED
2026041004026808,RHPL,57,52,75,293.0,21975.0,2026-04-10,186059862,2841,Aryatara Investment & Securities,Sundhara Securities Limited,2026-04-10T14:59:44.120544,RASUWAGADHI HYDROPOWER COMPANY LIMITED
