contractId,stockSymbol,buyerMemberId,sellerMemberId,quantity,rate,amount,businessDate,tradeBookId,stockId,buyerBrokerName,sellerBrokerName,transaction_time,securityName
2026041001000185,SBL,5,74,20,404.0,8080.0,2026-04-10,185886415,145,Market Securities & Exchange (PVT) Ltd.,KALASH STOCK MARKET PVT. LTD.,2026-04-10T11:00:55.703248,Siddhartha Bank Limited
2026041001000857,SBL,58,21,10,403.0,4030.0,2026-04-10,185888345,145,Naasa Securities Co. Ltd.,Midas Stock Broking Company Private Limited,2026-04-10T11:02:48.679395,Siddhartha Bank Limited
2026041001001412,SBL,38,40,200,400.0,80000.0,2026-04-10,185890053,145,Dipshikha Dhitopatra Karobar Co. Pvt Ltd.,Creative Securities Pvt Ltd,2026-04-10T11:04:58.717231,Siddhartha Bank Limited
2026041001004210,SBL,21,59,90,399.8,35982.0,2026-04-10,185900133,145,Midas Stock Broking Company Private Limited,Deevyaa Securities & Stock House Pvt. Ltd,2026-04-10T11:15:36.083736,Siddhartha Bank Limited
2026041001005095,SBL,45,59,111,399.8,44377.8,2026-04-10,185903622,145,Imperial Securities Company Pvt. Ltd.,Deevyaa Securities & Stock House Pvt. Ltd,2026-04-10T11:19:44.469069,Siddhartha Bank Limited
2026041001005096,SBL,45,65,129,399.9,51587.1,2026-04-10,185903625,145,Imperial Securities Company Pvt. Ltd.,Sharepro Securities Private Limited,2026-04-10T11:19:44.469171,Siddhartha Bank Limited
2026041001005417,SBL,74,41,4,394.0,1576.0,2026-04-10,185905068,145,KALASH STOCK MARKET PVT. LTD.,Linch Stock Market Ltd.,2026-04-10T11:21:09.986687,Siddhartha Bank Limited
2026041001007050,SBL,52,59,5,392.0,1960.0,2026-04-10,185911640,145,Sundhara Securities Limited,Deevyaa Securities & Stock House Pvt. Ltd,2026-04-10T11:27:20.208348,Siddhartha Bank Limited
2026041001007820,SBL,74,1,20,396.0,7920.0,2026-04-10,185914193,145,KALASH STOCK MARKET PVT. LTD.,Kumari Securities Private Limited,2026-04-10T11:29:20.14824,Siddhartha Bank Limited
2026041001009289,SBL,7,47,50,397.0,19850.0,2026-04-10,186063574,145,J.F. Securites (PVT) Ltd.,Neev Securities Pvt. Ltd.,2026-04-10T11:34:11.057,Siddhartha Bank Limited
2026041001009998,SBL,45,25,100,395.1,39510.0,2026-04-10,186072661,145,Imperial Securities Company Pvt. Ltd.,Sweta Securities Private Limited,2026-04-10T11:37:37.298,Siddhartha Bank Limited
2026041001009999,SBL,26,25,50,395.0,19750.0,2026-04-10,186066638,145,Asian Securities Private Ltd.,Sweta Securities Private Limited,2026-04-10T11:37:37.298,Siddhartha Bank Limited
2026041001010000,SBL,7,25,13,395.0,5135.0,2026-04-10,186063465,145,J.F. Securites (PVT) Ltd.,Sweta Securities Private Limited,2026-04-10T11:37:37.298,Siddhartha Bank Limited
2026041001009997,SBL,58,25,23,395.8,9103.4,2026-04-10,186077002,145,Naasa Securities Co. Ltd.,Sweta Securities Private Limited,2026-04-10T11:37:37.298,Siddhartha Bank Limited
2026041001010304,SBL,26,26,1000,399.5,399500.0,2026-04-10,186066761,145,Asian Securities Private Ltd.,Asian Securities Private Ltd.,2026-04-10T11:39:09.892,Siddhartha Bank Limited
2026041001010303,SBL,26,47,46,397.0,18262.0,2026-04-10,186066757,145,Asian Securities Private Ltd.,Neev Securities Pvt. Ltd.,2026-04-10T11:39:09.892,Siddhartha Bank Limited
2026041001010700,SBL,26,26,500,398.5,199250.0,2026-04-10,186066795,145,Asian Securities Private Ltd.,Asian Securities Private Ltd.,2026-04-10T11:41:29.965,Siddhartha Bank Limited
2026041001011359,SBL,39,21,200,398.0,79600.0,2026-04-10,186071606,145,Sumeru Securities Pvt. Ltd.,Midas Stock Broking Company Private Limited,2026-04-10T11:46:08.112,Siddhartha Bank Limited
2026041001011622,SBL,42,21,200,398.0,79600.0,2026-04-10,186069794,145,Sani Securities Company Ltd.,Midas Stock Broking Company Private Limited,2026-04-10T11:47:32.432,Siddhartha Bank Limited
2026041001011741,SBL,58,21,40,398.0,15920.0,2026-04-10,186078556,145,Naasa Securities Co. Ltd.,Midas Stock Broking Company Private Limited,2026-04-10T11:48:25.587,Siddhartha Bank Limited
2026041001011930,SBL,39,21,200,398.0,79600.0,2026-04-10,186071460,145,Sumeru Securities Pvt. Ltd.,Midas Stock Broking Company Private Limited,2026-04-10T11:49:38.057,Siddhartha Bank Limited
2026041001012413,SBL,65,65,350,397.5,139125.0,2026-04-10,186079366,145,Sharepro Securities Private Limited,Sharepro Securities Private Limited,2026-04-10T11:52:49.24,Siddhartha Bank Limited
2026041001012444,SBL,65,65,221,397.5,87847.5,2026-04-10,186079385,145,Sharepro Securities Private Limited,Sharepro Securities Private Limited,2026-04-10T11:53:03.197,Siddhartha Bank Limited
2026041001012611,SBL,65,21,1000,397.5,397500.0,2026-04-10,186079410,145,Sharepro Securities Private Limited,Midas Stock Broking Company Private Limited,2026-04-10T11:54:28.174,Siddhartha Bank Limited
2026041001012663,SBL,65,21,350,397.5,139125.0,2026-04-10,186079431,145,Sharepro Securities Private Limited,Midas Stock Broking Company Private Limited,2026-04-10T11:54:52.908,Siddhartha Bank Limited
2026041001012993,SBL,76,8,10,398.7,3987.0,2026-04-10,186081194,145,Machhapuchchhre Securities Limited,Brilliant Securities Pvt. Ltd.,2026-04-10T11:57:23.019,Siddhartha Bank Limited
2026041001012997,SBL,7,8,37,398.7,14751.9,2026-04-10,186063452,145,J.F. Securites (PVT) Ltd.,Brilliant Securities Pvt. Ltd.,2026-04-10T11:57:24.705,Siddhartha Bank Limited
2026041001013131,SBL,26,26,500,398.5,199250.0,2026-04-10,186066690,145,Asian Securities Private Ltd.,Asian Securities Private Ltd.,2026-04-10T11:58:30.979,Siddhartha Bank Limited
2026041001013683,SBL,65,35,70,397.5,27825.0,2026-04-10,186079520,145,Sharepro Securities Private Limited,Kohinoor Investment & Securities Pvt. Ltd.,2026-04-10T12:01:55.532,Siddhartha Bank Limited
2026041001013997,SBL,32,35,10,397.5,3975.0,2026-04-10,185921176,145,Premier Securities Company Ltd.,Kohinoor Investment & Securities Pvt. Ltd.,2026-04-10T12:03:17.509501,Siddhartha Bank Limited
2026041001013998,SBL,57,35,23,397.0,9131.0,2026-04-10,185921178,145,Aryatara Investment & Securities,Kohinoor Investment & Securities Pvt. Ltd.,2026-04-10T12:03:17.509659,Siddhartha Bank Limited
2026041001013999,SBL,49,35,100,396.0,39600.0,2026-04-10,185921180,145,Online Securities Pvt. Ltd.,Kohinoor Investment & Securities Pvt. Ltd.,2026-04-10T12:03:17.509726,Siddhartha Bank Limited
2026041001014000,SBL,44,35,49,395.0,19355.0,2026-04-10,185921182,145,Dynamic Money Managers Securities Pvt. Ltd.,Kohinoor Investment & Securities Pvt. Ltd.,2026-04-10T12:03:17.509804,Siddhartha Bank Limited
2026041001014001,SBL,45,35,1818,394.1,716473.8,2026-04-10,185921183,145,Imperial Securities Company Pvt. Ltd.,Kohinoor Investment & Securities Pvt. Ltd.,2026-04-10T12:03:17.509868,Siddhartha Bank Limited
2026041001014050,SBL,45,35,182,394.1,71726.2,2026-04-10,185921410,145,Imperial Securities Company Pvt. Ltd.,Kohinoor Investment & Securities Pvt. Ltd.,2026-04-10T12:03:38.176551,Siddhartha Bank Limited
2026041001014051,SBL,13,35,500,394.0,197000.0,2026-04-10,185921412,145,Thrive Brokerage House Pvt. Ltd,Kohinoor Investment & Securities Pvt. Ltd.,2026-04-10T12:03:38.176593,Siddhartha Bank Limited
2026041001014052,SBL,46,35,50,394.0,19700.0,2026-04-10,185921414,145,Kalika Securities Pvt. Ltd.,Kohinoor Investment & Securities Pvt. Ltd.,2026-04-10T12:03:38.176621,Siddhartha Bank Limited
2026041001014053,SBL,84,35,22,393.1,8648.2,2026-04-10,185921416,145,MILKY WAY SHARE BROKER COMPANY LTD ,Kohinoor Investment & Securities Pvt. Ltd.,2026-04-10T12:03:38.176648,Siddhartha Bank Limited
2026041001014054,SBL,29,35,500,393.1,196550.0,2026-04-10,185921418,145,Trisul Securities & Invt. Ltd.,Kohinoor Investment & Securities Pvt. Ltd.,2026-04-10T12:03:38.176684,Siddhartha Bank Limited
2026041001014055,SBL,34,35,100,393.0,39300.0,2026-04-10,185921420,145,Vision Securities Pvt. Ltd,Kohinoor Investment & Securities Pvt. Ltd.,2026-04-10T12:03:38.176712,Siddhartha Bank Limited
2026041001014056,SBL,50,35,100,392.6,39260.0,2026-04-10,185921422,145,Cristal Kanchanjanga Securites Pvt. Ltd.,Kohinoor Investment & Securities Pvt. Ltd.,2026-04-10T12:03:38.176743,Siddhartha Bank Limited
2026041001014057,SBL,14,35,546,392.6,214359.6,2026-04-10,185921423,145,Nepal Stock House (PVT) Ltd.,Kohinoor Investment & Securities Pvt. Ltd.,2026-04-10T12:03:38.176769,Siddhartha Bank Limited
2026041001014163,SBL,14,66,454,392.6,178240.4,2026-04-10,185921890,145,Nepal Stock House (PVT) Ltd.,Miyo Securities Pvt Ltd,2026-04-10T12:04:22.033219,Siddhartha Bank Limited
2026041001014164,SBL,42,66,1275,392.4,500310.0,2026-04-10,185921892,145,Sani Securities Company Ltd.,Miyo Securities Pvt Ltd,2026-04-10T12:04:22.033305,Siddhartha Bank Limited
2026041001014165,SBL,43,66,100,392.2,39220.0,2026-04-10,185921894,145,South Asian Bulls Pvt. Ltd.,Miyo Securities Pvt Ltd,2026-04-10T12:04:22.033391,Siddhartha Bank Limited
2026041001014166,SBL,57,66,581,392.0,227752.0,2026-04-10,185921896,145,Aryatara Investment & Securities,Miyo Securities Pvt Ltd,2026-04-10T12:04:22.03345,Siddhartha Bank Limited
2026041001014167,SBL,57,66,1000,392.0,392000.0,2026-04-10,185921898,145,Aryatara Investment & Securities,Miyo Securities Pvt Ltd,2026-04-10T12:04:22.033516,Siddhartha Bank Limited
2026041001014168,SBL,45,66,100,392.0,39200.0,2026-04-10,185921900,145,Imperial Securities Company Pvt. Ltd.,Miyo Securities Pvt Ltd,2026-04-10T12:04:22.033575,Siddhartha Bank Limited
2026041001014169,SBL,52,66,100,392.0,39200.0,2026-04-10,185921902,145,Sundhara Securities Limited,Miyo Securities Pvt Ltd,2026-04-10T12:04:22.033636,Siddhartha Bank Limited
2026041001014170,SBL,40,66,50,392.0,19600.0,2026-04-10,185921904,145,Creative Securities Pvt Ltd,Miyo Securities Pvt Ltd,2026-04-10T12:04:22.033697,Siddhartha Bank Limited
2026041001014171,SBL,85,66,1000,392.0,392000.0,2026-04-10,185921906,145,Capital Hub P. Ltd,Miyo Securities Pvt Ltd,2026-04-10T12:04:22.033752,Siddhartha Bank Limited
2026041001014172,SBL,16,66,340,392.0,133280.0,2026-04-10,185921907,145,Primo Securities (PVT) Ltd.,Miyo Securities Pvt Ltd,2026-04-10T12:04:22.033813,Siddhartha Bank Limited
2026041001014200,SBL,45,35,10,392.7,3927.0,2026-04-10,185922014,145,Imperial Securities Company Pvt. Ltd.,Kohinoor Investment & Securities Pvt. Ltd.,2026-04-10T12:04:35.328471,Siddhartha Bank Limited
2026041001014201,SBL,16,35,760,392.0,297920.0,2026-04-10,185922016,145,Primo Securities (PVT) Ltd.,Kohinoor Investment & Securities Pvt. Ltd.,2026-04-10T12:04:35.328562,Siddhartha Bank Limited
2026041001014202,SBL,85,35,50,391.9,19595.0,2026-04-10,185922018,145,Capital Hub P. Ltd,Kohinoor Investment & Securities Pvt. Ltd.,2026-04-10T12:04:35.328635,Siddhartha Bank Limited
2026041001014203,SBL,16,35,110,391.0,43010.0,2026-04-10,185922019,145,Primo Securities (PVT) Ltd.,Kohinoor Investment & Securities Pvt. Ltd.,2026-04-10T12:04:35.328745,Siddhartha Bank Limited
2026041001014479,SBL,25,51,50,392.0,19600.0,2026-04-10,185923918,145,Sweta Securities Private Limited,Oxford Securities Pvt. Ltd.,2026-04-10T12:07:11.925763,Siddhartha Bank Limited
2026041001015126,SBL,89,45,5,398.0,1990.0,2026-04-10,185927197,145,Global IME Securities Limited,Imperial Securities Company Pvt. Ltd.,2026-04-10T12:10:50.591738,Siddhartha Bank Limited
2026041001015247,SBL,45,25,29,392.1,11370.9,2026-04-10,185928017,145,Imperial Securities Company Pvt. Ltd.,Sweta Securities Private Limited,2026-04-10T12:11:39.784335,Siddhartha Bank Limited
2026041001015515,SBL,89,58,1,385.0,385.0,2026-04-10,185929745,145,Global IME Securities Limited,Naasa Securities Co. Ltd.,2026-04-10T12:13:14.993854,Siddhartha Bank Limited
2026041001016069,SBL,13,44,500,392.1,196050.0,2026-04-10,185933554,145,Thrive Brokerage House Pvt. Ltd,Dynamic Money Managers Securities Pvt. Ltd.,2026-04-10T12:16:39.928072,Siddhartha Bank Limited
2026041001016070,SBL,58,44,10,392.0,3920.0,2026-04-10,185933556,145,Naasa Securities Co. Ltd.,Dynamic Money Managers Securities Pvt. Ltd.,2026-04-10T12:16:39.928172,Siddhartha Bank Limited
2026041001016071,SBL,58,44,1000,391.6,391600.0,2026-04-10,185933558,145,Naasa Securities Co. Ltd.,Dynamic Money Managers Securities Pvt. Ltd.,2026-04-10T12:16:39.928241,Siddhartha Bank Limited
2026041001016072,SBL,57,44,100,391.5,39150.0,2026-04-10,185933560,145,Aryatara Investment & Securities,Dynamic Money Managers Securities Pvt. Ltd.,2026-04-10T12:16:39.928297,Siddhartha Bank Limited
2026041001016073,SBL,34,44,1000,391.1,391100.0,2026-04-10,185933562,145,Vision Securities Pvt. Ltd,Dynamic Money Managers Securities Pvt. Ltd.,2026-04-10T12:16:39.928352,Siddhartha Bank Limited
2026041001016074,SBL,16,44,578,391.0,225998.0,2026-04-10,185933563,145,Primo Securities (PVT) Ltd.,Dynamic Money Managers Securities Pvt. Ltd.,2026-04-10T12:16:39.92841,Siddhartha Bank Limited
2026041001016169,SBL,16,44,412,391.0,161092.0,2026-04-10,185934208,145,Primo Securities (PVT) Ltd.,Dynamic Money Managers Securities Pvt. Ltd.,2026-04-10T12:17:17.526751,Siddhartha Bank Limited
2026041001016170,SBL,45,44,10,391.0,3910.0,2026-04-10,185934210,145,Imperial Securities Company Pvt. Ltd.,Dynamic Money Managers Securities Pvt. Ltd.,2026-04-10T12:17:17.52685,Siddhartha Bank Limited
2026041001016171,SBL,58,44,10,391.0,3910.0,2026-04-10,185934212,145,Naasa Securities Co. Ltd.,Dynamic Money Managers Securities Pvt. Ltd.,2026-04-10T12:17:17.526918,Siddhartha Bank Limited
2026041001016172,SBL,58,44,1406,390.4,548902.4,2026-04-10,185934214,145,Naasa Securities Co. Ltd.,Dynamic Money Managers Securities Pvt. Ltd.,2026-04-10T12:17:17.526982,Siddhartha Bank Limited
2026041001016173,SBL,43,44,3162,390.3,1234128.6,2026-04-10,185934215,145,South Asian Bulls Pvt. Ltd.,Dynamic Money Managers Securities Pvt. Ltd.,2026-04-10T12:17:17.527078,Siddhartha Bank Limited
2026041001016728,SBL,19,44,100,390.2,39020.0,2026-04-10,185937438,145,Nepal Investment And Securities Trading Private Limited,Dynamic Money Managers Securities Pvt. Ltd.,2026-04-10T12:19:55.632523,Siddhartha Bank Limited
2026041001016729,SBL,85,44,550,390.1,214555.0,2026-04-10,185937440,145,Capital Hub P. Ltd,Dynamic Money Managers Securities Pvt. Ltd.,2026-04-10T12:19:55.632687,Siddhartha Bank Limited
2026041001016730,SBL,66,44,1350,390.1,526635.0,2026-04-10,185937441,145,Miyo Securities Pvt Ltd,Dynamic Money Managers Securities Pvt. Ltd.,2026-04-10T12:19:55.632752,Siddhartha Bank Limited
2026041001016749,SBL,66,77,650,390.1,253565.0,2026-04-10,185937552,145,Miyo Securities Pvt Ltd,Nabil Stock Dealer Ltd.,2026-04-10T12:20:02.526597,Siddhartha Bank Limited
2026041001016750,SBL,7,77,100,390.0,39000.0,2026-04-10,185937554,145,J.F. Securites (PVT) Ltd.,Nabil Stock Dealer Ltd.,2026-04-10T12:20:02.526866,Siddhartha Bank Limited
2026041001016751,SBL,33,77,3000,390.0,1170000.0,2026-04-10,185937556,145,Dakshinkali Investment & Securities Pvt. Ltd.,Nabil Stock Dealer Ltd.,2026-04-10T12:20:02.527091,Siddhartha Bank Limited
2026041001016752,SBL,16,77,1100,390.0,429000.0,2026-04-10,185937560,145,Primo Securities (PVT) Ltd.,Nabil Stock Dealer Ltd.,2026-04-10T12:20:02.527264,Siddhartha Bank Limited
2026041001016753,SBL,13,77,500,390.0,195000.0,2026-04-10,185937562,145,Thrive Brokerage House Pvt. Ltd,Nabil Stock Dealer Ltd.,2026-04-10T12:20:02.527429,Siddhartha Bank Limited
2026041001016754,SBL,34,77,2000,390.0,780000.0,2026-04-10,185937564,145,Vision Securities Pvt. Ltd,Nabil Stock Dealer Ltd.,2026-04-10T12:20:02.527592,Siddhartha Bank Limited
2026041001016755,SBL,46,77,20,390.0,7800.0,2026-04-10,185937566,145,Kalika Securities Pvt. Ltd.,Nabil Stock Dealer Ltd.,2026-04-10T12:20:02.527753,Siddhartha Bank Limited
2026041001017339,SBL,58,6,10,390.0,3900.0,2026-04-10,185940594,145,Naasa Securities Co. Ltd.,Agrawal Securities (PVT) Ltd.,2026-04-10T12:22:14.64782,Siddhartha Bank Limited
2026041001017340,SBL,13,6,300,390.0,117000.0,2026-04-10,185940596,145,Thrive Brokerage House Pvt. Ltd,Agrawal Securities (PVT) Ltd.,2026-04-10T12:22:14.648144,Siddhartha Bank Limited
2026041001017341,SBL,50,6,65,389.9,25343.5,2026-04-10,185940598,145,Cristal Kanchanjanga Securites Pvt. Ltd.,Agrawal Securities (PVT) Ltd.,2026-04-10T12:22:14.648381,Siddhartha Bank Limited
2026041001017342,SBL,45,6,100,389.9,38990.0,2026-04-10,185940600,145,Imperial Securities Company Pvt. Ltd.,Agrawal Securities (PVT) Ltd.,2026-04-10T12:22:14.648567,Siddhartha Bank Limited
2026041001017343,SBL,45,6,20,389.8,7796.0,2026-04-10,185940602,145,Imperial Securities Company Pvt. Ltd.,Agrawal Securities (PVT) Ltd.,2026-04-10T12:22:14.648775,Siddhartha Bank Limited
2026041001017344,SBL,39,6,697,389.8,271690.6,2026-04-10,185940603,145,Sumeru Securities Pvt. Ltd.,Agrawal Securities (PVT) Ltd.,2026-04-10T12:22:14.648958,Siddhartha Bank Limited
2026041001017995,SBL,5,6,15,392.9,5893.5,2026-04-10,185943722,145,Market Securities & Exchange (PVT) Ltd.,Agrawal Securities (PVT) Ltd.,2026-04-10T12:24:34.525602,Siddhartha Bank Limited
2026041001018790,SBL,39,22,96,392.0,37632.0,2026-04-10,185947815,145,Sumeru Securities Pvt. Ltd.,Siprabi Securities Pvt. Ltd.,2026-04-10T12:28:03.61347,Siddhartha Bank Limited
2026041001018791,SBL,39,6,104,392.9,40861.6,2026-04-10,185947818,145,Sumeru Securities Pvt. Ltd.,Agrawal Securities (PVT) Ltd.,2026-04-10T12:28:03.613767,Siddhartha Bank Limited
2026041001019457,SBL,58,45,590,390.1,230159.0,2026-04-10,185951251,145,Naasa Securities Co. Ltd.,Imperial Securities Company Pvt. Ltd.,2026-04-10T12:32:01.34311,Siddhartha Bank Limited
2026041001019478,SBL,50,57,20,392.0,7840.0,2026-04-10,185951435,145,Cristal Kanchanjanga Securites Pvt. Ltd.,Aryatara Investment & Securities,2026-04-10T12:32:14.752444,Siddhartha Bank Limited
2026041001019587,SBL,50,39,200,392.2,78440.0,2026-04-10,185952133,145,Cristal Kanchanjanga Securites Pvt. Ltd.,Sumeru Securities Pvt. Ltd.,2026-04-10T12:33:08.687659,Siddhartha Bank Limited
2026041001019745,SBL,85,6,350,392.9,137515.0,2026-04-10,185953112,145,Capital Hub P. Ltd,Agrawal Securities (PVT) Ltd.,2026-04-10T12:34:33.448389,Siddhartha Bank Limited
2026041001019940,SBL,50,19,780,391.2,305136.0,2026-04-10,185954300,145,Cristal Kanchanjanga Securites Pvt. Ltd.,Nepal Investment And Securities Trading Private Limited,2026-04-10T12:36:18.816746,Siddhartha Bank Limited
2026041001019941,SBL,16,19,1100,391.0,430100.0,2026-04-10,185954302,145,Primo Securities (PVT) Ltd.,Nepal Investment And Securities Trading Private Limited,2026-04-10T12:36:18.816932,Siddhartha Bank Limited
2026041001019942,SBL,50,19,120,390.2,46824.0,2026-04-10,185954303,145,Cristal Kanchanjanga Securites Pvt. Ltd.,Nepal Investment And Securities Trading Private Limited,2026-04-10T12:36:18.817006,Siddhartha Bank Limited
2026041001020156,SBL,50,98,1880,390.2,733576.0,2026-04-10,185955530,145,Cristal Kanchanjanga Securites Pvt. Ltd.,Trademow Securities Private Limited,2026-04-10T12:37:43.106303,Siddhartha Bank Limited
2026041001020157,SBL,58,98,176,390.1,68657.6,2026-04-10,185955532,145,Naasa Securities Co. Ltd.,Trademow Securities Private Limited,2026-04-10T12:37:43.106616,Siddhartha Bank Limited
2026041001020158,SBL,39,98,487,390.1,189978.7,2026-04-10,185955534,145,Sumeru Securities Pvt. Ltd.,Trademow Securities Private Limited,2026-04-10T12:37:43.10682,Siddhartha Bank Limited
2026041001020159,SBL,19,98,75,390.0,29250.0,2026-04-10,185955536,145,Nepal Investment And Securities Trading Private Limited,Trademow Securities Private Limited,2026-04-10T12:37:43.107038,Siddhartha Bank Limited
2026041001020160,SBL,16,98,1100,390.0,429000.0,2026-04-10,185955538,145,Primo Securities (PVT) Ltd.,Trademow Securities Private Limited,2026-04-10T12:37:43.107239,Siddhartha Bank Limited
2026041001020161,SBL,26,98,500,390.0,195000.0,2026-04-10,185955540,145,Asian Securities Private Ltd.,Trademow Securities Private Limited,2026-04-10T12:37:43.107441,Siddhartha Bank Limited
2026041001020162,SBL,26,98,500,390.0,195000.0,2026-04-10,185955542,145,Asian Securities Private Ltd.,Trademow Securities Private Limited,2026-04-10T12:37:43.107625,Siddhartha Bank Limited
2026041001020163,SBL,45,98,282,390.0,109980.0,2026-04-10,185955543,145,Imperial Securities Company Pvt. Ltd.,Trademow Securities Private Limited,2026-04-10T12:37:43.107814,Siddhartha Bank Limited
2026041001020286,SBL,5,51,15,390.2,5853.0,2026-04-10,185956396,145,Market Securities & Exchange (PVT) Ltd.,Oxford Securities Pvt. Ltd.,2026-04-10T12:38:35.957995,Siddhartha Bank Limited
2026041001020326,SBL,45,38,700,390.0,273000.0,2026-04-10,185956635,145,Imperial Securities Company Pvt. Ltd.,Dipshikha Dhitopatra Karobar Co. Pvt Ltd.,2026-04-10T12:38:48.158201,Siddhartha Bank Limited
2026041001020421,SBL,57,98,200,390.2,78040.0,2026-04-10,185957330,145,Aryatara Investment & Securities,Trademow Securities Private Limited,2026-04-10T12:39:31.40893,Siddhartha Bank Limited
2026041001020422,SBL,50,98,2000,390.1,780200.0,2026-04-10,185957332,145,Cristal Kanchanjanga Securites Pvt. Ltd.,Trademow Securities Private Limited,2026-04-10T12:39:31.409263,Siddhartha Bank Limited
2026041001020423,SBL,45,98,18,390.0,7020.0,2026-04-10,185957334,145,Imperial Securities Company Pvt. Ltd.,Trademow Securities Private Limited,2026-04-10T12:39:31.409467,Siddhartha Bank Limited
2026041001020424,SBL,1,98,1222,390.0,476580.0,2026-04-10,185957335,145,Kumari Securities Private Limited,Trademow Securities Private Limited,2026-04-10T12:39:31.409665,Siddhartha Bank Limited
2026041001020522,SBL,1,45,778,390.0,303420.0,2026-04-10,185957780,145,Kumari Securities Private Limited,Imperial Securities Company Pvt. Ltd.,2026-04-10T12:40:04.568711,Siddhartha Bank Limited
2026041001020523,SBL,58,45,223,389.9,86947.7,2026-04-10,185957781,145,Naasa Securities Co. Ltd.,Imperial Securities Company Pvt. Ltd.,2026-04-10T12:40:04.568864,Siddhartha Bank Limited
2026041001021756,SBL,50,42,1200,390.1,468120.0,2026-04-10,185964021,145,Cristal Kanchanjanga Securites Pvt. Ltd.,Sani Securities Company Ltd.,2026-04-10T12:50:59.021576,Siddhartha Bank Limited
2026041001021899,SBL,50,29,500,390.1,195050.0,2026-04-10,185964635,145,Cristal Kanchanjanga Securites Pvt. Ltd.,Trisul Securities & Invt. Ltd.,2026-04-10T12:52:19.737461,Siddhartha Bank Limited
2026041001022673,SBL,16,58,50,390.2,19510.0,2026-04-10,185967627,145,Primo Securities (PVT) Ltd.,Naasa Securities Co. Ltd.,2026-04-10T12:57:44.669351,Siddhartha Bank Limited
2026041001022950,SBL,50,48,1500,390.3,585450.0,2026-04-10,185968928,145,Cristal Kanchanjanga Securites Pvt. Ltd.,Trishakti Securities Public Limited,2026-04-10T12:59:57.854451,Siddhartha Bank Limited
2026041001022951,SBL,16,48,1000,390.2,390200.0,2026-04-10,185968929,145,Primo Securities (PVT) Ltd.,Trishakti Securities Public Limited,2026-04-10T12:59:57.854559,Siddhartha Bank Limited
2026041001023110,SBL,16,60,50,390.2,19510.0,2026-04-10,185969644,145,Primo Securities (PVT) Ltd.,Nagarik Stock Dealer ,2026-04-10T13:01:26.715745,Siddhartha Bank Limited
2026041001023111,SBL,57,60,190,390.2,74138.0,2026-04-10,185969646,145,Aryatara Investment & Securities,Nagarik Stock Dealer ,2026-04-10T13:01:26.716097,Siddhartha Bank Limited
2026041001023112,SBL,66,60,90,390.2,35118.0,2026-04-10,185969647,145,Miyo Securities Pvt Ltd,Nagarik Stock Dealer ,2026-04-10T13:01:26.71631,Siddhartha Bank Limited
2026041001023316,SBL,37,11,300,391.0,117300.0,2026-04-10,185970609,145,Swarna Laxmi Securities Pvt. Ltd.,Malla & Malla Stock Broking Company Pvt. Limited,2026-04-10T13:03:36.023367,Siddhartha Bank Limited
2026041001023725,SBL,36,4,20,391.9,7838.0,2026-04-10,185972598,145,Secured Securities Ltd.,Opal Securities Investment (PVT) Ltd.,2026-04-10T13:08:36.612808,Siddhartha Bank Limited
2026041001024086,SBL,37,4,355,391.9,139124.5,2026-04-10,185974316,145,Swarna Laxmi Securities Pvt. Ltd.,Opal Securities Investment (PVT) Ltd.,2026-04-10T13:12:47.248878,Siddhartha Bank Limited
2026041001024464,SBL,46,4,18,391.9,7054.2,2026-04-10,185976194,145,Kalika Securities Pvt. Ltd.,Opal Securities Investment (PVT) Ltd.,2026-04-10T13:17:04.756466,Siddhartha Bank Limited
2026041001024703,SBL,58,4,13,391.9,5094.7,2026-04-10,185977156,145,Naasa Securities Co. Ltd.,Opal Securities Investment (PVT) Ltd.,2026-04-10T13:19:17.363926,Siddhartha Bank Limited
2026041001025084,SBL,29,4,94,391.9,36838.6,2026-04-10,185979043,145,Trisul Securities & Invt. Ltd.,Opal Securities Investment (PVT) Ltd.,2026-04-10T13:22:31.081877,Siddhartha Bank Limited
2026041001025085,SBL,29,5,406,391.9,159111.4,2026-04-10,185979046,145,Trisul Securities & Invt. Ltd.,Market Securities & Exchange (PVT) Ltd.,2026-04-10T13:22:31.082248,Siddhartha Bank Limited
2026041001025224,SBL,40,52,300,390.6,117180.0,2026-04-10,185979657,145,Creative Securities Pvt Ltd,Sundhara Securities Limited,2026-04-10T13:23:30.38386,Siddhartha Bank Limited
2026041001025290,SBL,33,52,200,390.6,78120.0,2026-04-10,185979963,145,Dakshinkali Investment & Securities Pvt. Ltd.,Sundhara Securities Limited,2026-04-10T13:23:54.26853,Siddhartha Bank Limited
2026041001025851,SBL,57,5,94,391.9,36838.6,2026-04-10,185981827,145,Aryatara Investment & Securities,Market Securities & Exchange (PVT) Ltd.,2026-04-10T13:26:00.142716,Siddhartha Bank Limited
2026041001026189,SBL,22,17,10,392.0,3920.0,2026-04-10,185983276,145,Siprabi Securities Pvt. Ltd.,ABC Securities Private Limited,2026-04-10T13:27:53.209818,Siddhartha Bank Limited
2026041001026206,SBL,11,17,856,392.0,335552.0,2026-04-10,185983405,145,Malla & Malla Stock Broking Company Pvt. Limited,ABC Securities Private Limited,2026-04-10T13:28:09.805444,Siddhartha Bank Limited
2026041001026207,SBL,11,46,11,392.0,4312.0,2026-04-10,185983407,145,Malla & Malla Stock Broking Company Pvt. Limited,Kalika Securities Pvt. Ltd.,2026-04-10T13:28:09.805788,Siddhartha Bank Limited
2026041001026407,SBL,76,6,10,392.9,3929.0,2026-04-10,185984690,145,Machhapuchchhre Securities Limited,Agrawal Securities (PVT) Ltd.,2026-04-10T13:30:28.140888,Siddhartha Bank Limited
2026041001026726,SBL,22,6,21,392.9,8250.9,2026-04-10,185986119,145,Siprabi Securities Pvt. Ltd.,Agrawal Securities (PVT) Ltd.,2026-04-10T13:32:20.01422,Siddhartha Bank Limited
2026041001026727,SBL,22,77,279,393.0,109647.0,2026-04-10,185986122,145,Siprabi Securities Pvt. Ltd.,Nabil Stock Dealer Ltd.,2026-04-10T13:32:20.014411,Siddhartha Bank Limited
2026041001026768,SBL,33,77,349,393.0,137157.0,2026-04-10,185986408,145,Dakshinkali Investment & Securities Pvt. Ltd.,Nabil Stock Dealer Ltd.,2026-04-10T13:32:48.002604,Siddhartha Bank Limited
2026041001027508,SBL,5,40,10,394.8,3948.0,2026-04-10,185991180,145,Market Securities & Exchange (PVT) Ltd.,Creative Securities Pvt Ltd,2026-04-10T13:41:43.507155,Siddhartha Bank Limited
2026041001027957,SBL,42,40,17,394.8,6711.6,2026-04-10,185994156,145,Sani Securities Company Ltd.,Creative Securities Pvt Ltd,2026-04-10T13:45:58.418109,Siddhartha Bank Limited
2026041001027958,SBL,21,40,65,394.8,25662.0,2026-04-10,185994162,145,Midas Stock Broking Company Private Limited,Creative Securities Pvt Ltd,2026-04-10T13:45:59.171427,Siddhartha Bank Limited
2026041001028603,SBL,58,54,1,387.0,387.0,2026-04-10,185998129,145,Naasa Securities Co. Ltd.,Sewa Securities Pvt. Ltd.,2026-04-10T13:52:13.310964,Siddhartha Bank Limited
2026041001028720,SBL,58,42,7,390.0,2730.0,2026-04-10,185998563,145,Naasa Securities Co. Ltd.,Sani Securities Company Ltd.,2026-04-10T13:52:47.140647,Siddhartha Bank Limited
2026041001028722,SBL,5,52,10,395.0,3950.0,2026-04-10,185998570,145,Market Securities & Exchange (PVT) Ltd.,Sundhara Securities Limited,2026-04-10T13:52:47.907885,Siddhartha Bank Limited
2026041001028854,SBL,58,43,5,390.0,1950.0,2026-04-10,185998975,145,Naasa Securities Co. Ltd.,South Asian Bulls Pvt. Ltd.,2026-04-10T13:53:21.823865,Siddhartha Bank Limited
2026041001028913,SBL,58,52,1,390.1,390.1,2026-04-10,185999357,145,Naasa Securities Co. Ltd.,Sundhara Securities Limited,2026-04-10T13:53:52.068157,Siddhartha Bank Limited
2026041001028983,SBL,58,7,6,391.0,2346.0,2026-04-10,185999913,145,Naasa Securities Co. Ltd.,J.F. Securites (PVT) Ltd.,2026-04-10T13:54:38.831495,Siddhartha Bank Limited
2026041001029050,SBL,58,44,1,391.0,391.0,2026-04-10,186000507,145,Naasa Securities Co. Ltd.,Dynamic Money Managers Securities Pvt. Ltd.,2026-04-10T13:55:19.648723,Siddhartha Bank Limited
2026041001029073,SBL,25,52,18,395.0,7110.0,2026-04-10,186000714,145,Sweta Securities Private Limited,Sundhara Securities Limited,2026-04-10T13:55:27.445906,Siddhartha Bank Limited
2026041001029175,SBL,14,58,10,394.0,3940.0,2026-04-10,186001227,145,Nepal Stock House (PVT) Ltd.,Naasa Securities Co. Ltd.,2026-04-10T13:55:49.858142,Siddhartha Bank Limited
2026041001029222,SBL,58,33,1,392.0,392.0,2026-04-10,186001485,145,Naasa Securities Co. Ltd.,Dakshinkali Investment & Securities Pvt. Ltd.,2026-04-10T13:55:59.731203,Siddhartha Bank Limited
2026041001029261,SBL,58,41,1,392.0,392.0,2026-04-10,186001673,145,Naasa Securities Co. Ltd.,Linch Stock Market Ltd.,2026-04-10T13:56:05.383188,Siddhartha Bank Limited
2026041001029385,SBL,58,38,1,392.5,392.5,2026-04-10,186002601,145,Naasa Securities Co. Ltd.,Dipshikha Dhitopatra Karobar Co. Pvt Ltd.,2026-04-10T13:56:43.821414,Siddhartha Bank Limited
2026041001029450,SBL,32,82,134,393.0,52662.0,2026-04-10,186003178,145,Premier Securities Company Ltd.,N.M.B. SECURITIES LIMITED,2026-04-10T13:57:15.572963,Siddhartha Bank Limited
2026041001029451,SBL,42,82,100,392.7,39270.0,2026-04-10,186003180,145,Sani Securities Company Ltd.,N.M.B. SECURITIES LIMITED,2026-04-10T13:57:15.573003,Siddhartha Bank Limited
2026041001029452,SBL,11,82,133,392.6,52215.8,2026-04-10,186003182,145,Malla & Malla Stock Broking Company Pvt. Limited,N.M.B. SECURITIES LIMITED,2026-04-10T13:57:15.573049,Siddhartha Bank Limited
2026041001029453,SBL,57,82,125,392.5,49062.5,2026-04-10,186003184,145,Aryatara Investment & Securities,N.M.B. SECURITIES LIMITED,2026-04-10T13:57:15.573077,Siddhartha Bank Limited
2026041001029597,SBL,58,82,399,392.0,156408.0,2026-04-10,186004024,145,Naasa Securities Co. Ltd.,N.M.B. SECURITIES LIMITED,2026-04-10T13:57:55.252076,Siddhartha Bank Limited
2026041001029630,SBL,11,82,101,391.2,39511.2,2026-04-10,186004209,145,Malla & Malla Stock Broking Company Pvt. Limited,N.M.B. SECURITIES LIMITED,2026-04-10T13:58:08.53985,Siddhartha Bank Limited
2026041001029904,SBL,16,50,134,391.3,52434.2,2026-04-10,186006061,145,Primo Securities (PVT) Ltd.,Cristal Kanchanjanga Securites Pvt. Ltd.,2026-04-10T14:00:28.936634,Siddhartha Bank Limited
2026041001030054,SBL,46,47,100,391.4,39140.0,2026-04-10,186006892,145,Kalika Securities Pvt. Ltd.,Neev Securities Pvt. Ltd.,2026-04-10T14:01:56.395953,Siddhartha Bank Limited
2026041001030055,SBL,16,47,866,391.3,338865.8,2026-04-10,186006894,145,Primo Securities (PVT) Ltd.,Neev Securities Pvt. Ltd.,2026-04-10T14:01:56.396332,Siddhartha Bank Limited
2026041001030056,SBL,62,47,34,391.3,13304.2,2026-04-10,186006895,145,Capital Max Securities Ltd,Neev Securities Pvt. Ltd.,2026-04-10T14:01:56.396559,Siddhartha Bank Limited
2026041001030234,SBL,50,22,12,391.4,4696.8,2026-04-10,186008107,145,Cristal Kanchanjanga Securites Pvt. Ltd.,Siprabi Securities Pvt. Ltd.,2026-04-10T14:03:42.087217,Siddhartha Bank Limited
2026041001030325,SBL,50,5,37,391.4,14481.8,2026-04-10,186008577,145,Cristal Kanchanjanga Securites Pvt. Ltd.,Market Securities & Exchange (PVT) Ltd.,2026-04-10T14:04:29.270289,Siddhartha Bank Limited
2026041001030690,SBL,58,35,17,392.1,6665.7,2026-04-10,186010481,145,Naasa Securities Co. Ltd.,Kohinoor Investment & Securities Pvt. Ltd.,2026-04-10T14:08:18.028833,Siddhartha Bank Limited
2026041001030824,SBL,44,41,31,392.0,12152.0,2026-04-10,186011241,145,Dynamic Money Managers Securities Pvt. Ltd.,Linch Stock Market Ltd.,2026-04-10T14:09:52.42703,Siddhartha Bank Limited
2026041001030937,SBL,47,95,1,392.0,392.0,2026-04-10,186011795,145,Neev Securities Pvt. Ltd.,Magnet Securities and Investment Company Private Limited,2026-04-10T14:11:07.18168,Siddhartha Bank Limited
2026041001032071,SBL,58,66,1000,392.2,392200.0,2026-04-10,186017480,145,Naasa Securities Co. Ltd.,Miyo Securities Pvt Ltd,2026-04-10T14:21:23.642491,Siddhartha Bank Limited
2026041001032072,SBL,57,66,20,392.1,7842.0,2026-04-10,186017482,145,Aryatara Investment & Securities,Miyo Securities Pvt Ltd,2026-04-10T14:21:23.642534,Siddhartha Bank Limited
2026041001032073,SBL,11,66,1899,392.1,744597.9,2026-04-10,186017484,145,Malla & Malla Stock Broking Company Pvt. Limited,Miyo Securities Pvt Ltd,2026-04-10T14:21:23.642566,Siddhartha Bank Limited
2026041001032074,SBL,44,66,969,392.0,379848.0,2026-04-10,186017486,145,Dynamic Money Managers Securities Pvt. Ltd.,Miyo Securities Pvt Ltd,2026-04-10T14:21:23.642599,Siddhartha Bank Limited
2026041001032075,SBL,62,66,46,392.0,18032.0,2026-04-10,186017488,145,Capital Max Securities Ltd,Miyo Securities Pvt Ltd,2026-04-10T14:21:23.642635,Siddhartha Bank Limited
2026041001032076,SBL,44,66,1000,391.5,391500.0,2026-04-10,186017490,145,Dynamic Money Managers Securities Pvt. Ltd.,Miyo Securities Pvt Ltd,2026-04-10T14:21:23.642666,Siddhartha Bank Limited
2026041001032077,SBL,14,66,1066,391.5,417339.0,2026-04-10,186017491,145,Nepal Stock House (PVT) Ltd.,Miyo Securities Pvt Ltd,2026-04-10T14:21:23.642694,Siddhartha Bank Limited
2026041001032406,SBL,64,57,250,393.8,98450.0,2026-04-10,186019394,145,SUN SECURITIES PVT LTD,Aryatara Investment & Securities,2026-04-10T14:24:00.33449,Siddhartha Bank Limited
2026041001034279,SBL,57,4,500,392.5,196250.0,2026-04-10,186029859,145,Aryatara Investment & Securities,Opal Securities Investment (PVT) Ltd.,2026-04-10T14:38:16.442513,Siddhartha Bank Limited
2026041001034280,SBL,57,75,320,393.0,125760.0,2026-04-10,186029861,145,Aryatara Investment & Securities,N.I.M.B. Stock Markets Limited,2026-04-10T14:38:16.44293,Siddhartha Bank Limited
2026041001034281,SBL,57,57,180,393.0,70740.0,2026-04-10,186029864,145,Aryatara Investment & Securities,Aryatara Investment & Securities,2026-04-10T14:38:16.443199,Siddhartha Bank Limited
2026041001034297,SBL,57,57,570,393.0,224010.0,2026-04-10,186029933,145,Aryatara Investment & Securities,Aryatara Investment & Securities,2026-04-10T14:38:23.717993,Siddhartha Bank Limited
2026041001034317,SBL,57,96,430,393.0,168990.0,2026-04-10,186030022,145,Aryatara Investment & Securities,Himalayan Securities Limited,2026-04-10T14:38:29.05421,Siddhartha Bank Limited
2026041001034318,SBL,34,96,500,391.6,195800.0,2026-04-10,186030024,145,Vision Securities Pvt. Ltd,Himalayan Securities Limited,2026-04-10T14:38:29.054585,Siddhartha Bank Limited
2026041001034319,SBL,14,96,934,391.5,365661.0,2026-04-10,186030026,145,Nepal Stock House (PVT) Ltd.,Himalayan Securities Limited,2026-04-10T14:38:29.054829,Siddhartha Bank Limited
2026041001034320,SBL,22,96,50,391.5,19575.0,2026-04-10,186030028,145,Siprabi Securities Pvt. Ltd.,Himalayan Securities Limited,2026-04-10T14:38:29.055073,Siddhartha Bank Limited
2026041001034321,SBL,50,96,951,391.4,372221.4,2026-04-10,186030030,145,Cristal Kanchanjanga Securites Pvt. Ltd.,Himalayan Securities Limited,2026-04-10T14:38:29.055309,Siddhartha Bank Limited
2026041001034322,SBL,50,96,1500,391.1,586650.0,2026-04-10,186030032,145,Cristal Kanchanjanga Securites Pvt. Ltd.,Himalayan Securities Limited,2026-04-10T14:38:29.055547,Siddhartha Bank Limited
2026041001034323,SBL,58,96,150,391.0,58650.0,2026-04-10,186030034,145,Naasa Securities Co. Ltd.,Himalayan Securities Limited,2026-04-10T14:38:29.055793,Siddhartha Bank Limited
2026041001034324,SBL,13,96,500,391.0,195500.0,2026-04-10,186030036,145,Thrive Brokerage House Pvt. Ltd,Himalayan Securities Limited,2026-04-10T14:38:29.056038,Siddhartha Bank Limited
2026041001034325,SBL,65,96,2000,391.0,782000.0,2026-04-10,186030038,145,Sharepro Securities Private Limited,Himalayan Securities Limited,2026-04-10T14:38:29.05627,Siddhartha Bank Limited
2026041001034326,SBL,34,96,500,391.0,195500.0,2026-04-10,186030040,145,Vision Securities Pvt. Ltd,Himalayan Securities Limited,2026-04-10T14:38:29.056503,Siddhartha Bank Limited
2026041001034332,SBL,57,96,1000,391.0,391000.0,2026-04-10,186030072,145,Aryatara Investment & Securities,Himalayan Securities Limited,2026-04-10T14:38:30.821653,Siddhartha Bank Limited
2026041001034435,SBL,11,96,250,393.0,98250.0,2026-04-10,186030642,145,Malla & Malla Stock Broking Company Pvt. Limited,Himalayan Securities Limited,2026-04-10T14:39:19.207362,Siddhartha Bank Limited
2026041001034612,SBL,57,57,500,392.0,196000.0,2026-04-10,186031665,145,Aryatara Investment & Securities,Aryatara Investment & Securities,2026-04-10T14:40:32.512206,Siddhartha Bank Limited
2026041001034613,SBL,57,54,200,392.5,78500.0,2026-04-10,186031667,145,Aryatara Investment & Securities,Sewa Securities Pvt. Ltd.,2026-04-10T14:40:32.512326,Siddhartha Bank Limited
2026041001034614,SBL,57,4,500,392.9,196450.0,2026-04-10,186031669,145,Aryatara Investment & Securities,Opal Securities Investment (PVT) Ltd.,2026-04-10T14:40:32.512408,Siddhartha Bank Limited
2026041001034615,SBL,57,35,300,392.9,117870.0,2026-04-10,186031671,145,Aryatara Investment & Securities,Kohinoor Investment & Securities Pvt. Ltd.,2026-04-10T14:40:32.512482,Siddhartha Bank Limited
2026041001034616,SBL,57,86,500,392.9,196450.0,2026-04-10,186031674,145,Aryatara Investment & Securities,Stoxkarts Securities Limited,2026-04-10T14:40:32.512575,Siddhartha Bank Limited
2026041001034860,SBL,34,1,755,390.8,295054.0,2026-04-10,186033035,145,Vision Securities Pvt. Ltd,Kumari Securities Private Limited,2026-04-10T14:42:31.098143,Siddhartha Bank Limited
2026041001035017,SBL,6,51,25,391.0,9775.0,2026-04-10,186034025,145,Agrawal Securities (PVT) Ltd.,Oxford Securities Pvt. Ltd.,2026-04-10T14:43:28.082951,Siddhartha Bank Limited
2026041001035018,SBL,6,41,500,392.9,196450.0,2026-04-10,186034027,145,Agrawal Securities (PVT) Ltd.,Linch Stock Market Ltd.,2026-04-10T14:43:28.08308,Siddhartha Bank Limited
2026041001035019,SBL,6,4,500,392.9,196450.0,2026-04-10,186034029,145,Agrawal Securities (PVT) Ltd.,Opal Securities Investment (PVT) Ltd.,2026-04-10T14:43:28.083168,Siddhartha Bank Limited
2026041001035020,SBL,6,96,975,393.0,383175.0,2026-04-10,186034032,145,Agrawal Securities (PVT) Ltd.,Himalayan Securities Limited,2026-04-10T14:43:28.083253,Siddhartha Bank Limited
2026041001035747,SBL,4,4,10,392.9,3929.0,2026-04-10,186038618,145,Opal Securities Investment (PVT) Ltd.,Opal Securities Investment (PVT) Ltd.,2026-04-10T14:47:30.79275,Siddhartha Bank Limited
2026041001035870,SBL,42,17,15,391.0,5865.0,2026-04-10,186039333,145,Sani Securities Company Ltd.,ABC Securities Private Limited,2026-04-10T14:48:12.755721,Siddhartha Bank Limited
2026041001035951,SBL,42,14,22,391.0,8602.0,2026-04-10,186039911,145,Sani Securities Company Ltd.,Nepal Stock House (PVT) Ltd.,2026-04-10T14:48:38.193317,Siddhartha Bank Limited
2026041001035968,SBL,11,4,490,392.9,192521.0,2026-04-10,186040037,145,Malla & Malla Stock Broking Company Pvt. Limited,Opal Securities Investment (PVT) Ltd.,2026-04-10T14:48:44.366784,Siddhartha Bank Limited
2026041001035969,SBL,11,96,5266,393.0,2069538.0,2026-04-10,186040039,145,Malla & Malla Stock Broking Company Pvt. Limited,Himalayan Securities Limited,2026-04-10T14:48:44.367178,Siddhartha Bank Limited
2026041001035970,SBL,11,57,200,393.0,78600.0,2026-04-10,186040041,145,Malla & Malla Stock Broking Company Pvt. Limited,Aryatara Investment & Securities,2026-04-10T14:48:44.367412,Siddhartha Bank Limited
2026041001035971,SBL,11,5,944,393.0,370992.0,2026-04-10,186040044,145,Malla & Malla Stock Broking Company Pvt. Limited,Market Securities & Exchange (PVT) Ltd.,2026-04-10T14:48:44.367646,Siddhartha Bank Limited
2026041001036426,SBL,84,65,250,391.1,97775.0,2026-04-10,186042834,145,MILKY WAY SHARE BROKER COMPANY LTD ,Sharepro Securities Private Limited,2026-04-10T14:50:59.413625,Siddhartha Bank Limited
2026041001036427,SBL,58,65,385,391.1,150573.5,2026-04-10,186042836,145,Naasa Securities Co. Ltd.,Sharepro Securities Private Limited,2026-04-10T14:50:59.413671,Siddhartha Bank Limited
2026041001036428,SBL,11,65,5000,391.1,1955500.0,2026-04-10,186042838,145,Malla & Malla Stock Broking Company Pvt. Limited,Sharepro Securities Private Limited,2026-04-10T14:50:59.4137,Siddhartha Bank Limited
2026041001036429,SBL,42,65,7365,391.0,2879715.0,2026-04-10,186042839,145,Sani Securities Company Ltd.,Sharepro Securities Private Limited,2026-04-10T14:50:59.413738,Siddhartha Bank Limited
2026041001036585,SBL,42,58,50,391.0,19550.0,2026-04-10,186043901,145,Sani Securities Company Ltd.,Naasa Securities Co. Ltd.,2026-04-10T14:51:51.812399,Siddhartha Bank Limited
2026041001036912,SBL,35,34,19,391.1,7430.9,2026-04-10,186045981,145,Kohinoor Investment & Securities Pvt. Ltd.,Vision Securities Pvt. Ltd,2026-04-10T14:53:19.276043,Siddhartha Bank Limited
2026041001037161,SBL,35,42,20,391.1,7822.0,2026-04-10,186047395,145,Kohinoor Investment & Securities Pvt. Ltd.,Sani Securities Company Ltd.,2026-04-10T14:54:08.552889,Siddhartha Bank Limited
2026041001037514,SBL,51,58,11,391.7,4308.7,2026-04-10,186049558,145,Oxford Securities Pvt. Ltd.,Naasa Securities Co. Ltd.,2026-04-10T14:55:28.720139,Siddhartha Bank Limited
2026041001037515,SBL,35,58,146,391.1,57100.6,2026-04-10,186049559,145,Kohinoor Investment & Securities Pvt. Ltd.,Naasa Securities Co. Ltd.,2026-04-10T14:55:28.720489,Siddhartha Bank Limited
2026041001037790,SBL,35,40,289,391.1,113027.9,2026-04-10,186051024,145,Kohinoor Investment & Securities Pvt. Ltd.,Creative Securities Pvt Ltd,2026-04-10T14:56:21.062873,Siddhartha Bank Limited
2026041001037791,SBL,34,40,210,391.1,82131.0,2026-04-10,186051025,145,Vision Securities Pvt. Ltd,Creative Securities Pvt Ltd,2026-04-10T14:56:21.063077,Siddhartha Bank Limited
2026041001037872,SBL,34,65,500,391.1,195550.0,2026-04-10,186051577,145,Vision Securities Pvt. Ltd,Sharepro Securities Private Limited,2026-04-10T14:56:41.792165,Siddhartha Bank Limited
2026041001038175,SBL,59,65,10,392.9,3929.0,2026-04-10,186053398,145,Deevyaa Securities & Stock House Pvt. Ltd,Sharepro Securities Private Limited,2026-04-10T14:57:35.559164,Siddhartha Bank Limited
2026041001038523,SBL,34,65,990,392.9,388971.0,2026-04-10,186055757,145,Vision Securities Pvt. Ltd,Sharepro Securities Private Limited,2026-04-10T14:58:37.066455,Siddhartha Bank Limited
2026041001038644,SBL,42,5,56,393.0,22008.0,2026-04-10,186056669,145,Sani Securities Company Ltd.,Market Securities & Exchange (PVT) Ltd.,2026-04-10T14:58:59.133585,Siddhartha Bank Limited
2026041001038645,SBL,42,7,134,393.0,52662.0,2026-04-10,186056671,145,Sani Securities Company Ltd.,J.F. Securites (PVT) Ltd.,2026-04-10T14:58:59.133965,Siddhartha Bank Limited
2026041001038646,SBL,42,86,358,393.0,140694.0,2026-04-10,186056674,145,Sani Securities Company Ltd.,Stoxkarts Securities Limited,2026-04-10T14:58:59.134269,Siddhartha Bank Limited
2026041001038886,SBL,52,86,100,393.0,39300.0,2026-04-10,186058798,145,Sundhara Securities Limited,Stoxkarts Securities Limited,2026-04-10T14:59:31.970747,Siddhartha Bank Limited
