contractId,stockSymbol,buyerMemberId,sellerMemberId,quantity,price,amount,businessDate,tradeBookId,stockId,buyerBrokerName,sellerBrokerName,transaction_time,securityName
2026041004000224,SPDL,32,72,100,425.0,42500.0,2026-04-10,185888416,2759,Premier Securities Company Ltd.,Hatemalo Financial Services Private Limited,2026-04-10T11:02:54.975861,Synergy Power Development Ltd.
2026041004001430,SPDL,19,35,10,427.0,4270.0,2026-04-10,185898722,2759,Nepal Investment And Securities Trading Private Limited,Kohinoor Investment & Securities Pvt. Ltd.,2026-04-10T11:14:09.45154,Synergy Power Development Ltd.
2026041004001441,SPDL,19,33,90,427.0,38430.0,2026-04-10,185898775,2759,Nepal Investment And Securities Trading Private Limited,Dakshinkali Investment & Securities Pvt. Ltd.,2026-04-10T11:14:13.898693,Synergy Power Development Ltd.
2026041004002005,SPDL,58,57,32,426.8,13657.6,2026-04-10,185903031,2759,Naasa Securities Co. Ltd.,Aryatara Investment & Securities,2026-04-10T11:19:07.12512,Synergy Power Development Ltd.
2026041004002172,SPDL,52,50,500,421.0,210500.0,2026-04-10,185904258,2759,Sundhara Securities Limited,Cristal Kanchanjanga Securites Pvt. Ltd.,2026-04-10T11:20:21.901108,Synergy Power Development Ltd.
2026041004002352,SPDL,52,59,50,421.0,21050.0,2026-04-10,185905388,2759,Sundhara Securities Limited,Deevyaa Securities & Stock House Pvt. Ltd,2026-04-10T11:21:20.203746,Synergy Power Development Ltd.
2026041004002405,SPDL,52,48,450,421.0,189450.0,2026-04-10,185905855,2759,Sundhara Securities Limited,Trishakti Securities Public Limited,2026-04-10T11:21:50.385006,Synergy Power Development Ltd.
2026041004002406,SPDL,14,48,50,421.0,21050.0,2026-04-10,185905856,2759,Nepal Stock House (PVT) Ltd.,Trishakti Securities Public Limited,2026-04-10T11:21:50.385089,Synergy Power Development Ltd.
2026041004002493,SPDL,14,6,250,421.0,105250.0,2026-04-10,185906609,2759,Nepal Stock House (PVT) Ltd.,Agrawal Securities (PVT) Ltd.,2026-04-10T11:22:26.911964,Synergy Power Development Ltd.
2026041004002494,SPDL,81,6,100,420.1,42010.0,2026-04-10,185906611,2759,Aakashbhairab Securities Ltd.,Agrawal Securities (PVT) Ltd.,2026-04-10T11:22:26.912078,Synergy Power Development Ltd.
2026041004002574,SPDL,36,6,50,420.0,21000.0,2026-04-10,185907053,2759,Secured Securities Ltd.,Agrawal Securities (PVT) Ltd.,2026-04-10T11:22:56.09496,Synergy Power Development Ltd.
2026041004002575,SPDL,62,6,2000,420.0,840000.0,2026-04-10,185907055,2759,Capital Max Securities Ltd,Agrawal Securities (PVT) Ltd.,2026-04-10T11:22:56.095151,Synergy Power Development Ltd.
2026041004002576,SPDL,45,6,500,420.0,210000.0,2026-04-10,185907057,2759,Imperial Securities Company Pvt. Ltd.,Agrawal Securities (PVT) Ltd.,2026-04-10T11:22:56.095259,Synergy Power Development Ltd.
2026041004002577,SPDL,44,6,120,420.0,50400.0,2026-04-10,185907058,2759,Dynamic Money Managers Securities Pvt. Ltd.,Agrawal Securities (PVT) Ltd.,2026-04-10T11:22:56.095385,Synergy Power Development Ltd.
2026041004003026,SPDL,52,42,510,418.7,213537.0,2026-04-10,185910526,2759,Sundhara Securities Limited,Sani Securities Company Ltd.,2026-04-10T11:26:02.766381,Synergy Power Development Ltd.
2026041004003485,SPDL,21,4,500,423.0,211500.0,2026-04-10,185914586,2759,Midas Stock Broking Company Private Limited,Opal Securities Investment (PVT) Ltd.,2026-04-10T11:29:36.815224,Synergy Power Development Ltd.
2026041004003541,SPDL,40,48,200,424.0,84800.0,2026-04-10,185914817,2759,Creative Securities Pvt Ltd,Trishakti Securities Public Limited,2026-04-10T11:29:44.205159,Synergy Power Development Ltd.
2026041004003553,SPDL,35,48,245,424.0,103880.0,2026-04-10,185914986,2759,Kohinoor Investment & Securities Pvt. Ltd.,Trishakti Securities Public Limited,2026-04-10T11:29:48.313649,Synergy Power Development Ltd.
2026041004003554,SPDL,35,45,40,425.0,17000.0,2026-04-10,185914988,2759,Kohinoor Investment & Securities Pvt. Ltd.,Imperial Securities Company Pvt. Ltd.,2026-04-10T11:29:48.313703,Synergy Power Development Ltd.
2026041004003555,SPDL,35,39,70,425.0,29750.0,2026-04-10,185914990,2759,Kohinoor Investment & Securities Pvt. Ltd.,Sumeru Securities Pvt. Ltd.,2026-04-10T11:29:48.313728,Synergy Power Development Ltd.
2026041004003556,SPDL,35,74,145,425.8,61741.0,2026-04-10,185914993,2759,Kohinoor Investment & Securities Pvt. Ltd.,KALASH STOCK MARKET PVT. LTD.,2026-04-10T11:29:48.313754,Synergy Power Development Ltd.
2026041004003587,SPDL,35,74,355,425.8,151159.0,2026-04-10,185915342,2759,Kohinoor Investment & Securities Pvt. Ltd.,KALASH STOCK MARKET PVT. LTD.,2026-04-10T11:30:03.858132,Synergy Power Development Ltd.
2026041004003588,SPDL,35,58,48,426.0,20448.0,2026-04-10,185915344,2759,Kohinoor Investment & Securities Pvt. Ltd.,Naasa Securities Co. Ltd.,2026-04-10T11:30:03.85818,Synergy Power Development Ltd.
2026041004003589,SPDL,35,56,100,426.0,42600.0,2026-04-10,185915346,2759,Kohinoor Investment & Securities Pvt. Ltd.,Sri Hari Securities Pvt. Ltd.,2026-04-10T11:30:03.858203,Synergy Power Development Ltd.
2026041004003590,SPDL,35,57,17,426.8,7255.6,2026-04-10,185915349,2759,Kohinoor Investment & Securities Pvt. Ltd.,Aryatara Investment & Securities,2026-04-10T11:30:03.858227,Synergy Power Development Ltd.
2026041004003774,SPDL,35,50,10,427.0,4270.0,2026-04-10,185916987,2759,Kohinoor Investment & Securities Pvt. Ltd.,Cristal Kanchanjanga Securites Pvt. Ltd.,2026-04-10T11:31:36.942048,Synergy Power Development Ltd.
2026041004003898,SPDL,35,50,190,427.0,81130.0,2026-04-10,186068991,2759,Kohinoor Investment & Securities Pvt. Ltd.,Cristal Kanchanjanga Securites Pvt. Ltd.,2026-04-10T11:32:31.974,Synergy Power Development Ltd.
2026041004003899,SPDL,35,6,225,427.0,96075.0,2026-04-10,186068950,2759,Kohinoor Investment & Securities Pvt. Ltd.,Agrawal Securities (PVT) Ltd.,2026-04-10T11:32:31.974,Synergy Power Development Ltd.
2026041004003900,SPDL,35,3,120,427.0,51240.0,2026-04-10,186068948,2759,Kohinoor Investment & Securities Pvt. Ltd.,Arun Securities (PVT) Ltd.,2026-04-10T11:32:31.974,Synergy Power Development Ltd.
2026041004003901,SPDL,35,41,15,428.0,6420.0,2026-04-10,186068993,2759,Kohinoor Investment & Securities Pvt. Ltd.,Linch Stock Market Ltd.,2026-04-10T11:32:31.974,Synergy Power Development Ltd.
2026041004004503,SPDL,17,72,1000,424.0,424000.0,2026-04-10,186064883,2759,ABC Securities Private Limited,Hatemalo Financial Services Private Limited,2026-04-10T11:37:31.682,Synergy Power Development Ltd.
2026041004004564,SPDL,66,42,10,424.0,4240.0,2026-04-10,186079569,2759,Miyo Securities Pvt Ltd,Sani Securities Company Ltd.,2026-04-10T11:37:59.606,Synergy Power Development Ltd.
2026041004005025,SPDL,21,58,500,426.5,213250.0,2026-04-10,186065595,2759,Midas Stock Broking Company Private Limited,Naasa Securities Co. Ltd.,2026-04-10T11:42:13.174,Synergy Power Development Ltd.
2026041004005026,SPDL,21,72,400,426.8,170720.0,2026-04-10,186065597,2759,Midas Stock Broking Company Private Limited,Hatemalo Financial Services Private Limited,2026-04-10T11:42:13.174,Synergy Power Development Ltd.
2026041004005027,SPDL,21,25,555,426.9,236929.5,2026-04-10,186065620,2759,Midas Stock Broking Company Private Limited,Sweta Securities Private Limited,2026-04-10T11:42:13.174,Synergy Power Development Ltd.
2026041004005028,SPDL,21,21,500,427.0,213500.0,2026-04-10,186065599,2759,Midas Stock Broking Company Private Limited,Midas Stock Broking Company Private Limited,2026-04-10T11:42:13.174,Synergy Power Development Ltd.
2026041004005029,SPDL,21,49,200,427.0,85400.0,2026-04-10,186065624,2759,Midas Stock Broking Company Private Limited,Online Securities Pvt. Ltd.,2026-04-10T11:42:13.174,Synergy Power Development Ltd.
2026041004005483,SPDL,21,38,20,427.0,8540.0,2026-04-10,186065607,2759,Midas Stock Broking Company Private Limited,Dipshikha Dhitopatra Karobar Co. Pvt Ltd.,2026-04-10T11:47:33.343,Synergy Power Development Ltd.
2026041004005484,SPDL,21,58,500,427.5,213750.0,2026-04-10,186065644,2759,Midas Stock Broking Company Private Limited,Naasa Securities Co. Ltd.,2026-04-10T11:47:33.343,Synergy Power Development Ltd.
2026041004005485,SPDL,21,21,110,427.6,47036.0,2026-04-10,186065634,2759,Midas Stock Broking Company Private Limited,Midas Stock Broking Company Private Limited,2026-04-10T11:47:33.343,Synergy Power Development Ltd.
2026041004005486,SPDL,21,21,500,427.7,213850.0,2026-04-10,186065609,2759,Midas Stock Broking Company Private Limited,Midas Stock Broking Company Private Limited,2026-04-10T11:47:33.343,Synergy Power Development Ltd.
2026041004005487,SPDL,21,94,500,427.9,213950.0,2026-04-10,186065642,2759,Midas Stock Broking Company Private Limited,K.B.L. Securities Limited ,2026-04-10T11:47:33.343,Synergy Power Development Ltd.
2026041004005488,SPDL,21,22,115,427.9,49208.5,2026-04-10,186065617,2759,Midas Stock Broking Company Private Limited,Siprabi Securities Pvt. Ltd.,2026-04-10T11:47:33.343,Synergy Power Development Ltd.
2026041004005741,SPDL,57,1,150,424.0,63600.0,2026-04-10,186076540,2759,Aryatara Investment & Securities,Kumari Securities Private Limited,2026-04-10T11:50:22.765,Synergy Power Development Ltd.
2026041004005755,SPDL,39,62,500,422.0,211000.0,2026-04-10,186071423,2759,Sumeru Securities Pvt. Ltd.,Capital Max Securities Ltd,2026-04-10T11:50:44.304,Synergy Power Development Ltd.
2026041004005756,SPDL,44,62,500,421.5,210750.0,2026-04-10,186071849,2759,Dynamic Money Managers Securities Pvt. Ltd.,Capital Max Securities Ltd,2026-04-10T11:50:44.304,Synergy Power Development Ltd.
2026041004006234,SPDL,42,71,350,427.0,149450.0,2026-04-10,186069971,2759,Sani Securities Company Ltd.,SHUBHAKAMANA SECURITIES PVT. LTD,2026-04-10T11:56:41.528,Synergy Power Development Ltd.
2026041004006235,SPDL,42,4,150,427.0,64050.0,2026-04-10,186069976,2759,Sani Securities Company Ltd.,Opal Securities Investment (PVT) Ltd.,2026-04-10T11:56:41.528,Synergy Power Development Ltd.
2026041004007138,SPDL,7,33,46,426.0,19596.0,2026-04-10,185923614,2759,J.F. Securites (PVT) Ltd.,Dakshinkali Investment & Securities Pvt. Ltd.,2026-04-10T12:06:46.297551,Synergy Power Development Ltd.
2026041004007230,SPDL,44,4,550,422.0,232100.0,2026-04-10,185924213,2759,Dynamic Money Managers Securities Pvt. Ltd.,Opal Securities Investment (PVT) Ltd.,2026-04-10T12:07:33.979649,Synergy Power Development Ltd.
2026041004007269,SPDL,39,50,1000,425.0,425000.0,2026-04-10,185924506,2759,Sumeru Securities Pvt. Ltd.,Cristal Kanchanjanga Securites Pvt. Ltd.,2026-04-10T12:07:51.137945,Synergy Power Development Ltd.
2026041004007725,SPDL,38,26,50,422.1,21105.0,2026-04-10,185927608,2759,Dipshikha Dhitopatra Karobar Co. Pvt Ltd.,Asian Securities Private Ltd.,2026-04-10T12:11:19.283814,Synergy Power Development Ltd.
2026041004007726,SPDL,44,26,150,422.0,63300.0,2026-04-10,185927609,2759,Dynamic Money Managers Securities Pvt. Ltd.,Asian Securities Private Ltd.,2026-04-10T12:11:19.283927,Synergy Power Development Ltd.
2026041004008411,SPDL,44,34,209,422.0,88198.0,2026-04-10,185932225,2759,Dynamic Money Managers Securities Pvt. Ltd.,Vision Securities Pvt. Ltd,2026-04-10T12:15:33.811329,Synergy Power Development Ltd.
2026041004008709,SPDL,44,62,1000,422.0,422000.0,2026-04-10,185934257,2759,Dynamic Money Managers Securities Pvt. Ltd.,Capital Max Securities Ltd,2026-04-10T12:17:19.342977,Synergy Power Development Ltd.
2026041004008784,SPDL,44,34,100,422.0,42200.0,2026-04-10,185934653,2759,Dynamic Money Managers Securities Pvt. Ltd.,Vision Securities Pvt. Ltd,2026-04-10T12:17:38.483986,Synergy Power Development Ltd.
2026041004008788,SPDL,44,94,500,422.0,211000.0,2026-04-10,185934679,2759,Dynamic Money Managers Securities Pvt. Ltd.,K.B.L. Securities Limited ,2026-04-10T12:17:40.019643,Synergy Power Development Ltd.
2026041004008807,SPDL,44,8,1991,422.0,840202.0,2026-04-10,185934822,2759,Dynamic Money Managers Securities Pvt. Ltd.,Brilliant Securities Pvt. Ltd.,2026-04-10T12:17:46.690227,Synergy Power Development Ltd.
2026041004008808,SPDL,44,8,200,422.0,84400.0,2026-04-10,185934824,2759,Dynamic Money Managers Securities Pvt. Ltd.,Brilliant Securities Pvt. Ltd.,2026-04-10T12:17:46.690343,Synergy Power Development Ltd.
2026041004008902,SPDL,52,14,500,421.7,210850.0,2026-04-10,185935251,2759,Sundhara Securities Limited,Nepal Stock House (PVT) Ltd.,2026-04-10T12:18:13.598403,Synergy Power Development Ltd.
2026041004009025,SPDL,40,37,40,421.7,16868.0,2026-04-10,185936072,2759,Creative Securities Pvt Ltd,Swarna Laxmi Securities Pvt. Ltd.,2026-04-10T12:18:52.979323,Synergy Power Development Ltd.
2026041004009026,SPDL,62,8,50,421.6,21080.0,2026-04-10,185936142,2759,Capital Max Securities Ltd,Brilliant Securities Pvt. Ltd.,2026-04-10T12:18:54.023724,Synergy Power Development Ltd.
2026041004009027,SPDL,54,8,50,421.6,21080.0,2026-04-10,185936144,2759,Sewa Securities Pvt. Ltd.,Brilliant Securities Pvt. Ltd.,2026-04-10T12:18:54.023858,Synergy Power Development Ltd.
2026041004009028,SPDL,44,8,790,421.5,332985.0,2026-04-10,185936145,2759,Dynamic Money Managers Securities Pvt. Ltd.,Brilliant Securities Pvt. Ltd.,2026-04-10T12:18:54.023915,Synergy Power Development Ltd.
2026041004009065,SPDL,44,65,200,421.5,84300.0,2026-04-10,185936354,2759,Dynamic Money Managers Securities Pvt. Ltd.,Sharepro Securities Private Limited,2026-04-10T12:19:00.534049,Synergy Power Development Ltd.
2026041004009131,SPDL,44,8,510,421.5,214965.0,2026-04-10,185936692,2759,Dynamic Money Managers Securities Pvt. Ltd.,Brilliant Securities Pvt. Ltd.,2026-04-10T12:19:19.984076,Synergy Power Development Ltd.
2026041004009434,SPDL,35,34,50,421.4,21070.0,2026-04-10,185938663,2759,Kohinoor Investment & Securities Pvt. Ltd.,Vision Securities Pvt. Ltd,2026-04-10T12:20:54.70639,Synergy Power Development Ltd.
2026041004009517,SPDL,16,56,200,421.5,84300.0,2026-04-10,185939346,2759,Primo Securities (PVT) Ltd.,Sri Hari Securities Pvt. Ltd.,2026-04-10T12:21:24.801697,Synergy Power Development Ltd.
2026041004009518,SPDL,35,56,50,421.4,21070.0,2026-04-10,185939348,2759,Kohinoor Investment & Securities Pvt. Ltd.,Sri Hari Securities Pvt. Ltd.,2026-04-10T12:21:24.801753,Synergy Power Development Ltd.
2026041004009519,SPDL,44,56,43,420.1,18064.3,2026-04-10,185939350,2759,Dynamic Money Managers Securities Pvt. Ltd.,Sri Hari Securities Pvt. Ltd.,2026-04-10T12:21:24.801783,Synergy Power Development Ltd.
2026041004009520,SPDL,44,56,41,420.1,17224.1,2026-04-10,185939352,2759,Dynamic Money Managers Securities Pvt. Ltd.,Sri Hari Securities Pvt. Ltd.,2026-04-10T12:21:24.80181,Synergy Power Development Ltd.
2026041004009521,SPDL,58,56,134,420.1,56293.4,2026-04-10,185939354,2759,Naasa Securities Co. Ltd.,Sri Hari Securities Pvt. Ltd.,2026-04-10T12:21:24.80184,Synergy Power Development Ltd.
2026041004009522,SPDL,40,56,30,420.1,12603.0,2026-04-10,185939356,2759,Creative Securities Pvt Ltd,Sri Hari Securities Pvt. Ltd.,2026-04-10T12:21:24.80187,Synergy Power Development Ltd.
2026041004009523,SPDL,62,56,1000,420.0,420000.0,2026-04-10,185939358,2759,Capital Max Securities Ltd,Sri Hari Securities Pvt. Ltd.,2026-04-10T12:21:24.801895,Synergy Power Development Ltd.
2026041004009524,SPDL,26,56,502,420.0,210840.0,2026-04-10,185939359,2759,Asian Securities Private Ltd.,Sri Hari Securities Pvt. Ltd.,2026-04-10T12:21:24.801921,Synergy Power Development Ltd.
2026041004009763,SPDL,26,48,2500,420.0,1050000.0,2026-04-10,185940969,2759,Asian Securities Private Ltd.,Trishakti Securities Public Limited,2026-04-10T12:22:30.75366,Synergy Power Development Ltd.
2026041004009788,SPDL,26,64,598,420.0,251160.0,2026-04-10,185941236,2759,Asian Securities Private Ltd.,SUN SECURITIES PVT LTD,2026-04-10T12:22:44.752758,Synergy Power Development Ltd.
2026041004009789,SPDL,22,64,50,420.0,21000.0,2026-04-10,185941238,2759,Siprabi Securities Pvt. Ltd.,SUN SECURITIES PVT LTD,2026-04-10T12:22:44.752898,Synergy Power Development Ltd.
2026041004009790,SPDL,62,64,352,420.0,147840.0,2026-04-10,185941239,2759,Capital Max Securities Ltd,SUN SECURITIES PVT LTD,2026-04-10T12:22:44.752947,Synergy Power Development Ltd.
2026041004009804,SPDL,62,94,1000,420.0,420000.0,2026-04-10,185941325,2759,Capital Max Securities Ltd,K.B.L. Securities Limited ,2026-04-10T12:22:48.295378,Synergy Power Development Ltd.
2026041004009822,SPDL,62,37,260,420.0,109200.0,2026-04-10,185941515,2759,Capital Max Securities Ltd,Swarna Laxmi Securities Pvt. Ltd.,2026-04-10T12:22:58.933045,Synergy Power Development Ltd.
2026041004010206,SPDL,62,62,388,420.0,162960.0,2026-04-10,185944460,2759,Capital Max Securities Ltd,Capital Max Securities Ltd,2026-04-10T12:25:12.050673,Synergy Power Development Ltd.
2026041004010207,SPDL,62,62,50,420.0,21000.0,2026-04-10,185944462,2759,Capital Max Securities Ltd,Capital Max Securities Ltd,2026-04-10T12:25:12.050731,Synergy Power Development Ltd.
2026041004010208,SPDL,4,62,52,419.5,21814.0,2026-04-10,185944463,2759,Opal Securities Investment (PVT) Ltd.,Capital Max Securities Ltd,2026-04-10T12:25:12.050758,Synergy Power Development Ltd.
2026041004010378,SPDL,57,51,100,420.0,42000.0,2026-04-10,185945712,2759,Aryatara Investment & Securities,Oxford Securities Pvt. Ltd.,2026-04-10T12:26:13.510221,Synergy Power Development Ltd.
2026041004010379,SPDL,45,51,500,419.1,209550.0,2026-04-10,185945714,2759,Imperial Securities Company Pvt. Ltd.,Oxford Securities Pvt. Ltd.,2026-04-10T12:26:13.510382,Synergy Power Development Ltd.
2026041004010380,SPDL,6,51,500,419.0,209500.0,2026-04-10,185945716,2759,Agrawal Securities (PVT) Ltd.,Oxford Securities Pvt. Ltd.,2026-04-10T12:26:13.51044,Synergy Power Development Ltd.
2026041004010381,SPDL,52,51,190,418.7,79553.0,2026-04-10,185945718,2759,Sundhara Securities Limited,Oxford Securities Pvt. Ltd.,2026-04-10T12:26:13.510491,Synergy Power Development Ltd.
2026041004010382,SPDL,34,51,100,418.7,41870.0,2026-04-10,185945720,2759,Vision Securities Pvt. Ltd,Oxford Securities Pvt. Ltd.,2026-04-10T12:26:13.51054,Synergy Power Development Ltd.
2026041004010383,SPDL,34,51,100,418.0,41800.0,2026-04-10,185945722,2759,Vision Securities Pvt. Ltd,Oxford Securities Pvt. Ltd.,2026-04-10T12:26:13.510592,Synergy Power Development Ltd.
2026041004010384,SPDL,14,51,50,418.0,20900.0,2026-04-10,185945724,2759,Nepal Stock House (PVT) Ltd.,Oxford Securities Pvt. Ltd.,2026-04-10T12:26:13.510641,Synergy Power Development Ltd.
2026041004010385,SPDL,62,51,355,418.0,148390.0,2026-04-10,185945725,2759,Capital Max Securities Ltd,Oxford Securities Pvt. Ltd.,2026-04-10T12:26:13.510693,Synergy Power Development Ltd.
2026041004010420,SPDL,62,43,804,418.0,336072.0,2026-04-10,185945935,2759,Capital Max Securities Ltd,South Asian Bulls Pvt. Ltd.,2026-04-10T12:26:29.526023,Synergy Power Development Ltd.
2026041004011119,SPDL,59,38,10,421.5,4215.0,2026-04-10,185950658,2759,Deevyaa Securities & Stock House Pvt. Ltd,Dipshikha Dhitopatra Karobar Co. Pvt Ltd.,2026-04-10T12:31:08.925552,Synergy Power Development Ltd.
2026041004011370,SPDL,59,38,90,421.5,37935.0,2026-04-10,185952263,2759,Deevyaa Securities & Stock House Pvt. Ltd,Dipshikha Dhitopatra Karobar Co. Pvt Ltd.,2026-04-10T12:33:21.510207,Synergy Power Development Ltd.
2026041004011371,SPDL,59,57,10,422.0,4220.0,2026-04-10,185952266,2759,Deevyaa Securities & Stock House Pvt. Ltd,Aryatara Investment & Securities,2026-04-10T12:33:21.510519,Synergy Power Development Ltd.
2026041004011421,SPDL,21,19,1000,419.1,419100.0,2026-04-10,185952611,2759,Midas Stock Broking Company Private Limited,Nepal Investment And Securities Trading Private Limited,2026-04-10T12:33:45.750631,Synergy Power Development Ltd.
2026041004011480,SPDL,59,57,10,422.0,4220.0,2026-04-10,185953032,2759,Deevyaa Securities & Stock House Pvt. Ltd,Aryatara Investment & Securities,2026-04-10T12:34:25.819884,Synergy Power Development Ltd.
2026041004011533,SPDL,16,49,100,419.0,41900.0,2026-04-10,185953252,2759,Primo Securities (PVT) Ltd.,Online Securities Pvt. Ltd.,2026-04-10T12:34:47.188945,Synergy Power Development Ltd.
2026041004011581,SPDL,40,49,1000,419.0,419000.0,2026-04-10,185953544,2759,Creative Securities Pvt Ltd,Online Securities Pvt. Ltd.,2026-04-10T12:35:07.662254,Synergy Power Development Ltd.
2026041004011622,SPDL,50,49,900,419.0,377100.0,2026-04-10,185953752,2759,Cristal Kanchanjanga Securites Pvt. Ltd.,Online Securities Pvt. Ltd.,2026-04-10T12:35:29.460503,Synergy Power Development Ltd.
2026041004011700,SPDL,59,57,10,422.0,4220.0,2026-04-10,185954216,2759,Deevyaa Securities & Stock House Pvt. Ltd,Aryatara Investment & Securities,2026-04-10T12:36:11.554477,Synergy Power Development Ltd.
2026041004011934,SPDL,35,8,200,418.3,83660.0,2026-04-10,185955772,2759,Kohinoor Investment & Securities Pvt. Ltd.,Brilliant Securities Pvt. Ltd.,2026-04-10T12:37:59.469332,Synergy Power Development Ltd.
2026041004011935,SPDL,38,8,250,418.2,104550.0,2026-04-10,185955774,2759,Dipshikha Dhitopatra Karobar Co. Pvt Ltd.,Brilliant Securities Pvt. Ltd.,2026-04-10T12:37:59.469627,Synergy Power Development Ltd.
2026041004011936,SPDL,40,8,100,418.1,41810.0,2026-04-10,185955776,2759,Creative Securities Pvt Ltd,Brilliant Securities Pvt. Ltd.,2026-04-10T12:37:59.469793,Synergy Power Development Ltd.
2026041004011937,SPDL,62,8,749,418.0,313082.0,2026-04-10,185955777,2759,Capital Max Securities Ltd,Brilliant Securities Pvt. Ltd.,2026-04-10T12:37:59.469954,Synergy Power Development Ltd.
2026041004011987,SPDL,62,49,92,418.0,38456.0,2026-04-10,185956024,2759,Capital Max Securities Ltd,Online Securities Pvt. Ltd.,2026-04-10T12:38:13.06067,Synergy Power Development Ltd.
2026041004011988,SPDL,101,49,50,418.0,20900.0,2026-04-10,185956026,2759,APPLE SECURITIES PRIVATE LIMITED,Online Securities Pvt. Ltd.,2026-04-10T12:38:13.060798,Synergy Power Development Ltd.
2026041004011989,SPDL,58,49,100,418.0,41800.0,2026-04-10,185956028,2759,Naasa Securities Co. Ltd.,Online Securities Pvt. Ltd.,2026-04-10T12:38:13.060851,Synergy Power Development Ltd.
2026041004011990,SPDL,16,49,100,418.0,41800.0,2026-04-10,185956030,2759,Primo Securities (PVT) Ltd.,Online Securities Pvt. Ltd.,2026-04-10T12:38:13.060904,Synergy Power Development Ltd.
2026041004011991,SPDL,41,49,50,418.0,20900.0,2026-04-10,185956032,2759,Linch Stock Market Ltd.,Online Securities Pvt. Ltd.,2026-04-10T12:38:13.060955,Synergy Power Development Ltd.
2026041004011992,SPDL,25,49,100,417.3,41730.0,2026-04-10,185956034,2759,Sweta Securities Private Limited,Online Securities Pvt. Ltd.,2026-04-10T12:38:13.061006,Synergy Power Development Ltd.
2026041004011993,SPDL,25,49,100,417.2,41720.0,2026-04-10,185956036,2759,Sweta Securities Private Limited,Online Securities Pvt. Ltd.,2026-04-10T12:38:13.061056,Synergy Power Development Ltd.
2026041004012246,SPDL,59,38,50,418.9,20945.0,2026-04-10,185957434,2759,Deevyaa Securities & Stock House Pvt. Ltd,Dipshikha Dhitopatra Karobar Co. Pvt Ltd.,2026-04-10T12:39:36.499995,Synergy Power Development Ltd.
2026041004012413,SPDL,22,4,200,418.9,83780.0,2026-04-10,185958698,2759,Siprabi Securities Pvt. Ltd.,Opal Securities Investment (PVT) Ltd.,2026-04-10T12:41:28.456678,Synergy Power Development Ltd.
2026041004012431,SPDL,4,72,10,417.5,4175.0,2026-04-10,185958809,2759,Opal Securities Investment (PVT) Ltd.,Hatemalo Financial Services Private Limited,2026-04-10T12:41:40.093501,Synergy Power Development Ltd.
2026041004012509,SPDL,59,34,10,419.0,4190.0,2026-04-10,185959384,2759,Deevyaa Securities & Stock House Pvt. Ltd,Vision Securities Pvt. Ltd,2026-04-10T12:42:35.920013,Synergy Power Development Ltd.
2026041004012652,SPDL,67,44,101,418.0,42218.0,2026-04-10,185960475,2759,Property Wiard Limited,Dynamic Money Managers Securities Pvt. Ltd.,2026-04-10T12:44:27.852186,Synergy Power Development Ltd.
2026041004012667,SPDL,67,37,11,418.5,4603.5,2026-04-10,185960691,2759,Property Wiard Limited,Swarna Laxmi Securities Pvt. Ltd.,2026-04-10T12:44:46.716986,Synergy Power Development Ltd.
2026041004012840,SPDL,59,34,10,419.0,4190.0,2026-04-10,185962058,2759,Deevyaa Securities & Stock House Pvt. Ltd,Vision Securities Pvt. Ltd,2026-04-10T12:47:26.302172,Synergy Power Development Ltd.
2026041004012918,SPDL,32,34,580,419.0,243020.0,2026-04-10,185962606,2759,Premier Securities Company Ltd.,Vision Securities Pvt. Ltd,2026-04-10T12:48:36.388885,Synergy Power Development Ltd.
2026041004012977,SPDL,59,57,10,422.0,4220.0,2026-04-10,185963234,2759,Deevyaa Securities & Stock House Pvt. Ltd,Aryatara Investment & Securities,2026-04-10T12:49:24.082775,Synergy Power Development Ltd.
2026041004013318,SPDL,59,57,60,422.0,25320.0,2026-04-10,185966400,2759,Deevyaa Securities & Stock House Pvt. Ltd,Aryatara Investment & Securities,2026-04-10T12:55:23.285979,Synergy Power Development Ltd.
2026041004013345,SPDL,59,51,70,422.9,29603.0,2026-04-10,185966586,2759,Deevyaa Securities & Stock House Pvt. Ltd,Oxford Securities Pvt. Ltd.,2026-04-10T12:55:37.02986,Synergy Power Development Ltd.
2026041004013355,SPDL,59,99,10,423.0,4230.0,2026-04-10,185966636,2759,Deevyaa Securities & Stock House Pvt. Ltd,Prabhu Stock Market Limited,2026-04-10T12:55:46.828809,Synergy Power Development Ltd.
2026041004013402,SPDL,62,80,2000,419.0,838000.0,2026-04-10,185967137,2759,Capital Max Securities Ltd,Indira securities pvt. ltd,2026-04-10T12:56:46.102603,Synergy Power Development Ltd.
2026041004013424,SPDL,57,80,140,420.0,58800.0,2026-04-10,185967409,2759,Aryatara Investment & Securities,Indira securities pvt. ltd,2026-04-10T12:57:16.380398,Synergy Power Development Ltd.
2026041004013443,SPDL,59,99,10,423.0,4230.0,2026-04-10,185967686,2759,Deevyaa Securities & Stock House Pvt. Ltd,Prabhu Stock Market Limited,2026-04-10T12:57:51.250988,Synergy Power Development Ltd.
2026041004013829,SPDL,45,99,15,423.0,6345.0,2026-04-10,185970942,2759,Imperial Securities Company Pvt. Ltd.,Prabhu Stock Market Limited,2026-04-10T13:04:28.121036,Synergy Power Development Ltd.
2026041004014313,SPDL,16,92,10,422.0,4220.0,2026-04-10,185974570,2759,Primo Securities (PVT) Ltd.,Roadshow securities limited,2026-04-10T13:13:29.102944,Synergy Power Development Ltd.
2026041004014314,SPDL,57,92,200,421.0,84200.0,2026-04-10,185974572,2759,Aryatara Investment & Securities,Roadshow securities limited,2026-04-10T13:13:29.102999,Synergy Power Development Ltd.
2026041004014315,SPDL,67,92,90,420.2,37818.0,2026-04-10,185974574,2759,Property Wiard Limited,Roadshow securities limited,2026-04-10T13:13:29.103027,Synergy Power Development Ltd.
2026041004014316,SPDL,47,92,500,420.1,210050.0,2026-04-10,185974576,2759,Neev Securities Pvt. Ltd.,Roadshow securities limited,2026-04-10T13:13:29.103054,Synergy Power Development Ltd.
2026041004014317,SPDL,57,92,100,420.1,42010.0,2026-04-10,185974578,2759,Aryatara Investment & Securities,Roadshow securities limited,2026-04-10T13:13:29.10308,Synergy Power Development Ltd.
2026041004014318,SPDL,57,92,860,420.0,361200.0,2026-04-10,185974580,2759,Aryatara Investment & Securities,Roadshow securities limited,2026-04-10T13:13:29.103104,Synergy Power Development Ltd.
2026041004014319,SPDL,39,92,240,420.0,100800.0,2026-04-10,185974581,2759,Sumeru Securities Pvt. Ltd.,Roadshow securities limited,2026-04-10T13:13:29.103163,Synergy Power Development Ltd.
2026041004014531,SPDL,59,99,10,423.0,4230.0,2026-04-10,185976024,2759,Deevyaa Securities & Stock House Pvt. Ltd,Prabhu Stock Market Limited,2026-04-10T13:16:38.521072,Synergy Power Development Ltd.
2026041004014534,SPDL,39,94,260,420.0,109200.0,2026-04-10,185976060,2759,Sumeru Securities Pvt. Ltd.,K.B.L. Securities Limited ,2026-04-10T13:16:40.904769,Synergy Power Development Ltd.
2026041004014535,SPDL,39,94,1000,420.0,420000.0,2026-04-10,185976062,2759,Sumeru Securities Pvt. Ltd.,K.B.L. Securities Limited ,2026-04-10T13:16:40.905081,Synergy Power Development Ltd.
2026041004014536,SPDL,39,94,740,420.0,310800.0,2026-04-10,185976063,2759,Sumeru Securities Pvt. Ltd.,K.B.L. Securities Limited ,2026-04-10T13:16:40.905285,Synergy Power Development Ltd.
2026041004014551,SPDL,39,99,260,420.0,109200.0,2026-04-10,185976158,2759,Sumeru Securities Pvt. Ltd.,Prabhu Stock Market Limited,2026-04-10T13:16:57.14577,Synergy Power Development Ltd.
2026041004014552,SPDL,39,99,240,420.0,100800.0,2026-04-10,185976159,2759,Sumeru Securities Pvt. Ltd.,Prabhu Stock Market Limited,2026-04-10T13:16:57.145865,Synergy Power Development Ltd.
2026041004014700,SPDL,59,69,10,422.9,4229.0,2026-04-10,185977424,2759,Deevyaa Securities & Stock House Pvt. Ltd,INDEX SECURITIES LIMITED,2026-04-10T13:19:51.391175,Synergy Power Development Ltd.
2026041004014744,SPDL,39,4,260,420.0,109200.0,2026-04-10,185977636,2759,Sumeru Securities Pvt. Ltd.,Opal Securities Investment (PVT) Ltd.,2026-04-10T13:20:14.768285,Synergy Power Development Ltd.
2026041004014745,SPDL,16,4,100,420.0,42000.0,2026-04-10,185977637,2759,Primo Securities (PVT) Ltd.,Opal Securities Investment (PVT) Ltd.,2026-04-10T13:20:14.76845,Synergy Power Development Ltd.
2026041004014795,SPDL,59,69,10,422.9,4229.0,2026-04-10,185978136,2759,Deevyaa Securities & Stock House Pvt. Ltd,INDEX SECURITIES LIMITED,2026-04-10T13:20:53.521048,Synergy Power Development Ltd.
2026041004014942,SPDL,57,92,100,419.1,41910.0,2026-04-10,185978902,2759,Aryatara Investment & Securities,Roadshow securities limited,2026-04-10T13:22:10.630494,Synergy Power Development Ltd.
2026041004014943,SPDL,32,92,1000,419.0,419000.0,2026-04-10,185978904,2759,Premier Securities Company Ltd.,Roadshow securities limited,2026-04-10T13:22:10.630538,Synergy Power Development Ltd.
2026041004014944,SPDL,57,92,50,418.2,20910.0,2026-04-10,185978906,2759,Aryatara Investment & Securities,Roadshow securities limited,2026-04-10T13:22:10.630566,Synergy Power Development Ltd.
2026041004014945,SPDL,67,92,399,418.0,166782.0,2026-04-10,185978908,2759,Property Wiard Limited,Roadshow securities limited,2026-04-10T13:22:10.630588,Synergy Power Development Ltd.
2026041004014946,SPDL,25,92,451,418.0,188518.0,2026-04-10,185978909,2759,Sweta Securities Private Limited,Roadshow securities limited,2026-04-10T13:22:10.630619,Synergy Power Development Ltd.
2026041004014956,SPDL,59,69,10,422.9,4229.0,2026-04-10,185979050,2759,Deevyaa Securities & Stock House Pvt. Ltd,INDEX SECURITIES LIMITED,2026-04-10T13:22:31.709241,Synergy Power Development Ltd.
2026041004015328,SPDL,59,38,10,422.0,4220.0,2026-04-10,185982098,2759,Deevyaa Securities & Stock House Pvt. Ltd,Dipshikha Dhitopatra Karobar Co. Pvt Ltd.,2026-04-10T13:26:21.993014,Synergy Power Development Ltd.
2026041004015338,SPDL,59,69,10,422.9,4229.0,2026-04-10,185982194,2759,Deevyaa Securities & Stock House Pvt. Ltd,INDEX SECURITIES LIMITED,2026-04-10T13:26:31.658443,Synergy Power Development Ltd.
2026041004015538,SPDL,59,38,50,422.5,21125.0,2026-04-10,185983712,2759,Deevyaa Securities & Stock House Pvt. Ltd,Dipshikha Dhitopatra Karobar Co. Pvt Ltd.,2026-04-10T13:28:53.056773,Synergy Power Development Ltd.
2026041004015545,SPDL,59,42,26,422.8,10992.8,2026-04-10,185983900,2759,Deevyaa Securities & Stock House Pvt. Ltd,Sani Securities Company Ltd.,2026-04-10T13:29:08.744032,Synergy Power Development Ltd.
2026041004015570,SPDL,21,66,500,421.1,210550.0,2026-04-10,185984023,2759,Midas Stock Broking Company Private Limited,Miyo Securities Pvt Ltd,2026-04-10T13:29:18.767994,Synergy Power Development Ltd.
2026041004015579,SPDL,59,69,10,422.9,4229.0,2026-04-10,185984070,2759,Deevyaa Securities & Stock House Pvt. Ltd,INDEX SECURITIES LIMITED,2026-04-10T13:29:21.972687,Synergy Power Development Ltd.
2026041004015585,SPDL,66,69,300,422.9,126870.0,2026-04-10,185984146,2759,Miyo Securities Pvt Ltd,INDEX SECURITIES LIMITED,2026-04-10T13:29:30.360626,Synergy Power Development Ltd.
2026041004015697,SPDL,59,69,150,422.9,63435.0,2026-04-10,185984788,2759,Deevyaa Securities & Stock House Pvt. Ltd,INDEX SECURITIES LIMITED,2026-04-10T13:30:38.209969,Synergy Power Development Ltd.
2026041004015703,SPDL,59,45,10,423.0,4230.0,2026-04-10,185985080,2759,Deevyaa Securities & Stock House Pvt. Ltd,Imperial Securities Company Pvt. Ltd.,2026-04-10T13:30:46.463869,Synergy Power Development Ltd.
2026041004015799,SPDL,35,45,40,423.0,16920.0,2026-04-10,185985909,2759,Kohinoor Investment & Securities Pvt. Ltd.,Imperial Securities Company Pvt. Ltd.,2026-04-10T13:31:55.76284,Synergy Power Development Ltd.
2026041004015800,SPDL,35,32,10,423.0,4230.0,2026-04-10,185985912,2759,Kohinoor Investment & Securities Pvt. Ltd.,Premier Securities Company Ltd.,2026-04-10T13:31:55.762912,Synergy Power Development Ltd.
2026041004016366,SPDL,59,1,100,422.9,42290.0,2026-04-10,185989420,2759,Deevyaa Securities & Stock House Pvt. Ltd,Kumari Securities Private Limited,2026-04-10T13:38:52.315678,Synergy Power Development Ltd.
2026041004016435,SPDL,59,32,10,423.0,4230.0,2026-04-10,185989606,2759,Deevyaa Securities & Stock House Pvt. Ltd,Premier Securities Company Ltd.,2026-04-10T13:39:03.310784,Synergy Power Development Ltd.
2026041004016538,SPDL,21,37,100,420.0,42000.0,2026-04-10,185990221,2759,Midas Stock Broking Company Private Limited,Swarna Laxmi Securities Pvt. Ltd.,2026-04-10T13:39:55.813904,Synergy Power Development Ltd.
2026041004016634,SPDL,59,1,10,422.9,4229.0,2026-04-10,185990906,2759,Deevyaa Securities & Stock House Pvt. Ltd,Kumari Securities Private Limited,2026-04-10T13:41:20.960241,Synergy Power Development Ltd.
2026041004016681,SPDL,49,48,150,420.1,63015.0,2026-04-10,185991182,2759,Online Securities Pvt. Ltd.,Trishakti Securities Public Limited,2026-04-10T13:41:43.536082,Synergy Power Development Ltd.
2026041004016682,SPDL,21,48,100,420.0,42000.0,2026-04-10,185991183,2759,Midas Stock Broking Company Private Limited,Trishakti Securities Public Limited,2026-04-10T13:41:43.536269,Synergy Power Development Ltd.
2026041004016833,SPDL,59,1,10,422.9,4229.0,2026-04-10,185991800,2759,Deevyaa Securities & Stock House Pvt. Ltd,Kumari Securities Private Limited,2026-04-10T13:42:47.832231,Synergy Power Development Ltd.
2026041004017200,SPDL,21,1,80,422.9,33832.0,2026-04-10,185993885,2759,Midas Stock Broking Company Private Limited,Kumari Securities Private Limited,2026-04-10T13:45:40.782306,Synergy Power Development Ltd.
2026041004017201,SPDL,21,32,220,423.0,93060.0,2026-04-10,185993888,2759,Midas Stock Broking Company Private Limited,Premier Securities Company Ltd.,2026-04-10T13:45:40.782468,Synergy Power Development Ltd.
2026041004017410,SPDL,57,1,100,422.9,42290.0,2026-04-10,185995460,2759,Aryatara Investment & Securities,Kumari Securities Private Limited,2026-04-10T13:47:43.506459,Synergy Power Development Ltd.
2026041004017421,SPDL,59,32,10,423.0,4230.0,2026-04-10,185995540,2759,Deevyaa Securities & Stock House Pvt. Ltd,Premier Securities Company Ltd.,2026-04-10T13:47:57.598605,Synergy Power Development Ltd.
2026041004017939,SPDL,51,59,290,421.6,122264.0,2026-04-10,185999031,2759,Oxford Securities Pvt. Ltd.,Deevyaa Securities & Stock House Pvt. Ltd,2026-04-10T13:53:25.484162,Synergy Power Development Ltd.
2026041004018018,SPDL,57,59,1000,421.5,421500.0,2026-04-10,185999595,2759,Aryatara Investment & Securities,Deevyaa Securities & Stock House Pvt. Ltd,2026-04-10T13:54:12.282066,Synergy Power Development Ltd.
2026041004018062,SPDL,53,32,100,420.2,42020.0,2026-04-10,185999834,2759,Investment Management Nepal Pvt. Ltd.,Premier Securities Company Ltd.,2026-04-10T13:54:34.160032,Synergy Power Development Ltd.
2026041004018063,SPDL,35,32,200,420.1,84020.0,2026-04-10,185999836,2759,Kohinoor Investment & Securities Pvt. Ltd.,Premier Securities Company Ltd.,2026-04-10T13:54:34.160069,Synergy Power Development Ltd.
2026041004018064,SPDL,44,32,700,420.1,294070.0,2026-04-10,185999837,2759,Dynamic Money Managers Securities Pvt. Ltd.,Premier Securities Company Ltd.,2026-04-10T13:54:34.160096,Synergy Power Development Ltd.
2026041004018182,SPDL,44,32,300,420.1,126030.0,2026-04-10,186000400,2759,Dynamic Money Managers Securities Pvt. Ltd.,Premier Securities Company Ltd.,2026-04-10T13:55:14.707677,Synergy Power Development Ltd.
2026041004018183,SPDL,44,32,450,420.0,189000.0,2026-04-10,186000401,2759,Dynamic Money Managers Securities Pvt. Ltd.,Premier Securities Company Ltd.,2026-04-10T13:55:14.707791,Synergy Power Development Ltd.
2026041004018403,SPDL,44,59,2550,420.0,1071000.0,2026-04-10,186001552,2759,Dynamic Money Managers Securities Pvt. Ltd.,Deevyaa Securities & Stock House Pvt. Ltd,2026-04-10T13:56:03.109886,Synergy Power Development Ltd.
2026041004018404,SPDL,43,59,100,420.0,42000.0,2026-04-10,186001554,2759,South Asian Bulls Pvt. Ltd.,Deevyaa Securities & Stock House Pvt. Ltd,2026-04-10T13:56:03.110288,Synergy Power Development Ltd.
2026041004018405,SPDL,45,59,350,420.0,147000.0,2026-04-10,186001555,2759,Imperial Securities Company Pvt. Ltd.,Deevyaa Securities & Stock House Pvt. Ltd,2026-04-10T13:56:03.110489,Synergy Power Development Ltd.
2026041004018483,SPDL,45,65,100,420.0,42000.0,2026-04-10,186002077,2759,Imperial Securities Company Pvt. Ltd.,Sharepro Securities Private Limited,2026-04-10T13:56:21.775708,Synergy Power Development Ltd.
2026041004018918,SPDL,45,84,50,420.0,21000.0,2026-04-10,186004776,2759,Imperial Securities Company Pvt. Ltd.,MILKY WAY SHARE BROKER COMPANY LTD ,2026-04-10T13:58:49.38868,Synergy Power Development Ltd.
2026041004018919,SPDL,57,84,50,420.0,21000.0,2026-04-10,186004778,2759,Aryatara Investment & Securities,MILKY WAY SHARE BROKER COMPANY LTD ,2026-04-10T13:58:49.388855,Synergy Power Development Ltd.
2026041004018920,SPDL,48,84,1009,419.1,422871.9,2026-04-10,186004780,2759,Trishakti Securities Public Limited,MILKY WAY SHARE BROKER COMPANY LTD ,2026-04-10T13:58:49.38894,Synergy Power Development Ltd.
2026041004018921,SPDL,32,84,141,419.0,59079.0,2026-04-10,186004781,2759,Premier Securities Company Ltd.,MILKY WAY SHARE BROKER COMPANY LTD ,2026-04-10T13:58:49.388998,Synergy Power Development Ltd.
2026041004019033,SPDL,32,37,859,419.0,359921.0,2026-04-10,186005550,2759,Premier Securities Company Ltd.,Swarna Laxmi Securities Pvt. Ltd.,2026-04-10T13:59:46.837881,Synergy Power Development Ltd.
2026041004019034,SPDL,17,37,41,419.0,17179.0,2026-04-10,186005551,2759,ABC Securities Private Limited,Swarna Laxmi Securities Pvt. Ltd.,2026-04-10T13:59:46.838111,Synergy Power Development Ltd.
2026041004019097,SPDL,17,37,84,419.0,35196.0,2026-04-10,186005942,2759,ABC Securities Private Limited,Swarna Laxmi Securities Pvt. Ltd.,2026-04-10T14:00:19.756402,Synergy Power Development Ltd.
2026041004019309,SPDL,40,37,30,419.0,12570.0,2026-04-10,186007580,2759,Creative Securities Pvt Ltd,Swarna Laxmi Securities Pvt. Ltd.,2026-04-10T14:02:50.877932,Synergy Power Development Ltd.
2026041004019335,SPDL,32,37,352,419.0,147488.0,2026-04-10,186007807,2759,Premier Securities Company Ltd.,Swarna Laxmi Securities Pvt. Ltd.,2026-04-10T14:03:18.060157,Synergy Power Development Ltd.
2026041004019371,SPDL,32,43,83,419.0,34777.0,2026-04-10,186007944,2759,Premier Securities Company Ltd.,South Asian Bulls Pvt. Ltd.,2026-04-10T14:03:33.086819,Synergy Power Development Ltd.
2026041004019372,SPDL,40,43,40,418.3,16732.0,2026-04-10,186007946,2759,Creative Securities Pvt Ltd,South Asian Bulls Pvt. Ltd.,2026-04-10T14:03:33.087085,Synergy Power Development Ltd.
2026041004019373,SPDL,57,43,100,418.3,41830.0,2026-04-10,186007948,2759,Aryatara Investment & Securities,South Asian Bulls Pvt. Ltd.,2026-04-10T14:03:33.087258,Synergy Power Development Ltd.
2026041004019374,SPDL,38,43,200,418.2,83640.0,2026-04-10,186007950,2759,Dipshikha Dhitopatra Karobar Co. Pvt Ltd.,South Asian Bulls Pvt. Ltd.,2026-04-10T14:03:33.087442,Synergy Power Development Ltd.
2026041004019375,SPDL,1,43,1000,418.2,418200.0,2026-04-10,186007952,2759,Kumari Securities Private Limited,South Asian Bulls Pvt. Ltd.,2026-04-10T14:03:33.087613,Synergy Power Development Ltd.
2026041004019376,SPDL,47,43,500,418.2,209100.0,2026-04-10,186007954,2759,Neev Securities Pvt. Ltd.,South Asian Bulls Pvt. Ltd.,2026-04-10T14:03:33.087773,Synergy Power Development Ltd.
2026041004019377,SPDL,40,43,100,418.1,41810.0,2026-04-10,186007956,2759,Creative Securities Pvt Ltd,South Asian Bulls Pvt. Ltd.,2026-04-10T14:03:33.087938,Synergy Power Development Ltd.
2026041004019378,SPDL,25,43,477,418.0,199386.0,2026-04-10,186007957,2759,Sweta Securities Private Limited,South Asian Bulls Pvt. Ltd.,2026-04-10T14:03:33.088095,Synergy Power Development Ltd.
2026041004019396,SPDL,25,51,300,418.0,125400.0,2026-04-10,186008121,2759,Sweta Securities Private Limited,Oxford Securities Pvt. Ltd.,2026-04-10T14:03:43.561015,Synergy Power Development Ltd.
2026041004019746,SPDL,17,35,200,419.9,83980.0,2026-04-10,186010950,2759,ABC Securities Private Limited,Kohinoor Investment & Securities Pvt. Ltd.,2026-04-10T14:09:13.204143,Synergy Power Development Ltd.
2026041004020081,SPDL,57,48,1000,420.0,420000.0,2026-04-10,186013510,2759,Aryatara Investment & Securities,Trishakti Securities Public Limited,2026-04-10T14:14:57.319255,Synergy Power Development Ltd.
2026041004020082,SPDL,32,48,200,420.0,84000.0,2026-04-10,186013511,2759,Premier Securities Company Ltd.,Trishakti Securities Public Limited,2026-04-10T14:14:57.319439,Synergy Power Development Ltd.
2026041004020108,SPDL,32,99,355,420.0,149100.0,2026-04-10,186013583,2759,Premier Securities Company Ltd.,Prabhu Stock Market Limited,2026-04-10T14:15:09.418503,Synergy Power Development Ltd.
2026041004020292,SPDL,4,32,10,421.9,4219.0,2026-04-10,186015267,2759,Opal Securities Investment (PVT) Ltd.,Premier Securities Company Ltd.,2026-04-10T14:18:21.234528,Synergy Power Development Ltd.
2026041004020293,SPDL,4,86,500,422.0,211000.0,2026-04-10,186015269,2759,Opal Securities Investment (PVT) Ltd.,Stoxkarts Securities Limited,2026-04-10T14:18:21.234842,Synergy Power Development Ltd.
2026041004020323,SPDL,4,59,67,422.0,28274.0,2026-04-10,186015619,2759,Opal Securities Investment (PVT) Ltd.,Deevyaa Securities & Stock House Pvt. Ltd,2026-04-10T14:18:49.806957,Synergy Power Development Ltd.
2026041004020347,SPDL,32,32,10,422.8,4228.0,2026-04-10,186015823,2759,Premier Securities Company Ltd.,Premier Securities Company Ltd.,2026-04-10T14:19:00.345414,Synergy Power Development Ltd.
2026041004020348,SPDL,32,19,1000,422.9,422900.0,2026-04-10,186015825,2759,Premier Securities Company Ltd.,Nepal Investment And Securities Trading Private Limited,2026-04-10T14:19:00.345588,Synergy Power Development Ltd.
2026041004020349,SPDL,32,45,500,423.0,211500.0,2026-04-10,186015827,2759,Premier Securities Company Ltd.,Imperial Securities Company Pvt. Ltd.,2026-04-10T14:19:00.345652,Synergy Power Development Ltd.
2026041004020350,SPDL,32,33,454,423.0,192042.0,2026-04-10,186015829,2759,Premier Securities Company Ltd.,Dakshinkali Investment & Securities Pvt. Ltd.,2026-04-10T14:19:00.345711,Synergy Power Development Ltd.
2026041004020351,SPDL,32,38,500,423.0,211500.0,2026-04-10,186015831,2759,Premier Securities Company Ltd.,Dipshikha Dhitopatra Karobar Co. Pvt Ltd.,2026-04-10T14:19:00.345767,Synergy Power Development Ltd.
2026041004020352,SPDL,32,62,536,423.0,226728.0,2026-04-10,186015834,2759,Premier Securities Company Ltd.,Capital Max Securities Ltd,2026-04-10T14:19:00.345821,Synergy Power Development Ltd.
2026041004020567,SPDL,4,21,4400,422.0,1856800.0,2026-04-10,186017921,2759,Opal Securities Investment (PVT) Ltd.,Midas Stock Broking Company Private Limited,2026-04-10T14:22:09.164164,Synergy Power Development Ltd.
2026041004020654,SPDL,4,57,13,422.0,5486.0,2026-04-10,186018382,2759,Opal Securities Investment (PVT) Ltd.,Aryatara Investment & Securities,2026-04-10T14:22:52.697957,Synergy Power Development Ltd.
2026041004020655,SPDL,32,57,445,420.0,186900.0,2026-04-10,186018384,2759,Premier Securities Company Ltd.,Aryatara Investment & Securities,2026-04-10T14:22:52.698069,Synergy Power Development Ltd.
2026041004020656,SPDL,52,57,500,419.1,209550.0,2026-04-10,186018386,2759,Sundhara Securities Limited,Aryatara Investment & Securities,2026-04-10T14:22:52.698112,Synergy Power Development Ltd.
2026041004020657,SPDL,32,57,442,419.0,185198.0,2026-04-10,186018387,2759,Premier Securities Company Ltd.,Aryatara Investment & Securities,2026-04-10T14:22:52.698148,Synergy Power Development Ltd.
2026041004021621,SPDL,32,52,558,419.0,233802.0,2026-04-10,186024182,2759,Premier Securities Company Ltd.,Sundhara Securities Limited,2026-04-10T14:30:28.045551,Synergy Power Development Ltd.
2026041004021663,SPDL,40,52,50,418.2,20910.0,2026-04-10,186024448,2759,Creative Securities Pvt Ltd,Sundhara Securities Limited,2026-04-10T14:30:42.224788,Synergy Power Development Ltd.
2026041004021664,SPDL,62,52,392,418.1,163895.2,2026-04-10,186024449,2759,Capital Max Securities Ltd,Sundhara Securities Limited,2026-04-10T14:30:42.224974,Synergy Power Development Ltd.
2026041004021691,SPDL,62,52,908,418.1,379634.8,2026-04-10,186024674,2759,Capital Max Securities Ltd,Sundhara Securities Limited,2026-04-10T14:30:57.310209,Synergy Power Development Ltd.
2026041004021692,SPDL,62,52,92,418.1,38465.2,2026-04-10,186024675,2759,Capital Max Securities Ltd,Sundhara Securities Limited,2026-04-10T14:30:57.310373,Synergy Power Development Ltd.
2026041004021741,SPDL,41,63,500,418.2,209100.0,2026-04-10,186025040,2759,Linch Stock Market Ltd.,Himalayan Brokerage Company Limited,2026-04-10T14:31:31.944467,Synergy Power Development Ltd.
2026041004021742,SPDL,62,63,108,418.1,45154.8,2026-04-10,186025042,2759,Capital Max Securities Ltd,Himalayan Brokerage Company Limited,2026-04-10T14:31:31.944526,Synergy Power Development Ltd.
2026041004021743,SPDL,62,63,200,418.1,83620.0,2026-04-10,186025044,2759,Capital Max Securities Ltd,Himalayan Brokerage Company Limited,2026-04-10T14:31:31.944555,Synergy Power Development Ltd.
2026041004021744,SPDL,62,63,500,418.1,209050.0,2026-04-10,186025046,2759,Capital Max Securities Ltd,Himalayan Brokerage Company Limited,2026-04-10T14:31:31.944579,Synergy Power Development Ltd.
2026041004021745,SPDL,58,63,500,418.1,209050.0,2026-04-10,186025048,2759,Naasa Securities Co. Ltd.,Himalayan Brokerage Company Limited,2026-04-10T14:31:31.944603,Synergy Power Development Ltd.
2026041004021746,SPDL,17,63,75,418.1,31357.5,2026-04-10,186025050,2759,ABC Securities Private Limited,Himalayan Brokerage Company Limited,2026-04-10T14:31:31.944627,Synergy Power Development Ltd.
2026041004021747,SPDL,25,63,3772,418.0,1576696.0,2026-04-10,186025052,2759,Sweta Securities Private Limited,Himalayan Brokerage Company Limited,2026-04-10T14:31:31.944698,Synergy Power Development Ltd.
2026041004021748,SPDL,58,63,50,418.0,20900.0,2026-04-10,186025054,2759,Naasa Securities Co. Ltd.,Himalayan Brokerage Company Limited,2026-04-10T14:31:31.944747,Synergy Power Development Ltd.
2026041004021749,SPDL,48,63,30,418.0,12540.0,2026-04-10,186025056,2759,Trishakti Securities Public Limited,Himalayan Brokerage Company Limited,2026-04-10T14:31:31.94477,Synergy Power Development Ltd.
2026041004021750,SPDL,32,63,1000,418.0,418000.0,2026-04-10,186025058,2759,Premier Securities Company Ltd.,Himalayan Brokerage Company Limited,2026-04-10T14:31:31.944798,Synergy Power Development Ltd.
2026041004021751,SPDL,49,63,14,418.0,5852.0,2026-04-10,186025060,2759,Online Securities Pvt. Ltd.,Himalayan Brokerage Company Limited,2026-04-10T14:31:31.944822,Synergy Power Development Ltd.
2026041004021752,SPDL,32,63,1000,418.0,418000.0,2026-04-10,186025062,2759,Premier Securities Company Ltd.,Himalayan Brokerage Company Limited,2026-04-10T14:31:31.944848,Synergy Power Development Ltd.
2026041004021753,SPDL,40,63,100,417.1,41710.0,2026-04-10,186025064,2759,Creative Securities Pvt Ltd,Himalayan Brokerage Company Limited,2026-04-10T14:31:31.944874,Synergy Power Development Ltd.
2026041004021754,SPDL,35,63,151,417.1,62982.1,2026-04-10,186025065,2759,Kohinoor Investment & Securities Pvt. Ltd.,Himalayan Brokerage Company Limited,2026-04-10T14:31:31.944897,Synergy Power Development Ltd.
2026041004021776,SPDL,35,45,149,417.1,62147.9,2026-04-10,186025311,2759,Kohinoor Investment & Securities Pvt. Ltd.,Imperial Securities Company Pvt. Ltd.,2026-04-10T14:31:54.809193,Synergy Power Development Ltd.
2026041004021777,SPDL,6,45,100,417.0,41700.0,2026-04-10,186025313,2759,Agrawal Securities (PVT) Ltd.,Imperial Securities Company Pvt. Ltd.,2026-04-10T14:31:54.809483,Synergy Power Development Ltd.
2026041004021778,SPDL,57,45,200,417.0,83400.0,2026-04-10,186025315,2759,Aryatara Investment & Securities,Imperial Securities Company Pvt. Ltd.,2026-04-10T14:31:54.809674,Synergy Power Development Ltd.
2026041004021779,SPDL,65,45,381,417.0,158877.0,2026-04-10,186025317,2759,Sharepro Securities Private Limited,Imperial Securities Company Pvt. Ltd.,2026-04-10T14:31:54.809832,Synergy Power Development Ltd.
2026041004021868,SPDL,62,58,300,418.0,125400.0,2026-04-10,186026008,2759,Capital Max Securities Ltd,Naasa Securities Co. Ltd.,2026-04-10T14:32:54.749532,Synergy Power Development Ltd.
2026041004022665,SPDL,16,38,10,419.5,4195.0,2026-04-10,186032053,2759,Primo Securities (PVT) Ltd.,Dipshikha Dhitopatra Karobar Co. Pvt Ltd.,2026-04-10T14:41:05.428605,Synergy Power Development Ltd.
2026041004022811,SPDL,32,8,440,419.0,184360.0,2026-04-10,186033443,2759,Premier Securities Company Ltd.,Brilliant Securities Pvt. Ltd.,2026-04-10T14:42:53.466148,Synergy Power Development Ltd.
2026041004022968,SPDL,32,7,500,419.0,209500.0,2026-04-10,186034391,2759,Premier Securities Company Ltd.,J.F. Securites (PVT) Ltd.,2026-04-10T14:43:47.983162,Synergy Power Development Ltd.
2026041004023018,SPDL,32,47,60,419.0,25140.0,2026-04-10,186034950,2759,Premier Securities Company Ltd.,Neev Securities Pvt. Ltd.,2026-04-10T14:44:14.060059,Synergy Power Development Ltd.
2026041004023039,SPDL,35,47,140,419.0,58660.0,2026-04-10,186035103,2759,Kohinoor Investment & Securities Pvt. Ltd.,Neev Securities Pvt. Ltd.,2026-04-10T14:44:20.828853,Synergy Power Development Ltd.
2026041004023040,SPDL,35,57,60,420.0,25200.0,2026-04-10,186035106,2759,Kohinoor Investment & Securities Pvt. Ltd.,Aryatara Investment & Securities,2026-04-10T14:44:20.828972,Synergy Power Development Ltd.
2026041004023051,SPDL,45,49,300,418.1,125430.0,2026-04-10,186035256,2759,Imperial Securities Company Pvt. Ltd.,Online Securities Pvt. Ltd.,2026-04-10T14:44:33.263827,Synergy Power Development Ltd.
2026041004023052,SPDL,50,49,50,418.0,20900.0,2026-04-10,186035258,2759,Cristal Kanchanjanga Securites Pvt. Ltd.,Online Securities Pvt. Ltd.,2026-04-10T14:44:33.264106,Synergy Power Development Ltd.
2026041004023053,SPDL,65,49,550,417.0,229350.0,2026-04-10,186035259,2759,Sharepro Securities Private Limited,Online Securities Pvt. Ltd.,2026-04-10T14:44:33.264273,Synergy Power Development Ltd.
2026041004023402,SPDL,92,47,100,417.2,41720.0,2026-04-10,186037507,2759,Roadshow securities limited,Neev Securities Pvt. Ltd.,2026-04-10T14:46:25.480409,Synergy Power Development Ltd.
2026041004023569,SPDL,92,45,100,417.2,41720.0,2026-04-10,186038536,2759,Roadshow securities limited,Imperial Securities Company Pvt. Ltd.,2026-04-10T14:47:26.174991,Synergy Power Development Ltd.
2026041004023570,SPDL,92,45,200,417.1,83420.0,2026-04-10,186038537,2759,Roadshow securities limited,Imperial Securities Company Pvt. Ltd.,2026-04-10T14:47:26.175346,Synergy Power Development Ltd.
2026041004023640,SPDL,65,26,69,417.0,28773.0,2026-04-10,186039172,2759,Sharepro Securities Private Limited,Asian Securities Private Ltd.,2026-04-10T14:48:00.064356,Synergy Power Development Ltd.
2026041004023641,SPDL,32,26,131,417.0,54627.0,2026-04-10,186039173,2759,Premier Securities Company Ltd.,Asian Securities Private Ltd.,2026-04-10T14:48:00.064443,Synergy Power Development Ltd.
2026041004023870,SPDL,74,39,100,417.2,41720.0,2026-04-10,186040579,2759,KALASH STOCK MARKET PVT. LTD.,Sumeru Securities Pvt. Ltd.,2026-04-10T14:49:10.934762,Synergy Power Development Ltd.
2026041004023945,SPDL,21,6,50,418.0,20900.0,2026-04-10,186041172,2759,Midas Stock Broking Company Private Limited,Agrawal Securities (PVT) Ltd.,2026-04-10T14:49:42.739547,Synergy Power Development Ltd.
2026041004024307,SPDL,74,47,100,417.2,41720.0,2026-04-10,186043316,2759,KALASH STOCK MARKET PVT. LTD.,Neev Securities Pvt. Ltd.,2026-04-10T14:51:23.189938,Synergy Power Development Ltd.
2026041004024373,SPDL,92,47,100,417.1,41710.0,2026-04-10,186043757,2759,Roadshow securities limited,Neev Securities Pvt. Ltd.,2026-04-10T14:51:46.741486,Synergy Power Development Ltd.
2026041004024393,SPDL,65,6,100,418.0,41800.0,2026-04-10,186043844,2759,Sharepro Securities Private Limited,Agrawal Securities (PVT) Ltd.,2026-04-10T14:51:49.840052,Synergy Power Development Ltd.
2026041004024474,SPDL,35,6,350,418.0,146300.0,2026-04-10,186044245,2759,Kohinoor Investment & Securities Pvt. Ltd.,Agrawal Securities (PVT) Ltd.,2026-04-10T14:52:05.11678,Synergy Power Development Ltd.
2026041004024475,SPDL,35,95,10,419.0,4190.0,2026-04-10,186044248,2759,Kohinoor Investment & Securities Pvt. Ltd.,Magnet Securities and Investment Company Private Limited,2026-04-10T14:52:05.116822,Synergy Power Development Ltd.
2026041004024602,SPDL,66,95,740,419.0,310060.0,2026-04-10,186045115,2759,Miyo Securities Pvt Ltd,Magnet Securities and Investment Company Private Limited,2026-04-10T14:52:43.827271,Synergy Power Development Ltd.
2026041004024603,SPDL,66,57,1000,419.0,419000.0,2026-04-10,186045117,2759,Miyo Securities Pvt Ltd,Aryatara Investment & Securities,2026-04-10T14:52:43.827441,Synergy Power Development Ltd.
2026041004024604,SPDL,66,86,260,419.0,108940.0,2026-04-10,186045120,2759,Miyo Securities Pvt Ltd,Stoxkarts Securities Limited,2026-04-10T14:52:43.827504,Synergy Power Development Ltd.
2026041004024892,SPDL,25,86,130,419.0,54470.0,2026-04-10,186047218,2759,Sweta Securities Private Limited,Stoxkarts Securities Limited,2026-04-10T14:53:59.651994,Synergy Power Development Ltd.
2026041004025152,SPDL,67,74,17,417.2,7092.4,2026-04-10,186048611,2759,Property Wiard Limited,KALASH STOCK MARKET PVT. LTD.,2026-04-10T14:54:58.187388,Synergy Power Development Ltd.
2026041004025852,SPDL,28,86,10,419.0,4190.0,2026-04-10,186053507,2759,Shree Krishna Securities Ltd.,Stoxkarts Securities Limited,2026-04-10T14:57:38.198297,Synergy Power Development Ltd.
2026041004025853,SPDL,28,33,150,419.0,62850.0,2026-04-10,186053509,2759,Shree Krishna Securities Ltd.,Dakshinkali Investment & Securities Pvt. Ltd.,2026-04-10T14:57:38.198469,Synergy Power Development Ltd.
2026041004025854,SPDL,28,57,840,419.0,351960.0,2026-04-10,186053512,2759,Shree Krishna Securities Ltd.,Aryatara Investment & Securities,2026-04-10T14:57:38.198534,Synergy Power Development Ltd.
2026041004025866,SPDL,62,57,200,419.0,83800.0,2026-04-10,186053578,2759,Capital Max Securities Ltd,Aryatara Investment & Securities,2026-04-10T14:57:40.267199,Synergy Power Development Ltd.
2026041004025949,SPDL,62,57,50,419.0,20950.0,2026-04-10,186054156,2759,Capital Max Securities Ltd,Aryatara Investment & Securities,2026-04-10T14:57:57.184091,Synergy Power Development Ltd.
2026041004025968,SPDL,85,34,7250,418.1,3031225.0,2026-04-10,186054339,2759,Capital Hub P. Ltd,Vision Securities Pvt. Ltd,2026-04-10T14:58:04.193541,Synergy Power Development Ltd.
2026041004026112,SPDL,85,86,500,418.1,209050.0,2026-04-10,186055463,2759,Capital Hub P. Ltd,Stoxkarts Securities Limited,2026-04-10T14:58:31.964697,Synergy Power Development Ltd.
2026041004026262,SPDL,58,57,10,419.0,4190.0,2026-04-10,186056282,2759,Naasa Securities Co. Ltd.,Aryatara Investment & Securities,2026-04-10T14:58:50.169018,Synergy Power Development Ltd.
2026041004026311,SPDL,49,57,12,419.0,5028.0,2026-04-10,186056596,2759,Online Securities Pvt. Ltd.,Aryatara Investment & Securities,2026-04-10T14:58:57.818375,Synergy Power Development Ltd.
2026041004026368,SPDL,51,45,50,418.2,20910.0,2026-04-10,186057120,2759,Oxford Securities Pvt. Ltd.,Imperial Securities Company Pvt. Ltd.,2026-04-10T14:59:05.852736,Synergy Power Development Ltd.
2026041004026369,SPDL,85,45,250,418.1,104525.0,2026-04-10,186057122,2759,Capital Hub P. Ltd,Imperial Securities Company Pvt. Ltd.,2026-04-10T14:59:05.853051,Synergy Power Development Ltd.
2026041004026370,SPDL,22,45,200,418.0,83600.0,2026-04-10,186057123,2759,Siprabi Securities Pvt. Ltd.,Imperial Securities Company Pvt. Ltd.,2026-04-10T14:59:05.853236,Synergy Power Development Ltd.
2026041004026432,SPDL,22,45,50,418.0,20900.0,2026-04-10,186057439,2759,Siprabi Securities Pvt. Ltd.,Imperial Securities Company Pvt. Ltd.,2026-04-10T14:59:11.679542,Synergy Power Development Ltd.
2026041004026435,SPDL,22,57,400,418.0,167200.0,2026-04-10,186057524,2759,Siprabi Securities Pvt. Ltd.,Aryatara Investment & Securities,2026-04-10T14:59:12.331295,Synergy Power Development Ltd.
2026041004026771,SPDL,32,17,1005,418.9,420994.5,2026-04-10,186059577,2759,Premier Securities Company Ltd.,ABC Securities Private Limited,2026-04-10T14:59:41.380084,Synergy Power Development Ltd.
2026041004026772,SPDL,32,34,10,418.9,4189.0,2026-04-10,186059579,2759,Premier Securities Company Ltd.,Vision Securities Pvt. Ltd,2026-04-10T14:59:41.380216,Synergy Power Development Ltd.
2026041004026773,SPDL,32,57,985,419.0,412715.0,2026-04-10,186059582,2759,Premier Securities Company Ltd.,Aryatara Investment & Securities,2026-04-10T14:59:41.380292,Synergy Power Development Ltd.
2026041004026775,SPDL,92,52,200,418.1,83620.0,2026-04-10,186059592,2759,Roadshow securities limited,Sundhara Securities Limited,2026-04-10T14:59:41.444987,Synergy Power Development Ltd.
2026041004026776,SPDL,22,52,300,418.0,125400.0,2026-04-10,186059593,2759,Siprabi Securities Pvt. Ltd.,Sundhara Securities Limited,2026-04-10T14:59:41.445037,Synergy Power Development Ltd.
2026041004026798,SPDL,17,57,15,419.0,6285.0,2026-04-10,186059784,2759,ABC Securities Private Limited,Aryatara Investment & Securities,2026-04-10T14:59:43.169877,Synergy Power Development Ltd.
2026041004026816,SPDL,22,57,150,418.0,62700.0,2026-04-10,186059993,2759,Siprabi Securities Pvt. Ltd.,Aryatara Investment & Securities,2026-04-10T14:59:44.835107,Synergy Power Development Ltd.
2026041004026919,SPDL,58,53,37,418.8,15495.6,2026-04-10,186060737,2759,Naasa Securities Co. Ltd.,Investment Management Nepal Pvt. Ltd.,2026-04-10T14:59:52.520723,Synergy Power Development Ltd.
2026041004026980,SPDL,7,53,20,418.8,8376.0,2026-04-10,186061146,2759,J.F. Securites (PVT) Ltd.,Investment Management Nepal Pvt. Ltd.,2026-04-10T14:59:56.80624,Synergy Power Development Ltd.
2026041004027056,SPDL,17,53,11,418.8,4606.8,2026-04-10,186061396,2759,ABC Securities Private Limited,Investment Management Nepal Pvt. Ltd.,2026-04-10T14:59:57.848968,Synergy Power Development Ltd.
