contract_id,symbol,buyer_member_id,seller_member_id,volume,price,amount,buyer_broker,seller_broker,transaction_time
2026041004000021,UNHPL,44,38,10,532.2,5322.0,Dynamic Money Managers Securities Pvt. Ltd.,Dipshikha Dhitopatra Karobar Co. Pvt Ltd.,2026-04-10T10:46:00.062284
2026041004000022,UNHPL,45,38,10,532.2,5322.0,Imperial Securities Company Pvt. Ltd.,Dipshikha Dhitopatra Karobar Co. Pvt Ltd.,2026-04-10T10:46:00.062332
2026041004000066,UNHPL,41,49,11,513.09,5643.99,Linch Stock Market Ltd.,Online Securities Pvt. Ltd.,2026-04-10T11:00:44.272112
2026041004000236,UNHPL,14,77,10,523.0,5230.0,Nepal Stock House (PVT) Ltd.,Nabil Stock Dealer Ltd.,2026-04-10T11:03:02.512581
2026041004000322,UNHPL,3,77,500,523.0,261500.0,Arun Securities (PVT) Ltd.,Nabil Stock Dealer Ltd.,2026-04-10T11:04:18.026484
2026041004000403,UNHPL,19,77,100,523.0,52300.0,Nepal Investment And Securities Trading Private Limited,Nabil Stock Dealer Ltd.,2026-04-10T11:05:16.582196
2026041004000928,UNHPL,41,28,500,521.9,260950.0,Linch Stock Market Ltd.,Shree Krishna Securities Ltd.,2026-04-10T11:10:39.703181
2026041004001749,UNHPL,4,26,50,519.0,25950.0,Opal Securities Investment (PVT) Ltd.,Asian Securities Private Ltd.,2026-04-10T11:16:37.362968
2026041004001823,UNHPL,4,77,289,519.0,149991.0,Opal Securities Investment (PVT) Ltd.,Nabil Stock Dealer Ltd.,2026-04-10T11:17:24.440934
2026041004001872,UNHPL,19,22,20,519.0,10380.0,Nepal Investment And Securities Trading Private Limited,Siprabi Securities Pvt. Ltd.,2026-04-10T11:18:02.506302
2026041004001904,UNHPL,19,77,80,519.0,41520.0,Nepal Investment And Securities Trading Private Limited,Nabil Stock Dealer Ltd.,2026-04-10T11:18:18.183636
2026041004001985,UNHPL,56,48,10,521.7,5217.0,Sri Hari Securities Pvt. Ltd.,Trishakti Securities Public Limited,2026-04-10T11:18:53.030645
2026041004002083,UNHPL,6,56,400,520.3,208120.0,Agrawal Securities (PVT) Ltd.,Sri Hari Securities Pvt. Ltd.,2026-04-10T11:19:37.615442
2026041004002157,UNHPL,43,42,300,520.4,156120.0,South Asian Bulls Pvt. Ltd.,Sani Securities Company Ltd.,2026-04-10T11:20:12.941823
2026041004002228,UNHPL,38,77,137,520.5,71308.5,Dipshikha Dhitopatra Karobar Co. Pvt Ltd.,Nabil Stock Dealer Ltd.,2026-04-10T11:20:46.254787
2026041004002229,UNHPL,43,77,272,520.4,141548.8,South Asian Bulls Pvt. Ltd.,Nabil Stock Dealer Ltd.,2026-04-10T11:20:46.254946
2026041004002242,UNHPL,43,56,1500,520.4,780600.0,South Asian Bulls Pvt. Ltd.,Sri Hari Securities Pvt. Ltd.,2026-04-10T11:20:52.174643
2026041004002249,UNHPL,62,48,990,521.7,516483.0,Capital Max Securities Ltd,Trishakti Securities Public Limited,2026-04-10T11:20:53.985506
2026041004002250,UNHPL,62,57,2410,522.0,1258020.0,Capital Max Securities Ltd,Aryatara Investment & Securities,2026-04-10T11:20:53.985544
2026041004002306,UNHPL,56,57,90,522.0,46980.0,Sri Hari Securities Pvt. Ltd.,Aryatara Investment & Securities,2026-04-10T11:21:05.36559
2026041004002338,UNHPL,56,42,10,527.0,5270.0,Sri Hari Securities Pvt. Ltd.,Sani Securities Company Ltd.,2026-04-10T11:21:15.540179
2026041004003229,UNHPL,22,56,477,521.0,248517.0,Siprabi Securities Pvt. Ltd.,Sri Hari Securities Pvt. Ltd.,2026-04-10T11:27:51.983485
2026041004003230,UNHPL,57,56,100,520.7,52070.0,Aryatara Investment & Securities,Sri Hari Securities Pvt. Ltd.,2026-04-10T11:27:51.983581
2026041004003231,UNHPL,43,56,40,520.6,20824.0,South Asian Bulls Pvt. Ltd.,Sri Hari Securities Pvt. Ltd.,2026-04-10T11:27:51.983672
2026041004003232,UNHPL,35,56,383,520.5,199351.5,Kohinoor Investment & Securities Pvt. Ltd.,Sri Hari Securities Pvt. Ltd.,2026-04-10T11:27:51.983744
2026041004003241,UNHPL,35,56,87,520.5,45283.5,Kohinoor Investment & Securities Pvt. Ltd.,Sri Hari Securities Pvt. Ltd.,2026-04-10T11:28:00.546638
2026041004003242,UNHPL,35,56,500,520.5,260250.0,Kohinoor Investment & Securities Pvt. Ltd.,Sri Hari Securities Pvt. Ltd.,2026-04-10T11:28:00.546729
2026041004003243,UNHPL,35,56,413,520.4,214925.2,Kohinoor Investment & Securities Pvt. Ltd.,Sri Hari Securities Pvt. Ltd.,2026-04-10T11:28:00.546813
2026041004003255,UNHPL,56,7,50,524.0,26200.0,Sri Hari Securities Pvt. Ltd.,J.F. Securites (PVT) Ltd.,2026-04-10T11:28:07.145768
2026041004003290,UNHPL,56,42,50,524.9,26245.0,Sri Hari Securities Pvt. Ltd.,Sani Securities Company Ltd.,2026-04-10T11:28:16.035574
2026041004003301,UNHPL,56,49,100,525.0,52500.0,Sri Hari Securities Pvt. Ltd.,Online Securities Pvt. Ltd.,2026-04-10T11:28:20.993613
2026041004003302,UNHPL,56,54,150,525.0,78750.0,Sri Hari Securities Pvt. Ltd.,Sewa Securities Pvt. Ltd.,2026-04-10T11:28:20.993886
2026041004003325,UNHPL,56,39,50,525.0,26250.0,Sri Hari Securities Pvt. Ltd.,Sumeru Securities Pvt. Ltd.,2026-04-10T11:28:27.145506
2026041004003332,UNHPL,56,42,100,526.7,52670.0,Sri Hari Securities Pvt. Ltd.,Sani Securities Company Ltd.,2026-04-10T11:28:31.151993
2026041004003361,UNHPL,56,42,50,526.8,26340.0,Sri Hari Securities Pvt. Ltd.,Sani Securities Company Ltd.,2026-04-10T11:28:41.071912
2026041004003362,UNHPL,56,62,50,526.8,26340.0,Sri Hari Securities Pvt. Ltd.,Capital Max Securities Ltd,2026-04-10T11:28:41.448743
2026041004003363,UNHPL,56,62,50,526.7,26335.0,Sri Hari Securities Pvt. Ltd.,Capital Max Securities Ltd,2026-04-10T11:28:41.448886
2026041004003540,UNHPL,56,34,40,524.9,20996.0,Sri Hari Securities Pvt. Ltd.,Vision Securities Pvt. Ltd,2026-04-10T11:29:44.039472
2026041004003682,UNHPL,56,65,1000,525.0,525000.0,Sri Hari Securities Pvt. Ltd.,Sharepro Securities Private Limited,2026-04-10T11:30:46.936906
2026041004003691,UNHPL,56,35,200,525.6,105120.0,Sri Hari Securities Pvt. Ltd.,Kohinoor Investment & Securities Pvt. Ltd.,2026-04-10T11:30:55.042042
2026041004003695,UNHPL,56,39,400,526.0,210400.0,Sri Hari Securities Pvt. Ltd.,Sumeru Securities Pvt. Ltd.,2026-04-10T11:31:00.481886
2026041004003799,UNHPL,56,56,100,526.0,52600.0,Sri Hari Securities Pvt. Ltd.,Sri Hari Securities Pvt. Ltd.,2026-04-10T11:31:45.552886
2026041004003826,UNHPL,56,22,50,525.6,26280.0,Sri Hari Securities Pvt. Ltd.,Siprabi Securities Pvt. Ltd.,2026-04-10T11:31:56.672334
2026041004003883,UNHPL,56,56,900,526.0,473400.0,Sri Hari Securities Pvt. Ltd.,Sri Hari Securities Pvt. Ltd.,2026-04-10T11:32:15.317692
2026041004003884,UNHPL,56,22,100,526.0,52600.0,Sri Hari Securities Pvt. Ltd.,Siprabi Securities Pvt. Ltd.,2026-04-10T11:32:15.317951
2026041004003902,UNHPL,56,62,800,526.5,421200.0,Sri Hari Securities Pvt. Ltd.,Capital Max Securities Ltd,2026-04-10T11:32:32.451
2026041004003994,UNHPL,56,39,50,526.7,26335.0,Sri Hari Securities Pvt. Ltd.,Sumeru Securities Pvt. Ltd.,2026-04-10T11:33:11.523
2026041004004055,UNHPL,56,74,80,525.0,42000.0,Sri Hari Securities Pvt. Ltd.,KALASH STOCK MARKET PVT. LTD.,2026-04-10T11:33:40.861
2026041004004054,UNHPL,56,74,100,526.0,52600.0,Sri Hari Securities Pvt. Ltd.,KALASH STOCK MARKET PVT. LTD.,2026-04-10T11:33:40.861
2026041004004052,UNHPL,56,74,20,526.7,10534.0,Sri Hari Securities Pvt. Ltd.,KALASH STOCK MARKET PVT. LTD.,2026-04-10T11:33:40.861
2026041004004053,UNHPL,56,74,100,526.5,52650.0,Sri Hari Securities Pvt. Ltd.,KALASH STOCK MARKET PVT. LTD.,2026-04-10T11:33:40.861
2026041004004056,UNHPL,35,17,87,526.9,45840.3,Kohinoor Investment & Securities Pvt. Ltd.,ABC Securities Private Limited,2026-04-10T11:33:40.984
2026041004004100,UNHPL,35,17,15,526.9,7903.5,Kohinoor Investment & Securities Pvt. Ltd.,ABC Securities Private Limited,2026-04-10T11:34:03.099
2026041004004213,UNHPL,42,62,10,525.1,5251.0,Sani Securities Company Ltd.,Capital Max Securities Ltd,2026-04-10T11:34:47.044
2026041004004214,UNHPL,56,62,20,525.0,10500.0,Sri Hari Securities Pvt. Ltd.,Capital Max Securities Ltd,2026-04-10T11:34:47.044
2026041004004215,UNHPL,42,62,10,525.0,5250.0,Sani Securities Company Ltd.,Capital Max Securities Ltd,2026-04-10T11:34:47.044
2026041004004216,UNHPL,56,62,10,524.9,5249.0,Sri Hari Securities Pvt. Ltd.,Capital Max Securities Ltd,2026-04-10T11:34:47.044
2026041004004217,UNHPL,56,62,50,524.0,26200.0,Sri Hari Securities Pvt. Ltd.,Capital Max Securities Ltd,2026-04-10T11:34:47.045
2026041004004399,UNHPL,58,74,10,525.0,5250.0,Naasa Securities Co. Ltd.,KALASH STOCK MARKET PVT. LTD.,2026-04-10T11:36:36.575
2026041004004562,UNHPL,67,19,90,522.0,46980.0,Property Wiard Limited,Nepal Investment And Securities Trading Private Limited,2026-04-10T11:37:58.003
2026041004004664,UNHPL,6,56,700,521.1,364770.0,Agrawal Securities (PVT) Ltd.,Sri Hari Securities Pvt. Ltd.,2026-04-10T11:38:37.528
2026041004004663,UNHPL,6,56,370,521.1,192807.0,Agrawal Securities (PVT) Ltd.,Sri Hari Securities Pvt. Ltd.,2026-04-10T11:38:37.528
2026041004004665,UNHPL,6,56,270,520.4,140508.0,Agrawal Securities (PVT) Ltd.,Sri Hari Securities Pvt. Ltd.,2026-04-10T11:38:37.528
2026041004004661,UNHPL,67,56,100,522.0,52200.0,Property Wiard Limited,Sri Hari Securities Pvt. Ltd.,2026-04-10T11:38:37.528
2026041004004662,UNHPL,67,56,150,522.0,78300.0,Property Wiard Limited,Sri Hari Securities Pvt. Ltd.,2026-04-10T11:38:37.528
2026041004004660,UNHPL,67,56,110,522.0,57420.0,Property Wiard Limited,Sri Hari Securities Pvt. Ltd.,2026-04-10T11:38:37.528
2026041004004679,UNHPL,56,65,1000,524.9,524900.0,Sri Hari Securities Pvt. Ltd.,Sharepro Securities Private Limited,2026-04-10T11:38:45.268
2026041004004706,UNHPL,56,74,490,525.0,257250.0,Sri Hari Securities Pvt. Ltd.,KALASH STOCK MARKET PVT. LTD.,2026-04-10T11:38:56.113
2026041004004715,UNHPL,56,42,50,526.0,26300.0,Sri Hari Securities Pvt. Ltd.,Sani Securities Company Ltd.,2026-04-10T11:39:00.343
2026041004004722,UNHPL,56,62,50,526.0,26300.0,Sri Hari Securities Pvt. Ltd.,Capital Max Securities Ltd,2026-04-10T11:39:05.057
2026041004004728,UNHPL,56,22,50,526.8,26340.0,Sri Hari Securities Pvt. Ltd.,Siprabi Securities Pvt. Ltd.,2026-04-10T11:39:07.489
2026041004004727,UNHPL,56,62,50,526.0,26300.0,Sri Hari Securities Pvt. Ltd.,Capital Max Securities Ltd,2026-04-10T11:39:07.489
2026041004004909,UNHPL,56,62,50,526.8,26340.0,Sri Hari Securities Pvt. Ltd.,Capital Max Securities Ltd,2026-04-10T11:40:51.291
2026041004004928,UNHPL,56,62,50,526.8,26340.0,Sri Hari Securities Pvt. Ltd.,Capital Max Securities Ltd,2026-04-10T11:41:04.769
2026041004004973,UNHPL,56,58,10,525.0,5250.0,Sri Hari Securities Pvt. Ltd.,Naasa Securities Co. Ltd.,2026-04-10T11:41:39.122
2026041004005094,UNHPL,56,62,100,524.9,52490.0,Sri Hari Securities Pvt. Ltd.,Capital Max Securities Ltd,2026-04-10T11:43:20.489
2026041004005442,UNHPL,40,56,700,522.1,365470.0,Creative Securities Pvt Ltd,Sri Hari Securities Pvt. Ltd.,2026-04-10T11:47:10.375
2026041004005468,UNHPL,56,17,500,525.0,262500.0,Sri Hari Securities Pvt. Ltd.,ABC Securities Private Limited,2026-04-10T11:47:21.299
2026041004005482,UNHPL,56,17,50,525.0,26250.0,Sri Hari Securities Pvt. Ltd.,ABC Securities Private Limited,2026-04-10T11:47:31.958
2026041004005525,UNHPL,67,56,200,522.0,104400.0,Property Wiard Limited,Sri Hari Securities Pvt. Ltd.,2026-04-10T11:47:51.716
2026041004005524,UNHPL,40,56,300,522.1,156630.0,Creative Securities Pvt Ltd,Sri Hari Securities Pvt. Ltd.,2026-04-10T11:47:51.716
2026041004005540,UNHPL,56,17,460,525.0,241500.0,Sri Hari Securities Pvt. Ltd.,ABC Securities Private Limited,2026-04-10T11:47:56.964
2026041004005547,UNHPL,56,47,10,525.6,5256.0,Sri Hari Securities Pvt. Ltd.,Neev Securities Pvt. Ltd.,2026-04-10T11:48:03.233
2026041004005548,UNHPL,56,42,10,525.7,5257.0,Sri Hari Securities Pvt. Ltd.,Sani Securities Company Ltd.,2026-04-10T11:48:03.233
2026041004005576,UNHPL,56,17,40,525.0,21000.0,Sri Hari Securities Pvt. Ltd.,ABC Securities Private Limited,2026-04-10T11:48:17.918
2026041004005592,UNHPL,17,84,54,521.0,28134.0,ABC Securities Private Limited,MILKY WAY SHARE BROKER COMPANY LTD ,2026-04-10T11:48:37.135
2026041004005590,UNHPL,67,84,50,522.0,26100.0,Property Wiard Limited,MILKY WAY SHARE BROKER COMPANY LTD ,2026-04-10T11:48:37.135
2026041004005591,UNHPL,67,84,100,522.0,52200.0,Property Wiard Limited,MILKY WAY SHARE BROKER COMPANY LTD ,2026-04-10T11:48:37.135
2026041004005972,UNHPL,17,58,60,521.0,31260.0,ABC Securities Private Limited,Naasa Securities Co. Ltd.,2026-04-10T11:53:20.162
2026041004006058,UNHPL,17,42,50,521.0,26050.0,ABC Securities Private Limited,Sani Securities Company Ltd.,2026-04-10T11:54:35.116
2026041004006485,UNHPL,66,42,64,520.6,33318.4,Miyo Securities Pvt Ltd,Sani Securities Company Ltd.,2026-04-10T11:59:56.289
2026041004006484,UNHPL,17,42,36,521.0,18756.0,ABC Securities Private Limited,Sani Securities Company Ltd.,2026-04-10T11:59:56.289
2026041004006630,UNHPL,6,56,350,520.4,182140.0,Agrawal Securities (PVT) Ltd.,Sri Hari Securities Pvt. Ltd.,2026-04-10T12:01:45.606
2026041004006631,UNHPL,35,56,1000,520.4,520400.0,Kohinoor Investment & Securities Pvt. Ltd.,Sri Hari Securities Pvt. Ltd.,2026-04-10T12:01:45.606
2026041004006628,UNHPL,42,56,500,520.5,260250.0,Sani Securities Company Ltd.,Sri Hari Securities Pvt. Ltd.,2026-04-10T12:01:45.606
2026041004006627,UNHPL,66,56,86,520.6,44771.6,Miyo Securities Pvt Ltd,Sri Hari Securities Pvt. Ltd.,2026-04-10T12:01:45.606
2026041004006629,UNHPL,35,56,1000,520.5,520500.0,Kohinoor Investment & Securities Pvt. Ltd.,Sri Hari Securities Pvt. Ltd.,2026-04-10T12:01:45.606
2026041004006658,UNHPL,56,10,500,522.9,261450.0,Sri Hari Securities Pvt. Ltd.,Pragyan Securities (PVT) Ltd.,2026-04-10T12:01:55.645
2026041004006683,UNHPL,56,65,1000,523.0,523000.0,Sri Hari Securities Pvt. Ltd.,Sharepro Securities Private Limited,2026-04-10T12:02:02.290185
2026041004006821,UNHPL,56,42,100,523.0,52300.0,Sri Hari Securities Pvt. Ltd.,Sani Securities Company Ltd.,2026-04-10T12:03:54.12812
2026041004006873,UNHPL,42,56,500,520.5,260250.0,Sani Securities Company Ltd.,Sri Hari Securities Pvt. Ltd.,2026-04-10T12:04:22.247496
2026041004006874,UNHPL,58,56,760,520.4,395504.0,Naasa Securities Co. Ltd.,Sri Hari Securities Pvt. Ltd.,2026-04-10T12:04:22.247583
2026041004006875,UNHPL,58,56,140,520.4,72856.0,Naasa Securities Co. Ltd.,Sri Hari Securities Pvt. Ltd.,2026-04-10T12:04:22.247657
2026041004006879,UNHPL,58,65,1000,523.9,523900.0,Naasa Securities Co. Ltd.,Sharepro Securities Private Limited,2026-04-10T12:04:27.395402
2026041004006908,UNHPL,56,42,50,524.0,26200.0,Sri Hari Securities Pvt. Ltd.,Sani Securities Company Ltd.,2026-04-10T12:04:46.241511
2026041004006909,UNHPL,56,45,585,524.0,306540.0,Sri Hari Securities Pvt. Ltd.,Imperial Securities Company Pvt. Ltd.,2026-04-10T12:04:46.241722
2026041004006911,UNHPL,56,42,50,524.0,26200.0,Sri Hari Securities Pvt. Ltd.,Sani Securities Company Ltd.,2026-04-10T12:04:46.939833
2026041004006995,UNHPL,56,62,15,524.0,7860.0,Sri Hari Securities Pvt. Ltd.,Capital Max Securities Ltd,2026-04-10T12:05:35.817135
2026041004007016,UNHPL,56,62,1100,523.9,576290.0,Sri Hari Securities Pvt. Ltd.,Capital Max Securities Ltd,2026-04-10T12:05:50.775139
2026041004007331,UNHPL,35,59,500,520.5,260250.0,Kohinoor Investment & Securities Pvt. Ltd.,Deevyaa Securities & Stock House Pvt. Ltd,2026-04-10T12:08:22.767621
2026041004007454,UNHPL,19,59,80,520.5,41640.0,Nepal Investment And Securities Trading Private Limited,Deevyaa Securities & Stock House Pvt. Ltd,2026-04-10T12:09:22.047993
2026041004007579,UNHPL,58,56,500,520.4,260200.0,Naasa Securities Co. Ltd.,Sri Hari Securities Pvt. Ltd.,2026-04-10T12:10:14.828903
2026041004007939,UNHPL,19,13,105,521.0,54705.0,Nepal Investment And Securities Trading Private Limited,Thrive Brokerage House Pvt. Ltd,2026-04-10T12:12:30.99396
2026041004008031,UNHPL,35,66,500,520.5,260250.0,Kohinoor Investment & Securities Pvt. Ltd.,Miyo Securities Pvt Ltd,2026-04-10T12:13:01.618713
2026041004008374,UNHPL,67,38,340,520.6,177004.0,Property Wiard Limited,Dipshikha Dhitopatra Karobar Co. Pvt Ltd.,2026-04-10T12:15:20.401648
2026041004009054,UNHPL,67,14,260,520.6,135356.0,Property Wiard Limited,Nepal Stock House (PVT) Ltd.,2026-04-10T12:18:58.641215
2026041004009055,UNHPL,35,14,500,520.5,260250.0,Kohinoor Investment & Securities Pvt. Ltd.,Nepal Stock House (PVT) Ltd.,2026-04-10T12:18:58.641522
2026041004009056,UNHPL,58,14,80,520.4,41632.0,Naasa Securities Co. Ltd.,Nepal Stock House (PVT) Ltd.,2026-04-10T12:18:58.641717
2026041004009057,UNHPL,56,14,160,520.3,83248.0,Sri Hari Securities Pvt. Ltd.,Nepal Stock House (PVT) Ltd.,2026-04-10T12:18:58.641906
2026041004009243,UNHPL,56,17,840,520.3,437052.0,Sri Hari Securities Pvt. Ltd.,ABC Securities Private Limited,2026-04-10T12:19:48.577789
2026041004009244,UNHPL,56,17,5000,520.2,2601000.0,Sri Hari Securities Pvt. Ltd.,ABC Securities Private Limited,2026-04-10T12:19:48.577898
2026041004009245,UNHPL,56,17,1660,520.1,863366.0,Sri Hari Securities Pvt. Ltd.,ABC Securities Private Limited,2026-04-10T12:19:48.577974
2026041004009273,UNHPL,56,17,340,520.1,176834.0,Sri Hari Securities Pvt. Ltd.,ABC Securities Private Limited,2026-04-10T12:20:04.311967
2026041004009322,UNHPL,56,17,120,520.0,62400.0,Sri Hari Securities Pvt. Ltd.,ABC Securities Private Limited,2026-04-10T12:20:18.598038
2026041004009381,UNHPL,56,72,500,520.0,260000.0,Sri Hari Securities Pvt. Ltd.,Hatemalo Financial Services Private Limited,2026-04-10T12:20:34.940973
2026041004009407,UNHPL,56,45,510,520.0,265200.0,Sri Hari Securities Pvt. Ltd.,Imperial Securities Company Pvt. Ltd.,2026-04-10T12:20:47.44326
2026041004009440,UNHPL,56,85,3120,520.0,1622400.0,Sri Hari Securities Pvt. Ltd.,Capital Hub P. Ltd,2026-04-10T12:20:55.96493
2026041004009475,UNHPL,56,44,1000,520.0,520000.0,Sri Hari Securities Pvt. Ltd.,Dynamic Money Managers Securities Pvt. Ltd.,2026-04-10T12:21:10.214835
2026041004009567,UNHPL,56,42,100,520.0,52000.0,Sri Hari Securities Pvt. Ltd.,Sani Securities Company Ltd.,2026-04-10T12:21:39.026656
2026041004009573,UNHPL,56,81,800,520.0,416000.0,Sri Hari Securities Pvt. Ltd.,Aakashbhairab Securities Ltd.,2026-04-10T12:21:41.862024
2026041004009578,UNHPL,56,42,50,521.9,26095.0,Sri Hari Securities Pvt. Ltd.,Sani Securities Company Ltd.,2026-04-10T12:21:42.968606
2026041004009579,UNHPL,56,32,54,521.9,28182.6,Sri Hari Securities Pvt. Ltd.,Premier Securities Company Ltd.,2026-04-10T12:21:42.96876
2026041004009614,UNHPL,56,42,50,523.8,26190.0,Sri Hari Securities Pvt. Ltd.,Sani Securities Company Ltd.,2026-04-10T12:21:51.294718
2026041004009637,UNHPL,56,35,125,523.9,65487.5,Sri Hari Securities Pvt. Ltd.,Kohinoor Investment & Securities Pvt. Ltd.,2026-04-10T12:21:57.681832
2026041004009710,UNHPL,56,32,25,523.9,13097.5,Sri Hari Securities Pvt. Ltd.,Premier Securities Company Ltd.,2026-04-10T12:22:13.974949
2026041004009774,UNHPL,56,3,50,523.8,26190.0,Sri Hari Securities Pvt. Ltd.,Arun Securities (PVT) Ltd.,2026-04-10T12:22:36.659793
2026041004010251,UNHPL,56,40,62,521.9,32357.8,Sri Hari Securities Pvt. Ltd.,Creative Securities Pvt Ltd,2026-04-10T12:25:23.427599
2026041004010419,UNHPL,56,91,100,522.8,52280.0,Sri Hari Securities Pvt. Ltd.,Citizens Share Broker Limited,2026-04-10T12:26:29.095227
2026041004010567,UNHPL,56,74,20,522.8,10456.0,Sri Hari Securities Pvt. Ltd.,KALASH STOCK MARKET PVT. LTD.,2026-04-10T12:27:19.414587
2026041004010815,UNHPL,35,74,580,522.0,302760.0,Kohinoor Investment & Securities Pvt. Ltd.,KALASH STOCK MARKET PVT. LTD.,2026-04-10T12:29:07.296665
2026041004011081,UNHPL,41,3,950,523.0,496850.0,Linch Stock Market Ltd.,Arun Securities (PVT) Ltd.,2026-04-10T12:30:46.496793
2026041004011082,UNHPL,41,42,50,523.9,26195.0,Linch Stock Market Ltd.,Sani Securities Company Ltd.,2026-04-10T12:30:46.496896
2026041004011155,UNHPL,56,19,34,521.9,17744.6,Sri Hari Securities Pvt. Ltd.,Nepal Investment And Securities Trading Private Limited,2026-04-10T12:31:36.389396
2026041004011156,UNHPL,34,19,58,520.2,30171.6,Vision Securities Pvt. Ltd,Nepal Investment And Securities Trading Private Limited,2026-04-10T12:31:36.389608
2026041004011157,UNHPL,80,19,908,520.2,472341.6,Indira securities pvt. ltd,Nepal Investment And Securities Trading Private Limited,2026-04-10T12:31:36.389717
2026041004011246,UNHPL,4,56,40,522.0,20880.0,Opal Securities Investment (PVT) Ltd.,Sri Hari Securities Pvt. Ltd.,2026-04-10T12:32:19.299708
2026041004011247,UNHPL,34,56,500,520.3,260150.0,Vision Securities Pvt. Ltd,Sri Hari Securities Pvt. Ltd.,2026-04-10T12:32:19.300014
2026041004011248,UNHPL,80,56,92,520.2,47858.4,Indira securities pvt. ltd,Sri Hari Securities Pvt. Ltd.,2026-04-10T12:32:19.3002
2026041004011249,UNHPL,80,56,1000,520.2,520200.0,Indira securities pvt. ltd,Sri Hari Securities Pvt. Ltd.,2026-04-10T12:32:19.3004
2026041004011250,UNHPL,35,56,1000,520.1,520100.0,Kohinoor Investment & Securities Pvt. Ltd.,Sri Hari Securities Pvt. Ltd.,2026-04-10T12:32:19.300575
2026041004011251,UNHPL,41,56,1000,520.1,520100.0,Linch Stock Market Ltd.,Sri Hari Securities Pvt. Ltd.,2026-04-10T12:32:19.300753
2026041004011252,UNHPL,35,56,900,520.0,468000.0,Kohinoor Investment & Securities Pvt. Ltd.,Sri Hari Securities Pvt. Ltd.,2026-04-10T12:32:19.300948
2026041004011253,UNHPL,35,56,900,520.0,468000.0,Kohinoor Investment & Securities Pvt. Ltd.,Sri Hari Securities Pvt. Ltd.,2026-04-10T12:32:19.301123
2026041004011254,UNHPL,35,56,568,520.0,295360.0,Kohinoor Investment & Securities Pvt. Ltd.,Sri Hari Securities Pvt. Ltd.,2026-04-10T12:32:19.301305
2026041004011275,UNHPL,56,42,50,523.9,26195.0,Sri Hari Securities Pvt. Ltd.,Sani Securities Company Ltd.,2026-04-10T12:32:26.416603
2026041004011283,UNHPL,56,89,50,524.0,26200.0,Sri Hari Securities Pvt. Ltd.,Global IME Securities Limited,2026-04-10T12:32:32.490922
2026041004011284,UNHPL,56,62,50,524.0,26200.0,Sri Hari Securities Pvt. Ltd.,Capital Max Securities Ltd,2026-04-10T12:32:32.491094
2026041004011285,UNHPL,56,65,1000,524.0,524000.0,Sri Hari Securities Pvt. Ltd.,Sharepro Securities Private Limited,2026-04-10T12:32:32.491159
2026041004011286,UNHPL,56,87,200,524.0,104800.0,Sri Hari Securities Pvt. Ltd.,S.P.S.A. Securities Limited,2026-04-10T12:32:32.49122
2026041004011287,UNHPL,56,49,14,524.0,7336.0,Sri Hari Securities Pvt. Ltd.,Online Securities Pvt. Ltd.,2026-04-10T12:32:32.491282
2026041004011299,UNHPL,56,65,1000,524.2,524200.0,Sri Hari Securities Pvt. Ltd.,Sharepro Securities Private Limited,2026-04-10T12:32:37.600119
2026041004011335,UNHPL,56,62,100,524.2,52420.0,Sri Hari Securities Pvt. Ltd.,Capital Max Securities Ltd,2026-04-10T12:32:52.245154
2026041004011364,UNHPL,56,74,186,524.0,97464.0,Sri Hari Securities Pvt. Ltd.,KALASH STOCK MARKET PVT. LTD.,2026-04-10T12:33:12.947897
2026041004011423,UNHPL,56,42,10,523.9,5239.0,Sri Hari Securities Pvt. Ltd.,Sani Securities Company Ltd.,2026-04-10T12:33:49.248192
2026041004011509,UNHPL,56,48,40,523.9,20956.0,Sri Hari Securities Pvt. Ltd.,Trishakti Securities Public Limited,2026-04-10T12:34:38.635231
2026041004011510,UNHPL,34,48,20,520.3,10406.0,Vision Securities Pvt. Ltd,Trishakti Securities Public Limited,2026-04-10T12:34:38.635276
2026041004011511,UNHPL,90,48,300,520.2,156060.0,Sajilo Broker Limited,Trishakti Securities Public Limited,2026-04-10T12:34:38.635324
2026041004011512,UNHPL,35,48,332,520.0,172640.0,Kohinoor Investment & Securities Pvt. Ltd.,Trishakti Securities Public Limited,2026-04-10T12:34:38.635349
2026041004011513,UNHPL,35,48,900,520.0,468000.0,Kohinoor Investment & Securities Pvt. Ltd.,Trishakti Securities Public Limited,2026-04-10T12:34:38.635373
2026041004011514,UNHPL,62,48,100,520.0,52000.0,Capital Max Securities Ltd,Trishakti Securities Public Limited,2026-04-10T12:34:38.635394
2026041004011515,UNHPL,32,48,10,519.9,5199.0,Premier Securities Company Ltd.,Trishakti Securities Public Limited,2026-04-10T12:34:38.635419
2026041004011516,UNHPL,42,48,298,519.0,154662.0,Sani Securities Company Ltd.,Trishakti Securities Public Limited,2026-04-10T12:34:38.635444
2026041004011957,UNHPL,49,74,11,523.8,5761.8,Online Securities Pvt. Ltd.,KALASH STOCK MARKET PVT. LTD.,2026-04-10T12:38:04.61485
2026041004012306,UNHPL,4,62,30,522.8,15684.0,Opal Securities Investment (PVT) Ltd.,Capital Max Securities Ltd,2026-04-10T12:40:23.197503
2026041004012515,UNHPL,56,62,50,523.5,26175.0,Sri Hari Securities Pvt. Ltd.,Capital Max Securities Ltd,2026-04-10T12:42:48.309857
2026041004012578,UNHPL,56,62,50,523.5,26175.0,Sri Hari Securities Pvt. Ltd.,Capital Max Securities Ltd,2026-04-10T12:43:48.962498
2026041004012864,UNHPL,62,52,50,519.1,25955.0,Capital Max Securities Ltd,Sundhara Securities Limited,2026-04-10T12:47:52.379079
2026041004012903,UNHPL,62,56,50,519.1,25955.0,Capital Max Securities Ltd,Sri Hari Securities Pvt. Ltd.,2026-04-10T12:48:20.800059
2026041004012904,UNHPL,62,56,50,519.1,25955.0,Capital Max Securities Ltd,Sri Hari Securities Pvt. Ltd.,2026-04-10T12:48:20.800148
2026041004012905,UNHPL,42,56,202,519.0,104838.0,Sani Securities Company Ltd.,Sri Hari Securities Pvt. Ltd.,2026-04-10T12:48:20.80022
2026041004012906,UNHPL,49,56,50,519.0,25950.0,Online Securities Pvt. Ltd.,Sri Hari Securities Pvt. Ltd.,2026-04-10T12:48:20.800281
2026041004012907,UNHPL,41,56,1000,518.5,518500.0,Linch Stock Market Ltd.,Sri Hari Securities Pvt. Ltd.,2026-04-10T12:48:20.800383
2026041004012908,UNHPL,35,56,648,518.4,335923.2,Kohinoor Investment & Securities Pvt. Ltd.,Sri Hari Securities Pvt. Ltd.,2026-04-10T12:48:20.800447
2026041004012910,UNHPL,56,36,100,519.1,51910.0,Sri Hari Securities Pvt. Ltd.,Secured Securities Ltd.,2026-04-10T12:48:24.538103
2026041004012916,UNHPL,56,62,50,523.5,26175.0,Sri Hari Securities Pvt. Ltd.,Capital Max Securities Ltd,2026-04-10T12:48:30.976819
2026041004012920,UNHPL,56,45,180,523.6,94248.0,Sri Hari Securities Pvt. Ltd.,Imperial Securities Company Pvt. Ltd.,2026-04-10T12:48:36.849217
2026041004012938,UNHPL,56,62,20,523.6,10472.0,Sri Hari Securities Pvt. Ltd.,Capital Max Securities Ltd,2026-04-10T12:48:57.953727
2026041004012949,UNHPL,56,62,50,523.5,26175.0,Sri Hari Securities Pvt. Ltd.,Capital Max Securities Ltd,2026-04-10T12:49:05.796185
2026041004012964,UNHPL,56,62,50,523.0,26150.0,Sri Hari Securities Pvt. Ltd.,Capital Max Securities Ltd,2026-04-10T12:49:15.535234
2026041004013046,UNHPL,42,56,570,519.0,295830.0,Sani Securities Company Ltd.,Sri Hari Securities Pvt. Ltd.,2026-04-10T12:50:20.439198
2026041004013047,UNHPL,39,56,430,519.0,223170.0,Sumeru Securities Pvt. Ltd.,Sri Hari Securities Pvt. Ltd.,2026-04-10T12:50:20.439552
2026041004013055,UNHPL,56,42,50,523.0,26150.0,Sri Hari Securities Pvt. Ltd.,Sani Securities Company Ltd.,2026-04-10T12:50:23.808163
2026041004013060,UNHPL,56,62,50,523.6,26180.0,Sri Hari Securities Pvt. Ltd.,Capital Max Securities Ltd,2026-04-10T12:50:30.327798
2026041004013076,UNHPL,56,62,20,523.6,10472.0,Sri Hari Securities Pvt. Ltd.,Capital Max Securities Ltd,2026-04-10T12:50:59.157791
2026041004013077,UNHPL,56,62,50,523.0,26150.0,Sri Hari Securities Pvt. Ltd.,Capital Max Securities Ltd,2026-04-10T12:50:59.158014
2026041004013563,UNHPL,62,56,70,519.1,36337.0,Capital Max Securities Ltd,Sri Hari Securities Pvt. Ltd.,2026-04-10T12:59:21.498993
2026041004013564,UNHPL,34,56,1000,519.1,519100.0,Vision Securities Pvt. Ltd,Sri Hari Securities Pvt. Ltd.,2026-04-10T12:59:21.499087
2026041004013565,UNHPL,39,56,570,519.0,295830.0,Sumeru Securities Pvt. Ltd.,Sri Hari Securities Pvt. Ltd.,2026-04-10T12:59:21.499167
2026041004013566,UNHPL,49,56,500,519.0,259500.0,Online Securities Pvt. Ltd.,Sri Hari Securities Pvt. Ltd.,2026-04-10T12:59:21.499224
2026041004013567,UNHPL,35,56,352,518.4,182476.8,Kohinoor Investment & Securities Pvt. Ltd.,Sri Hari Securities Pvt. Ltd.,2026-04-10T12:59:21.499297
2026041004013568,UNHPL,67,56,600,518.4,311040.0,Property Wiard Limited,Sri Hari Securities Pvt. Ltd.,2026-04-10T12:59:21.499432
2026041004013569,UNHPL,34,56,1000,518.4,518400.0,Vision Securities Pvt. Ltd,Sri Hari Securities Pvt. Ltd.,2026-04-10T12:59:21.499507
2026041004013570,UNHPL,62,56,100,518.3,51830.0,Capital Max Securities Ltd,Sri Hari Securities Pvt. Ltd.,2026-04-10T12:59:21.499585
2026041004013571,UNHPL,22,56,50,518.3,25915.0,Siprabi Securities Pvt. Ltd.,Sri Hari Securities Pvt. Ltd.,2026-04-10T12:59:21.499658
2026041004013572,UNHPL,44,56,758,518.3,392871.4,Dynamic Money Managers Securities Pvt. Ltd.,Sri Hari Securities Pvt. Ltd.,2026-04-10T12:59:21.499729
2026041004013592,UNHPL,44,56,242,518.3,125428.6,Dynamic Money Managers Securities Pvt. Ltd.,Sri Hari Securities Pvt. Ltd.,2026-04-10T12:59:44.225577
2026041004013593,UNHPL,35,56,1000,518.1,518100.0,Kohinoor Investment & Securities Pvt. Ltd.,Sri Hari Securities Pvt. Ltd.,2026-04-10T12:59:44.225678
2026041004013594,UNHPL,34,56,1000,518.1,518100.0,Vision Securities Pvt. Ltd,Sri Hari Securities Pvt. Ltd.,2026-04-10T12:59:44.225758
2026041004013595,UNHPL,22,56,35,518.0,18130.0,Siprabi Securities Pvt. Ltd.,Sri Hari Securities Pvt. Ltd.,2026-04-10T12:59:44.225834
2026041004013612,UNHPL,56,45,10,522.9,5229.0,Sri Hari Securities Pvt. Ltd.,Imperial Securities Company Pvt. Ltd.,2026-04-10T12:59:56.974838
2026041004013619,UNHPL,56,8,10,523.0,5230.0,Sri Hari Securities Pvt. Ltd.,Brilliant Securities Pvt. Ltd.,2026-04-10T13:00:04.523636
2026041004013629,UNHPL,56,62,90,522.9,47061.0,Sri Hari Securities Pvt. Ltd.,Capital Max Securities Ltd,2026-04-10T13:00:13.455266
2026041004013993,UNHPL,58,56,1000,519.0,519000.0,Naasa Securities Co. Ltd.,Sri Hari Securities Pvt. Ltd.,2026-04-10T13:07:19.145529
2026041004013994,UNHPL,58,56,700,518.6,363020.0,Naasa Securities Co. Ltd.,Sri Hari Securities Pvt. Ltd.,2026-04-10T13:07:19.145611
2026041004013995,UNHPL,95,56,200,518.6,103720.0,Magnet Securities and Investment Company Private Limited,Sri Hari Securities Pvt. Ltd.,2026-04-10T13:07:19.145642
2026041004013996,UNHPL,43,56,100,518.5,51850.0,South Asian Bulls Pvt. Ltd.,Sri Hari Securities Pvt. Ltd.,2026-04-10T13:07:19.145664
2026041004013998,UNHPL,56,45,200,522.8,104560.0,Sri Hari Securities Pvt. Ltd.,Imperial Securities Company Pvt. Ltd.,2026-04-10T13:07:24.155946
2026041004014002,UNHPL,56,42,50,522.9,26145.0,Sri Hari Securities Pvt. Ltd.,Sani Securities Company Ltd.,2026-04-10T13:07:30.759061
2026041004014082,UNHPL,56,11,10,522.9,5229.0,Sri Hari Securities Pvt. Ltd.,Malla & Malla Stock Broking Company Pvt. Limited,2026-04-10T13:09:32.642031
2026041004014160,UNHPL,56,101,40,522.9,20916.0,Sri Hari Securities Pvt. Ltd.,APPLE SECURITIES PRIVATE LIMITED,2026-04-10T13:10:38.620301
2026041004014161,UNHPL,56,101,50,522.8,26140.0,Sri Hari Securities Pvt. Ltd.,APPLE SECURITIES PRIVATE LIMITED,2026-04-10T13:10:38.620622
2026041004014178,UNHPL,43,56,200,518.5,103700.0,South Asian Bulls Pvt. Ltd.,Sri Hari Securities Pvt. Ltd.,2026-04-10T13:11:03.393233
2026041004014179,UNHPL,58,56,800,518.2,414560.0,Naasa Securities Co. Ltd.,Sri Hari Securities Pvt. Ltd.,2026-04-10T13:11:03.393357
2026041004014182,UNHPL,56,101,10,522.0,5220.0,Sri Hari Securities Pvt. Ltd.,APPLE SECURITIES PRIVATE LIMITED,2026-04-10T13:11:09.059079
2026041004014215,UNHPL,56,101,40,522.0,20880.0,Sri Hari Securities Pvt. Ltd.,APPLE SECURITIES PRIVATE LIMITED,2026-04-10T13:11:49.243784
2026041004014234,UNHPL,56,101,60,522.0,31320.0,Sri Hari Securities Pvt. Ltd.,APPLE SECURITIES PRIVATE LIMITED,2026-04-10T13:11:59.523865
2026041004014252,UNHPL,56,101,40,522.0,20880.0,Sri Hari Securities Pvt. Ltd.,APPLE SECURITIES PRIVATE LIMITED,2026-04-10T13:12:18.591666
2026041004014360,UNHPL,74,56,2000,518.4,1036800.0,KALASH STOCK MARKET PVT. LTD.,Sri Hari Securities Pvt. Ltd.,2026-04-10T13:14:00.901162
2026041004014361,UNHPL,17,56,500,518.3,259150.0,ABC Securities Private Limited,Sri Hari Securities Pvt. Ltd.,2026-04-10T13:14:00.901539
2026041004014362,UNHPL,34,56,940,518.3,487202.0,Vision Securities Pvt. Ltd,Sri Hari Securities Pvt. Ltd.,2026-04-10T13:14:00.901748
2026041004014363,UNHPL,62,56,90,518.1,46629.0,Capital Max Securities Ltd,Sri Hari Securities Pvt. Ltd.,2026-04-10T13:14:00.901938
2026041004014364,UNHPL,49,56,470,518.1,243507.0,Online Securities Pvt. Ltd.,Sri Hari Securities Pvt. Ltd.,2026-04-10T13:14:00.902118
2026041004014365,UNHPL,56,101,60,522.9,31374.0,Sri Hari Securities Pvt. Ltd.,APPLE SECURITIES PRIVATE LIMITED,2026-04-10T13:14:05.075135
2026041004014366,UNHPL,56,101,100,522.9,52290.0,Sri Hari Securities Pvt. Ltd.,APPLE SECURITIES PRIVATE LIMITED,2026-04-10T13:14:05.07537
2026041004014409,UNHPL,56,101,40,522.9,20916.0,Sri Hari Securities Pvt. Ltd.,APPLE SECURITIES PRIVATE LIMITED,2026-04-10T13:14:57.160031
2026041004014887,UNHPL,48,45,100,522.0,52200.0,Trishakti Securities Public Limited,Imperial Securities Company Pvt. Ltd.,2026-04-10T13:21:31.257262
2026041004015205,UNHPL,48,42,50,520.7,26035.0,Trishakti Securities Public Limited,Sani Securities Company Ltd.,2026-04-10T13:24:58.907542
2026041004015394,UNHPL,7,20,300,521.0,156300.0,J.F. Securites (PVT) Ltd.,Sipla Securities Private Limited,2026-04-10T13:26:55.183354
2026041004015651,UNHPL,58,20,35,521.0,18235.0,Naasa Securities Co. Ltd.,Sipla Securities Private Limited,2026-04-10T13:30:14.630471
2026041004015826,UNHPL,48,7,50,520.7,26035.0,Trishakti Securities Public Limited,J.F. Securites (PVT) Ltd.,2026-04-10T13:32:07.198518
2026041004016193,UNHPL,49,67,10,520.6,5206.0,Online Securities Pvt. Ltd.,Property Wiard Limited,2026-04-10T13:36:29.261651
2026041004016194,UNHPL,49,67,10,520.5,5205.0,Online Securities Pvt. Ltd.,Property Wiard Limited,2026-04-10T13:36:29.261861
2026041004016195,UNHPL,49,67,10,520.4,5204.0,Online Securities Pvt. Ltd.,Property Wiard Limited,2026-04-10T13:36:29.261935
2026041004016196,UNHPL,49,67,10,520.3,5203.0,Online Securities Pvt. Ltd.,Property Wiard Limited,2026-04-10T13:36:29.262081
2026041004016197,UNHPL,49,67,10,520.2,5202.0,Online Securities Pvt. Ltd.,Property Wiard Limited,2026-04-10T13:36:29.262293
2026041004016198,UNHPL,56,67,50,520.1,26005.0,Sri Hari Securities Pvt. Ltd.,Property Wiard Limited,2026-04-10T13:36:29.26254
2026041004016217,UNHPL,17,20,165,521.0,85965.0,ABC Securities Private Limited,Sipla Securities Private Limited,2026-04-10T13:36:59.461715
2026041004016218,UNHPL,17,21,735,521.0,382935.0,ABC Securities Private Limited,Midas Stock Broking Company Private Limited,2026-04-10T13:36:59.462064
2026041004016296,UNHPL,56,21,50,520.1,26005.0,Sri Hari Securities Pvt. Ltd.,Midas Stock Broking Company Private Limited,2026-04-10T13:37:54.44873
2026041004016297,UNHPL,56,21,100,520.0,52000.0,Sri Hari Securities Pvt. Ltd.,Midas Stock Broking Company Private Limited,2026-04-10T13:37:54.448827
2026041004016298,UNHPL,17,21,500,519.0,259500.0,ABC Securities Private Limited,Midas Stock Broking Company Private Limited,2026-04-10T13:37:54.448923
2026041004016622,UNHPL,35,21,10,521.0,5210.0,Kohinoor Investment & Securities Pvt. Ltd.,Midas Stock Broking Company Private Limited,2026-04-10T13:41:15.759117
2026041004016626,UNHPL,58,21,200,519.0,103800.0,Naasa Securities Co. Ltd.,Midas Stock Broking Company Private Limited,2026-04-10T13:41:17.771912
2026041004016627,UNHPL,66,21,100,519.0,51900.0,Miyo Securities Pvt Ltd,Midas Stock Broking Company Private Limited,2026-04-10T13:41:17.771951
2026041004016628,UNHPL,66,21,150,518.3,77745.0,Miyo Securities Pvt Ltd,Midas Stock Broking Company Private Limited,2026-04-10T13:41:17.771978
2026041004016629,UNHPL,67,21,50,518.3,25915.0,Property Wiard Limited,Midas Stock Broking Company Private Limited,2026-04-10T13:41:17.772003
2026041004016630,UNHPL,67,21,500,518.3,259150.0,Property Wiard Limited,Midas Stock Broking Company Private Limited,2026-04-10T13:41:17.77203
2026041004016695,UNHPL,35,21,132,521.0,68772.0,Kohinoor Investment & Securities Pvt. Ltd.,Midas Stock Broking Company Private Limited,2026-04-10T13:41:50.429426
2026041004016850,UNHPL,67,56,100,518.3,51830.0,Property Wiard Limited,Sri Hari Securities Pvt. Ltd.,2026-04-10T13:42:58.48157
2026041004016851,UNHPL,67,56,50,518.3,25915.0,Property Wiard Limited,Sri Hari Securities Pvt. Ltd.,2026-04-10T13:42:58.48189
2026041004016852,UNHPL,58,56,1000,518.2,518200.0,Naasa Securities Co. Ltd.,Sri Hari Securities Pvt. Ltd.,2026-04-10T13:42:58.482097
2026041004016853,UNHPL,34,56,1000,518.2,518200.0,Vision Securities Pvt. Ltd,Sri Hari Securities Pvt. Ltd.,2026-04-10T13:42:58.4823
2026041004016854,UNHPL,49,56,30,518.1,15543.0,Online Securities Pvt. Ltd.,Sri Hari Securities Pvt. Ltd.,2026-04-10T13:42:58.482519
2026041004016855,UNHPL,34,56,1820,518.1,942942.0,Vision Securities Pvt. Ltd,Sri Hari Securities Pvt. Ltd.,2026-04-10T13:42:58.482717
2026041004016876,UNHPL,56,21,1123,521.0,585083.0,Sri Hari Securities Pvt. Ltd.,Midas Stock Broking Company Private Limited,2026-04-10T13:43:06.338956
2026041004016892,UNHPL,56,42,50,521.9,26095.0,Sri Hari Securities Pvt. Ltd.,Sani Securities Company Ltd.,2026-04-10T13:43:11.635154
2026041004016944,UNHPL,56,6,10,522.0,5220.0,Sri Hari Securities Pvt. Ltd.,Agrawal Securities (PVT) Ltd.,2026-04-10T13:43:15.622246
2026041004016975,UNHPL,56,6,290,522.0,151380.0,Sri Hari Securities Pvt. Ltd.,Agrawal Securities (PVT) Ltd.,2026-04-10T13:43:29.431278
2026041004016982,UNHPL,56,42,50,522.8,26140.0,Sri Hari Securities Pvt. Ltd.,Sani Securities Company Ltd.,2026-04-10T13:43:32.954505
2026041004016994,UNHPL,35,42,1,520.0,520.0,Kohinoor Investment & Securities Pvt. Ltd.,Sani Securities Company Ltd.,2026-04-10T13:43:41.214539
2026041004017055,UNHPL,37,101,60,522.9,31374.0,Swarna Laxmi Securities Pvt. Ltd.,APPLE SECURITIES PRIVATE LIMITED,2026-04-10T13:44:20.779429
2026041004017056,UNHPL,37,101,100,522.9,52290.0,Swarna Laxmi Securities Pvt. Ltd.,APPLE SECURITIES PRIVATE LIMITED,2026-04-10T13:44:20.779721
2026041004017057,UNHPL,37,8,287,523.0,150101.0,Swarna Laxmi Securities Pvt. Ltd.,Brilliant Securities Pvt. Ltd.,2026-04-10T13:44:20.779917
2026041004017060,UNHPL,56,42,10,522.8,5228.0,Sri Hari Securities Pvt. Ltd.,Sani Securities Company Ltd.,2026-04-10T13:44:24.794124
2026041004017245,UNHPL,56,39,10,522.0,5220.0,Sri Hari Securities Pvt. Ltd.,Sumeru Securities Pvt. Ltd.,2026-04-10T13:46:15.217942
2026041004017246,UNHPL,56,39,10,521.9,5219.0,Sri Hari Securities Pvt. Ltd.,Sumeru Securities Pvt. Ltd.,2026-04-10T13:46:15.218128
2026041004017385,UNHPL,56,58,40,521.0,20840.0,Sri Hari Securities Pvt. Ltd.,Naasa Securities Co. Ltd.,2026-04-10T13:47:27.373167
2026041004017397,UNHPL,56,42,30,521.0,15630.0,Sri Hari Securities Pvt. Ltd.,Sani Securities Company Ltd.,2026-04-10T13:47:39.460595
2026041004018270,UNHPL,6,56,100,520.0,52000.0,Agrawal Securities (PVT) Ltd.,Sri Hari Securities Pvt. Ltd.,2026-04-10T13:55:31.933562
2026041004018271,UNHPL,48,56,100,519.3,51930.0,Trishakti Securities Public Limited,Sri Hari Securities Pvt. Ltd.,2026-04-10T13:55:31.933608
2026041004018272,UNHPL,6,56,200,519.2,103840.0,Agrawal Securities (PVT) Ltd.,Sri Hari Securities Pvt. Ltd.,2026-04-10T13:55:31.933638
2026041004018273,UNHPL,42,56,900,519.1,467190.0,Sani Securities Company Ltd.,Sri Hari Securities Pvt. Ltd.,2026-04-10T13:55:31.933681
2026041004018274,UNHPL,6,56,200,519.0,103800.0,Agrawal Securities (PVT) Ltd.,Sri Hari Securities Pvt. Ltd.,2026-04-10T13:55:31.93371
2026041004018275,UNHPL,14,56,681,518.8,353302.8,Nepal Stock House (PVT) Ltd.,Sri Hari Securities Pvt. Ltd.,2026-04-10T13:55:31.933739
2026041004018276,UNHPL,14,56,819,518.7,424815.3,Nepal Stock House (PVT) Ltd.,Sri Hari Securities Pvt. Ltd.,2026-04-10T13:55:31.933766
2026041004018309,UNHPL,14,56,1181,518.7,612584.7,Nepal Stock House (PVT) Ltd.,Sri Hari Securities Pvt. Ltd.,2026-04-10T13:55:39.732568
2026041004018310,UNHPL,34,56,980,518.6,508228.0,Vision Securities Pvt. Ltd,Sri Hari Securities Pvt. Ltd.,2026-04-10T13:55:39.732607
2026041004018311,UNHPL,17,56,500,518.4,259200.0,ABC Securities Private Limited,Sri Hari Securities Pvt. Ltd.,2026-04-10T13:55:39.732671
2026041004018312,UNHPL,34,56,1339,518.1,693735.9,Vision Securities Pvt. Ltd,Sri Hari Securities Pvt. Ltd.,2026-04-10T13:55:39.732701
2026041004018376,UNHPL,34,56,661,518.1,342464.1,Vision Securities Pvt. Ltd,Sri Hari Securities Pvt. Ltd.,2026-04-10T13:55:56.487978
2026041004018377,UNHPL,62,56,100,518.0,51800.0,Capital Max Securities Ltd,Sri Hari Securities Pvt. Ltd.,2026-04-10T13:55:56.488074
2026041004018378,UNHPL,57,56,150,518.0,77700.0,Aryatara Investment & Securities,Sri Hari Securities Pvt. Ltd.,2026-04-10T13:55:56.48815
2026041004018379,UNHPL,17,56,89,518.0,46102.0,ABC Securities Private Limited,Sri Hari Securities Pvt. Ltd.,2026-04-10T13:55:56.48822
2026041004018398,UNHPL,56,42,40,522.8,20912.0,Sri Hari Securities Pvt. Ltd.,Sani Securities Company Ltd.,2026-04-10T13:56:01.343955
2026041004018399,UNHPL,56,35,500,522.8,261400.0,Sri Hari Securities Pvt. Ltd.,Kohinoor Investment & Securities Pvt. Ltd.,2026-04-10T13:56:01.344121
2026041004018454,UNHPL,56,39,10,522.9,5229.0,Sri Hari Securities Pvt. Ltd.,Sumeru Securities Pvt. Ltd.,2026-04-10T13:56:13.174319
2026041004018468,UNHPL,56,39,10,522.9,5229.0,Sri Hari Securities Pvt. Ltd.,Sumeru Securities Pvt. Ltd.,2026-04-10T13:56:19.565976
2026041004018469,UNHPL,56,8,405,522.9,211774.5,Sri Hari Securities Pvt. Ltd.,Brilliant Securities Pvt. Ltd.,2026-04-10T13:56:19.566304
2026041004018505,UNHPL,56,8,703,523.0,367669.0,Sri Hari Securities Pvt. Ltd.,Brilliant Securities Pvt. Ltd.,2026-04-10T13:56:25.356522
2026041004018506,UNHPL,56,63,50,523.0,26150.0,Sri Hari Securities Pvt. Ltd.,Himalayan Brokerage Company Limited,2026-04-10T13:56:25.356744
2026041004018521,UNHPL,56,42,50,523.5,26175.0,Sri Hari Securities Pvt. Ltd.,Sani Securities Company Ltd.,2026-04-10T13:56:31.889646
2026041004018817,UNHPL,56,16,10,523.5,5235.0,Sri Hari Securities Pvt. Ltd.,Primo Securities (PVT) Ltd.,2026-04-10T13:58:06.076573
2026041004018818,UNHPL,56,16,247,523.0,129181.0,Sri Hari Securities Pvt. Ltd.,Primo Securities (PVT) Ltd.,2026-04-10T13:58:06.076758
2026041004018855,UNHPL,56,35,35,522.9,18301.5,Sri Hari Securities Pvt. Ltd.,Kohinoor Investment & Securities Pvt. Ltd.,2026-04-10T13:58:19.133339
2026041004018856,UNHPL,56,35,60,522.8,31368.0,Sri Hari Securities Pvt. Ltd.,Kohinoor Investment & Securities Pvt. Ltd.,2026-04-10T13:58:19.133684
2026041004019402,UNHPL,56,58,7,521.0,3647.0,Sri Hari Securities Pvt. Ltd.,Naasa Securities Co. Ltd.,2026-04-10T14:03:55.550225
2026041004019626,UNHPL,16,35,200,520.0,104000.0,Primo Securities (PVT) Ltd.,Kohinoor Investment & Securities Pvt. Ltd.,2026-04-10T14:07:36.164407
2026041004019655,UNHPL,16,35,300,520.0,156000.0,Primo Securities (PVT) Ltd.,Kohinoor Investment & Securities Pvt. Ltd.,2026-04-10T14:08:04.692933
2026041004019660,UNHPL,48,56,100,519.1,51910.0,Trishakti Securities Public Limited,Sri Hari Securities Pvt. Ltd.,2026-04-10T14:08:08.060427
2026041004019661,UNHPL,39,56,900,518.2,466380.0,Sumeru Securities Pvt. Ltd.,Sri Hari Securities Pvt. Ltd.,2026-04-10T14:08:08.060525
2026041004019662,UNHPL,34,56,500,518.1,259050.0,Vision Securities Pvt. Ltd,Sri Hari Securities Pvt. Ltd.,2026-04-10T14:08:08.060553
2026041004019663,UNHPL,42,56,500,518.1,259050.0,Sani Securities Company Ltd.,Sri Hari Securities Pvt. Ltd.,2026-04-10T14:08:08.060574
2026041004019683,UNHPL,56,51,10,522.0,5220.0,Sri Hari Securities Pvt. Ltd.,Oxford Securities Pvt. Ltd.,2026-04-10T14:08:12.132481
2026041004019694,UNHPL,56,51,190,522.0,99180.0,Sri Hari Securities Pvt. Ltd.,Oxford Securities Pvt. Ltd.,2026-04-10T14:08:22.388324
2026041004019695,UNHPL,56,50,40,522.0,20880.0,Sri Hari Securities Pvt. Ltd.,Cristal Kanchanjanga Securites Pvt. Ltd.,2026-04-10T14:08:22.3885
2026041004019696,UNHPL,56,35,500,522.0,261000.0,Sri Hari Securities Pvt. Ltd.,Kohinoor Investment & Securities Pvt. Ltd.,2026-04-10T14:08:22.388585
2026041004019757,UNHPL,56,60,70,522.0,36540.0,Sri Hari Securities Pvt. Ltd.,Nagarik Stock Dealer ,2026-04-10T14:09:18.677239
2026041004019857,UNHPL,48,51,17,518.2,8809.4,Trishakti Securities Public Limited,Oxford Securities Pvt. Ltd.,2026-04-10T14:11:03.121038
2026041004019865,UNHPL,56,60,930,522.0,485460.0,Sri Hari Securities Pvt. Ltd.,Nagarik Stock Dealer ,2026-04-10T14:11:17.552053
2026041004019866,UNHPL,56,18,70,522.0,36540.0,Sri Hari Securities Pvt. Ltd.,Sagarmatha Securities Private Limited,2026-04-10T14:11:17.552398
2026041004019871,UNHPL,56,18,430,522.0,224460.0,Sri Hari Securities Pvt. Ltd.,Sagarmatha Securities Private Limited,2026-04-10T14:11:24.35913
2026041004019874,UNHPL,56,42,25,522.6,13065.0,Sri Hari Securities Pvt. Ltd.,Sani Securities Company Ltd.,2026-04-10T14:11:28.172713
2026041004019909,UNHPL,56,62,25,522.6,13065.0,Sri Hari Securities Pvt. Ltd.,Capital Max Securities Ltd,2026-04-10T14:12:14.706208
2026041004019928,UNHPL,56,60,20,522.0,10440.0,Sri Hari Securities Pvt. Ltd.,Nagarik Stock Dealer ,2026-04-10T14:12:38.813042
2026041004020556,UNHPL,38,38,30,519.0,15570.0,Dipshikha Dhitopatra Karobar Co. Pvt Ltd.,Dipshikha Dhitopatra Karobar Co. Pvt Ltd.,2026-04-10T14:21:54.723418
2026041004020849,UNHPL,38,56,120,519.0,62280.0,Dipshikha Dhitopatra Karobar Co. Pvt Ltd.,Sri Hari Securities Pvt. Ltd.,2026-04-10T14:23:59.365339
2026041004020850,UNHPL,62,56,100,518.7,51870.0,Capital Max Securities Ltd,Sri Hari Securities Pvt. Ltd.,2026-04-10T14:23:59.365471
2026041004020851,UNHPL,49,56,100,518.5,51850.0,Online Securities Pvt. Ltd.,Sri Hari Securities Pvt. Ltd.,2026-04-10T14:23:59.365559
2026041004020852,UNHPL,25,56,100,518.4,51840.0,Sweta Securities Private Limited,Sri Hari Securities Pvt. Ltd.,2026-04-10T14:23:59.365635
2026041004020853,UNHPL,58,56,88,518.3,45610.4,Naasa Securities Co. Ltd.,Sri Hari Securities Pvt. Ltd.,2026-04-10T14:23:59.36571
2026041004020854,UNHPL,48,56,83,518.2,43010.6,Trishakti Securities Public Limited,Sri Hari Securities Pvt. Ltd.,2026-04-10T14:23:59.3658
2026041004020855,UNHPL,80,56,409,518.1,211902.9,Indira securities pvt. ltd,Sri Hari Securities Pvt. Ltd.,2026-04-10T14:23:59.365885
2026041004020873,UNHPL,80,56,481,518.1,249206.1,Indira securities pvt. ltd,Sri Hari Securities Pvt. Ltd.,2026-04-10T14:24:07.655468
2026041004020891,UNHPL,56,42,50,519.9,25995.0,Sri Hari Securities Pvt. Ltd.,Sani Securities Company Ltd.,2026-04-10T14:24:12.960209
2026041004020912,UNHPL,56,1,500,520.0,260000.0,Sri Hari Securities Pvt. Ltd.,Kumari Securities Private Limited,2026-04-10T14:24:20.280748
2026041004020923,UNHPL,56,17,156,521.9,81416.4,Sri Hari Securities Pvt. Ltd.,ABC Securities Private Limited,2026-04-10T14:24:23.941655
2026041004020981,UNHPL,56,60,10,522.0,5220.0,Sri Hari Securities Pvt. Ltd.,Nagarik Stock Dealer ,2026-04-10T14:24:48.127969
2026041004021031,UNHPL,56,57,44,521.9,22963.6,Sri Hari Securities Pvt. Ltd.,Aryatara Investment & Securities,2026-04-10T14:25:09.923269
2026041004021091,UNHPL,56,35,50,520.0,26000.0,Sri Hari Securities Pvt. Ltd.,Kohinoor Investment & Securities Pvt. Ltd.,2026-04-10T14:25:54.106059
2026041004021263,UNHPL,56,42,50,519.9,25995.0,Sri Hari Securities Pvt. Ltd.,Sani Securities Company Ltd.,2026-04-10T14:27:21.903939
2026041004021357,UNHPL,41,101,50,518.2,25910.0,Linch Stock Market Ltd.,APPLE SECURITIES PRIVATE LIMITED,2026-04-10T14:28:07.907024
2026041004021358,UNHPL,56,101,350,518.0,181300.0,Sri Hari Securities Pvt. Ltd.,APPLE SECURITIES PRIVATE LIMITED,2026-04-10T14:28:07.907218
2026041004021370,UNHPL,56,35,355,518.0,183890.0,Sri Hari Securities Pvt. Ltd.,Kohinoor Investment & Securities Pvt. Ltd.,2026-04-10T14:28:14.101837
2026041004021429,UNHPL,56,7,50,519.9,25995.0,Sri Hari Securities Pvt. Ltd.,J.F. Securites (PVT) Ltd.,2026-04-10T14:28:33.204595
2026041004021430,UNHPL,56,34,50,521.0,26050.0,Sri Hari Securities Pvt. Ltd.,Vision Securities Pvt. Ltd,2026-04-10T14:28:33.204696
2026041004021478,UNHPL,56,34,10,518.0,5180.0,Sri Hari Securities Pvt. Ltd.,Vision Securities Pvt. Ltd,2026-04-10T14:29:05.344264
2026041004021597,UNHPL,56,60,690,518.0,357420.0,Sri Hari Securities Pvt. Ltd.,Nagarik Stock Dealer ,2026-04-10T14:30:14.922464
2026041004021648,UNHPL,65,56,50,518.0,25900.0,Sharepro Securities Private Limited,Sri Hari Securities Pvt. Ltd.,2026-04-10T14:30:36.65837
2026041004021649,UNHPL,22,56,200,517.1,103420.0,Siprabi Securities Pvt. Ltd.,Sri Hari Securities Pvt. Ltd.,2026-04-10T14:30:36.65849
2026041004021650,UNHPL,34,56,300,517.1,155130.0,Vision Securities Pvt. Ltd,Sri Hari Securities Pvt. Ltd.,2026-04-10T14:30:36.658576
2026041004021651,UNHPL,48,56,200,517.0,103400.0,Trishakti Securities Public Limited,Sri Hari Securities Pvt. Ltd.,2026-04-10T14:30:36.658651
2026041004021652,UNHPL,62,56,200,517.0,103400.0,Capital Max Securities Ltd,Sri Hari Securities Pvt. Ltd.,2026-04-10T14:30:36.65873
2026041004021653,UNHPL,49,56,450,517.0,232650.0,Online Securities Pvt. Ltd.,Sri Hari Securities Pvt. Ltd.,2026-04-10T14:30:36.658816
2026041004021654,UNHPL,62,56,5000,517.0,2585000.0,Capital Max Securities Ltd,Sri Hari Securities Pvt. Ltd.,2026-04-10T14:30:36.658888
2026041004021655,UNHPL,57,56,150,517.0,77550.0,Aryatara Investment & Securities,Sri Hari Securities Pvt. Ltd.,2026-04-10T14:30:36.658963
2026041004021656,UNHPL,57,56,450,517.0,232650.0,Aryatara Investment & Securities,Sri Hari Securities Pvt. Ltd.,2026-04-10T14:30:36.659029
2026041004021668,UNHPL,56,41,100,520.0,52000.0,Sri Hari Securities Pvt. Ltd.,Linch Stock Market Ltd.,2026-04-10T14:30:44.699772
2026041004021681,UNHPL,56,34,450,521.0,234450.0,Sri Hari Securities Pvt. Ltd.,Vision Securities Pvt. Ltd,2026-04-10T14:30:50.500451
2026041004021685,UNHPL,56,58,50,521.0,26050.0,Sri Hari Securities Pvt. Ltd.,Naasa Securities Co. Ltd.,2026-04-10T14:30:51.549112
2026041004021686,UNHPL,56,58,20,520.0,10400.0,Sri Hari Securities Pvt. Ltd.,Naasa Securities Co. Ltd.,2026-04-10T14:30:51.549322
2026041004021689,UNHPL,56,58,352,519.0,182688.0,Sri Hari Securities Pvt. Ltd.,Naasa Securities Co. Ltd.,2026-04-10T14:30:56.371276
2026041004021690,UNHPL,56,57,114,521.9,59496.6,Sri Hari Securities Pvt. Ltd.,Aryatara Investment & Securities,2026-04-10T14:30:56.371343
2026041004021722,UNHPL,56,57,342,521.9,178489.8,Sri Hari Securities Pvt. Ltd.,Aryatara Investment & Securities,2026-04-10T14:31:13.989121
2026041004021730,UNHPL,56,60,760,522.0,396720.0,Sri Hari Securities Pvt. Ltd.,Nagarik Stock Dealer ,2026-04-10T14:31:20.142236
2026041004021731,UNHPL,56,16,90,522.0,46980.0,Sri Hari Securities Pvt. Ltd.,Primo Securities (PVT) Ltd.,2026-04-10T14:31:20.142298
2026041004021732,UNHPL,56,8,50,522.9,26145.0,Sri Hari Securities Pvt. Ltd.,Brilliant Securities Pvt. Ltd.,2026-04-10T14:31:20.142341
2026041004021833,UNHPL,56,62,158,521.9,82460.2,Sri Hari Securities Pvt. Ltd.,Capital Max Securities Ltd,2026-04-10T14:32:41.065743
2026041004021993,UNHPL,56,6,10,522.8,5228.0,Sri Hari Securities Pvt. Ltd.,Agrawal Securities (PVT) Ltd.,2026-04-10T14:34:02.002639
2026041004023017,UNHPL,42,56,2500,520.0,1300000.0,Sani Securities Company Ltd.,Sri Hari Securities Pvt. Ltd.,2026-04-10T14:44:13.856508
2026041004023023,UNHPL,42,8,384,520.0,199680.0,Sani Securities Company Ltd.,Brilliant Securities Pvt. Ltd.,2026-04-10T14:44:14.580469
2026041004023210,UNHPL,41,59,100,519.1,51910.0,Linch Stock Market Ltd.,Deevyaa Securities & Stock House Pvt. Ltd,2026-04-10T14:45:31.973986
2026041004023211,UNHPL,36,59,400,518.0,207200.0,Secured Securities Ltd.,Deevyaa Securities & Stock House Pvt. Ltd,2026-04-10T14:45:31.974167
2026041004023385,UNHPL,22,50,50,519.3,25965.0,Siprabi Securities Pvt. Ltd.,Cristal Kanchanjanga Securites Pvt. Ltd.,2026-04-10T14:46:23.37209
2026041004023531,UNHPL,36,19,100,518.0,51800.0,Secured Securities Ltd.,Nepal Investment And Securities Trading Private Limited,2026-04-10T14:47:05.981872
2026041004023532,UNHPL,22,19,30,518.0,15540.0,Siprabi Securities Pvt. Ltd.,Nepal Investment And Securities Trading Private Limited,2026-04-10T14:47:05.982241
2026041004023700,UNHPL,62,19,160,517.1,82736.0,Capital Max Securities Ltd,Nepal Investment And Securities Trading Private Limited,2026-04-10T14:48:26.600159
2026041004023783,UNHPL,57,19,210,517.0,108570.0,Aryatara Investment & Securities,Nepal Investment And Securities Trading Private Limited,2026-04-10T14:48:41.095597
2026041004024132,UNHPL,17,14,500,517.1,258550.0,ABC Securities Private Limited,Nepal Stock House (PVT) Ltd.,2026-04-10T14:50:32.127156
2026041004024211,UNHPL,62,56,100,517.2,51720.0,Capital Max Securities Ltd,Sri Hari Securities Pvt. Ltd.,2026-04-10T14:50:52.49681
2026041004024212,UNHPL,17,56,500,517.1,258550.0,ABC Securities Private Limited,Sri Hari Securities Pvt. Ltd.,2026-04-10T14:50:52.496886
2026041004024213,UNHPL,58,56,365,517.1,188741.5,Naasa Securities Co. Ltd.,Sri Hari Securities Pvt. Ltd.,2026-04-10T14:50:52.496915
2026041004024214,UNHPL,57,56,240,517.0,124080.0,Aryatara Investment & Securities,Sri Hari Securities Pvt. Ltd.,2026-04-10T14:50:52.496939
2026041004024215,UNHPL,16,56,97,517.0,50149.0,Primo Securities (PVT) Ltd.,Sri Hari Securities Pvt. Ltd.,2026-04-10T14:50:52.496963
2026041004024216,UNHPL,66,56,20,517.0,10340.0,Miyo Securities Pvt Ltd,Sri Hari Securities Pvt. Ltd.,2026-04-10T14:50:52.496989
2026041004024217,UNHPL,53,56,300,517.0,155100.0,Investment Management Nepal Pvt. Ltd.,Sri Hari Securities Pvt. Ltd.,2026-04-10T14:50:52.497013
2026041004024218,UNHPL,17,56,1000,516.9,516900.0,ABC Securities Private Limited,Sri Hari Securities Pvt. Ltd.,2026-04-10T14:50:52.49705
2026041004024219,UNHPL,49,56,1378,516.8,712150.4,Online Securities Pvt. Ltd.,Sri Hari Securities Pvt. Ltd.,2026-04-10T14:50:52.497072
2026041004024226,UNHPL,56,42,50,519.9,25995.0,Sri Hari Securities Pvt. Ltd.,Sani Securities Company Ltd.,2026-04-10T14:50:56.777748
2026041004024275,UNHPL,56,8,1066,520.0,554320.0,Sri Hari Securities Pvt. Ltd.,Brilliant Securities Pvt. Ltd.,2026-04-10T14:51:14.279335
2026041004024276,UNHPL,56,22,50,520.0,26000.0,Sri Hari Securities Pvt. Ltd.,Siprabi Securities Pvt. Ltd.,2026-04-10T14:51:14.279507
2026041004024407,UNHPL,56,42,50,519.9,25995.0,Sri Hari Securities Pvt. Ltd.,Sani Securities Company Ltd.,2026-04-10T14:51:55.255614
2026041004024411,UNHPL,56,3,1094,521.0,569974.0,Sri Hari Securities Pvt. Ltd.,Arun Securities (PVT) Ltd.,2026-04-10T14:51:56.976016
2026041004024487,UNHPL,56,42,50,521.9,26095.0,Sri Hari Securities Pvt. Ltd.,Sani Securities Company Ltd.,2026-04-10T14:52:07.99112
2026041004024488,UNHPL,56,42,200,521.9,104380.0,Sri Hari Securities Pvt. Ltd.,Sani Securities Company Ltd.,2026-04-10T14:52:07.991294
2026041004024495,UNHPL,56,56,50,522.0,26100.0,Sri Hari Securities Pvt. Ltd.,Sri Hari Securities Pvt. Ltd.,2026-04-10T14:52:11.770085
2026041004024524,UNHPL,6,56,380,522.0,198360.0,Agrawal Securities (PVT) Ltd.,Sri Hari Securities Pvt. Ltd.,2026-04-10T14:52:22.371264
2026041004024694,UNHPL,56,84,50,521.9,26095.0,Sri Hari Securities Pvt. Ltd.,MILKY WAY SHARE BROKER COMPANY LTD ,2026-04-10T14:53:08.169337
2026041004024695,UNHPL,56,84,26,521.0,13546.0,Sri Hari Securities Pvt. Ltd.,MILKY WAY SHARE BROKER COMPANY LTD ,2026-04-10T14:53:08.169553
2026041004024722,UNHPL,56,84,924,521.0,481404.0,Sri Hari Securities Pvt. Ltd.,MILKY WAY SHARE BROKER COMPANY LTD ,2026-04-10T14:53:14.857756
2026041004024743,UNHPL,56,77,10,521.9,5219.0,Sri Hari Securities Pvt. Ltd.,Nabil Stock Dealer Ltd.,2026-04-10T14:53:20.14386
2026041004024878,UNHPL,6,6,500,521.8,260900.0,Agrawal Securities (PVT) Ltd.,Agrawal Securities (PVT) Ltd.,2026-04-10T14:53:51.3411
2026041004024911,UNHPL,3,6,500,521.8,260900.0,Arun Securities (PVT) Ltd.,Agrawal Securities (PVT) Ltd.,2026-04-10T14:54:08.049506
2026041004024937,UNHPL,44,56,230,517.1,118933.0,Dynamic Money Managers Securities Pvt. Ltd.,Sri Hari Securities Pvt. Ltd.,2026-04-10T14:54:16.30752
2026041004024938,UNHPL,58,56,1020,517.0,527340.0,Naasa Securities Co. Ltd.,Sri Hari Securities Pvt. Ltd.,2026-04-10T14:54:16.307578
2026041004024939,UNHPL,17,56,1000,516.9,516900.0,ABC Securities Private Limited,Sri Hari Securities Pvt. Ltd.,2026-04-10T14:54:16.307607
2026041004024940,UNHPL,49,56,122,516.8,63049.6,Online Securities Pvt. Ltd.,Sri Hari Securities Pvt. Ltd.,2026-04-10T14:54:16.307632
2026041004024941,UNHPL,17,56,1000,516.8,516800.0,ABC Securities Private Limited,Sri Hari Securities Pvt. Ltd.,2026-04-10T14:54:16.30766
2026041004024942,UNHPL,17,56,1000,516.7,516700.0,ABC Securities Private Limited,Sri Hari Securities Pvt. Ltd.,2026-04-10T14:54:16.307685
2026041004024943,UNHPL,34,56,200,516.7,103340.0,Vision Securities Pvt. Ltd,Sri Hari Securities Pvt. Ltd.,2026-04-10T14:54:16.307728
2026041004024944,UNHPL,1,56,1428,516.7,737847.6,Kumari Securities Private Limited,Sri Hari Securities Pvt. Ltd.,2026-04-10T14:54:16.307753
2026041004024986,UNHPL,1,56,572,516.7,295552.4,Kumari Securities Private Limited,Sri Hari Securities Pvt. Ltd.,2026-04-10T14:54:24.503792
2026041004024987,UNHPL,1,56,428,516.7,221147.6,Kumari Securities Private Limited,Sri Hari Securities Pvt. Ltd.,2026-04-10T14:54:24.503844
2026041004025000,UNHPL,56,6,43,521.8,22437.4,Sri Hari Securities Pvt. Ltd.,Agrawal Securities (PVT) Ltd.,2026-04-10T14:54:29.11339
2026041004025055,UNHPL,56,77,1170,521.9,610623.0,Sri Hari Securities Pvt. Ltd.,Nabil Stock Dealer Ltd.,2026-04-10T14:54:36.609835
2026041004025077,UNHPL,56,56,100,522.0,52200.0,Sri Hari Securities Pvt. Ltd.,Sri Hari Securities Pvt. Ltd.,2026-04-10T14:54:43.186836
2026041004025144,UNHPL,56,67,30,521.9,15657.0,Sri Hari Securities Pvt. Ltd.,Property Wiard Limited,2026-04-10T14:54:57.399407
2026041004025145,UNHPL,56,67,57,521.8,29742.6,Sri Hari Securities Pvt. Ltd.,Property Wiard Limited,2026-04-10T14:54:57.399528
2026041004025146,UNHPL,1,67,28,516.7,14467.6,Kumari Securities Private Limited,Property Wiard Limited,2026-04-10T14:54:57.399609
2026041004025175,UNHPL,56,96,10,520.0,5200.0,Sri Hari Securities Pvt. Ltd.,Himalayan Securities Limited,2026-04-10T14:55:03.784461
2026041004025196,UNHPL,56,56,1970,522.0,1028340.0,Sri Hari Securities Pvt. Ltd.,Sri Hari Securities Pvt. Ltd.,2026-04-10T14:55:06.259501
2026041004025215,UNHPL,56,42,50,522.7,26135.0,Sri Hari Securities Pvt. Ltd.,Sani Securities Company Ltd.,2026-04-10T14:55:12.143116
2026041004025259,UNHPL,56,16,203,523.0,106169.0,Sri Hari Securities Pvt. Ltd.,Primo Securities (PVT) Ltd.,2026-04-10T14:55:22.954455
2026041004025260,UNHPL,56,62,500,523.0,261500.0,Sri Hari Securities Pvt. Ltd.,Capital Max Securities Ltd,2026-04-10T14:55:22.95467
2026041004025261,UNHPL,56,62,75,523.0,39225.0,Sri Hari Securities Pvt. Ltd.,Capital Max Securities Ltd,2026-04-10T14:55:22.954741
2026041004025262,UNHPL,56,42,900,523.0,470700.0,Sri Hari Securities Pvt. Ltd.,Sani Securities Company Ltd.,2026-04-10T14:55:22.95481
2026041004025263,UNHPL,56,16,54,523.0,28242.0,Sri Hari Securities Pvt. Ltd.,Primo Securities (PVT) Ltd.,2026-04-10T14:55:22.954879
2026041004025291,UNHPL,56,42,50,523.4,26170.0,Sri Hari Securities Pvt. Ltd.,Sani Securities Company Ltd.,2026-04-10T14:55:29.354011
2026041004025348,UNHPL,56,65,20,523.7,10474.0,Sri Hari Securities Pvt. Ltd.,Sharepro Securities Private Limited,2026-04-10T14:55:40.651056
2026041004025396,UNHPL,39,65,100,523.7,52370.0,Sumeru Securities Pvt. Ltd.,Sharepro Securities Private Limited,2026-04-10T14:55:50.247512
2026041004025816,UNHPL,37,65,850,523.7,445145.0,Swarna Laxmi Securities Pvt. Ltd.,Sharepro Securities Private Limited,2026-04-10T14:57:28.736708
2026041004025871,UNHPL,56,42,50,523.4,26170.0,Sri Hari Securities Pvt. Ltd.,Sani Securities Company Ltd.,2026-04-10T14:57:41.529837
2026041004026069,UNHPL,44,65,500,523.7,261850.0,Dynamic Money Managers Securities Pvt. Ltd.,Sharepro Securities Private Limited,2026-04-10T14:58:22.53484
2026041004026397,UNHPL,56,45,268,523.0,140164.0,Sri Hari Securities Pvt. Ltd.,Imperial Securities Company Pvt. Ltd.,2026-04-10T14:59:09.232433
2026041004027057,UNHPL,56,45,132,523.0,69036.0,Sri Hari Securities Pvt. Ltd.,Imperial Securities Company Pvt. Ltd.,2026-04-10T14:59:57.941749
2026041004027058,UNHPL,56,65,500,523.0,261500.0,Sri Hari Securities Pvt. Ltd.,Sharepro Securities Private Limited,2026-04-10T14:59:57.941913
2026041004027059,UNHPL,56,42,1000,523.0,523000.0,Sri Hari Securities Pvt. Ltd.,Sani Securities Company Ltd.,2026-04-10T14:59:57.941992
2026041004027060,UNHPL,56,45,107,523.0,55961.0,Sri Hari Securities Pvt. Ltd.,Imperial Securities Company Pvt. Ltd.,2026-04-10T14:59:57.942072
2026041004027061,UNHPL,56,65,530,523.7,277561.0,Sri Hari Securities Pvt. Ltd.,Sharepro Securities Private Limited,2026-04-10T14:59:57.942148
2026041004027062,UNHPL,56,74,803,523.8,420611.4,Sri Hari Securities Pvt. Ltd.,KALASH STOCK MARKET PVT. LTD.,2026-04-10T14:59:57.94222
2026041004027063,UNHPL,56,58,30,524.0,15720.0,Sri Hari Securities Pvt. Ltd.,Naasa Securities Co. Ltd.,2026-04-10T14:59:57.942295
2026041004027064,UNHPL,56,34,100,524.0,52400.0,Sri Hari Securities Pvt. Ltd.,Vision Securities Pvt. Ltd,2026-04-10T14:59:57.942375
2026041004027065,UNHPL,56,45,500,524.0,262000.0,Sri Hari Securities Pvt. Ltd.,Imperial Securities Company Pvt. Ltd.,2026-04-10T14:59:57.942451
2026041004027066,UNHPL,56,1,400,524.0,209600.0,Sri Hari Securities Pvt. Ltd.,Kumari Securities Private Limited,2026-04-10T14:59:57.94252
2026041004027067,UNHPL,56,16,210,524.5,110145.0,Sri Hari Securities Pvt. Ltd.,Primo Securities (PVT) Ltd.,2026-04-10T14:59:57.942594
2026041004027068,UNHPL,56,38,1000,524.9,524900.0,Sri Hari Securities Pvt. Ltd.,Dipshikha Dhitopatra Karobar Co. Pvt Ltd.,2026-04-10T14:59:57.942669
2026041004027135,UNHPL,56,6,10,525.0,5250.0,Sri Hari Securities Pvt. Ltd.,Agrawal Securities (PVT) Ltd.,2026-04-10T14:59:59.473176
