contractId,stockSymbol,buyerMemberId,sellerMemberId,quantity,rate,amount,businessDate,tradeBookId,stockId,buyerBrokerName,sellerBrokerName,transaction_time,securityName
2026041004000086,UPPER,58,42,18,217.9,3922.2,2026-04-10,185886585,2792,Naasa Securities Co. Ltd.,Sani Securities Company Ltd.,2026-04-10T11:01:08.44813,Upper Tamakoshi Hydropower Ltd
2026041004000111,UPPER,42,21,30,217.5,6525.0,2026-04-10,185887008,2792,Sani Securities Company Ltd.,Midas Stock Broking Company Private Limited,2026-04-10T11:01:33.865911,Upper Tamakoshi Hydropower Ltd
2026041004000147,UPPER,53,57,50,217.6,10880.0,2026-04-10,185887441,2792,Investment Management Nepal Pvt. Ltd.,Aryatara Investment & Securities,2026-04-10T11:02:01.444525,Upper Tamakoshi Hydropower Ltd
2026041004000148,UPPER,42,57,150,217.5,32625.0,2026-04-10,185887442,2792,Sani Securities Company Ltd.,Aryatara Investment & Securities,2026-04-10T11:02:01.44472,Upper Tamakoshi Hydropower Ltd
2026041004000149,UPPER,42,33,320,217.5,69600.0,2026-04-10,185887481,2792,Sani Securities Company Ltd.,Dakshinkali Investment & Securities Pvt. Ltd.,2026-04-10T11:02:03.3302,Upper Tamakoshi Hydropower Ltd
2026041004000150,UPPER,74,33,180,217.5,39150.0,2026-04-10,185887482,2792,KALASH STOCK MARKET PVT. LTD.,Dakshinkali Investment & Securities Pvt. Ltd.,2026-04-10T11:02:03.33034,Upper Tamakoshi Hydropower Ltd
2026041004000172,UPPER,74,58,20,217.5,4350.0,2026-04-10,185887935,2792,KALASH STOCK MARKET PVT. LTD.,Naasa Securities Co. Ltd.,2026-04-10T11:02:20.447864,Upper Tamakoshi Hydropower Ltd
2026041004000232,UPPER,42,58,10,217.5,2175.0,2026-04-10,185888458,2792,Sani Securities Company Ltd.,Naasa Securities Co. Ltd.,2026-04-10T11:02:58.47005,Upper Tamakoshi Hydropower Ltd
2026041004000253,UPPER,58,42,100,217.9,21790.0,2026-04-10,185888765,2792,Naasa Securities Co. Ltd.,Sani Securities Company Ltd.,2026-04-10T11:03:17.722903,Upper Tamakoshi Hydropower Ltd
2026041004000266,UPPER,58,50,63,217.5,13702.5,2026-04-10,185888802,2792,Naasa Securities Co. Ltd.,Cristal Kanchanjanga Securites Pvt. Ltd.,2026-04-10T11:03:18.963257,Upper Tamakoshi Hydropower Ltd
2026041004000271,UPPER,58,4,122,217.5,26535.0,2026-04-10,185888867,2792,Naasa Securities Co. Ltd.,Opal Securities Investment (PVT) Ltd.,2026-04-10T11:03:24.526805,Upper Tamakoshi Hydropower Ltd
2026041004000289,UPPER,57,1,500,217.0,108500.0,2026-04-10,185889061,2792,Aryatara Investment & Securities,Kumari Securities Private Limited,2026-04-10T11:03:36.651634,Upper Tamakoshi Hydropower Ltd
2026041004000309,UPPER,35,36,50,216.5,10825.0,2026-04-10,185889371,2792,Kohinoor Investment & Securities Pvt. Ltd.,Secured Securities Ltd.,2026-04-10T11:03:57.725628,Upper Tamakoshi Hydropower Ltd
2026041004000310,UPPER,22,36,50,216.5,10825.0,2026-04-10,185889466,2792,Siprabi Securities Pvt. Ltd.,Secured Securities Ltd.,2026-04-10T11:04:03.12539,Upper Tamakoshi Hydropower Ltd
2026041004000311,UPPER,22,1,500,217.0,108500.0,2026-04-10,185889468,2792,Siprabi Securities Pvt. Ltd.,Kumari Securities Private Limited,2026-04-10T11:04:03.125635,Upper Tamakoshi Hydropower Ltd
2026041004000313,UPPER,22,54,200,217.0,43400.0,2026-04-10,185889482,2792,Siprabi Securities Pvt. Ltd.,Sewa Securities Pvt. Ltd.,2026-04-10T11:04:04.39888,Upper Tamakoshi Hydropower Ltd
2026041004000328,UPPER,22,38,250,217.0,54250.0,2026-04-10,185889719,2792,Siprabi Securities Pvt. Ltd.,Dipshikha Dhitopatra Karobar Co. Pvt Ltd.,2026-04-10T11:04:23.918237,Upper Tamakoshi Hydropower Ltd
2026041004000360,UPPER,34,7,100,216.5,21650.0,2026-04-10,185889953,2792,Vision Securities Pvt. Ltd,J.F. Securites (PVT) Ltd.,2026-04-10T11:04:48.845215,Upper Tamakoshi Hydropower Ltd
2026041004000361,UPPER,74,7,30,216.5,6495.0,2026-04-10,185889955,2792,KALASH STOCK MARKET PVT. LTD.,J.F. Securites (PVT) Ltd.,2026-04-10T11:04:48.883732,Upper Tamakoshi Hydropower Ltd
2026041004000400,UPPER,57,7,100,216.5,21650.0,2026-04-10,185890281,2792,Aryatara Investment & Securities,J.F. Securites (PVT) Ltd.,2026-04-10T11:05:14.954083,Upper Tamakoshi Hydropower Ltd
2026041004000418,UPPER,81,7,10,216.0,2160.0,2026-04-10,185890499,2792,Aakashbhairab Securities Ltd.,J.F. Securites (PVT) Ltd.,2026-04-10T11:05:27.909464,Upper Tamakoshi Hydropower Ltd
2026041004000419,UPPER,36,7,240,216.0,51840.0,2026-04-10,185890500,2792,Secured Securities Ltd.,J.F. Securites (PVT) Ltd.,2026-04-10T11:05:27.909756,Upper Tamakoshi Hydropower Ltd
2026041004000438,UPPER,34,7,20,216.5,4330.0,2026-04-10,185890742,2792,Vision Securities Pvt. Ltd,J.F. Securites (PVT) Ltd.,2026-04-10T11:05:44.501715,Upper Tamakoshi Hydropower Ltd
2026041004000444,UPPER,34,10,230,216.5,49795.0,2026-04-10,185890837,2792,Vision Securities Pvt. Ltd,Pragyan Securities (PVT) Ltd.,2026-04-10T11:05:51.286974,Upper Tamakoshi Hydropower Ltd
2026041004000445,UPPER,36,10,170,216.0,36720.0,2026-04-10,185890838,2792,Secured Securities Ltd.,Pragyan Securities (PVT) Ltd.,2026-04-10T11:05:51.287216,Upper Tamakoshi Hydropower Ltd
2026041004000446,UPPER,36,7,90,216.0,19440.0,2026-04-10,185890853,2792,Secured Securities Ltd.,J.F. Securites (PVT) Ltd.,2026-04-10T11:05:53.291843,Upper Tamakoshi Hydropower Ltd
2026041004000447,UPPER,42,7,150,216.0,32400.0,2026-04-10,185890854,2792,Sani Securities Company Ltd.,J.F. Securites (PVT) Ltd.,2026-04-10T11:05:53.29199,Upper Tamakoshi Hydropower Ltd
2026041004000505,UPPER,25,47,50,216.5,10825.0,2026-04-10,185891330,2792,Sweta Securities Private Limited,Neev Securities Pvt. Ltd.,2026-04-10T11:06:20.869454,Upper Tamakoshi Hydropower Ltd
2026041004000520,UPPER,25,36,23,216.5,4979.5,2026-04-10,185891416,2792,Sweta Securities Private Limited,Secured Securities Ltd.,2026-04-10T11:06:24.096494,Upper Tamakoshi Hydropower Ltd
2026041004000523,UPPER,25,42,10,216.5,2165.0,2026-04-10,185891461,2792,Sweta Securities Private Limited,Sani Securities Company Ltd.,2026-04-10T11:06:26.448824,Upper Tamakoshi Hydropower Ltd
2026041004000527,UPPER,25,57,317,216.5,68630.5,2026-04-10,185891547,2792,Sweta Securities Private Limited,Aryatara Investment & Securities,2026-04-10T11:06:28.689539,Upper Tamakoshi Hydropower Ltd
2026041004000528,UPPER,42,57,350,216.0,75600.0,2026-04-10,185891549,2792,Sani Securities Company Ltd.,Aryatara Investment & Securities,2026-04-10T11:06:28.689697,Upper Tamakoshi Hydropower Ltd
2026041004000529,UPPER,56,57,10,216.0,2160.0,2026-04-10,185891551,2792,Sri Hari Securities Pvt. Ltd.,Aryatara Investment & Securities,2026-04-10T11:06:28.68976,Upper Tamakoshi Hydropower Ltd
2026041004000530,UPPER,45,57,462,216.0,99792.0,2026-04-10,185891553,2792,Imperial Securities Company Pvt. Ltd.,Aryatara Investment & Securities,2026-04-10T11:06:28.689838,Upper Tamakoshi Hydropower Ltd
2026041004000609,UPPER,57,57,861,216.0,185976.0,2026-04-10,185892276,2792,Aryatara Investment & Securities,Aryatara Investment & Securities,2026-04-10T11:07:09.820744,Upper Tamakoshi Hydropower Ltd
2026041004000621,UPPER,57,6,139,216.0,30024.0,2026-04-10,185892393,2792,Aryatara Investment & Securities,Agrawal Securities (PVT) Ltd.,2026-04-10T11:07:18.367849,Upper Tamakoshi Hydropower Ltd
2026041004000622,UPPER,49,6,361,216.0,77976.0,2026-04-10,185892394,2792,Online Securities Pvt. Ltd.,Agrawal Securities (PVT) Ltd.,2026-04-10T11:07:18.368009,Upper Tamakoshi Hydropower Ltd
2026041004000674,UPPER,49,42,55,216.0,11880.0,2026-04-10,185892875,2792,Online Securities Pvt. Ltd.,Sani Securities Company Ltd.,2026-04-10T11:07:48.348829,Upper Tamakoshi Hydropower Ltd
2026041004000675,UPPER,1,42,27,215.3,5813.1,2026-04-10,185892876,2792,Kumari Securities Private Limited,Sani Securities Company Ltd.,2026-04-10T11:07:48.349157,Upper Tamakoshi Hydropower Ltd
2026041004000788,UPPER,41,34,200,215.9,43180.0,2026-04-10,185893993,2792,Linch Stock Market Ltd.,Vision Securities Pvt. Ltd,2026-04-10T11:08:50.479992,Upper Tamakoshi Hydropower Ltd
2026041004000840,UPPER,1,46,173,215.3,37246.9,2026-04-10,185894667,2792,Kumari Securities Private Limited,Kalika Securities Pvt. Ltd.,2026-04-10T11:09:30.693732,Upper Tamakoshi Hydropower Ltd
2026041004000854,UPPER,33,44,70,215.2,15064.0,2026-04-10,185894988,2792,Dakshinkali Investment & Securities Pvt. Ltd.,Dynamic Money Managers Securities Pvt. Ltd.,2026-04-10T11:09:52.022724,Upper Tamakoshi Hydropower Ltd
2026041004000860,UPPER,33,41,100,215.2,21520.0,2026-04-10,185895024,2792,Dakshinkali Investment & Securities Pvt. Ltd.,Linch Stock Market Ltd.,2026-04-10T11:09:54.997579,Upper Tamakoshi Hydropower Ltd
2026041004000864,UPPER,33,54,200,215.2,43040.0,2026-04-10,185895058,2792,Dakshinkali Investment & Securities Pvt. Ltd.,Sewa Securities Pvt. Ltd.,2026-04-10T11:09:56.491861,Upper Tamakoshi Hydropower Ltd
2026041004000871,UPPER,33,25,500,215.2,107600.0,2026-04-10,185895230,2792,Dakshinkali Investment & Securities Pvt. Ltd.,Sweta Securities Private Limited,2026-04-10T11:10:06.496296,Upper Tamakoshi Hydropower Ltd
2026041004000872,UPPER,33,29,1000,215.2,215200.0,2026-04-10,185895234,2792,Dakshinkali Investment & Securities Pvt. Ltd.,Trisul Securities & Invt. Ltd.,2026-04-10T11:10:06.774913,Upper Tamakoshi Hydropower Ltd
2026041004000877,UPPER,57,46,37,215.3,7966.1,2026-04-10,185895298,2792,Aryatara Investment & Securities,Kalika Securities Pvt. Ltd.,2026-04-10T11:10:13.20997,Upper Tamakoshi Hydropower Ltd
2026041004000878,UPPER,57,46,500,215.3,107650.0,2026-04-10,185895300,2792,Aryatara Investment & Securities,Kalika Securities Pvt. Ltd.,2026-04-10T11:10:13.210151,Upper Tamakoshi Hydropower Ltd
2026041004000896,UPPER,57,10,10,215.3,2153.0,2026-04-10,185895478,2792,Aryatara Investment & Securities,Pragyan Securities (PVT) Ltd.,2026-04-10T11:10:25.59639,Upper Tamakoshi Hydropower Ltd
2026041004000917,UPPER,57,38,100,215.3,21530.0,2026-04-10,185895620,2792,Aryatara Investment & Securities,Dipshikha Dhitopatra Karobar Co. Pvt Ltd.,2026-04-10T11:10:32.635015,Upper Tamakoshi Hydropower Ltd
2026041004000935,UPPER,57,56,140,215.3,30142.0,2026-04-10,185895810,2792,Aryatara Investment & Securities,Sri Hari Securities Pvt. Ltd.,2026-04-10T11:10:41.985954,Upper Tamakoshi Hydropower Ltd
2026041004000974,UPPER,4,64,10,216.0,2160.0,2026-04-10,185896011,2792,Opal Securities Investment (PVT) Ltd.,SUN SECURITIES PVT LTD,2026-04-10T11:10:57.177521,Upper Tamakoshi Hydropower Ltd
2026041004001009,UPPER,58,64,49,216.0,10584.0,2026-04-10,185896303,2792,Naasa Securities Co. Ltd.,SUN SECURITIES PVT LTD,2026-04-10T11:11:25.377873,Upper Tamakoshi Hydropower Ltd
2026041004001025,UPPER,57,88,100,215.3,21530.0,2026-04-10,185896486,2792,Aryatara Investment & Securities,Blue Chip Securities Ltd,2026-04-10T11:11:44.891013,Upper Tamakoshi Hydropower Ltd
2026041004001243,UPPER,58,17,290,215.5,62495.0,2026-04-10,185897471,2792,Naasa Securities Co. Ltd.,ABC Securities Private Limited,2026-04-10T11:12:41.76724,Upper Tamakoshi Hydropower Ltd
2026041004001244,UPPER,57,17,10,215.3,2153.0,2026-04-10,185897472,2792,Aryatara Investment & Securities,ABC Securities Private Limited,2026-04-10T11:12:41.767454,Upper Tamakoshi Hydropower Ltd
2026041004001245,UPPER,57,17,103,215.3,22175.9,2026-04-10,185897481,2792,Aryatara Investment & Securities,ABC Securities Private Limited,2026-04-10T11:12:42.433849,Upper Tamakoshi Hydropower Ltd
2026041004001246,UPPER,58,17,130,215.3,27989.0,2026-04-10,185897483,2792,Naasa Securities Co. Ltd.,ABC Securities Private Limited,2026-04-10T11:12:42.434216,Upper Tamakoshi Hydropower Ltd
2026041004001282,UPPER,35,17,20,215.3,4306.0,2026-04-10,185897769,2792,Kohinoor Investment & Securities Pvt. Ltd.,ABC Securities Private Limited,2026-04-10T11:13:00.80311,Upper Tamakoshi Hydropower Ltd
2026041004001309,UPPER,41,17,20,215.3,4306.0,2026-04-10,185897989,2792,Linch Stock Market Ltd.,ABC Securities Private Limited,2026-04-10T11:13:18.225151,Upper Tamakoshi Hydropower Ltd
2026041004001362,UPPER,19,42,20,215.2,4304.0,2026-04-10,185898257,2792,Nepal Investment And Securities Trading Private Limited,Sani Securities Company Ltd.,2026-04-10T11:13:34.075047,Upper Tamakoshi Hydropower Ltd
2026041004001363,UPPER,33,42,630,215.2,135576.0,2026-04-10,185898259,2792,Dakshinkali Investment & Securities Pvt. Ltd.,Sani Securities Company Ltd.,2026-04-10T11:13:34.075246,Upper Tamakoshi Hydropower Ltd
2026041004001407,UPPER,19,64,391,215.1,84104.1,2026-04-10,185898538,2792,Nepal Investment And Securities Trading Private Limited,SUN SECURITIES PVT LTD,2026-04-10T11:13:55.386438,Upper Tamakoshi Hydropower Ltd
2026041004001409,UPPER,11,42,50,215.2,10760.0,2026-04-10,185898559,2792,Malla & Malla Stock Broking Company Pvt. Limited,Sani Securities Company Ltd.,2026-04-10T11:13:57.891939,Upper Tamakoshi Hydropower Ltd
2026041004001410,UPPER,19,16,491,215.1,105614.1,2026-04-10,185898566,2792,Nepal Investment And Securities Trading Private Limited,Primo Securities (PVT) Ltd.,2026-04-10T11:13:59.04894,Upper Tamakoshi Hydropower Ltd
2026041004001418,UPPER,19,62,118,215.1,25381.8,2026-04-10,185898619,2792,Nepal Investment And Securities Trading Private Limited,Capital Max Securities Ltd,2026-04-10T11:14:03.151642,Upper Tamakoshi Hydropower Ltd
2026041004001434,UPPER,39,62,100,215.0,21500.0,2026-04-10,185898743,2792,Sumeru Securities Pvt. Ltd.,Capital Max Securities Ltd,2026-04-10T11:14:12.153795,Upper Tamakoshi Hydropower Ltd
2026041004001435,UPPER,7,62,20,215.0,4300.0,2026-04-10,185898745,2792,J.F. Securites (PVT) Ltd.,Capital Max Securities Ltd,2026-04-10T11:14:12.154149,Upper Tamakoshi Hydropower Ltd
2026041004001436,UPPER,49,62,50,215.0,10750.0,2026-04-10,185898747,2792,Online Securities Pvt. Ltd.,Capital Max Securities Ltd,2026-04-10T11:14:12.154404,Upper Tamakoshi Hydropower Ltd
2026041004001437,UPPER,58,62,14,215.0,3010.0,2026-04-10,185898749,2792,Naasa Securities Co. Ltd.,Capital Max Securities Ltd,2026-04-10T11:14:12.154633,Upper Tamakoshi Hydropower Ltd
2026041004001438,UPPER,38,62,198,215.0,42570.0,2026-04-10,185898750,2792,Dipshikha Dhitopatra Karobar Co. Pvt Ltd.,Capital Max Securities Ltd,2026-04-10T11:14:12.154869,Upper Tamakoshi Hydropower Ltd
2026041004001482,UPPER,38,44,100,215.0,21500.0,2026-04-10,185899140,2792,Dipshikha Dhitopatra Karobar Co. Pvt Ltd.,Dynamic Money Managers Securities Pvt. Ltd.,2026-04-10T11:14:37.377235,Upper Tamakoshi Hydropower Ltd
2026041004001485,UPPER,25,17,53,215.3,11410.9,2026-04-10,185899151,2792,Sweta Securities Private Limited,ABC Securities Private Limited,2026-04-10T11:14:37.84408,Upper Tamakoshi Hydropower Ltd
2026041004001509,UPPER,38,58,102,215.0,21930.0,2026-04-10,185899319,2792,Dipshikha Dhitopatra Karobar Co. Pvt Ltd.,Naasa Securities Co. Ltd.,2026-04-10T11:14:49.292784,Upper Tamakoshi Hydropower Ltd
2026041004001510,UPPER,7,58,20,215.0,4300.0,2026-04-10,185899321,2792,J.F. Securites (PVT) Ltd.,Naasa Securities Co. Ltd.,2026-04-10T11:14:49.292997,Upper Tamakoshi Hydropower Ltd
2026041004001511,UPPER,91,58,178,215.0,38270.0,2026-04-10,185899322,2792,Citizens Share Broker Limited,Naasa Securities Co. Ltd.,2026-04-10T11:14:49.29311,Upper Tamakoshi Hydropower Ltd
2026041004001517,UPPER,91,58,322,215.0,69230.0,2026-04-10,185899425,2792,Citizens Share Broker Limited,Naasa Securities Co. Ltd.,2026-04-10T11:14:54.433348,Upper Tamakoshi Hydropower Ltd
2026041004001518,UPPER,22,58,100,215.0,21500.0,2026-04-10,185899427,2792,Siprabi Securities Pvt. Ltd.,Naasa Securities Co. Ltd.,2026-04-10T11:14:54.433745,Upper Tamakoshi Hydropower Ltd
2026041004001519,UPPER,49,58,32,215.0,6880.0,2026-04-10,185899429,2792,Online Securities Pvt. Ltd.,Naasa Securities Co. Ltd.,2026-04-10T11:14:54.434007,Upper Tamakoshi Hydropower Ltd
2026041004001520,UPPER,42,58,46,215.0,9890.0,2026-04-10,185899430,2792,Sani Securities Company Ltd.,Naasa Securities Co. Ltd.,2026-04-10T11:14:54.434343,Upper Tamakoshi Hydropower Ltd
2026041004001624,UPPER,58,6,10,215.2,2152.0,2026-04-10,185899845,2792,Naasa Securities Co. Ltd.,Agrawal Securities (PVT) Ltd.,2026-04-10T11:15:14.540147,Upper Tamakoshi Hydropower Ltd
2026041004001644,UPPER,25,58,100,215.0,21500.0,2026-04-10,185899927,2792,Sweta Securities Private Limited,Naasa Securities Co. Ltd.,2026-04-10T11:15:20.169291,Upper Tamakoshi Hydropower Ltd
2026041004001645,UPPER,57,58,500,215.0,107500.0,2026-04-10,185899929,2792,Aryatara Investment & Securities,Naasa Securities Co. Ltd.,2026-04-10T11:15:20.169512,Upper Tamakoshi Hydropower Ltd
2026041004001646,UPPER,58,58,93,215.0,19995.0,2026-04-10,185899931,2792,Naasa Securities Co. Ltd.,Naasa Securities Co. Ltd.,2026-04-10T11:15:20.169597,Upper Tamakoshi Hydropower Ltd
2026041004001647,UPPER,17,58,60,215.0,12900.0,2026-04-10,185899933,2792,ABC Securities Private Limited,Naasa Securities Co. Ltd.,2026-04-10T11:15:20.169678,Upper Tamakoshi Hydropower Ltd
2026041004001648,UPPER,22,58,447,215.0,96105.0,2026-04-10,185899934,2792,Siprabi Securities Pvt. Ltd.,Naasa Securities Co. Ltd.,2026-04-10T11:15:20.169758,Upper Tamakoshi Hydropower Ltd
2026041004001673,UPPER,22,6,33,215.0,7095.0,2026-04-10,185900177,2792,Siprabi Securities Pvt. Ltd.,Agrawal Securities (PVT) Ltd.,2026-04-10T11:15:40.356826,Upper Tamakoshi Hydropower Ltd
2026041004001676,UPPER,42,58,25,214.7,5367.5,2026-04-10,185900209,2792,Sani Securities Company Ltd.,Naasa Securities Co. Ltd.,2026-04-10T11:15:42.720377,Upper Tamakoshi Hydropower Ltd
2026041004001677,UPPER,34,58,1000,214.7,214700.0,2026-04-10,185900211,2792,Vision Securities Pvt. Ltd,Naasa Securities Co. Ltd.,2026-04-10T11:15:42.72044,Upper Tamakoshi Hydropower Ltd
2026041004001678,UPPER,39,58,100,214.5,21450.0,2026-04-10,185900213,2792,Sumeru Securities Pvt. Ltd.,Naasa Securities Co. Ltd.,2026-04-10T11:15:42.720477,Upper Tamakoshi Hydropower Ltd
2026041004001679,UPPER,74,58,175,214.1,37467.5,2026-04-10,185900214,2792,KALASH STOCK MARKET PVT. LTD.,Naasa Securities Co. Ltd.,2026-04-10T11:15:42.720516,Upper Tamakoshi Hydropower Ltd
2026041004001692,UPPER,4,6,10,215.0,2150.0,2026-04-10,185900297,2792,Opal Securities Investment (PVT) Ltd.,Agrawal Securities (PVT) Ltd.,2026-04-10T11:15:49.0531,Upper Tamakoshi Hydropower Ltd
2026041004001702,UPPER,74,57,114,214.1,24407.4,2026-04-10,185900478,2792,KALASH STOCK MARKET PVT. LTD.,Aryatara Investment & Securities,2026-04-10T11:15:58.824435,Upper Tamakoshi Hydropower Ltd
2026041004001713,UPPER,43,6,50,215.0,10750.0,2026-04-10,185900643,2792,South Asian Bulls Pvt. Ltd.,Agrawal Securities (PVT) Ltd.,2026-04-10T11:16:12.738062,Upper Tamakoshi Hydropower Ltd
2026041004001747,UPPER,34,6,25,215.0,5375.0,2026-04-10,185900957,2792,Vision Securities Pvt. Ltd,Agrawal Securities (PVT) Ltd.,2026-04-10T11:16:32.973379,Upper Tamakoshi Hydropower Ltd
2026041004001758,UPPER,49,6,185,215.0,39775.0,2026-04-10,185901069,2792,Online Securities Pvt. Ltd.,Agrawal Securities (PVT) Ltd.,2026-04-10T11:16:43.562248,Upper Tamakoshi Hydropower Ltd
2026041004001792,UPPER,58,6,45,215.0,9675.0,2026-04-10,185901253,2792,Naasa Securities Co. Ltd.,Agrawal Securities (PVT) Ltd.,2026-04-10T11:16:56.580717,Upper Tamakoshi Hydropower Ltd
2026041004001874,UPPER,58,6,100,215.0,21500.0,2026-04-10,185902079,2792,Naasa Securities Co. Ltd.,Agrawal Securities (PVT) Ltd.,2026-04-10T11:18:03.38245,Upper Tamakoshi Hydropower Ltd
2026041004002007,UPPER,47,6,42,215.0,9030.0,2026-04-10,185903036,2792,Neev Securities Pvt. Ltd.,Agrawal Securities (PVT) Ltd.,2026-04-10T11:19:07.652554,Upper Tamakoshi Hydropower Ltd
2026041004002008,UPPER,47,22,58,215.0,12470.0,2026-04-10,185903039,2792,Neev Securities Pvt. Ltd.,Siprabi Securities Pvt. Ltd.,2026-04-10T11:19:07.652758,Upper Tamakoshi Hydropower Ltd
2026041004002045,UPPER,59,14,200,214.2,42840.0,2026-04-10,185903288,2792,Deevyaa Securities & Stock House Pvt. Ltd,Nepal Stock House (PVT) Ltd.,2026-04-10T11:19:26.295425,Upper Tamakoshi Hydropower Ltd
2026041004002149,UPPER,59,88,40,214.2,8568.0,2026-04-10,185904001,2792,Deevyaa Securities & Stock House Pvt. Ltd,Blue Chip Securities Ltd,2026-04-10T11:20:07.757801,Upper Tamakoshi Hydropower Ltd
2026041004002150,UPPER,74,88,60,214.1,12846.0,2026-04-10,185904002,2792,KALASH STOCK MARKET PVT. LTD.,Blue Chip Securities Ltd,2026-04-10T11:20:07.757873,Upper Tamakoshi Hydropower Ltd
2026041004002169,UPPER,38,58,40,214.2,8568.0,2026-04-10,185904216,2792,Dipshikha Dhitopatra Karobar Co. Pvt Ltd.,Naasa Securities Co. Ltd.,2026-04-10T11:20:18.575253,Upper Tamakoshi Hydropower Ltd
2026041004002176,UPPER,41,33,300,214.5,64350.0,2026-04-10,185904279,2792,Linch Stock Market Ltd.,Dakshinkali Investment & Securities Pvt. Ltd.,2026-04-10T11:20:24.269358,Upper Tamakoshi Hydropower Ltd
2026041004002199,UPPER,25,33,200,214.5,42900.0,2026-04-10,185904404,2792,Sweta Securities Private Limited,Dakshinkali Investment & Securities Pvt. Ltd.,2026-04-10T11:20:34.601273,Upper Tamakoshi Hydropower Ltd
2026041004002200,UPPER,25,57,45,214.5,9652.5,2026-04-10,185904406,2792,Sweta Securities Private Limited,Aryatara Investment & Securities,2026-04-10T11:20:34.6017,Upper Tamakoshi Hydropower Ltd
2026041004002201,UPPER,25,42,112,214.9,24068.8,2026-04-10,185904408,2792,Sweta Securities Private Limited,Sani Securities Company Ltd.,2026-04-10T11:20:34.602016,Upper Tamakoshi Hydropower Ltd
2026041004002202,UPPER,25,22,42,215.0,9030.0,2026-04-10,185904410,2792,Sweta Securities Private Limited,Siprabi Securities Pvt. Ltd.,2026-04-10T11:20:34.602333,Upper Tamakoshi Hydropower Ltd
2026041004002203,UPPER,25,34,200,215.0,43000.0,2026-04-10,185904412,2792,Sweta Securities Private Limited,Vision Securities Pvt. Ltd,2026-04-10T11:20:34.602638,Upper Tamakoshi Hydropower Ltd
2026041004002204,UPPER,25,58,401,215.0,86215.0,2026-04-10,185904415,2792,Sweta Securities Private Limited,Naasa Securities Co. Ltd.,2026-04-10T11:20:34.60292,Upper Tamakoshi Hydropower Ltd
2026041004002208,UPPER,38,57,160,214.2,34272.0,2026-04-10,185904435,2792,Dipshikha Dhitopatra Karobar Co. Pvt Ltd.,Aryatara Investment & Securities,2026-04-10T11:20:35.601193,Upper Tamakoshi Hydropower Ltd
2026041004002209,UPPER,74,57,305,214.1,65300.5,2026-04-10,185904436,2792,KALASH STOCK MARKET PVT. LTD.,Aryatara Investment & Securities,2026-04-10T11:20:35.601435,Upper Tamakoshi Hydropower Ltd
2026041004002234,UPPER,74,34,200,214.1,42820.0,2026-04-10,185904640,2792,KALASH STOCK MARKET PVT. LTD.,Vision Securities Pvt. Ltd,2026-04-10T11:20:50.781941,Upper Tamakoshi Hydropower Ltd
2026041004002315,UPPER,25,26,600,214.4,128640.0,2026-04-10,185905051,2792,Sweta Securities Private Limited,Asian Securities Private Ltd.,2026-04-10T11:21:08.853112,Upper Tamakoshi Hydropower Ltd
2026041004002317,UPPER,52,35,193,214.2,41340.6,2026-04-10,185905062,2792,Sundhara Securities Limited,Kohinoor Investment & Securities Pvt. Ltd.,2026-04-10T11:21:09.554122,Upper Tamakoshi Hydropower Ltd
2026041004002381,UPPER,52,71,150,214.2,32130.0,2026-04-10,185905580,2792,Sundhara Securities Limited,SHUBHAKAMANA SECURITIES PVT. LTD,2026-04-10T11:21:34.403516,Upper Tamakoshi Hydropower Ltd
2026041004002434,UPPER,58,38,50,214.4,10720.0,2026-04-10,185906010,2792,Naasa Securities Co. Ltd.,Dipshikha Dhitopatra Karobar Co. Pvt Ltd.,2026-04-10T11:21:56.543448,Upper Tamakoshi Hydropower Ltd
2026041004002435,UPPER,58,58,99,215.0,21285.0,2026-04-10,185906012,2792,Naasa Securities Co. Ltd.,Naasa Securities Co. Ltd.,2026-04-10T11:21:56.543692,Upper Tamakoshi Hydropower Ltd
2026041004002483,UPPER,52,49,500,214.2,107100.0,2026-04-10,185906544,2792,Sundhara Securities Limited,Online Securities Pvt. Ltd.,2026-04-10T11:22:22.401862,Upper Tamakoshi Hydropower Ltd
2026041004002596,UPPER,58,35,30,215.0,6450.0,2026-04-10,185907417,2792,Naasa Securities Co. Ltd.,Kohinoor Investment & Securities Pvt. Ltd.,2026-04-10T11:23:15.428284,Upper Tamakoshi Hydropower Ltd
2026041004002666,UPPER,52,58,95,214.2,20349.0,2026-04-10,185907860,2792,Sundhara Securities Limited,Naasa Securities Co. Ltd.,2026-04-10T11:23:48.048496,Upper Tamakoshi Hydropower Ltd
2026041004002727,UPPER,42,58,35,214.5,7507.5,2026-04-10,185908273,2792,Sani Securities Company Ltd.,Naasa Securities Co. Ltd.,2026-04-10T11:24:13.169538,Upper Tamakoshi Hydropower Ltd
2026041004002778,UPPER,52,51,1000,214.2,214200.0,2026-04-10,185908806,2792,Sundhara Securities Limited,Oxford Securities Pvt. Ltd.,2026-04-10T11:24:31.815862,Upper Tamakoshi Hydropower Ltd
2026041004002838,UPPER,52,58,15,214.2,3213.0,2026-04-10,185909026,2792,Sundhara Securities Limited,Naasa Securities Co. Ltd.,2026-04-10T11:24:40.429812,Upper Tamakoshi Hydropower Ltd
2026041004002891,UPPER,52,6,47,214.2,10067.4,2026-04-10,185909281,2792,Sundhara Securities Limited,Agrawal Securities (PVT) Ltd.,2026-04-10T11:24:59.247897,Upper Tamakoshi Hydropower Ltd
2026041004002892,UPPER,74,6,146,214.1,31258.6,2026-04-10,185909283,2792,KALASH STOCK MARKET PVT. LTD.,Agrawal Securities (PVT) Ltd.,2026-04-10T11:24:59.248403,Upper Tamakoshi Hydropower Ltd
2026041004002893,UPPER,47,6,100,214.1,21410.0,2026-04-10,185909285,2792,Neev Securities Pvt. Ltd.,Agrawal Securities (PVT) Ltd.,2026-04-10T11:24:59.248717,Upper Tamakoshi Hydropower Ltd
2026041004002894,UPPER,39,6,100,214.0,21400.0,2026-04-10,185909287,2792,Sumeru Securities Pvt. Ltd.,Agrawal Securities (PVT) Ltd.,2026-04-10T11:24:59.249023,Upper Tamakoshi Hydropower Ltd
2026041004002895,UPPER,57,6,807,214.0,172698.0,2026-04-10,185909288,2792,Aryatara Investment & Securities,Agrawal Securities (PVT) Ltd.,2026-04-10T11:24:59.249342,Upper Tamakoshi Hydropower Ltd
2026041004002936,UPPER,58,58,20,214.3,4286.0,2026-04-10,185909898,2792,Naasa Securities Co. Ltd.,Naasa Securities Co. Ltd.,2026-04-10T11:25:22.385299,Upper Tamakoshi Hydropower Ltd
2026041004003025,UPPER,58,59,100,214.3,21430.0,2026-04-10,185910522,2792,Naasa Securities Co. Ltd.,Deevyaa Securities & Stock House Pvt. Ltd,2026-04-10T11:26:02.326389,Upper Tamakoshi Hydropower Ltd
2026041004003048,UPPER,58,57,30,214.3,6429.0,2026-04-10,185910777,2792,Naasa Securities Co. Ltd.,Aryatara Investment & Securities,2026-04-10T11:26:17.008574,Upper Tamakoshi Hydropower Ltd
2026041004003049,UPPER,58,57,20,214.3,4286.0,2026-04-10,185910779,2792,Naasa Securities Co. Ltd.,Aryatara Investment & Securities,2026-04-10T11:26:17.008836,Upper Tamakoshi Hydropower Ltd
2026041004003050,UPPER,57,57,193,214.0,41302.0,2026-04-10,185910781,2792,Aryatara Investment & Securities,Aryatara Investment & Securities,2026-04-10T11:26:17.008944,Upper Tamakoshi Hydropower Ltd
2026041004003051,UPPER,21,57,15,214.0,3210.0,2026-04-10,185910783,2792,Midas Stock Broking Company Private Limited,Aryatara Investment & Securities,2026-04-10T11:26:17.009049,Upper Tamakoshi Hydropower Ltd
2026041004003052,UPPER,42,57,42,214.0,8988.0,2026-04-10,185910784,2792,Sani Securities Company Ltd.,Aryatara Investment & Securities,2026-04-10T11:26:17.009155,Upper Tamakoshi Hydropower Ltd
2026041004003065,UPPER,45,41,270,214.5,57915.0,2026-04-10,185910852,2792,Imperial Securities Company Pvt. Ltd.,Linch Stock Market Ltd.,2026-04-10T11:26:24.087782,Upper Tamakoshi Hydropower Ltd
2026041004003066,UPPER,45,48,30,214.5,6435.0,2026-04-10,185910855,2792,Imperial Securities Company Pvt. Ltd.,Trishakti Securities Public Limited,2026-04-10T11:26:24.08803,Upper Tamakoshi Hydropower Ltd
2026041004003080,UPPER,58,48,10,214.5,2145.0,2026-04-10,185910955,2792,Naasa Securities Co. Ltd.,Trishakti Securities Public Limited,2026-04-10T11:26:31.438413,Upper Tamakoshi Hydropower Ltd
2026041004003122,UPPER,58,48,50,214.5,10725.0,2026-04-10,185911217,2792,Naasa Securities Co. Ltd.,Trishakti Securities Public Limited,2026-04-10T11:26:49.071192,Upper Tamakoshi Hydropower Ltd
2026041004003130,UPPER,28,58,10,214.1,2141.0,2026-04-10,185911280,2792,Shree Krishna Securities Ltd.,Naasa Securities Co. Ltd.,2026-04-10T11:26:52.865267,Upper Tamakoshi Hydropower Ltd
2026041004003140,UPPER,58,48,10,214.5,2145.0,2026-04-10,185911335,2792,Naasa Securities Co. Ltd.,Trishakti Securities Public Limited,2026-04-10T11:26:57.88428,Upper Tamakoshi Hydropower Ltd
2026041004003153,UPPER,43,42,10,214.8,2148.0,2026-04-10,185911450,2792,South Asian Bulls Pvt. Ltd.,Sani Securities Company Ltd.,2026-04-10T11:27:05.679666,Upper Tamakoshi Hydropower Ltd
2026041004003154,UPPER,43,35,615,215.0,132225.0,2026-04-10,185911452,2792,South Asian Bulls Pvt. Ltd.,Kohinoor Investment & Securities Pvt. Ltd.,2026-04-10T11:27:05.680145,Upper Tamakoshi Hydropower Ltd
2026041004003155,UPPER,43,38,200,215.0,43000.0,2026-04-10,185911454,2792,South Asian Bulls Pvt. Ltd.,Dipshikha Dhitopatra Karobar Co. Pvt Ltd.,2026-04-10T11:27:05.680468,Upper Tamakoshi Hydropower Ltd
2026041004003156,UPPER,43,42,175,215.0,37625.0,2026-04-10,185911457,2792,South Asian Bulls Pvt. Ltd.,Sani Securities Company Ltd.,2026-04-10T11:27:05.680776,Upper Tamakoshi Hydropower Ltd
2026041004003157,UPPER,28,39,90,214.1,19269.0,2026-04-10,185911463,2792,Shree Krishna Securities Ltd.,Sumeru Securities Pvt. Ltd.,2026-04-10T11:27:06.16259,Upper Tamakoshi Hydropower Ltd
2026041004003158,UPPER,35,39,54,214.0,11556.0,2026-04-10,185911464,2792,Kohinoor Investment & Securities Pvt. Ltd.,Sumeru Securities Pvt. Ltd.,2026-04-10T11:27:06.162844,Upper Tamakoshi Hydropower Ltd
2026041004003197,UPPER,35,77,46,214.0,9844.0,2026-04-10,185911833,2792,Kohinoor Investment & Securities Pvt. Ltd.,Nabil Stock Dealer Ltd.,2026-04-10T11:27:33.224729,Upper Tamakoshi Hydropower Ltd
2026041004003198,UPPER,34,77,634,214.0,135676.0,2026-04-10,185911834,2792,Vision Securities Pvt. Ltd,Nabil Stock Dealer Ltd.,2026-04-10T11:27:33.225234,Upper Tamakoshi Hydropower Ltd
2026041004003303,UPPER,58,42,10,214.8,2148.0,2026-04-10,185912859,2792,Naasa Securities Co. Ltd.,Sani Securities Company Ltd.,2026-04-10T11:28:21.010919,Upper Tamakoshi Hydropower Ltd
2026041004003304,UPPER,42,42,10,214.5,2145.0,2026-04-10,185912862,2792,Sani Securities Company Ltd.,Sani Securities Company Ltd.,2026-04-10T11:28:21.011445,Upper Tamakoshi Hydropower Ltd
2026041004003305,UPPER,45,42,30,214.1,6423.0,2026-04-10,185912864,2792,Imperial Securities Company Pvt. Ltd.,Sani Securities Company Ltd.,2026-04-10T11:28:21.011797,Upper Tamakoshi Hydropower Ltd
2026041004003336,UPPER,45,58,24,214.1,5138.4,2026-04-10,185913066,2792,Imperial Securities Company Pvt. Ltd.,Naasa Securities Co. Ltd.,2026-04-10T11:28:32.286069,Upper Tamakoshi Hydropower Ltd
2026041004003351,UPPER,45,58,46,214.1,9848.6,2026-04-10,185913163,2792,Imperial Securities Company Pvt. Ltd.,Naasa Securities Co. Ltd.,2026-04-10T11:28:37.246247,Upper Tamakoshi Hydropower Ltd
2026041004003403,UPPER,42,42,200,215.0,43000.0,2026-04-10,185913933,2792,Sani Securities Company Ltd.,Sani Securities Company Ltd.,2026-04-10T11:29:09.401206,Upper Tamakoshi Hydropower Ltd
2026041004003478,UPPER,34,42,200,215.0,43000.0,2026-04-10,185914521,2792,Vision Securities Pvt. Ltd,Sani Securities Company Ltd.,2026-04-10T11:29:32.575717,Upper Tamakoshi Hydropower Ltd
2026041004003479,UPPER,28,1,300,214.2,64260.0,2026-04-10,185914559,2792,Shree Krishna Securities Ltd.,Kumari Securities Private Limited,2026-04-10T11:29:35.208713,Upper Tamakoshi Hydropower Ltd
2026041004003480,UPPER,47,1,50,214.1,10705.0,2026-04-10,185914561,2792,Neev Securities Pvt. Ltd.,Kumari Securities Private Limited,2026-04-10T11:29:35.209202,Upper Tamakoshi Hydropower Ltd
2026041004003481,UPPER,60,1,170,214.1,36397.0,2026-04-10,185914563,2792,Nagarik Stock Dealer ,Kumari Securities Private Limited,2026-04-10T11:29:35.209559,Upper Tamakoshi Hydropower Ltd
2026041004003482,UPPER,38,1,250,214.1,53525.0,2026-04-10,185914565,2792,Dipshikha Dhitopatra Karobar Co. Pvt Ltd.,Kumari Securities Private Limited,2026-04-10T11:29:35.209883,Upper Tamakoshi Hydropower Ltd
2026041004003569,UPPER,32,1,140,214.1,29974.0,2026-04-10,185915074,2792,Premier Securities Company Ltd.,Kumari Securities Private Limited,2026-04-10T11:29:51.751689,Upper Tamakoshi Hydropower Ltd
2026041004003570,UPPER,32,42,25,215.0,5375.0,2026-04-10,185915076,2792,Premier Securities Company Ltd.,Sani Securities Company Ltd.,2026-04-10T11:29:51.751927,Upper Tamakoshi Hydropower Ltd
2026041004003571,UPPER,32,57,200,215.0,43000.0,2026-04-10,185915078,2792,Premier Securities Company Ltd.,Aryatara Investment & Securities,2026-04-10T11:29:51.752045,Upper Tamakoshi Hydropower Ltd
2026041004003572,UPPER,32,75,83,215.0,17845.0,2026-04-10,185915080,2792,Premier Securities Company Ltd.,N.I.M.B. Stock Markets Limited,2026-04-10T11:29:51.752161,Upper Tamakoshi Hydropower Ltd
2026041004003573,UPPER,32,43,500,215.0,107500.0,2026-04-10,185915082,2792,Premier Securities Company Ltd.,South Asian Bulls Pvt. Ltd.,2026-04-10T11:29:51.752274,Upper Tamakoshi Hydropower Ltd
2026041004003574,UPPER,32,42,52,215.2,11190.4,2026-04-10,185915085,2792,Premier Securities Company Ltd.,Sani Securities Company Ltd.,2026-04-10T11:29:51.752387,Upper Tamakoshi Hydropower Ltd
2026041004003625,UPPER,58,58,10,215.0,2150.0,2026-04-10,185915547,2792,Naasa Securities Co. Ltd.,Naasa Securities Co. Ltd.,2026-04-10T11:30:18.504762,Upper Tamakoshi Hydropower Ltd
2026041004003663,UPPER,34,58,10,215.0,2150.0,2026-04-10,185915896,2792,Vision Securities Pvt. Ltd,Naasa Securities Co. Ltd.,2026-04-10T11:30:40.469779,Upper Tamakoshi Hydropower Ltd
2026041004003664,UPPER,34,42,20,215.2,4304.0,2026-04-10,185915899,2792,Vision Securities Pvt. Ltd,Sani Securities Company Ltd.,2026-04-10T11:30:40.470258,Upper Tamakoshi Hydropower Ltd
2026041004003706,UPPER,59,19,10,215.0,2150.0,2026-04-10,185916305,2792,Deevyaa Securities & Stock House Pvt. Ltd,Nepal Investment And Securities Trading Private Limited,2026-04-10T11:31:04.109095,Upper Tamakoshi Hydropower Ltd
2026041004003777,UPPER,42,19,100,215.0,21500.0,2026-04-10,185917005,2792,Sani Securities Company Ltd.,Nepal Investment And Securities Trading Private Limited,2026-04-10T11:31:37.82983,Upper Tamakoshi Hydropower Ltd
2026041004003789,UPPER,11,19,90,215.0,19350.0,2026-04-10,185917062,2792,Malla & Malla Stock Broking Company Pvt. Limited,Nepal Investment And Securities Trading Private Limited,2026-04-10T11:31:40.615244,Upper Tamakoshi Hydropower Ltd
2026041004003790,UPPER,11,34,34,215.0,7310.0,2026-04-10,185917064,2792,Malla & Malla Stock Broking Company Pvt. Limited,Vision Securities Pvt. Ltd,2026-04-10T11:31:40.615798,Upper Tamakoshi Hydropower Ltd
2026041004003791,UPPER,11,38,50,215.0,10750.0,2026-04-10,185917066,2792,Malla & Malla Stock Broking Company Pvt. Limited,Dipshikha Dhitopatra Karobar Co. Pvt Ltd.,2026-04-10T11:31:40.616131,Upper Tamakoshi Hydropower Ltd
2026041004003792,UPPER,11,57,10,215.0,2150.0,2026-04-10,185917078,2792,Malla & Malla Stock Broking Company Pvt. Limited,Aryatara Investment & Securities,2026-04-10T11:31:41.481631,Upper Tamakoshi Hydropower Ltd
2026041004003844,UPPER,45,42,108,215.2,23241.6,2026-04-10,185917470,2792,Imperial Securities Company Pvt. Ltd.,Sani Securities Company Ltd.,2026-04-10T11:32:04.041798,Upper Tamakoshi Hydropower Ltd
2026041004003897,UPPER,70,17,108,215.3,23252.4,2026-04-10,186080024,2792,Infinity Securities Limited,ABC Securities Private Limited,2026-04-10T11:32:31.51,Upper Tamakoshi Hydropower Ltd
2026041004003923,UPPER,11,17,66,215.3,14209.8,2026-04-10,186063879,2792,Malla & Malla Stock Broking Company Pvt. Limited,ABC Securities Private Limited,2026-04-10T11:32:41.067,Upper Tamakoshi Hydropower Ltd
2026041004003934,UPPER,11,46,24,215.3,5167.2,2026-04-10,186063869,2792,Malla & Malla Stock Broking Company Pvt. Limited,Kalika Securities Pvt. Ltd.,2026-04-10T11:32:44.005,Upper Tamakoshi Hydropower Ltd
2026041004003937,UPPER,34,46,30,215.3,6459.0,2026-04-10,186068854,2792,Vision Securities Pvt. Ltd,Kalika Securities Pvt. Ltd.,2026-04-10T11:32:44.801,Upper Tamakoshi Hydropower Ltd
2026041004003995,UPPER,70,57,142,215.2,30558.4,2026-04-10,186080031,2792,Infinity Securities Limited,Aryatara Investment & Securities,2026-04-10T11:33:12.465,Upper Tamakoshi Hydropower Ltd
2026041004003996,UPPER,70,46,80,215.3,17224.0,2026-04-10,186080042,2792,Infinity Securities Limited,Kalika Securities Pvt. Ltd.,2026-04-10T11:33:12.465,Upper Tamakoshi Hydropower Ltd
2026041004003997,UPPER,70,53,78,215.5,16809.0,2026-04-10,186080033,2792,Infinity Securities Limited,Investment Management Nepal Pvt. Ltd.,2026-04-10T11:33:12.466,Upper Tamakoshi Hydropower Ltd
2026041004004025,UPPER,49,29,300,215.0,64500.0,2026-04-10,185918153,2792,Online Securities Pvt. Ltd.,Trisul Securities & Invt. Ltd.,2026-04-10T11:33:25.492482,Upper Tamakoshi Hydropower Ltd
2026041004004026,UPPER,46,29,29,215.0,6235.0,2026-04-10,185918155,2792,Kalika Securities Pvt. Ltd.,Trisul Securities & Invt. Ltd.,2026-04-10T11:33:25.492757,Upper Tamakoshi Hydropower Ltd
2026041004004027,UPPER,48,29,100,215.0,21500.0,2026-04-10,185918157,2792,Trishakti Securities Public Limited,Trisul Securities & Invt. Ltd.,2026-04-10T11:33:25.492884,Upper Tamakoshi Hydropower Ltd
2026041004004030,UPPER,11,29,142,215.0,30530.0,2026-04-10,185918187,2792,Malla & Malla Stock Broking Company Pvt. Limited,Trisul Securities & Invt. Ltd.,2026-04-10T11:33:28.864848,Upper Tamakoshi Hydropower Ltd
2026041004004038,UPPER,58,29,20,215.0,4300.0,2026-04-10,185918237,2792,Naasa Securities Co. Ltd.,Trisul Securities & Invt. Ltd.,2026-04-10T11:33:31.963473,Upper Tamakoshi Hydropower Ltd
2026041004004107,UPPER,45,57,50,214.3,10715.0,2026-04-10,186072899,2792,Imperial Securities Company Pvt. Ltd.,Aryatara Investment & Securities,2026-04-10T11:34:06.399,Upper Tamakoshi Hydropower Ltd
2026041004004108,UPPER,32,57,100,214.2,21420.0,2026-04-10,186067251,2792,Premier Securities Company Ltd.,Aryatara Investment & Securities,2026-04-10T11:34:06.4,Upper Tamakoshi Hydropower Ltd
2026041004004109,UPPER,54,57,250,214.2,53550.0,2026-04-10,186075648,2792,Sewa Securities Pvt. Ltd.,Aryatara Investment & Securities,2026-04-10T11:34:06.4,Upper Tamakoshi Hydropower Ltd
2026041004004156,UPPER,54,49,250,214.2,53550.0,2026-04-10,185918360,2792,Sewa Securities Pvt. Ltd.,Online Securities Pvt. Ltd.,2026-04-10T11:34:27.504596,Upper Tamakoshi Hydropower Ltd
2026041004004157,UPPER,22,49,65,214.1,13916.5,2026-04-10,185918362,2792,Siprabi Securities Pvt. Ltd.,Online Securities Pvt. Ltd.,2026-04-10T11:34:27.504911,Upper Tamakoshi Hydropower Ltd
2026041004004158,UPPER,56,49,21,214.1,4496.1,2026-04-10,185918364,2792,Sri Hari Securities Pvt. Ltd.,Online Securities Pvt. Ltd.,2026-04-10T11:34:27.505028,Upper Tamakoshi Hydropower Ltd
2026041004004159,UPPER,50,49,100,214.1,21410.0,2026-04-10,185918366,2792,Cristal Kanchanjanga Securites Pvt. Ltd.,Online Securities Pvt. Ltd.,2026-04-10T11:34:27.505147,Upper Tamakoshi Hydropower Ltd
2026041004004160,UPPER,19,49,34,214.1,7279.4,2026-04-10,185918367,2792,Nepal Investment And Securities Trading Private Limited,Online Securities Pvt. Ltd.,2026-04-10T11:34:27.50527,Upper Tamakoshi Hydropower Ltd
2026041004004163,UPPER,58,29,20,215.0,4300.0,2026-04-10,185918390,2792,Naasa Securities Co. Ltd.,Trisul Securities & Invt. Ltd.,2026-04-10T11:34:29.989982,Upper Tamakoshi Hydropower Ltd
2026041004004271,UPPER,49,29,389,215.0,83635.0,2026-04-10,186074534,2792,Online Securities Pvt. Ltd.,Trisul Securities & Invt. Ltd.,2026-04-10T11:35:13.907,Upper Tamakoshi Hydropower Ltd
2026041004004279,UPPER,58,58,20,215.3,4306.0,2026-04-10,186077974,2792,Naasa Securities Co. Ltd.,Naasa Securities Co. Ltd.,2026-04-10T11:35:18.821,Upper Tamakoshi Hydropower Ltd
2026041004004344,UPPER,58,58,4,215.0,860.0,2026-04-10,186077409,2792,Naasa Securities Co. Ltd.,Naasa Securities Co. Ltd.,2026-04-10T11:35:54.676,Upper Tamakoshi Hydropower Ltd
2026041004004355,UPPER,49,49,111,215.0,23865.0,2026-04-10,186074205,2792,Online Securities Pvt. Ltd.,Online Securities Pvt. Ltd.,2026-04-10T11:36:03.522,Upper Tamakoshi Hydropower Ltd
2026041004004382,UPPER,58,29,151,215.0,32465.0,2026-04-10,186077083,2792,Naasa Securities Co. Ltd.,Trisul Securities & Invt. Ltd.,2026-04-10T11:36:25.52,Upper Tamakoshi Hydropower Ltd
2026041004004414,UPPER,38,11,170,214.2,36414.0,2026-04-10,186070803,2792,Dipshikha Dhitopatra Karobar Co. Pvt Ltd.,Malla & Malla Stock Broking Company Pvt. Limited,2026-04-10T11:36:42.463,Upper Tamakoshi Hydropower Ltd
2026041004004429,UPPER,58,11,10,214.2,2142.0,2026-04-10,186077724,2792,Naasa Securities Co. Ltd.,Malla & Malla Stock Broking Company Pvt. Limited,2026-04-10T11:36:56.756,Upper Tamakoshi Hydropower Ltd
2026041004004470,UPPER,49,11,194,214.1,41535.4,2026-04-10,186074343,2792,Online Securities Pvt. Ltd.,Malla & Malla Stock Broking Company Pvt. Limited,2026-04-10T11:37:09.66,Upper Tamakoshi Hydropower Ltd
2026041004004471,UPPER,58,11,26,214.1,5566.6,2026-04-10,186077670,2792,Naasa Securities Co. Ltd.,Malla & Malla Stock Broking Company Pvt. Limited,2026-04-10T11:37:09.661,Upper Tamakoshi Hydropower Ltd
2026041004004523,UPPER,14,51,100,214.2,21420.0,2026-04-10,186064403,2792,Nepal Stock House (PVT) Ltd.,Oxford Securities Pvt. Ltd.,2026-04-10T11:37:44.995,Upper Tamakoshi Hydropower Ltd
2026041004004566,UPPER,14,72,60,214.2,12852.0,2026-04-10,186064113,2792,Nepal Stock House (PVT) Ltd.,Hatemalo Financial Services Private Limited,2026-04-10T11:38:00.662,Upper Tamakoshi Hydropower Ltd
2026041004004600,UPPER,14,19,80,214.2,17136.0,2026-04-10,186064124,2792,Nepal Stock House (PVT) Ltd.,Nepal Investment And Securities Trading Private Limited,2026-04-10T11:38:07.843,Upper Tamakoshi Hydropower Ltd
2026041004004627,UPPER,14,57,60,214.2,12852.0,2026-04-10,186064144,2792,Nepal Stock House (PVT) Ltd.,Aryatara Investment & Securities,2026-04-10T11:38:22.693,Upper Tamakoshi Hydropower Ltd
2026041004004628,UPPER,58,57,98,214.1,20981.8,2026-04-10,186077893,2792,Naasa Securities Co. Ltd.,Aryatara Investment & Securities,2026-04-10T11:38:22.693,Upper Tamakoshi Hydropower Ltd
2026041004004644,UPPER,40,29,300,215.0,64500.0,2026-04-10,186067565,2792,Creative Securities Pvt Ltd,Trisul Securities & Invt. Ltd.,2026-04-10T11:38:31.439,Upper Tamakoshi Hydropower Ltd
2026041004004772,UPPER,58,32,376,214.1,80501.6,2026-04-10,186077936,2792,Naasa Securities Co. Ltd.,Premier Securities Company Ltd.,2026-04-10T11:39:24.876,Upper Tamakoshi Hydropower Ltd
2026041004004773,UPPER,34,32,66,214.0,14124.0,2026-04-10,186068182,2792,Vision Securities Pvt. Ltd,Premier Securities Company Ltd.,2026-04-10T11:39:24.876,Upper Tamakoshi Hydropower Ltd
2026041004004774,UPPER,48,32,100,214.0,21400.0,2026-04-10,186073400,2792,Trishakti Securities Public Limited,Premier Securities Company Ltd.,2026-04-10T11:39:24.877,Upper Tamakoshi Hydropower Ltd
2026041004004775,UPPER,34,32,458,214.0,98012.0,2026-04-10,186068281,2792,Vision Securities Pvt. Ltd,Premier Securities Company Ltd.,2026-04-10T11:39:24.877,Upper Tamakoshi Hydropower Ltd
2026041004004777,UPPER,17,38,5,214.0,1070.0,2026-04-10,186064752,2792,ABC Securities Private Limited,Dipshikha Dhitopatra Karobar Co. Pvt Ltd.,2026-04-10T11:39:25.908,Upper Tamakoshi Hydropower Ltd
2026041004004780,UPPER,58,57,10,214.8,2148.0,2026-04-10,186077926,2792,Naasa Securities Co. Ltd.,Aryatara Investment & Securities,2026-04-10T11:39:28.171,Upper Tamakoshi Hydropower Ltd
2026041004004898,UPPER,34,72,60,214.0,12840.0,2026-04-10,186068742,2792,Vision Securities Pvt. Ltd,Hatemalo Financial Services Private Limited,2026-04-10T11:40:41.48,Upper Tamakoshi Hydropower Ltd
2026041004004923,UPPER,34,58,629,214.0,134606.0,2026-04-10,186068505,2792,Vision Securities Pvt. Ltd,Naasa Securities Co. Ltd.,2026-04-10T11:40:58.516,Upper Tamakoshi Hydropower Ltd
2026041004005009,UPPER,48,47,10,214.1,2141.0,2026-04-10,186073545,2792,Trishakti Securities Public Limited,Neev Securities Pvt. Ltd.,2026-04-10T11:42:05.636,Upper Tamakoshi Hydropower Ltd
2026041004005010,UPPER,34,47,190,214.0,40660.0,2026-04-10,186068482,2792,Vision Securities Pvt. Ltd,Neev Securities Pvt. Ltd.,2026-04-10T11:42:05.637,Upper Tamakoshi Hydropower Ltd
2026041004005033,UPPER,19,41,100,214.2,21420.0,2026-04-10,186065324,2792,Nepal Investment And Securities Trading Private Limited,Linch Stock Market Ltd.,2026-04-10T11:42:24.377,Upper Tamakoshi Hydropower Ltd
2026041004005042,UPPER,19,14,50,214.2,10710.0,2026-04-10,186065320,2792,Nepal Investment And Securities Trading Private Limited,Nepal Stock House (PVT) Ltd.,2026-04-10T11:42:36.297,Upper Tamakoshi Hydropower Ltd
2026041004005057,UPPER,34,58,50,214.9,10745.0,2026-04-10,186068361,2792,Vision Securities Pvt. Ltd,Naasa Securities Co. Ltd.,2026-04-10T11:42:43.243,Upper Tamakoshi Hydropower Ltd
2026041004005159,UPPER,19,58,100,214.2,21420.0,2026-04-10,186065212,2792,Nepal Investment And Securities Trading Private Limited,Naasa Securities Co. Ltd.,2026-04-10T11:43:58.582,Upper Tamakoshi Hydropower Ltd
2026041004005220,UPPER,19,95,250,214.2,53550.0,2026-04-10,186065220,2792,Nepal Investment And Securities Trading Private Limited,Magnet Securities and Investment Company Private Limited,2026-04-10T11:44:39.544,Upper Tamakoshi Hydropower Ltd
2026041004005221,UPPER,51,95,1000,214.2,214200.0,2026-04-10,186075037,2792,Oxford Securities Pvt. Ltd.,Magnet Securities and Investment Company Private Limited,2026-04-10T11:44:39.544,Upper Tamakoshi Hydropower Ltd
2026041004005271,UPPER,42,95,20,214.2,4284.0,2026-04-10,186070089,2792,Sani Securities Company Ltd.,Magnet Securities and Investment Company Private Limited,2026-04-10T11:45:16.761,Upper Tamakoshi Hydropower Ltd
2026041004005275,UPPER,11,49,200,214.1,42820.0,2026-04-10,186063871,2792,Malla & Malla Stock Broking Company Pvt. Limited,Online Securities Pvt. Ltd.,2026-04-10T11:45:18.208,Upper Tamakoshi Hydropower Ltd
2026041004005276,UPPER,57,49,150,214.1,32115.0,2026-04-10,186076538,2792,Aryatara Investment & Securities,Online Securities Pvt. Ltd.,2026-04-10T11:45:18.209,Upper Tamakoshi Hydropower Ltd
2026041004005277,UPPER,34,49,163,214.0,34882.0,2026-04-10,186068751,2792,Vision Securities Pvt. Ltd,Online Securities Pvt. Ltd.,2026-04-10T11:45:18.209,Upper Tamakoshi Hydropower Ltd
2026041004005278,UPPER,10,49,150,214.0,32100.0,2026-04-10,186063757,2792,Pragyan Securities (PVT) Ltd.,Online Securities Pvt. Ltd.,2026-04-10T11:45:18.21,Upper Tamakoshi Hydropower Ltd
2026041004005279,UPPER,58,49,174,214.0,37236.0,2026-04-10,186077042,2792,Naasa Securities Co. Ltd.,Online Securities Pvt. Ltd.,2026-04-10T11:45:18.21,Upper Tamakoshi Hydropower Ltd
2026041004005280,UPPER,65,49,30,214.0,6420.0,2026-04-10,186079444,2792,Sharepro Securities Private Limited,Online Securities Pvt. Ltd.,2026-04-10T11:45:18.21,Upper Tamakoshi Hydropower Ltd
2026041004005281,UPPER,7,49,20,214.0,4280.0,2026-04-10,186063414,2792,J.F. Securites (PVT) Ltd.,Online Securities Pvt. Ltd.,2026-04-10T11:45:18.211,Upper Tamakoshi Hydropower Ltd
2026041004005282,UPPER,32,49,71,214.0,15194.0,2026-04-10,186067110,2792,Premier Securities Company Ltd.,Online Securities Pvt. Ltd.,2026-04-10T11:45:18.211,Upper Tamakoshi Hydropower Ltd
2026041004005283,UPPER,58,49,15,214.0,3210.0,2026-04-10,186077230,2792,Naasa Securities Co. Ltd.,Online Securities Pvt. Ltd.,2026-04-10T11:45:18.212,Upper Tamakoshi Hydropower Ltd
2026041004005284,UPPER,58,49,86,214.0,18404.0,2026-04-10,186077529,2792,Naasa Securities Co. Ltd.,Online Securities Pvt. Ltd.,2026-04-10T11:45:18.212,Upper Tamakoshi Hydropower Ltd
2026041004005285,UPPER,54,49,197,214.0,42158.0,2026-04-10,186075689,2792,Sewa Securities Pvt. Ltd.,Online Securities Pvt. Ltd.,2026-04-10T11:45:18.213,Upper Tamakoshi Hydropower Ltd
2026041004005302,UPPER,62,95,12,214.2,2570.4,2026-04-10,186079915,2792,Capital Max Securities Ltd,Magnet Securities and Investment Company Private Limited,2026-04-10T11:45:23.953,Upper Tamakoshi Hydropower Ltd
2026041004005328,UPPER,6,58,140,214.0,29960.0,2026-04-10,186063302,2792,Agrawal Securities (PVT) Ltd.,Naasa Securities Co. Ltd.,2026-04-10T11:45:46.463,Upper Tamakoshi Hydropower Ltd
2026041004005327,UPPER,59,58,10,214.0,2140.0,2026-04-10,186078758,2792,Deevyaa Securities & Stock House Pvt. Ltd,Naasa Securities Co. Ltd.,2026-04-10T11:45:46.463,Upper Tamakoshi Hydropower Ltd
2026041004005337,UPPER,41,95,178,214.2,38127.6,2026-04-10,186067911,2792,Linch Stock Market Ltd.,Magnet Securities and Investment Company Private Limited,2026-04-10T11:45:57.455,Upper Tamakoshi Hydropower Ltd
2026041004005338,UPPER,41,58,22,214.2,4712.4,2026-04-10,186067968,2792,Linch Stock Market Ltd.,Naasa Securities Co. Ltd.,2026-04-10T11:45:57.455,Upper Tamakoshi Hydropower Ltd
2026041004005413,UPPER,6,42,600,214.0,128400.0,2026-04-10,186063250,2792,Agrawal Securities (PVT) Ltd.,Sani Securities Company Ltd.,2026-04-10T11:46:47.156,Upper Tamakoshi Hydropower Ltd
2026041004005414,UPPER,47,58,100,214.1,21410.0,2026-04-10,186073235,2792,Neev Securities Pvt. Ltd.,Naasa Securities Co. Ltd.,2026-04-10T11:46:49.105,Upper Tamakoshi Hydropower Ltd
2026041004005426,UPPER,6,45,210,214.0,44940.0,2026-04-10,186063360,2792,Agrawal Securities (PVT) Ltd.,Imperial Securities Company Pvt. Ltd.,2026-04-10T11:47:00.601,Upper Tamakoshi Hydropower Ltd
2026041004005436,UPPER,35,58,122,214.1,26120.2,2026-04-10,186069105,2792,Kohinoor Investment & Securities Pvt. Ltd.,Naasa Securities Co. Ltd.,2026-04-10T11:47:04.861,Upper Tamakoshi Hydropower Ltd
2026041004005437,UPPER,35,58,78,214.2,16707.6,2026-04-10,186069268,2792,Kohinoor Investment & Securities Pvt. Ltd.,Naasa Securities Co. Ltd.,2026-04-10T11:47:04.862,Upper Tamakoshi Hydropower Ltd
2026041004005440,UPPER,51,58,810,214.2,173502.0,2026-04-10,186075014,2792,Oxford Securities Pvt. Ltd.,Naasa Securities Co. Ltd.,2026-04-10T11:47:09.056,Upper Tamakoshi Hydropower Ltd
2026041004005441,UPPER,51,81,150,214.2,32130.0,2026-04-10,186075017,2792,Oxford Securities Pvt. Ltd.,Aakashbhairab Securities Ltd.,2026-04-10T11:47:09.057,Upper Tamakoshi Hydropower Ltd
2026041004005538,UPPER,35,49,10,214.4,2144.0,2026-04-10,186068939,2792,Kohinoor Investment & Securities Pvt. Ltd.,Online Securities Pvt. Ltd.,2026-04-10T11:47:56.945,Upper Tamakoshi Hydropower Ltd
2026041004005539,UPPER,35,22,40,214.5,8580.0,2026-04-10,186068914,2792,Kohinoor Investment & Securities Pvt. Ltd.,Siprabi Securities Pvt. Ltd.,2026-04-10T11:47:56.945,Upper Tamakoshi Hydropower Ltd
2026041004005550,UPPER,19,44,200,214.1,42820.0,2026-04-10,186065479,2792,Nepal Investment And Securities Trading Private Limited,Dynamic Money Managers Securities Pvt. Ltd.,2026-04-10T11:48:06.286,Upper Tamakoshi Hydropower Ltd
2026041004005557,UPPER,71,22,10,214.5,2145.0,2026-04-10,186080121,2792,SHUBHAKAMANA SECURITIES PVT. LTD,Siprabi Securities Pvt. Ltd.,2026-04-10T11:48:13.167,Upper Tamakoshi Hydropower Ltd
2026041004005558,UPPER,71,29,34,215.0,7310.0,2026-04-10,186080123,2792,SHUBHAKAMANA SECURITIES PVT. LTD,Trisul Securities & Invt. Ltd.,2026-04-10T11:48:13.167,Upper Tamakoshi Hydropower Ltd
2026041004005559,UPPER,71,58,100,215.0,21500.0,2026-04-10,186080136,2792,SHUBHAKAMANA SECURITIES PVT. LTD,Naasa Securities Co. Ltd.,2026-04-10T11:48:13.167,Upper Tamakoshi Hydropower Ltd
2026041004005560,UPPER,71,58,1180,215.0,253700.0,2026-04-10,186080113,2792,SHUBHAKAMANA SECURITIES PVT. LTD,Naasa Securities Co. Ltd.,2026-04-10T11:48:13.167,Upper Tamakoshi Hydropower Ltd
2026041004005561,UPPER,71,57,100,215.0,21500.0,2026-04-10,186080124,2792,SHUBHAKAMANA SECURITIES PVT. LTD,Aryatara Investment & Securities,2026-04-10T11:48:13.167,Upper Tamakoshi Hydropower Ltd
2026041004005564,UPPER,71,58,185,215.0,39775.0,2026-04-10,186080122,2792,SHUBHAKAMANA SECURITIES PVT. LTD,Naasa Securities Co. Ltd.,2026-04-10T11:48:13.168,Upper Tamakoshi Hydropower Ltd
2026041004005562,UPPER,71,38,100,215.0,21500.0,2026-04-10,186080126,2792,SHUBHAKAMANA SECURITIES PVT. LTD,Dipshikha Dhitopatra Karobar Co. Pvt Ltd.,2026-04-10T11:48:13.168,Upper Tamakoshi Hydropower Ltd
2026041004005563,UPPER,71,50,10,215.0,2150.0,2026-04-10,186080115,2792,SHUBHAKAMANA SECURITIES PVT. LTD,Cristal Kanchanjanga Securites Pvt. Ltd.,2026-04-10T11:48:13.168,Upper Tamakoshi Hydropower Ltd
2026041004005577,UPPER,71,38,150,215.0,32250.0,2026-04-10,186080128,2792,SHUBHAKAMANA SECURITIES PVT. LTD,Dipshikha Dhitopatra Karobar Co. Pvt Ltd.,2026-04-10T11:48:19.285,Upper Tamakoshi Hydropower Ltd
2026041004005585,UPPER,71,58,131,215.0,28165.0,2026-04-10,186080130,2792,SHUBHAKAMANA SECURITIES PVT. LTD,Naasa Securities Co. Ltd.,2026-04-10T11:48:34.778,Upper Tamakoshi Hydropower Ltd
2026041004005596,UPPER,45,53,40,215.5,8620.0,2026-04-10,186072895,2792,Imperial Securities Company Pvt. Ltd.,Investment Management Nepal Pvt. Ltd.,2026-04-10T11:48:41.76,Upper Tamakoshi Hydropower Ltd
2026041004005635,UPPER,45,49,10,215.4,2154.0,2026-04-10,186072714,2792,Imperial Securities Company Pvt. Ltd.,Online Securities Pvt. Ltd.,2026-04-10T11:49:17.088,Upper Tamakoshi Hydropower Ltd
2026041004005664,UPPER,45,58,30,215.4,6462.0,2026-04-10,186072522,2792,Imperial Securities Company Pvt. Ltd.,Naasa Securities Co. Ltd.,2026-04-10T11:49:34.391,Upper Tamakoshi Hydropower Ltd
2026041004005701,UPPER,49,58,170,214.4,36448.0,2026-04-10,186073987,2792,Online Securities Pvt. Ltd.,Naasa Securities Co. Ltd.,2026-04-10T11:50:03.018,Upper Tamakoshi Hydropower Ltd
2026041004005766,UPPER,34,45,10,214.4,2144.0,2026-04-10,186068642,2792,Vision Securities Pvt. Ltd,Imperial Securities Company Pvt. Ltd.,2026-04-10T11:50:52.519,Upper Tamakoshi Hydropower Ltd
2026041004005922,UPPER,65,58,77,215.0,16555.0,2026-04-10,186079542,2792,Sharepro Securities Private Limited,Naasa Securities Co. Ltd.,2026-04-10T11:52:24.075,Upper Tamakoshi Hydropower Ltd
2026041004005971,UPPER,65,58,84,215.0,18060.0,2026-04-10,186079358,2792,Sharepro Securities Private Limited,Naasa Securities Co. Ltd.,2026-04-10T11:53:19.065,Upper Tamakoshi Hydropower Ltd
2026041004005975,UPPER,65,3,10,215.0,2150.0,2026-04-10,186079391,2792,Sharepro Securities Private Limited,Arun Securities (PVT) Ltd.,2026-04-10T11:53:23.775,Upper Tamakoshi Hydropower Ltd
2026041004006002,UPPER,4,58,50,215.3,10765.0,2026-04-10,186062607,2792,Opal Securities Investment (PVT) Ltd.,Naasa Securities Co. Ltd.,2026-04-10T11:53:57.9,Upper Tamakoshi Hydropower Ltd
2026041004006006,UPPER,65,48,100,215.0,21500.0,2026-04-10,186079356,2792,Sharepro Securities Private Limited,Trishakti Securities Public Limited,2026-04-10T11:54:02.233,Upper Tamakoshi Hydropower Ltd
2026041004006019,UPPER,65,49,180,215.0,38700.0,2026-04-10,186079399,2792,Sharepro Securities Private Limited,Online Securities Pvt. Ltd.,2026-04-10T11:54:05.77,Upper Tamakoshi Hydropower Ltd
2026041004006033,UPPER,49,58,15,215.3,3229.5,2026-04-10,186074643,2792,Online Securities Pvt. Ltd.,Naasa Securities Co. Ltd.,2026-04-10T11:54:15.934,Upper Tamakoshi Hydropower Ltd
2026041004006032,UPPER,49,49,10,215.2,2152.0,2026-04-10,186074636,2792,Online Securities Pvt. Ltd.,Online Securities Pvt. Ltd.,2026-04-10T11:54:15.934,Upper Tamakoshi Hydropower Ltd
2026041004006063,UPPER,65,48,500,215.0,107500.0,2026-04-10,186079439,2792,Sharepro Securities Private Limited,Trishakti Securities Public Limited,2026-04-10T11:54:36.234,Upper Tamakoshi Hydropower Ltd
2026041004006075,UPPER,80,16,19,215.0,4085.0,2026-04-10,186081529,2792,Indira securities pvt. ltd,Primo Securities (PVT) Ltd.,2026-04-10T11:54:38.432,Upper Tamakoshi Hydropower Ltd
2026041004006074,UPPER,65,16,49,215.0,10535.0,2026-04-10,186079406,2792,Sharepro Securities Private Limited,Primo Securities (PVT) Ltd.,2026-04-10T11:54:38.432,Upper Tamakoshi Hydropower Ltd
2026041004006117,UPPER,80,58,90,215.0,19350.0,2026-04-10,186081525,2792,Indira securities pvt. ltd,Naasa Securities Co. Ltd.,2026-04-10T11:55:21.321,Upper Tamakoshi Hydropower Ltd
2026041004006152,UPPER,80,49,41,215.0,8815.0,2026-04-10,186081503,2792,Indira securities pvt. ltd,Online Securities Pvt. Ltd.,2026-04-10T11:55:40.05,Upper Tamakoshi Hydropower Ltd
2026041004006153,UPPER,42,49,9,215.0,1935.0,2026-04-10,186070160,2792,Sani Securities Company Ltd.,Online Securities Pvt. Ltd.,2026-04-10T11:55:40.05,Upper Tamakoshi Hydropower Ltd
2026041004006259,UPPER,51,6,100,215.0,21500.0,2026-04-10,186074975,2792,Oxford Securities Pvt. Ltd.,Agrawal Securities (PVT) Ltd.,2026-04-10T11:56:52.39,Upper Tamakoshi Hydropower Ltd
2026041004006260,UPPER,51,47,100,215.0,21500.0,2026-04-10,186074970,2792,Oxford Securities Pvt. Ltd.,Neev Securities Pvt. Ltd.,2026-04-10T11:56:54.564,Upper Tamakoshi Hydropower Ltd
2026041004006261,UPPER,42,45,640,215.1,137664.0,2026-04-10,186069827,2792,Sani Securities Company Ltd.,Imperial Securities Company Pvt. Ltd.,2026-04-10T11:57:00.862,Upper Tamakoshi Hydropower Ltd
2026041004006262,UPPER,51,45,1360,215.0,292400.0,2026-04-10,186074945,2792,Oxford Securities Pvt. Ltd.,Imperial Securities Company Pvt. Ltd.,2026-04-10T11:57:00.862,Upper Tamakoshi Hydropower Ltd
2026041004006278,UPPER,51,42,100,215.0,21500.0,2026-04-10,186074900,2792,Oxford Securities Pvt. Ltd.,Sani Securities Company Ltd.,2026-04-10T11:57:20.598,Upper Tamakoshi Hydropower Ltd
2026041004006302,UPPER,41,17,480,215.1,103248.0,2026-04-10,186067930,2792,Linch Stock Market Ltd.,ABC Securities Private Limited,2026-04-10T11:57:43.411,Upper Tamakoshi Hydropower Ltd
2026041004006305,UPPER,34,17,20,215.0,4300.0,2026-04-10,186068385,2792,Vision Securities Pvt. Ltd,ABC Securities Private Limited,2026-04-10T11:57:43.412,Upper Tamakoshi Hydropower Ltd
2026041004006304,UPPER,6,17,50,215.0,10750.0,2026-04-10,186063256,2792,Agrawal Securities (PVT) Ltd.,ABC Securities Private Limited,2026-04-10T11:57:43.412,Upper Tamakoshi Hydropower Ltd
2026041004006303,UPPER,51,17,665,215.0,142975.0,2026-04-10,186074915,2792,Oxford Securities Pvt. Ltd.,ABC Securities Private Limited,2026-04-10T11:57:43.412,Upper Tamakoshi Hydropower Ltd
2026041004006312,UPPER,58,17,50,215.0,10750.0,2026-04-10,186078321,2792,Naasa Securities Co. Ltd.,ABC Securities Private Limited,2026-04-10T11:57:52.669,Upper Tamakoshi Hydropower Ltd
2026041004006374,UPPER,81,17,75,215.0,16125.0,2026-04-10,186081334,2792,Aakashbhairab Securities Ltd.,ABC Securities Private Limited,2026-04-10T11:58:22.34,Upper Tamakoshi Hydropower Ltd
2026041004006402,UPPER,51,17,240,215.0,51600.0,2026-04-10,186074938,2792,Oxford Securities Pvt. Ltd.,ABC Securities Private Limited,2026-04-10T11:58:40.74,Upper Tamakoshi Hydropower Ltd
2026041004006412,UPPER,58,17,10,215.0,2150.0,2026-04-10,186077166,2792,Naasa Securities Co. Ltd.,ABC Securities Private Limited,2026-04-10T11:58:56.424,Upper Tamakoshi Hydropower Ltd
2026041004006430,UPPER,6,42,410,214.5,87945.0,2026-04-10,186063184,2792,Agrawal Securities (PVT) Ltd.,Sani Securities Company Ltd.,2026-04-10T11:59:00.819,Upper Tamakoshi Hydropower Ltd
2026041004006460,UPPER,25,17,210,215.0,45150.0,2026-04-10,186066473,2792,Sweta Securities Private Limited,ABC Securities Private Limited,2026-04-10T11:59:28.292,Upper Tamakoshi Hydropower Ltd
2026041004006477,UPPER,25,50,200,215.0,43000.0,2026-04-10,186066252,2792,Sweta Securities Private Limited,Cristal Kanchanjanga Securites Pvt. Ltd.,2026-04-10T11:59:44.738,Upper Tamakoshi Hydropower Ltd
2026041004006480,UPPER,17,40,500,215.4,107700.0,2026-04-10,186064735,2792,ABC Securities Private Limited,Creative Securities Pvt Ltd,2026-04-10T11:59:47.516,Upper Tamakoshi Hydropower Ltd
2026041004006489,UPPER,8,53,10,215.5,2155.0,2026-04-10,186063612,2792,Brilliant Securities Pvt. Ltd.,Investment Management Nepal Pvt. Ltd.,2026-04-10T12:00:02.732,Upper Tamakoshi Hydropower Ltd
2026041004006524,UPPER,25,53,22,215.0,4730.0,2026-04-10,186066187,2792,Sweta Securities Private Limited,Investment Management Nepal Pvt. Ltd.,2026-04-10T12:00:29.353,Upper Tamakoshi Hydropower Ltd
2026041004006527,UPPER,49,42,10,215.5,2155.0,2026-04-10,186073936,2792,Online Securities Pvt. Ltd.,Sani Securities Company Ltd.,2026-04-10T12:00:31.981,Upper Tamakoshi Hydropower Ltd
2026041004006581,UPPER,34,56,70,215.1,15057.0,2026-04-10,186068813,2792,Vision Securities Pvt. Ltd,Sri Hari Securities Pvt. Ltd.,2026-04-10T12:01:15.353,Upper Tamakoshi Hydropower Ltd
2026041004006593,UPPER,34,39,50,215.1,10755.0,2026-04-10,186068214,2792,Vision Securities Pvt. Ltd,Sumeru Securities Pvt. Ltd.,2026-04-10T12:01:20.589,Upper Tamakoshi Hydropower Ltd
2026041004006608,UPPER,45,42,49,215.5,10559.5,2026-04-10,186072178,2792,Imperial Securities Company Pvt. Ltd.,Sani Securities Company Ltd.,2026-04-10T12:01:32.041,Upper Tamakoshi Hydropower Ltd
2026041004006657,UPPER,45,42,20,215.4,4308.0,2026-04-10,186072244,2792,Imperial Securities Company Pvt. Ltd.,Sani Securities Company Ltd.,2026-04-10T12:01:55.434,Upper Tamakoshi Hydropower Ltd
2026041004006679,UPPER,34,6,30,215.1,6453.0,2026-04-10,186068908,2792,Vision Securities Pvt. Ltd,Agrawal Securities (PVT) Ltd.,2026-04-10T12:01:58.935,Upper Tamakoshi Hydropower Ltd
2026041004006680,UPPER,35,6,18,215.1,3871.8,2026-04-10,186069147,2792,Kohinoor Investment & Securities Pvt. Ltd.,Agrawal Securities (PVT) Ltd.,2026-04-10T12:01:58.936,Upper Tamakoshi Hydropower Ltd
2026041004006684,UPPER,35,4,82,215.1,17638.2,2026-04-10,185920402,2792,Kohinoor Investment & Securities Pvt. Ltd.,Opal Securities Investment (PVT) Ltd.,2026-04-10T12:02:02.474157,Upper Tamakoshi Hydropower Ltd
2026041004006712,UPPER,25,48,100,215.0,21500.0,2026-04-10,185920713,2792,Sweta Securities Private Limited,Trishakti Securities Public Limited,2026-04-10T12:02:28.016217,Upper Tamakoshi Hydropower Ltd
2026041004006735,UPPER,25,42,68,215.0,14620.0,2026-04-10,185920936,2792,Sweta Securities Private Limited,Sani Securities Company Ltd.,2026-04-10T12:02:49.700234,Upper Tamakoshi Hydropower Ltd
2026041004006736,UPPER,40,42,10,215.0,2150.0,2026-04-10,185920938,2792,Creative Securities Pvt Ltd,Sani Securities Company Ltd.,2026-04-10T12:02:49.700611,Upper Tamakoshi Hydropower Ltd
2026041004006737,UPPER,34,42,25,215.0,5375.0,2026-04-10,185920940,2792,Vision Securities Pvt. Ltd,Sani Securities Company Ltd.,2026-04-10T12:02:49.700785,Upper Tamakoshi Hydropower Ltd
2026041004006738,UPPER,34,42,10,215.0,2150.0,2026-04-10,185920942,2792,Vision Securities Pvt. Ltd,Sani Securities Company Ltd.,2026-04-10T12:02:49.700949,Upper Tamakoshi Hydropower Ltd
2026041004006739,UPPER,34,42,10,215.0,2150.0,2026-04-10,185920944,2792,Vision Securities Pvt. Ltd,Sani Securities Company Ltd.,2026-04-10T12:02:49.70113,Upper Tamakoshi Hydropower Ltd
2026041004006740,UPPER,34,42,10,215.0,2150.0,2026-04-10,185920946,2792,Vision Securities Pvt. Ltd,Sani Securities Company Ltd.,2026-04-10T12:02:49.7013,Upper Tamakoshi Hydropower Ltd
2026041004006741,UPPER,54,42,28,215.0,6020.0,2026-04-10,185920948,2792,Sewa Securities Pvt. Ltd.,Sani Securities Company Ltd.,2026-04-10T12:02:49.701471,Upper Tamakoshi Hydropower Ltd
2026041004006742,UPPER,58,42,150,215.0,32250.0,2026-04-10,185920950,2792,Naasa Securities Co. Ltd.,Sani Securities Company Ltd.,2026-04-10T12:02:49.930023,Upper Tamakoshi Hydropower Ltd
2026041004006806,UPPER,94,42,170,215.0,36550.0,2026-04-10,185921428,2792,K.B.L. Securities Limited ,Sani Securities Company Ltd.,2026-04-10T12:03:39.072289,Upper Tamakoshi Hydropower Ltd
2026041004006910,UPPER,34,42,100,215.0,21500.0,2026-04-10,185922146,2792,Vision Securities Pvt. Ltd,Sani Securities Company Ltd.,2026-04-10T12:04:46.788228,Upper Tamakoshi Hydropower Ltd
2026041004007018,UPPER,34,42,63,214.7,13526.1,2026-04-10,185922932,2792,Vision Securities Pvt. Ltd,Sani Securities Company Ltd.,2026-04-10T12:05:51.011765,Upper Tamakoshi Hydropower Ltd
2026041004007046,UPPER,42,4,50,214.6,10730.0,2026-04-10,185923120,2792,Sani Securities Company Ltd.,Opal Securities Investment (PVT) Ltd.,2026-04-10T12:06:11.04302,Upper Tamakoshi Hydropower Ltd
2026041004007047,UPPER,54,4,950,214.6,203870.0,2026-04-10,185923121,2792,Sewa Securities Pvt. Ltd.,Opal Securities Investment (PVT) Ltd.,2026-04-10T12:06:11.043431,Upper Tamakoshi Hydropower Ltd
2026041004007067,UPPER,54,42,36,214.6,7725.6,2026-04-10,185923285,2792,Sewa Securities Pvt. Ltd.,Sani Securities Company Ltd.,2026-04-10T12:06:21.409019,Upper Tamakoshi Hydropower Ltd
2026041004007090,UPPER,68,60,15,214.7,3220.5,2026-04-10,185923450,2792,Elite Stock House Limited,Nagarik Stock Dealer ,2026-04-10T12:06:34.436373,Upper Tamakoshi Hydropower Ltd
2026041004007091,UPPER,54,60,35,214.6,7511.0,2026-04-10,185923451,2792,Sewa Securities Pvt. Ltd.,Nagarik Stock Dealer ,2026-04-10T12:06:34.436752,Upper Tamakoshi Hydropower Ltd
2026041004007143,UPPER,54,6,48,214.6,10300.8,2026-04-10,185923647,2792,Sewa Securities Pvt. Ltd.,Agrawal Securities (PVT) Ltd.,2026-04-10T12:06:47.648562,Upper Tamakoshi Hydropower Ltd
2026041004007224,UPPER,54,5,100,214.6,21460.0,2026-04-10,185924193,2792,Sewa Securities Pvt. Ltd.,Market Securities & Exchange (PVT) Ltd.,2026-04-10T12:07:32.890816,Upper Tamakoshi Hydropower Ltd
2026041004007232,UPPER,39,68,20,215.0,4300.0,2026-04-10,185924220,2792,Sumeru Securities Pvt. Ltd.,Elite Stock House Limited,2026-04-10T12:07:34.69286,Upper Tamakoshi Hydropower Ltd
2026041004007276,UPPER,54,4,263,214.6,56439.8,2026-04-10,185924529,2792,Sewa Securities Pvt. Ltd.,Opal Securities Investment (PVT) Ltd.,2026-04-10T12:07:52.125714,Upper Tamakoshi Hydropower Ltd
2026041004007377,UPPER,34,34,300,214.7,64410.0,2026-04-10,185925220,2792,Vision Securities Pvt. Ltd,Vision Securities Pvt. Ltd,2026-04-10T12:08:43.331212,Upper Tamakoshi Hydropower Ltd
2026041004007378,UPPER,54,34,568,214.6,121892.8,2026-04-10,185925222,2792,Sewa Securities Pvt. Ltd.,Vision Securities Pvt. Ltd,2026-04-10T12:08:43.331988,Upper Tamakoshi Hydropower Ltd
2026041004007379,UPPER,6,34,132,214.5,28314.0,2026-04-10,185925223,2792,Agrawal Securities (PVT) Ltd.,Vision Securities Pvt. Ltd,2026-04-10T12:08:43.332551,Upper Tamakoshi Hydropower Ltd
2026041004007424,UPPER,22,34,1000,214.6,214600.0,2026-04-10,185925595,2792,Siprabi Securities Pvt. Ltd.,Vision Securities Pvt. Ltd,2026-04-10T12:09:12.03988,Upper Tamakoshi Hydropower Ltd
2026041004007430,UPPER,22,14,100,214.6,21460.0,2026-04-10,185925650,2792,Siprabi Securities Pvt. Ltd.,Nepal Stock House (PVT) Ltd.,2026-04-10T12:09:15.366909,Upper Tamakoshi Hydropower Ltd
2026041004007466,UPPER,6,34,458,214.5,98241.0,2026-04-10,185925852,2792,Agrawal Securities (PVT) Ltd.,Vision Securities Pvt. Ltd,2026-04-10T12:09:30.562433,Upper Tamakoshi Hydropower Ltd
2026041004007467,UPPER,58,34,28,214.3,6000.4,2026-04-10,185925854,2792,Naasa Securities Co. Ltd.,Vision Securities Pvt. Ltd,2026-04-10T12:09:30.563215,Upper Tamakoshi Hydropower Ltd
2026041004007468,UPPER,85,34,300,214.2,64260.0,2026-04-10,185925856,2792,Capital Hub P. Ltd,Vision Securities Pvt. Ltd,2026-04-10T12:09:30.563767,Upper Tamakoshi Hydropower Ltd
2026041004007469,UPPER,56,34,214,214.2,45838.8,2026-04-10,185925857,2792,Sri Hari Securities Pvt. Ltd.,Vision Securities Pvt. Ltd,2026-04-10T12:09:30.564309,Upper Tamakoshi Hydropower Ltd
2026041004007486,UPPER,65,25,40,214.5,8580.0,2026-04-10,185926093,2792,Sharepro Securities Private Limited,Sweta Securities Private Limited,2026-04-10T12:09:47.217102,Upper Tamakoshi Hydropower Ltd
2026041004007487,UPPER,65,14,10,214.6,2146.0,2026-04-10,185926095,2792,Sharepro Securities Private Limited,Nepal Stock House (PVT) Ltd.,2026-04-10T12:09:47.217218,Upper Tamakoshi Hydropower Ltd
2026041004007488,UPPER,65,35,40,214.6,8584.0,2026-04-10,185926098,2792,Sharepro Securities Private Limited,Kohinoor Investment & Securities Pvt. Ltd.,2026-04-10T12:09:47.217291,Upper Tamakoshi Hydropower Ltd
2026041004007531,UPPER,56,34,57,214.2,12209.4,2026-04-10,185926286,2792,Sri Hari Securities Pvt. Ltd.,Vision Securities Pvt. Ltd,2026-04-10T12:09:54.354339,Upper Tamakoshi Hydropower Ltd
2026041004007532,UPPER,14,34,443,214.1,94846.3,2026-04-10,185926287,2792,Nepal Stock House (PVT) Ltd.,Vision Securities Pvt. Ltd,2026-04-10T12:09:54.354766,Upper Tamakoshi Hydropower Ltd
2026041004007580,UPPER,45,59,40,214.5,8580.0,2026-04-10,185926624,2792,Imperial Securities Company Pvt. Ltd.,Deevyaa Securities & Stock House Pvt. Ltd,2026-04-10T12:10:18.82255,Upper Tamakoshi Hydropower Ltd
2026041004007581,UPPER,14,45,40,214.1,8564.0,2026-04-10,185926625,2792,Nepal Stock House (PVT) Ltd.,Imperial Securities Company Pvt. Ltd.,2026-04-10T12:10:18.973362,Upper Tamakoshi Hydropower Ltd
2026041004007587,UPPER,14,34,17,214.1,3639.7,2026-04-10,185926658,2792,Nepal Stock House (PVT) Ltd.,Vision Securities Pvt. Ltd,2026-04-10T12:10:21.113814,Upper Tamakoshi Hydropower Ltd
2026041004007588,UPPER,57,34,20,214.1,4282.0,2026-04-10,185926660,2792,Aryatara Investment & Securities,Vision Securities Pvt. Ltd,2026-04-10T12:10:21.114564,Upper Tamakoshi Hydropower Ltd
2026041004007589,UPPER,34,34,50,214.1,10705.0,2026-04-10,185926662,2792,Vision Securities Pvt. Ltd,Vision Securities Pvt. Ltd,2026-04-10T12:10:21.115104,Upper Tamakoshi Hydropower Ltd
2026041004007590,UPPER,33,34,200,214.0,42800.0,2026-04-10,185926664,2792,Dakshinkali Investment & Securities Pvt. Ltd.,Vision Securities Pvt. Ltd,2026-04-10T12:10:21.115641,Upper Tamakoshi Hydropower Ltd
2026041004007591,UPPER,29,34,100,214.0,21400.0,2026-04-10,185926666,2792,Trisul Securities & Invt. Ltd.,Vision Securities Pvt. Ltd,2026-04-10T12:10:21.116168,Upper Tamakoshi Hydropower Ltd
2026041004007592,UPPER,51,34,50,214.0,10700.0,2026-04-10,185926668,2792,Oxford Securities Pvt. Ltd.,Vision Securities Pvt. Ltd,2026-04-10T12:10:21.116704,Upper Tamakoshi Hydropower Ltd
2026041004007593,UPPER,29,34,63,214.0,13482.0,2026-04-10,185926669,2792,Trisul Securities & Invt. Ltd.,Vision Securities Pvt. Ltd,2026-04-10T12:10:21.11721,Upper Tamakoshi Hydropower Ltd
2026041004007596,UPPER,29,14,822,214.0,175908.0,2026-04-10,185926766,2792,Trisul Securities & Invt. Ltd.,Nepal Stock House (PVT) Ltd.,2026-04-10T12:10:23.527838,Upper Tamakoshi Hydropower Ltd
2026041004007597,UPPER,54,14,178,214.0,38092.0,2026-04-10,185926767,2792,Sewa Securities Pvt. Ltd.,Nepal Stock House (PVT) Ltd.,2026-04-10T12:10:23.528627,Upper Tamakoshi Hydropower Ltd
2026041004007614,UPPER,54,52,22,214.0,4708.0,2026-04-10,185926950,2792,Sewa Securities Pvt. Ltd.,Sundhara Securities Limited,2026-04-10T12:10:34.616591,Upper Tamakoshi Hydropower Ltd
2026041004007615,UPPER,8,52,200,214.0,42800.0,2026-04-10,185926952,2792,Brilliant Securities Pvt. Ltd.,Sundhara Securities Limited,2026-04-10T12:10:34.616638,Upper Tamakoshi Hydropower Ltd
2026041004007616,UPPER,14,52,1000,214.0,214000.0,2026-04-10,185926954,2792,Nepal Stock House (PVT) Ltd.,Sundhara Securities Limited,2026-04-10T12:10:34.616675,Upper Tamakoshi Hydropower Ltd
2026041004007617,UPPER,58,52,90,214.0,19260.0,2026-04-10,185926956,2792,Naasa Securities Co. Ltd.,Sundhara Securities Limited,2026-04-10T12:10:34.616698,Upper Tamakoshi Hydropower Ltd
2026041004007618,UPPER,3,52,90,214.0,19260.0,2026-04-10,185926958,2792,Arun Securities (PVT) Ltd.,Sundhara Securities Limited,2026-04-10T12:10:34.616723,Upper Tamakoshi Hydropower Ltd
2026041004007619,UPPER,46,52,1000,214.0,214000.0,2026-04-10,185926960,2792,Kalika Securities Pvt. Ltd.,Sundhara Securities Limited,2026-04-10T12:10:34.616748,Upper Tamakoshi Hydropower Ltd
2026041004007620,UPPER,21,52,39,214.0,8346.0,2026-04-10,185926961,2792,Midas Stock Broking Company Private Limited,Sundhara Securities Limited,2026-04-10T12:10:34.61677,Upper Tamakoshi Hydropower Ltd
2026041004007627,UPPER,21,34,61,214.0,13054.0,2026-04-10,185927026,2792,Midas Stock Broking Company Private Limited,Vision Securities Pvt. Ltd,2026-04-10T12:10:39.138686,Upper Tamakoshi Hydropower Ltd
2026041004007628,UPPER,91,34,19,214.0,4066.0,2026-04-10,185927027,2792,Citizens Share Broker Limited,Vision Securities Pvt. Ltd,2026-04-10T12:10:39.139104,Upper Tamakoshi Hydropower Ltd
2026041004007650,UPPER,91,34,481,214.0,102934.0,2026-04-10,185927202,2792,Citizens Share Broker Limited,Vision Securities Pvt. Ltd,2026-04-10T12:10:50.937975,Upper Tamakoshi Hydropower Ltd
2026041004007651,UPPER,58,34,10,214.0,2140.0,2026-04-10,185927204,2792,Naasa Securities Co. Ltd.,Vision Securities Pvt. Ltd,2026-04-10T12:10:50.938758,Upper Tamakoshi Hydropower Ltd
2026041004007652,UPPER,54,34,509,214.0,108926.0,2026-04-10,185927205,2792,Sewa Securities Pvt. Ltd.,Vision Securities Pvt. Ltd,2026-04-10T12:10:50.939283,Upper Tamakoshi Hydropower Ltd
2026041004007687,UPPER,54,34,300,214.0,64200.0,2026-04-10,185927391,2792,Sewa Securities Pvt. Ltd.,Vision Securities Pvt. Ltd,2026-04-10T12:11:02.120107,Upper Tamakoshi Hydropower Ltd
2026041004007694,UPPER,54,14,199,214.0,42586.0,2026-04-10,185927464,2792,Sewa Securities Pvt. Ltd.,Nepal Stock House (PVT) Ltd.,2026-04-10T12:11:08.895039,Upper Tamakoshi Hydropower Ltd
2026041004007695,UPPER,28,14,300,214.0,64200.0,2026-04-10,185927466,2792,Shree Krishna Securities Ltd.,Nepal Stock House (PVT) Ltd.,2026-04-10T12:11:08.895466,Upper Tamakoshi Hydropower Ltd
2026041004007696,UPPER,81,14,32,214.0,6848.0,2026-04-10,185927468,2792,Aakashbhairab Securities Ltd.,Nepal Stock House (PVT) Ltd.,2026-04-10T12:11:08.895642,Upper Tamakoshi Hydropower Ltd
2026041004007697,UPPER,58,14,79,214.0,16906.0,2026-04-10,185927470,2792,Naasa Securities Co. Ltd.,Nepal Stock House (PVT) Ltd.,2026-04-10T12:11:08.895811,Upper Tamakoshi Hydropower Ltd
2026041004007698,UPPER,7,14,50,214.0,10700.0,2026-04-10,185927472,2792,J.F. Securites (PVT) Ltd.,Nepal Stock House (PVT) Ltd.,2026-04-10T12:11:08.895987,Upper Tamakoshi Hydropower Ltd
2026041004007699,UPPER,42,14,50,214.0,10700.0,2026-04-10,185927474,2792,Sani Securities Company Ltd.,Nepal Stock House (PVT) Ltd.,2026-04-10T12:11:08.896264,Upper Tamakoshi Hydropower Ltd
2026041004007700,UPPER,58,14,15,214.0,3210.0,2026-04-10,185927476,2792,Naasa Securities Co. Ltd.,Nepal Stock House (PVT) Ltd.,2026-04-10T12:11:08.896494,Upper Tamakoshi Hydropower Ltd
2026041004007701,UPPER,17,14,100,214.0,21400.0,2026-04-10,185927478,2792,ABC Securities Private Limited,Nepal Stock House (PVT) Ltd.,2026-04-10T12:11:08.896667,Upper Tamakoshi Hydropower Ltd
2026041004007702,UPPER,58,14,175,214.0,37450.0,2026-04-10,185927479,2792,Naasa Securities Co. Ltd.,Nepal Stock House (PVT) Ltd.,2026-04-10T12:11:08.896829,Upper Tamakoshi Hydropower Ltd
2026041004007790,UPPER,38,40,42,214.1,8992.2,2026-04-10,185927938,2792,Dipshikha Dhitopatra Karobar Co. Pvt Ltd.,Creative Securities Pvt Ltd,2026-04-10T12:11:35.442214,Upper Tamakoshi Hydropower Ltd
2026041004007791,UPPER,58,40,325,214.0,69550.0,2026-04-10,185927940,2792,Naasa Securities Co. Ltd.,Creative Securities Pvt Ltd,2026-04-10T12:11:35.443114,Upper Tamakoshi Hydropower Ltd
2026041004007792,UPPER,49,40,30,214.0,6420.0,2026-04-10,185927942,2792,Online Securities Pvt. Ltd.,Creative Securities Pvt Ltd,2026-04-10T12:11:35.443975,Upper Tamakoshi Hydropower Ltd
2026041004007793,UPPER,35,40,150,214.0,32100.0,2026-04-10,185927944,2792,Kohinoor Investment & Securities Pvt. Ltd.,Creative Securities Pvt Ltd,2026-04-10T12:11:35.444824,Upper Tamakoshi Hydropower Ltd
2026041004007794,UPPER,58,40,10,214.0,2140.0,2026-04-10,185927946,2792,Naasa Securities Co. Ltd.,Creative Securities Pvt Ltd,2026-04-10T12:11:35.445606,Upper Tamakoshi Hydropower Ltd
2026041004007795,UPPER,58,40,33,214.0,7062.0,2026-04-10,185927948,2792,Naasa Securities Co. Ltd.,Creative Securities Pvt Ltd,2026-04-10T12:11:35.446458,Upper Tamakoshi Hydropower Ltd
2026041004007796,UPPER,8,40,410,214.0,87740.0,2026-04-10,185927949,2792,Brilliant Securities Pvt. Ltd.,Creative Securities Pvt Ltd,2026-04-10T12:11:35.447252,Upper Tamakoshi Hydropower Ltd
2026041004007814,UPPER,8,11,90,214.0,19260.0,2026-04-10,185928064,2792,Brilliant Securities Pvt. Ltd.,Malla & Malla Stock Broking Company Pvt. Limited,2026-04-10T12:11:43.31211,Upper Tamakoshi Hydropower Ltd
2026041004007845,UPPER,57,11,15,214.0,3210.0,2026-04-10,185928284,2792,Aryatara Investment & Securities,Malla & Malla Stock Broking Company Pvt. Limited,2026-04-10T12:11:55.115773,Upper Tamakoshi Hydropower Ltd
2026041004007871,UPPER,71,48,500,213.9,106950.0,2026-04-10,185928437,2792,SHUBHAKAMANA SECURITIES PVT. LTD,Trishakti Securities Public Limited,2026-04-10T12:12:03.370563,Upper Tamakoshi Hydropower Ltd
2026041004007887,UPPER,71,36,600,213.9,128340.0,2026-04-10,185928723,2792,SHUBHAKAMANA SECURITIES PVT. LTD,Secured Securities Ltd.,2026-04-10T12:12:09.179046,Upper Tamakoshi Hydropower Ltd
2026041004007938,UPPER,71,45,100,213.9,21390.0,2026-04-10,185929059,2792,SHUBHAKAMANA SECURITIES PVT. LTD,Imperial Securities Company Pvt. Ltd.,2026-04-10T12:12:30.9391,Upper Tamakoshi Hydropower Ltd
2026041004007997,UPPER,71,35,400,213.9,85560.0,2026-04-10,185929403,2792,SHUBHAKAMANA SECURITIES PVT. LTD,Kohinoor Investment & Securities Pvt. Ltd.,2026-04-10T12:12:51.353162,Upper Tamakoshi Hydropower Ltd
2026041004008038,UPPER,71,45,100,213.9,21390.0,2026-04-10,185929627,2792,SHUBHAKAMANA SECURITIES PVT. LTD,Imperial Securities Company Pvt. Ltd.,2026-04-10T12:13:08.977261,Upper Tamakoshi Hydropower Ltd
2026041004008102,UPPER,71,45,300,213.9,64170.0,2026-04-10,185930142,2792,SHUBHAKAMANA SECURITIES PVT. LTD,Imperial Securities Company Pvt. Ltd.,2026-04-10T12:13:36.355723,Upper Tamakoshi Hydropower Ltd
2026041004008152,UPPER,76,45,10,213.9,2139.0,2026-04-10,185930377,2792,Machhapuchchhre Securities Limited,Imperial Securities Company Pvt. Ltd.,2026-04-10T12:13:47.336152,Upper Tamakoshi Hydropower Ltd
2026041004008210,UPPER,21,45,200,213.9,42780.0,2026-04-10,185930764,2792,Midas Stock Broking Company Private Limited,Imperial Securities Company Pvt. Ltd.,2026-04-10T12:14:05.559087,Upper Tamakoshi Hydropower Ltd
2026041004008216,UPPER,8,45,200,213.9,42780.0,2026-04-10,185930794,2792,Brilliant Securities Pvt. Ltd.,Imperial Securities Company Pvt. Ltd.,2026-04-10T12:14:09.998353,Upper Tamakoshi Hydropower Ltd
2026041004008295,UPPER,58,59,70,213.7,14959.0,2026-04-10,185931242,2792,Naasa Securities Co. Ltd.,Deevyaa Securities & Stock House Pvt. Ltd,2026-04-10T12:14:38.223656,Upper Tamakoshi Hydropower Ltd
2026041004008324,UPPER,49,59,10,213.7,2137.0,2026-04-10,185931534,2792,Online Securities Pvt. Ltd.,Deevyaa Securities & Stock House Pvt. Ltd,2026-04-10T12:14:53.410469,Upper Tamakoshi Hydropower Ltd
2026041004008344,UPPER,66,11,395,213.5,84332.5,2026-04-10,185931665,2792,Miyo Securities Pvt Ltd,Malla & Malla Stock Broking Company Pvt. Limited,2026-04-10T12:15:00.506642,Upper Tamakoshi Hydropower Ltd
2026041004008350,UPPER,41,58,10,213.6,2136.0,2026-04-10,185931741,2792,Linch Stock Market Ltd.,Naasa Securities Co. Ltd.,2026-04-10T12:15:06.204849,Upper Tamakoshi Hydropower Ltd
2026041004008382,UPPER,41,17,104,213.6,22214.4,2026-04-10,185931997,2792,Linch Stock Market Ltd.,ABC Securities Private Limited,2026-04-10T12:15:21.169947,Upper Tamakoshi Hydropower Ltd
2026041004008395,UPPER,41,36,10,213.6,2136.0,2026-04-10,185932115,2792,Linch Stock Market Ltd.,Secured Securities Ltd.,2026-04-10T12:15:28.459463,Upper Tamakoshi Hydropower Ltd
2026041004008412,UPPER,41,42,76,213.6,16233.6,2026-04-10,185932232,2792,Linch Stock Market Ltd.,Sani Securities Company Ltd.,2026-04-10T12:15:34.570549,Upper Tamakoshi Hydropower Ltd
2026041004008413,UPPER,66,42,105,213.5,22417.5,2026-04-10,185932234,2792,Miyo Securities Pvt Ltd,Sani Securities Company Ltd.,2026-04-10T12:15:34.571441,Upper Tamakoshi Hydropower Ltd
2026041004008414,UPPER,43,42,69,213.5,14731.5,2026-04-10,185932235,2792,South Asian Bulls Pvt. Ltd.,Sani Securities Company Ltd.,2026-04-10T12:15:34.571863,Upper Tamakoshi Hydropower Ltd
2026041004008544,UPPER,43,4,72,213.5,15372.0,2026-04-10,185932873,2792,South Asian Bulls Pvt. Ltd.,Opal Securities Investment (PVT) Ltd.,2026-04-10T12:16:08.473394,Upper Tamakoshi Hydropower Ltd
2026041004008553,UPPER,43,16,1000,213.5,213500.0,2026-04-10,185932981,2792,South Asian Bulls Pvt. Ltd.,Primo Securities (PVT) Ltd.,2026-04-10T12:16:13.12297,Upper Tamakoshi Hydropower Ltd
2026041004008556,UPPER,43,48,100,213.5,21350.0,2026-04-10,185933023,2792,South Asian Bulls Pvt. Ltd.,Trishakti Securities Public Limited,2026-04-10T12:16:14.800604,Upper Tamakoshi Hydropower Ltd
2026041004008557,UPPER,43,45,150,213.5,32025.0,2026-04-10,185933025,2792,South Asian Bulls Pvt. Ltd.,Imperial Securities Company Pvt. Ltd.,2026-04-10T12:16:14.966584,Upper Tamakoshi Hydropower Ltd
2026041004008569,UPPER,43,49,30,213.5,6405.0,2026-04-10,185933119,2792,South Asian Bulls Pvt. Ltd.,Online Securities Pvt. Ltd.,2026-04-10T12:16:19.147322,Upper Tamakoshi Hydropower Ltd
2026041004008577,UPPER,43,33,450,213.5,96075.0,2026-04-10,185933167,2792,South Asian Bulls Pvt. Ltd.,Dakshinkali Investment & Securities Pvt. Ltd.,2026-04-10T12:16:21.740906,Upper Tamakoshi Hydropower Ltd
2026041004008603,UPPER,43,65,200,213.5,42700.0,2026-04-10,185933521,2792,South Asian Bulls Pvt. Ltd.,Sharepro Securities Private Limited,2026-04-10T12:16:38.390363,Upper Tamakoshi Hydropower Ltd
2026041004008695,UPPER,43,34,200,213.5,42700.0,2026-04-10,185934089,2792,South Asian Bulls Pvt. Ltd.,Vision Securities Pvt. Ltd,2026-04-10T12:17:10.713702,Upper Tamakoshi Hydropower Ltd
2026041004008701,UPPER,42,49,10,213.6,2136.0,2026-04-10,185934186,2792,Sani Securities Company Ltd.,Online Securities Pvt. Ltd.,2026-04-10T12:17:17.004688,Upper Tamakoshi Hydropower Ltd
2026041004008718,UPPER,43,58,38,213.5,8113.0,2026-04-10,185934319,2792,South Asian Bulls Pvt. Ltd.,Naasa Securities Co. Ltd.,2026-04-10T12:17:23.411098,Upper Tamakoshi Hydropower Ltd
2026041004008860,UPPER,43,45,290,213.5,61915.0,2026-04-10,185935103,2792,South Asian Bulls Pvt. Ltd.,Imperial Securities Company Pvt. Ltd.,2026-04-10T12:18:05.691667,Upper Tamakoshi Hydropower Ltd
2026041004008971,UPPER,43,45,100,213.5,21350.0,2026-04-10,185935529,2792,South Asian Bulls Pvt. Ltd.,Imperial Securities Company Pvt. Ltd.,2026-04-10T12:18:25.526852,Upper Tamakoshi Hydropower Ltd
2026041004008972,UPPER,43,45,1000,213.5,213500.0,2026-04-10,185935557,2792,South Asian Bulls Pvt. Ltd.,Imperial Securities Company Pvt. Ltd.,2026-04-10T12:18:26.598994,Upper Tamakoshi Hydropower Ltd
2026041004008973,UPPER,43,47,100,213.5,21350.0,2026-04-10,185935559,2792,South Asian Bulls Pvt. Ltd.,Neev Securities Pvt. Ltd.,2026-04-10T12:18:26.686113,Upper Tamakoshi Hydropower Ltd
2026041004008984,UPPER,43,45,25,213.5,5337.5,2026-04-10,185935701,2792,South Asian Bulls Pvt. Ltd.,Imperial Securities Company Pvt. Ltd.,2026-04-10T12:18:33.768223,Upper Tamakoshi Hydropower Ltd
2026041004009006,UPPER,43,58,10,213.5,2135.0,2026-04-10,185935951,2792,South Asian Bulls Pvt. Ltd.,Naasa Securities Co. Ltd.,2026-04-10T12:18:48.995823,Upper Tamakoshi Hydropower Ltd
2026041004009102,UPPER,43,65,150,213.5,32025.0,2026-04-10,185936479,2792,South Asian Bulls Pvt. Ltd.,Sharepro Securities Private Limited,2026-04-10T12:19:05.297712,Upper Tamakoshi Hydropower Ltd
2026041004009129,UPPER,42,49,20,213.6,4272.0,2026-04-10,185936686,2792,Sani Securities Company Ltd.,Online Securities Pvt. Ltd.,2026-04-10T12:19:19.253013,Upper Tamakoshi Hydropower Ltd
2026041004009178,UPPER,50,49,160,213.6,34176.0,2026-04-10,185936784,2792,Cristal Kanchanjanga Securites Pvt. Ltd.,Online Securities Pvt. Ltd.,2026-04-10T12:19:24.34236,Upper Tamakoshi Hydropower Ltd
2026041004009179,UPPER,50,57,790,213.6,168744.0,2026-04-10,185936787,2792,Cristal Kanchanjanga Securites Pvt. Ltd.,Aryatara Investment & Securities,2026-04-10T12:19:24.343092,Upper Tamakoshi Hydropower Ltd
2026041004009215,UPPER,43,65,16,213.5,3416.0,2026-04-10,185937022,2792,South Asian Bulls Pvt. Ltd.,Sharepro Securities Private Limited,2026-04-10T12:19:35.638356,Upper Tamakoshi Hydropower Ltd
2026041004009220,UPPER,19,22,10,213.2,2132.0,2026-04-10,185937062,2792,Nepal Investment And Securities Trading Private Limited,Siprabi Securities Pvt. Ltd.,2026-04-10T12:19:37.503324,Upper Tamakoshi Hydropower Ltd
2026041004009221,UPPER,25,22,380,213.2,81016.0,2026-04-10,185937063,2792,Sweta Securities Private Limited,Siprabi Securities Pvt. Ltd.,2026-04-10T12:19:37.503702,Upper Tamakoshi Hydropower Ltd
2026041004009266,UPPER,25,38,586,213.2,124935.2,2026-04-10,185937521,2792,Sweta Securities Private Limited,Dipshikha Dhitopatra Karobar Co. Pvt Ltd.,2026-04-10T12:20:01.435028,Upper Tamakoshi Hydropower Ltd
2026041004009288,UPPER,25,65,34,213.2,7248.8,2026-04-10,185937678,2792,Sweta Securities Private Limited,Sharepro Securities Private Limited,2026-04-10T12:20:09.254594,Upper Tamakoshi Hydropower Ltd
2026041004009289,UPPER,57,65,40,213.1,8524.0,2026-04-10,185937680,2792,Aryatara Investment & Securities,Sharepro Securities Private Limited,2026-04-10T12:20:09.25531,Upper Tamakoshi Hydropower Ltd
2026041004009290,UPPER,21,65,10,213.1,2131.0,2026-04-10,185937681,2792,Midas Stock Broking Company Private Limited,Sharepro Securities Private Limited,2026-04-10T12:20:09.255836,Upper Tamakoshi Hydropower Ltd
2026041004009354,UPPER,21,49,20,213.1,4262.0,2026-04-10,185938113,2792,Midas Stock Broking Company Private Limited,Online Securities Pvt. Ltd.,2026-04-10T12:20:30.319805,Upper Tamakoshi Hydropower Ltd
2026041004009445,UPPER,21,58,40,213.1,8524.0,2026-04-10,185938754,2792,Midas Stock Broking Company Private Limited,Naasa Securities Co. Ltd.,2026-04-10T12:20:59.376395,Upper Tamakoshi Hydropower Ltd
2026041004009457,UPPER,6,39,500,213.0,106500.0,2026-04-10,185938844,2792,Agrawal Securities (PVT) Ltd.,Sumeru Securities Pvt. Ltd.,2026-04-10T12:21:04.098528,Upper Tamakoshi Hydropower Ltd
2026041004009458,UPPER,39,39,100,213.0,21300.0,2026-04-10,185938846,2792,Sumeru Securities Pvt. Ltd.,Sumeru Securities Pvt. Ltd.,2026-04-10T12:21:04.09891,Upper Tamakoshi Hydropower Ltd
2026041004009459,UPPER,54,39,200,213.0,42600.0,2026-04-10,185938847,2792,Sewa Securities Pvt. Ltd.,Sumeru Securities Pvt. Ltd.,2026-04-10T12:21:04.099082,Upper Tamakoshi Hydropower Ltd
2026041004009550,UPPER,57,45,30,213.0,6390.0,2026-04-10,185939564,2792,Aryatara Investment & Securities,Imperial Securities Company Pvt. Ltd.,2026-04-10T12:21:35.432576,Upper Tamakoshi Hydropower Ltd
2026041004009551,UPPER,41,45,20,213.0,4260.0,2026-04-10,185939566,2792,Linch Stock Market Ltd.,Imperial Securities Company Pvt. Ltd.,2026-04-10T12:21:35.43299,Upper Tamakoshi Hydropower Ltd
2026041004009552,UPPER,14,45,20,213.0,4260.0,2026-04-10,185939567,2792,Nepal Stock House (PVT) Ltd.,Imperial Securities Company Pvt. Ltd.,2026-04-10T12:21:35.433158,Upper Tamakoshi Hydropower Ltd
2026041004009638,UPPER,14,41,119,213.0,25347.0,2026-04-10,185940115,2792,Nepal Stock House (PVT) Ltd.,Linch Stock Market Ltd.,2026-04-10T12:21:57.844486,Upper Tamakoshi Hydropower Ltd
2026041004009659,UPPER,33,58,1000,213.1,213100.0,2026-04-10,185940266,2792,Dakshinkali Investment & Securities Pvt. Ltd.,Naasa Securities Co. Ltd.,2026-04-10T12:22:03.759426,Upper Tamakoshi Hydropower Ltd
2026041004009778,UPPER,14,65,261,213.0,55593.0,2026-04-10,185941152,2792,Nepal Stock House (PVT) Ltd.,Sharepro Securities Private Limited,2026-04-10T12:22:40.401673,Upper Tamakoshi Hydropower Ltd
2026041004009779,UPPER,22,65,59,213.0,12567.0,2026-04-10,185941153,2792,Siprabi Securities Pvt. Ltd.,Sharepro Securities Private Limited,2026-04-10T12:22:40.402038,Upper Tamakoshi Hydropower Ltd
2026041004009795,UPPER,22,58,50,213.0,10650.0,2026-04-10,185941258,2792,Siprabi Securities Pvt. Ltd.,Naasa Securities Co. Ltd.,2026-04-10T12:22:46.317507,Upper Tamakoshi Hydropower Ltd
2026041004009908,UPPER,22,17,341,213.0,72633.0,2026-04-10,185942026,2792,Siprabi Securities Pvt. Ltd.,ABC Securities Private Limited,2026-04-10T12:23:18.809746,Upper Tamakoshi Hydropower Ltd
2026041004009909,UPPER,4,17,20,213.0,4260.0,2026-04-10,185942028,2792,Opal Securities Investment (PVT) Ltd.,ABC Securities Private Limited,2026-04-10T12:23:18.810443,Upper Tamakoshi Hydropower Ltd
2026041004009910,UPPER,60,17,500,213.0,106500.0,2026-04-10,185942030,2792,Nagarik Stock Dealer ,ABC Securities Private Limited,2026-04-10T12:23:18.810928,Upper Tamakoshi Hydropower Ltd
2026041004009911,UPPER,32,17,50,213.0,10650.0,2026-04-10,185942032,2792,Premier Securities Company Ltd.,ABC Securities Private Limited,2026-04-10T12:23:18.811449,Upper Tamakoshi Hydropower Ltd
2026041004009912,UPPER,3,17,89,213.0,18957.0,2026-04-10,185942033,2792,Arun Securities (PVT) Ltd.,ABC Securities Private Limited,2026-04-10T12:23:18.811946,Upper Tamakoshi Hydropower Ltd
2026041004009943,UPPER,3,13,11,213.0,2343.0,2026-04-10,185942250,2792,Arun Securities (PVT) Ltd.,Thrive Brokerage House Pvt. Ltd,2026-04-10T12:23:27.10889,Upper Tamakoshi Hydropower Ltd
2026041004009944,UPPER,35,13,30,213.0,6390.0,2026-04-10,185942253,2792,Kohinoor Investment & Securities Pvt. Ltd.,Thrive Brokerage House Pvt. Ltd,2026-04-10T12:23:27.109645,Upper Tamakoshi Hydropower Ltd
2026041004009945,UPPER,58,13,34,213.0,7242.0,2026-04-10,185942256,2792,Naasa Securities Co. Ltd.,Thrive Brokerage House Pvt. Ltd,2026-04-10T12:23:27.1102,Upper Tamakoshi Hydropower Ltd
2026041004009946,UPPER,56,13,125,213.0,26625.0,2026-04-10,185942257,2792,Sri Hari Securities Pvt. Ltd.,Thrive Brokerage House Pvt. Ltd,2026-04-10T12:23:27.110726,Upper Tamakoshi Hydropower Ltd
2026041004009969,UPPER,41,58,100,213.0,21300.0,2026-04-10,185942402,2792,Linch Stock Market Ltd.,Naasa Securities Co. Ltd.,2026-04-10T12:23:33.485858,Upper Tamakoshi Hydropower Ltd
2026041004009970,UPPER,20,58,860,213.0,183180.0,2026-04-10,185942403,2792,Sipla Securities Private Limited,Naasa Securities Co. Ltd.,2026-04-10T12:23:33.486228,Upper Tamakoshi Hydropower Ltd
2026041004009977,UPPER,57,51,100,213.1,21310.0,2026-04-10,185942421,2792,Aryatara Investment & Securities,Oxford Securities Pvt. Ltd.,2026-04-10T12:23:34.324706,Upper Tamakoshi Hydropower Ltd
2026041004009986,UPPER,57,51,50,213.1,10655.0,2026-04-10,185942453,2792,Aryatara Investment & Securities,Oxford Securities Pvt. Ltd.,2026-04-10T12:23:36.034924,Upper Tamakoshi Hydropower Ltd
2026041004010024,UPPER,57,33,200,213.1,42620.0,2026-04-10,185942781,2792,Aryatara Investment & Securities,Dakshinkali Investment & Securities Pvt. Ltd.,2026-04-10T12:23:48.755445,Upper Tamakoshi Hydropower Ltd
2026041004010046,UPPER,57,44,346,213.1,73732.6,2026-04-10,185943059,2792,Aryatara Investment & Securities,Dynamic Money Managers Securities Pvt. Ltd.,2026-04-10T12:24:04.251317,Upper Tamakoshi Hydropower Ltd
2026041004010176,UPPER,57,58,13,213.1,2770.3,2026-04-10,185944159,2792,Aryatara Investment & Securities,Naasa Securities Co. Ltd.,2026-04-10T12:24:56.286472,Upper Tamakoshi Hydropower Ltd
2026041004010305,UPPER,8,49,100,213.5,21350.0,2026-04-10,185945121,2792,Brilliant Securities Pvt. Ltd.,Online Securities Pvt. Ltd.,2026-04-10T12:25:46.354246,Upper Tamakoshi Hydropower Ltd
2026041004010306,UPPER,8,49,110,213.5,23485.0,2026-04-10,185945123,2792,Brilliant Securities Pvt. Ltd.,Online Securities Pvt. Ltd.,2026-04-10T12:25:46.354626,Upper Tamakoshi Hydropower Ltd
2026041004010307,UPPER,8,17,40,213.5,8540.0,2026-04-10,185945125,2792,Brilliant Securities Pvt. Ltd.,ABC Securities Private Limited,2026-04-10T12:25:46.354795,Upper Tamakoshi Hydropower Ltd
2026041004010396,UPPER,8,45,50,213.5,10675.0,2026-04-10,185945782,2792,Brilliant Securities Pvt. Ltd.,Imperial Securities Company Pvt. Ltd.,2026-04-10T12:26:16.588874,Upper Tamakoshi Hydropower Ltd
2026041004010399,UPPER,34,58,68,213.2,14497.6,2026-04-10,185945787,2792,Vision Securities Pvt. Ltd,Naasa Securities Co. Ltd.,2026-04-10T12:26:16.705782,Upper Tamakoshi Hydropower Ltd
2026041004010484,UPPER,34,45,32,213.2,6822.4,2026-04-10,185946382,2792,Vision Securities Pvt. Ltd,Imperial Securities Company Pvt. Ltd.,2026-04-10T12:26:56.036645,Upper Tamakoshi Hydropower Ltd
2026041004010485,UPPER,57,45,291,213.1,62012.1,2026-04-10,185946384,2792,Aryatara Investment & Securities,Imperial Securities Company Pvt. Ltd.,2026-04-10T12:26:56.037409,Upper Tamakoshi Hydropower Ltd
2026041004010486,UPPER,20,45,140,213.0,29820.0,2026-04-10,185946386,2792,Sipla Securities Private Limited,Imperial Securities Company Pvt. Ltd.,2026-04-10T12:26:56.037911,Upper Tamakoshi Hydropower Ltd
2026041004010487,UPPER,35,45,150,213.0,31950.0,2026-04-10,185946388,2792,Kohinoor Investment & Securities Pvt. Ltd.,Imperial Securities Company Pvt. Ltd.,2026-04-10T12:26:56.03842,Upper Tamakoshi Hydropower Ltd
2026041004010488,UPPER,8,45,500,213.0,106500.0,2026-04-10,185946390,2792,Brilliant Securities Pvt. Ltd.,Imperial Securities Company Pvt. Ltd.,2026-04-10T12:26:56.038906,Upper Tamakoshi Hydropower Ltd
2026041004010489,UPPER,58,45,20,213.0,4260.0,2026-04-10,185946392,2792,Naasa Securities Co. Ltd.,Imperial Securities Company Pvt. Ltd.,2026-04-10T12:26:56.03941,Upper Tamakoshi Hydropower Ltd
2026041004010490,UPPER,58,45,40,213.0,8520.0,2026-04-10,185946394,2792,Naasa Securities Co. Ltd.,Imperial Securities Company Pvt. Ltd.,2026-04-10T12:26:56.039899,Upper Tamakoshi Hydropower Ltd
2026041004010491,UPPER,49,45,827,213.0,176151.0,2026-04-10,185946395,2792,Online Securities Pvt. Ltd.,Imperial Securities Company Pvt. Ltd.,2026-04-10T12:26:56.040394,Upper Tamakoshi Hydropower Ltd
2026041004010519,UPPER,16,49,10,213.2,2132.0,2026-04-10,185946681,2792,Primo Securities (PVT) Ltd.,Online Securities Pvt. Ltd.,2026-04-10T12:27:09.919629,Upper Tamakoshi Hydropower Ltd
2026041004010520,UPPER,16,45,50,213.5,10675.0,2026-04-10,185946683,2792,Primo Securities (PVT) Ltd.,Imperial Securities Company Pvt. Ltd.,2026-04-10T12:27:09.920393,Upper Tamakoshi Hydropower Ltd
2026041004010521,UPPER,16,32,440,213.5,93940.0,2026-04-10,185946686,2792,Primo Securities (PVT) Ltd.,Premier Securities Company Ltd.,2026-04-10T12:27:09.920895,Upper Tamakoshi Hydropower Ltd
2026041004010545,UPPER,39,32,60,213.5,12810.0,2026-04-10,185946839,2792,Sumeru Securities Pvt. Ltd.,Premier Securities Company Ltd.,2026-04-10T12:27:16.898065,Upper Tamakoshi Hydropower Ltd
2026041004010546,UPPER,39,49,40,213.5,8540.0,2026-04-10,185946842,2792,Sumeru Securities Pvt. Ltd.,Online Securities Pvt. Ltd.,2026-04-10T12:27:16.898521,Upper Tamakoshi Hydropower Ltd
2026041004010710,UPPER,34,57,750,213.6,160200.0,2026-04-10,185947938,2792,Vision Securities Pvt. Ltd,Aryatara Investment & Securities,2026-04-10T12:28:08.084383,Upper Tamakoshi Hydropower Ltd
2026041004010754,UPPER,58,54,300,213.5,64050.0,2026-04-10,185948276,2792,Naasa Securities Co. Ltd.,Sewa Securities Pvt. Ltd.,2026-04-10T12:28:30.291058,Upper Tamakoshi Hydropower Ltd
2026041004010788,UPPER,51,58,70,213.1,14917.0,2026-04-10,185948589,2792,Oxford Securities Pvt. Ltd.,Naasa Securities Co. Ltd.,2026-04-10T12:28:49.042641,Upper Tamakoshi Hydropower Ltd
2026041004010791,UPPER,57,54,100,213.5,21350.0,2026-04-10,185948618,2792,Aryatara Investment & Securities,Sewa Securities Pvt. Ltd.,2026-04-10T12:28:51.846321,Upper Tamakoshi Hydropower Ltd
2026041004010806,UPPER,51,45,150,213.1,31965.0,2026-04-10,185948741,2792,Oxford Securities Pvt. Ltd.,Imperial Securities Company Pvt. Ltd.,2026-04-10T12:28:59.658007,Upper Tamakoshi Hydropower Ltd
2026041004010819,UPPER,51,22,780,213.1,166218.0,2026-04-10,185948908,2792,Oxford Securities Pvt. Ltd.,Siprabi Securities Pvt. Ltd.,2026-04-10T12:29:08.95793,Upper Tamakoshi Hydropower Ltd
2026041004010820,UPPER,35,22,468,213.1,99730.8,2026-04-10,185948909,2792,Kohinoor Investment & Securities Pvt. Ltd.,Siprabi Securities Pvt. Ltd.,2026-04-10T12:29:08.958667,Upper Tamakoshi Hydropower Ltd
2026041004010845,UPPER,35,42,40,213.1,8524.0,2026-04-10,185949117,2792,Kohinoor Investment & Securities Pvt. Ltd.,Sani Securities Company Ltd.,2026-04-10T12:29:26.56571,Upper Tamakoshi Hydropower Ltd
2026041004010869,UPPER,48,46,200,213.5,42700.0,2026-04-10,185949275,2792,Trishakti Securities Public Limited,Kalika Securities Pvt. Ltd.,2026-04-10T12:29:34.911675,Upper Tamakoshi Hydropower Ltd
2026041004010870,UPPER,48,49,93,213.5,19855.5,2026-04-10,185949285,2792,Trishakti Securities Public Limited,Online Securities Pvt. Ltd.,2026-04-10T12:29:35.07327,Upper Tamakoshi Hydropower Ltd
2026041004010873,UPPER,49,57,60,213.6,12816.0,2026-04-10,185949318,2792,Online Securities Pvt. Ltd.,Aryatara Investment & Securities,2026-04-10T12:29:39.4222,Upper Tamakoshi Hydropower Ltd
2026041004010952,UPPER,17,57,400,213.6,85440.0,2026-04-10,185949719,2792,ABC Securities Private Limited,Aryatara Investment & Securities,2026-04-10T12:30:03.149773,Upper Tamakoshi Hydropower Ltd
2026041004010953,UPPER,17,13,600,213.6,128160.0,2026-04-10,185949722,2792,ABC Securities Private Limited,Thrive Brokerage House Pvt. Ltd,2026-04-10T12:30:03.150511,Upper Tamakoshi Hydropower Ltd
2026041004010995,UPPER,49,13,13,213.6,2776.8,2026-04-10,185949908,2792,Online Securities Pvt. Ltd.,Thrive Brokerage House Pvt. Ltd,2026-04-10T12:30:15.164206,Upper Tamakoshi Hydropower Ltd
2026041004011006,UPPER,49,13,187,213.6,39943.2,2026-04-10,185949999,2792,Online Securities Pvt. Ltd.,Thrive Brokerage House Pvt. Ltd,2026-04-10T12:30:23.403952,Upper Tamakoshi Hydropower Ltd
2026041004011056,UPPER,32,14,25,213.9,5347.5,2026-04-10,185950311,2792,Premier Securities Company Ltd.,Nepal Stock House (PVT) Ltd.,2026-04-10T12:30:41.400898,Upper Tamakoshi Hydropower Ltd
2026041004011057,UPPER,32,48,68,213.9,14545.2,2026-04-10,185950313,2792,Premier Securities Company Ltd.,Trishakti Securities Public Limited,2026-04-10T12:30:41.401696,Upper Tamakoshi Hydropower Ltd
2026041004011058,UPPER,32,28,500,213.9,106950.0,2026-04-10,185950315,2792,Premier Securities Company Ltd.,Shree Krishna Securities Ltd.,2026-04-10T12:30:41.402215,Upper Tamakoshi Hydropower Ltd
2026041004011059,UPPER,32,53,100,214.0,21400.0,2026-04-10,185950317,2792,Premier Securities Company Ltd.,Investment Management Nepal Pvt. Ltd.,2026-04-10T12:30:41.402735,Upper Tamakoshi Hydropower Ltd
2026041004011060,UPPER,32,39,307,214.0,65698.0,2026-04-10,185950320,2792,Premier Securities Company Ltd.,Sumeru Securities Pvt. Ltd.,2026-04-10T12:30:41.403224,Upper Tamakoshi Hydropower Ltd
2026041004011092,UPPER,57,39,193,214.0,41302.0,2026-04-10,185950499,2792,Aryatara Investment & Securities,Sumeru Securities Pvt. Ltd.,2026-04-10T12:30:54.916229,Upper Tamakoshi Hydropower Ltd
2026041004011093,UPPER,57,54,57,214.0,12198.0,2026-04-10,185950502,2792,Aryatara Investment & Securities,Sewa Securities Pvt. Ltd.,2026-04-10T12:30:54.916614,Upper Tamakoshi Hydropower Ltd
2026041004011094,UPPER,32,54,279,214.0,59706.0,2026-04-10,185950507,2792,Premier Securities Company Ltd.,Sewa Securities Pvt. Ltd.,2026-04-10T12:30:55.223766,Upper Tamakoshi Hydropower Ltd
2026041004011095,UPPER,32,32,121,214.0,25894.0,2026-04-10,185950510,2792,Premier Securities Company Ltd.,Premier Securities Company Ltd.,2026-04-10T12:30:55.224109,Upper Tamakoshi Hydropower Ltd
2026041004011123,UPPER,4,32,79,214.0,16906.0,2026-04-10,185950684,2792,Opal Securities Investment (PVT) Ltd.,Premier Securities Company Ltd.,2026-04-10T12:31:10.68545,Upper Tamakoshi Hydropower Ltd
2026041004011560,UPPER,57,51,90,214.1,19269.0,2026-04-10,185953455,2792,Aryatara Investment & Securities,Oxford Securities Pvt. Ltd.,2026-04-10T12:35:03.891796,Upper Tamakoshi Hydropower Ltd
2026041004011671,UPPER,47,58,80,214.5,17160.0,2026-04-10,185954075,2792,Neev Securities Pvt. Ltd.,Naasa Securities Co. Ltd.,2026-04-10T12:35:58.093688,Upper Tamakoshi Hydropower Ltd
2026041004011691,UPPER,47,44,200,214.5,42900.0,2026-04-10,185954179,2792,Neev Securities Pvt. Ltd.,Dynamic Money Managers Securities Pvt. Ltd.,2026-04-10T12:36:06.43347,Upper Tamakoshi Hydropower Ltd
2026041004011701,UPPER,47,38,100,214.5,21450.0,2026-04-10,185954273,2792,Neev Securities Pvt. Ltd.,Dipshikha Dhitopatra Karobar Co. Pvt Ltd.,2026-04-10T12:36:14.070104,Upper Tamakoshi Hydropower Ltd
2026041004011722,UPPER,47,40,620,214.5,132990.0,2026-04-10,185954384,2792,Neev Securities Pvt. Ltd.,Creative Securities Pvt Ltd,2026-04-10T12:36:28.137644,Upper Tamakoshi Hydropower Ltd
2026041004011723,UPPER,57,40,375,214.1,80287.5,2026-04-10,185954386,2792,Aryatara Investment & Securities,Creative Securities Pvt Ltd,2026-04-10T12:36:28.137709,Upper Tamakoshi Hydropower Ltd
2026041004011724,UPPER,58,40,1000,214.0,214000.0,2026-04-10,185954388,2792,Naasa Securities Co. Ltd.,Creative Securities Pvt Ltd,2026-04-10T12:36:28.137739,Upper Tamakoshi Hydropower Ltd
2026041004011725,UPPER,59,40,10,214.0,2140.0,2026-04-10,185954390,2792,Deevyaa Securities & Stock House Pvt. Ltd,Creative Securities Pvt Ltd,2026-04-10T12:36:28.137761,Upper Tamakoshi Hydropower Ltd
2026041004011726,UPPER,45,40,200,214.0,42800.0,2026-04-10,185954392,2792,Imperial Securities Company Pvt. Ltd.,Creative Securities Pvt Ltd,2026-04-10T12:36:28.137783,Upper Tamakoshi Hydropower Ltd
2026041004011727,UPPER,32,40,40,213.7,8548.0,2026-04-10,185954394,2792,Premier Securities Company Ltd.,Creative Securities Pvt Ltd,2026-04-10T12:36:28.137805,Upper Tamakoshi Hydropower Ltd
2026041004011728,UPPER,49,40,13,213.6,2776.8,2026-04-10,185954396,2792,Online Securities Pvt. Ltd.,Creative Securities Pvt Ltd,2026-04-10T12:36:28.137827,Upper Tamakoshi Hydropower Ltd
2026041004011729,UPPER,48,40,117,213.5,24979.5,2026-04-10,185954397,2792,Trishakti Securities Public Limited,Creative Securities Pvt Ltd,2026-04-10T12:36:28.137885,Upper Tamakoshi Hydropower Ltd
