Date,S.N.,Contract ID,Symbol,Buyer Broker,Seller Broker,quantity,rate,amount,transaction_time
2025-07-10,88590,2025071004000010,NGPL,Asian Securities Private Ltd.,Bhrikuti Stock Broking Co. Pvt. Ltd.,19,395.7,7518.3,2025-07-10 10:46:00.035980
2025-07-10,88261,2025071004000107,NGPL,Nepal Stock House (PVT) Ltd.,Kohinoor Investment & Securities Pvt. Ltd.,33,390.0,12870.0,2025-07-10 11:02:05.848047
2025-07-10,88251,2025071004000111,NGPL,Naasa Securities Co. Ltd.,Bhrikuti Stock Broking Co. Pvt. Ltd.,281,391.8,110095.8,2025-07-10 11:02:09.637441
2025-07-10,88212,2025071004000125,NGPL,Naasa Securities Co. Ltd.,Nepal Stock House (PVT) Ltd.,100,392.0,39200.0,2025-07-10 11:02:23.891601
2025-07-10,88206,2025071004000126,NGPL,Naasa Securities Co. Ltd.,Online Securities Pvt. Ltd.,119,392.0,46648.0,2025-07-10 11:02:24.479601
2025-07-10,88182,2025071004000131,NGPL,Neev Securities Pvt. Ltd.,Online Securities Pvt. Ltd.,67,392.0,26264.0,2025-07-10 11:02:31.026751
2025-07-10,87960,2025071004000219,NGPL,ABC Securities Private Limited,MILKY WAY SHARE BROKER COMPANY LTD ,1000,390.1,390100.0,2025-07-10 11:03:38.489830
2025-07-10,87959,2025071004000220,NGPL,Nepal Stock House (PVT) Ltd.,MILKY WAY SHARE BROKER COMPANY LTD ,9000,390.0,3510000.0,2025-07-10 11:03:38.489977
2025-07-10,87764,2025071004000274,NGPL,ABC Securities Private Limited,Imperial Securities Company Pvt. Ltd.,13,390.8,5080.4,2025-07-10 11:04:37.213163
2025-07-10,87763,2025071004000275,NGPL,ABC Securities Private Limited,Imperial Securities Company Pvt. Ltd.,1000,390.1,390100.0,2025-07-10 11:04:37.213444
2025-07-10,87742,2025071004000281,NGPL,Sri Hari Securities Pvt. Ltd.,Sagarmatha Securities Private Limited,1000,391.8,391800.0,2025-07-10 11:04:44.103699
2025-07-10,87721,2025071004000289,NGPL,Nepal Stock House (PVT) Ltd.,Naasa Securities Co. Ltd.,967,390.0,377130.0,2025-07-10 11:04:46.686180
2025-07-10,87666,2025071004000315,NGPL,Imperial Securities Company Pvt. Ltd.,Naasa Securities Co. Ltd.,1000,390.0,390000.0,2025-07-10 11:05:00.505417
2025-07-10,87640,2025071004000319,NGPL,Aakashbhairab Securities Ltd.,Naasa Securities Co. Ltd.,33,390.0,12870.0,2025-07-10 11:05:09.459583
2025-07-10,87639,2025071004000320,NGPL,Aakashbhairab Securities Ltd.,Online Securities Pvt. Ltd.,14,392.0,5488.0,2025-07-10 11:05:09.459739
2025-07-10,87638,2025071004000321,NGPL,Aakashbhairab Securities Ltd.,Linch Stock Market Ltd.,20,392.0,7840.0,2025-07-10 11:05:09.459814
2025-07-10,87637,2025071004000322,NGPL,Aakashbhairab Securities Ltd.,Shree Krishna Securities Ltd.,100,392.0,39200.0,2025-07-10 11:05:09.459874
2025-07-10,87493,2025071004000363,NGPL,Sri Hari Securities Pvt. Ltd.,Trisul Securities & Invt. Ltd.,100,392.9,39290.0,2025-07-10 11:05:56.104354
2025-07-10,87468,2025071004000369,NGPL,Aakashbhairab Securities Ltd.,Capital Max Securities Ltd,2000,392.0,784000.0,2025-07-10 11:06:03.567310
2025-07-10,87458,2025071004000376,NGPL,Aakashbhairab Securities Ltd.,Imperial Securities Company Pvt. Ltd.,18,392.0,7056.0,2025-07-10 11:06:04.333649
2025-07-10,87410,2025071004000390,NGPL,Aakashbhairab Securities Ltd.,Sweta Securities Private Limited,1000,392.0,392000.0,2025-07-10 11:06:13.697105
2025-07-10,87035,2025071004000521,NGPL,Kohinoor Investment & Securities Pvt. Ltd.,Nepal Stock House (PVT) Ltd.,44,392.0,17248.0,2025-07-10 11:07:57.822368
2025-07-10,86872,2025071004000562,NGPL,Naasa Securities Co. Ltd.,Market Securities & Exchange (PVT) Ltd.,100,391.0,39100.0,2025-07-10 11:08:38.616001
2025-07-10,86863,2025071004000566,NGPL,Siprabi Securities Pvt. Ltd.,Nepal Stock House (PVT) Ltd.,150,392.0,58800.0,2025-07-10 11:08:44.508839
2025-07-10,86858,2025071004000567,NGPL,Naasa Securities Co. Ltd.,Sewa Securities Pvt. Ltd.,400,391.0,156400.0,2025-07-10 11:08:45.466877
2025-07-10,86857,2025071004000568,NGPL,Aakashbhairab Securities Ltd.,Sewa Securities Pvt. Ltd.,615,391.0,240465.0,2025-07-10 11:08:45.467057
2025-07-10,86856,2025071004000569,NGPL,Sani Securities Company Ltd.,Sewa Securities Pvt. Ltd.,100,391.0,39100.0,2025-07-10 11:08:45.467146
2025-07-10,86855,2025071004000570,NGPL,Sharepro Securities Private Limited,Sewa Securities Pvt. Ltd.,300,391.0,117300.0,2025-07-10 11:08:45.467230
2025-07-10,86580,2025071004000640,NGPL,Thrive Brokerage House Pvt. Ltd,Sewa Securities Pvt. Ltd.,85,391.0,33235.0,2025-07-10 11:09:53.904787
2025-07-10,86579,2025071004000641,NGPL,Thrive Brokerage House Pvt. Ltd,Nepal Stock House (PVT) Ltd.,415,392.0,162680.0,2025-07-10 11:09:53.904985
2025-07-10,86121,2025071004000756,NGPL,Thrive Brokerage House Pvt. Ltd,Himalayan Brokerage Company Limited,500,390.0,195000.0,2025-07-10 11:11:16.339693
2025-07-10,85923,2025071004000821,NGPL,ABC Securities Private Limited,Himalayan Brokerage Company Limited,78,389.3,30365.4,2025-07-10 11:12:05.142769
2025-07-10,85820,2025071004000865,NGPL,ABC Securities Private Limited,Kumari Securities Private Limited,922,389.3,358934.6,2025-07-10 11:12:30.850171
2025-07-10,85819,2025071004000866,NGPL,ABC Securities Private Limited,Kumari Securities Private Limited,628,389.3,244480.4,2025-07-10 11:12:30.850376
2025-07-10,85794,2025071004000877,NGPL,ABC Securities Private Limited,Stoxkarts Securities Limited,372,389.3,144819.6,2025-07-10 11:12:35.599989
2025-07-10,85679,2025071004000901,NGPL,Thrive Brokerage House Pvt. Ltd,Stoxkarts Securities Limited,128,389.3,49830.4,2025-07-10 11:13:01.706130
2025-07-10,85640,2025071004000912,NGPL,Thrive Brokerage House Pvt. Ltd,Online Securities Pvt. Ltd.,72,389.3,28029.6,2025-07-10 11:13:09.654094
2025-07-10,85639,2025071004000913,NGPL,Siprabi Securities Pvt. Ltd.,Online Securities Pvt. Ltd.,727,389.1,282875.7,2025-07-10 11:13:09.654290
2025-07-10,85179,2025071004001040,NGPL,Kohinoor Investment & Securities Pvt. Ltd.,Sri Hari Securities Pvt. Ltd.,10,391.8,3918.0,2025-07-10 11:14:53.244380
2025-07-10,84817,2025071004001157,NGPL,Naasa Securities Co. Ltd.,South Asian Bulls Pvt. Ltd.,40,390.0,15600.0,2025-07-10 11:15:57.785956
2025-07-10,84816,2025071004001158,NGPL,Sri Hari Securities Pvt. Ltd.,South Asian Bulls Pvt. Ltd.,160,390.0,62400.0,2025-07-10 11:15:57.786016
2025-07-10,84815,2025071004001159,NGPL,Aryatara Investment & Securities,South Asian Bulls Pvt. Ltd.,48,389.4,18691.2,2025-07-10 11:15:57.786038
2025-07-10,84377,2025071004001258,NGPL,Aryatara Investment & Securities,Nagarik Stock Dealer ,52,389.4,20248.8,2025-07-10 11:17:21.618072
2025-07-10,84376,2025071004001259,NGPL,Vision Securities Pvt. Ltd,Nagarik Stock Dealer ,100,389.4,38940.0,2025-07-10 11:17:21.618510
2025-07-10,84375,2025071004001260,NGPL,SHUBHAKAMANA SECURITIES PVT. LTD,Nagarik Stock Dealer ,1000,389.3,389300.0,2025-07-10 11:17:21.618775
2025-07-10,84374,2025071004001261,NGPL,SHUBHAKAMANA SECURITIES PVT. LTD,Nagarik Stock Dealer ,1000,389.3,389300.0,2025-07-10 11:17:21.619029
2025-07-10,84373,2025071004001262,NGPL,Siprabi Securities Pvt. Ltd.,Nagarik Stock Dealer ,273,389.1,106224.3,2025-07-10 11:17:21.619281
2025-07-10,84372,2025071004001263,NGPL,Vision Securities Pvt. Ltd,Nagarik Stock Dealer ,75,389.1,29182.5,2025-07-10 11:17:21.619551
2025-07-10,84064,2025071004001330,NGPL,Vision Securities Pvt. Ltd,Hatemalo Financial Services Private Limited,425,389.1,165367.5,2025-07-10 11:18:28.685824
2025-07-10,84063,2025071004001331,NGPL,Naasa Securities Co. Ltd.,Hatemalo Financial Services Private Limited,575,389.0,223675.0,2025-07-10 11:18:28.686041
2025-07-10,83812,2025071004001396,NGPL,Garima Securities Limited,Sri Hari Securities Pvt. Ltd.,590,389.1,229569.0,2025-07-10 11:19:30.243544
2025-07-10,83784,2025071004001403,NGPL,Garima Securities Limited,South Asian Bulls Pvt. Ltd.,410,389.1,159531.0,2025-07-10 11:19:34.697039
2025-07-10,83638,2025071004001461,NGPL,Naasa Securities Co. Ltd.,South Asian Bulls Pvt. Ltd.,425,389.0,165325.0,2025-07-10 11:19:58.813642
2025-07-10,83637,2025071004001462,NGPL,Midas Stock Broking Company Private Limited,South Asian Bulls Pvt. Ltd.,30,389.0,11670.0,2025-07-10 11:19:58.813862
2025-07-10,83503,2025071004001502,NGPL,Vision Securities Pvt. Ltd,South Asian Bulls Pvt. Ltd.,100,388.0,38800.0,2025-07-10 11:20:22.180067
2025-07-10,83502,2025071004001503,NGPL,Sewa Securities Pvt. Ltd.,South Asian Bulls Pvt. Ltd.,35,388.0,13580.0,2025-07-10 11:20:22.180297
2025-07-10,83405,2025071004001521,NGPL,Naasa Securities Co. Ltd.,APPLE SECURITIES PRIVATE LIMITED,200,391.0,78200.0,2025-07-10 11:20:39.871920
2025-07-10,82663,2025071004001676,NGPL,Trademow Securities Private Limited,APPLE SECURITIES PRIVATE LIMITED,300,391.0,117300.0,2025-07-10 11:23:03.042023
2025-07-10,82649,2025071004001680,NGPL,Deevyaa Securities & Stock House Pvt. Ltd,APPLE SECURITIES PRIVATE LIMITED,500,391.0,195500.0,2025-07-10 11:23:06.368427
2025-07-10,82366,2025071004001753,NGPL,Opal Securities Investment (PVT) Ltd.,Pragyan Securities (PVT) Ltd.,100,391.0,39100.0,2025-07-10 11:23:57.825459
2025-07-10,82202,2025071004001793,NGPL,Miyo Securities Pvt Ltd,Dipshikha Dhitopatra Karobar Co. Pvt Ltd.,200,389.1,77820.0,2025-07-10 11:24:31.447805
2025-07-10,82201,2025071004001794,NGPL,Sumeru Securities Pvt. Ltd.,Dipshikha Dhitopatra Karobar Co. Pvt Ltd.,300,389.0,116700.0,2025-07-10 11:24:31.447874
2025-07-10,81886,2025071004001874,NGPL,ABC Securities Private Limited,Imperial Securities Company Pvt. Ltd.,200,391.6,78320.0,2025-07-10 11:25:22.735463
2025-07-10,81754,2025071004001903,NGPL,Sipla Securities Private Limited,Imperial Securities Company Pvt. Ltd.,10,391.6,3916.0,2025-07-10 11:25:41.183082
2025-07-10,81667,2025071004001937,NGPL,Sewa Securities Pvt. Ltd.,Asian Securities Private Ltd.,100,389.1,38910.0,2025-07-10 11:25:57.285697
2025-07-10,81666,2025071004001938,NGPL,Sumeru Securities Pvt. Ltd.,Asian Securities Private Ltd.,200,389.0,77800.0,2025-07-10 11:25:57.285936
2025-07-10,81665,2025071004001939,NGPL,Agrawal Securities (PVT) Ltd.,Asian Securities Private Ltd.,500,389.0,194500.0,2025-07-10 11:25:57.286055
2025-07-10,81518,2025071004001959,NGPL,Opal Securities Investment (PVT) Ltd.,Asian Securities Private Ltd.,30,389.0,11670.0,2025-07-10 11:26:13.578469
2025-07-10,81489,2025071004001967,NGPL,Trishakti Securities Public Limited,Asian Securities Private Ltd.,170,389.0,66130.0,2025-07-10 11:26:18.430710
2025-07-10,81381,2025071004002010,NGPL,Trishakti Securities Public Limited,Dipshikha Dhitopatra Karobar Co. Pvt Ltd.,230,390.0,89700.0,2025-07-10 11:26:32.558501
2025-07-10,81084,2025071004002082,NGPL,Opal Securities Investment (PVT) Ltd.,Dipshikha Dhitopatra Karobar Co. Pvt Ltd.,15,390.0,5850.0,2025-07-10 11:27:19.985966
2025-07-10,80909,2025071004002133,NGPL,Vision Securities Pvt. Ltd,Nepal Investment And Securities Trading Private Limited,100,388.7,38870.0,2025-07-10 11:27:47.684778
2025-07-10,80637,2025071004002213,NGPL,Naasa Securities Co. Ltd.,Sundhara Securities Limited,260,388.6,101036.0,2025-07-10 11:28:31.055185
2025-07-10,80636,2025071004002214,NGPL,Thrive Brokerage House Pvt. Ltd,Sundhara Securities Limited,300,388.5,116550.0,2025-07-10 11:28:31.056128
2025-07-10,80484,2025071004002255,NGPL,South Asian Bulls Pvt. Ltd.,Asian Securities Private Ltd.,80,388.2,31056.0,2025-07-10 11:28:55.331884
2025-07-10,80466,2025071004002269,NGPL,Midas Stock Broking Company Private Limited,Sundhara Securities Limited,440,388.5,170940.0,2025-07-10 11:28:57.682863
2025-07-10,80449,2025071004002276,NGPL,South Asian Bulls Pvt. Ltd.,Kumari Securities Private Limited,20,388.2,7764.0,2025-07-10 11:29:00.853428
2025-07-10,80448,2025071004002277,NGPL,South Asian Bulls Pvt. Ltd.,Kumari Securities Private Limited,100,388.1,38810.0,2025-07-10 11:29:00.853919
2025-07-10,80447,2025071004002278,NGPL,Imperial Securities Company Pvt. Ltd.,Kumari Securities Private Limited,500,388.1,194050.0,2025-07-10 11:29:00.854258
2025-07-10,80446,2025071004002279,NGPL,Siprabi Securities Pvt. Ltd.,Kumari Securities Private Limited,380,388.1,147478.0,2025-07-10 11:29:00.854590
2025-07-10,80216,2025071004002359,NGPL,Miyo Securities Pvt Ltd,South Asian Bulls Pvt. Ltd.,300,388.5,116550.0,2025-07-10 11:29:36.363276
2025-07-10,80215,2025071004002360,NGPL,Siprabi Securities Pvt. Ltd.,South Asian Bulls Pvt. Ltd.,200,388.1,77620.0,2025-07-10 11:29:36.363797
2025-07-10,80127,2025071004002388,NGPL,Siprabi Securities Pvt. Ltd.,Cristal Kanchanjanga Securites Pvt. Ltd.,300,388.1,116430.0,2025-07-10 11:29:56.886818
2025-07-10,79759,2025071004002479,NGPL,Siprabi Securities Pvt. Ltd.,Kumari Securities Private Limited,120,388.1,46572.0,2025-07-10 11:31:12.439012
2025-07-10,79717,2025071004002483,NGPL,Midas Stock Broking Company Private Limited,Kumari Securities Private Limited,46,388.1,17852.6,2025-07-10 11:31:21.297125
2025-07-10,79697,2025071004002485,NGPL,Imperial Securities Company Pvt. Ltd.,Kumari Securities Private Limited,500,388.1,194050.0,2025-07-10 11:31:25.852368
2025-07-10,79582,2025071004002500,NGPL,Vision Securities Pvt. Ltd,Kumari Securities Private Limited,200,388.1,77620.0,2025-07-10 11:31:50.904924
2025-07-10,79564,2025071004002505,NGPL,South Asian Bulls Pvt. Ltd.,Kumari Securities Private Limited,134,388.1,52005.4,2025-07-10 11:31:56.327058
2025-07-10,79489,2025071004002535,NGPL,Siprabi Securities Pvt. Ltd.,Sundhara Securities Limited,50,388.2,19410.0,2025-07-10 11:32:09.589179
2025-07-10,79476,2025071004002543,NGPL,South Asian Bulls Pvt. Ltd.,Sundhara Securities Limited,54,388.2,20962.8,2025-07-10 11:32:10.403470
2025-07-10,79399,2025071004002576,NGPL,Miyo Securities Pvt Ltd,Kumari Securities Private Limited,1000,388.5,388500.0,2025-07-10 11:32:24.760773
2025-07-10,79350,2025071004002584,NGPL,South Asian Bulls Pvt. Ltd.,Naasa Securities Co. Ltd.,100,388.2,38820.0,2025-07-10 11:32:36.118556
2025-07-10,79148,2025071004002657,NGPL,Kohinoor Investment & Securities Pvt. Ltd.,Premier Securities Company Ltd.,100,388.5,38850.0,2025-07-10 11:33:06.514114
2025-07-10,79147,2025071004002658,NGPL,South Asian Bulls Pvt. Ltd.,Premier Securities Company Ltd.,46,388.2,17857.2,2025-07-10 11:33:06.514457
2025-07-10,79005,2025071004002695,NGPL,Trisul Securities & Invt. Ltd.,Premier Securities Company Ltd.,354,388.1,137387.4,2025-07-10 11:33:34.025587
2025-07-10,79004,2025071004002696,NGPL,Trisul Securities & Invt. Ltd.,Kumari Securities Private Limited,646,389.0,251294.0,2025-07-10 11:33:34.025891
2025-07-10,78764,2025071004002751,NGPL,Deevyaa Securities & Stock House Pvt. Ltd,Dipshikha Dhitopatra Karobar Co. Pvt Ltd.,150,388.0,58200.0,2025-07-10 11:34:26.676808
2025-07-10,78763,2025071004002752,NGPL,Capital Max Securities Ltd,Dipshikha Dhitopatra Karobar Co. Pvt Ltd.,90,388.0,34920.0,2025-07-10 11:34:26.677096
2025-07-10,78762,2025071004002753,NGPL,Miyo Securities Pvt Ltd,Dipshikha Dhitopatra Karobar Co. Pvt Ltd.,260,388.0,100880.0,2025-07-10 11:34:27.098742
2025-07-10,78761,2025071004002754,NGPL,Miyo Securities Pvt Ltd,Kumari Securities Private Limited,40,389.0,15560.0,2025-07-10 11:34:27.099038
2025-07-10,78246,2025071004002907,NGPL,Sumeru Securities Pvt. Ltd.,Vision Securities Pvt. Ltd,175,388.9,68057.5,2025-07-10 11:36:05.679115
2025-07-10,78031,2025071004002954,NGPL,South Asian Bulls Pvt. Ltd.,Sundhara Securities Limited,189,388.0,73332.0,2025-07-10 11:36:47.025280
2025-07-10,77985,2025071004002981,NGPL,South Asian Bulls Pvt. Ltd.,Nepal Investment And Securities Trading Private Limited,111,388.0,43068.0,2025-07-10 11:36:56.187493
2025-07-10,77984,2025071004002982,NGPL,Sumeru Securities Pvt. Ltd.,Nepal Investment And Securities Trading Private Limited,189,388.0,73332.0,2025-07-10 11:36:56.187824
2025-07-10,77970,2025071004002985,NGPL,Sumeru Securities Pvt. Ltd.,Aryatara Investment & Securities,10,388.0,3880.0,2025-07-10 11:37:01.651907
2025-07-10,77943,2025071004003002,NGPL,Sumeru Securities Pvt. Ltd.,Dipshikha Dhitopatra Karobar Co. Pvt Ltd.,417,388.0,161796.0,2025-07-10 11:37:05.766996
2025-07-10,77510,2025071004003123,NGPL,Vision Securities Pvt. Ltd,Imperial Securities Company Pvt. Ltd.,120,387.9,46548.0,2025-07-10 11:38:24.649914
2025-07-10,77509,2025071004003124,NGPL,SHUBHAKAMANA SECURITIES PVT. LTD,Imperial Securities Company Pvt. Ltd.,100,387.8,38780.0,2025-07-10 11:38:24.650226
2025-07-10,77508,2025071004003125,NGPL,Opal Securities Investment (PVT) Ltd.,Imperial Securities Company Pvt. Ltd.,50,387.2,19360.0,2025-07-10 11:38:24.650361
2025-07-10,77507,2025071004003126,NGPL,Sharepro Securities Private Limited,Imperial Securities Company Pvt. Ltd.,200,387.2,77440.0,2025-07-10 11:38:24.650487
2025-07-10,77506,2025071004003127,NGPL,Sri Hari Securities Pvt. Ltd.,Imperial Securities Company Pvt. Ltd.,300,387.2,116160.0,2025-07-10 11:38:24.650621
2025-07-10,77505,2025071004003128,NGPL,Sundhara Securities Limited,Imperial Securities Company Pvt. Ltd.,1000,387.1,387100.0,2025-07-10 11:38:24.650747
2025-07-10,77504,2025071004003129,NGPL,Siprabi Securities Pvt. Ltd.,Imperial Securities Company Pvt. Ltd.,550,387.1,212905.0,2025-07-10 11:38:24.650870
2025-07-10,77196,2025071004003199,NGPL,Miyo Securities Pvt Ltd,Pragyan Securities (PVT) Ltd.,100,388.0,38800.0,2025-07-10 11:39:33.003192
2025-07-10,77195,2025071004003200,NGPL,Miyo Securities Pvt Ltd,Naasa Securities Co. Ltd.,500,388.8,194400.0,2025-07-10 11:39:33.003512
2025-07-10,77194,2025071004003201,NGPL,Miyo Securities Pvt Ltd,Market Securities & Exchange (PVT) Ltd.,300,388.8,116640.0,2025-07-10 11:39:33.003651
2025-07-10,76977,2025071004003273,NGPL,Siprabi Securities Pvt. Ltd.,Nepal Investment And Securities Trading Private Limited,15,387.1,5806.5,2025-07-10 11:40:07.651240
2025-07-10,76512,2025071004003414,NGPL,Sani Securities Company Ltd.,South Asian Bulls Pvt. Ltd.,100,388.7,38870.0,2025-07-10 11:41:54.994365
2025-07-10,76427,2025071004003432,NGPL,Opal Securities Investment (PVT) Ltd.,Vision Securities Pvt. Ltd,2000,387.2,774400.0,2025-07-10 11:42:18.727342
2025-07-10,76304,2025071004003453,NGPL,Naasa Securities Co. Ltd.,Imperial Securities Company Pvt. Ltd.,1000,387.2,387200.0,2025-07-10 11:42:39.760480
2025-07-10,76247,2025071004003465,NGPL,Naasa Securities Co. Ltd.,Kumari Securities Private Limited,450,387.3,174285.0,2025-07-10 11:42:54.689928
2025-07-10,76231,2025071004003472,NGPL,Siprabi Securities Pvt. Ltd.,Garima Securities Limited,50,387.1,19355.0,2025-07-10 11:43:01.229789
2025-07-10,76117,2025071004003507,NGPL,Siprabi Securities Pvt. Ltd.,Agrawal Securities (PVT) Ltd.,30,387.1,11613.0,2025-07-10 11:43:28.290883
2025-07-10,76075,2025071004003514,NGPL,Siprabi Securities Pvt. Ltd.,SUN SECURITIES PVT LTD,27,387.1,10451.7,2025-07-10 11:43:33.450283
2025-07-10,75756,2025071004003587,NGPL,Aryatara Investment & Securities,South Asian Bulls Pvt. Ltd.,50,387.2,19360.0,2025-07-10 11:44:53.523994
2025-07-10,75604,2025071004003624,NGPL,Aryatara Investment & Securities,Dipshikha Dhitopatra Karobar Co. Pvt Ltd.,20,387.2,7744.0,2025-07-10 11:45:37.950377
2025-07-10,75354,2025071004003716,NGPL,Dipshikha Dhitopatra Karobar Co. Pvt Ltd.,Arun Securities (PVT) Ltd.,65,388.0,25220.0,2025-07-10 11:46:28.939967
2025-07-10,75353,2025071004003717,NGPL,Aryatara Investment & Securities,Arun Securities (PVT) Ltd.,30,387.2,11616.0,2025-07-10 11:46:28.940580
2025-07-10,75352,2025071004003718,NGPL,Siprabi Securities Pvt. Ltd.,Arun Securities (PVT) Ltd.,105,387.1,40645.5,2025-07-10 11:46:28.941000
2025-07-10,74644,2025071004003877,NGPL,Siprabi Securities Pvt. Ltd.,Infinity Securities Limited,223,387.1,86323.3,2025-07-10 11:49:09.048550
2025-07-10,74643,2025071004003878,NGPL,Ashutosh Brokerage & Securities (PVT) Ltd.,Infinity Securities Limited,100,387.1,38710.0,2025-07-10 11:49:09.049214
2025-07-10,74642,2025071004003879,NGPL,Primo Securities (PVT) Ltd.,Infinity Securities Limited,500,387.1,193550.0,2025-07-10 11:49:09.049674
2025-07-10,74641,2025071004003880,NGPL,Naasa Securities Co. Ltd.,Infinity Securities Limited,50,387.1,19355.0,2025-07-10 11:49:09.050097
2025-07-10,74640,2025071004003881,NGPL,Arun Securities (PVT) Ltd.,Infinity Securities Limited,50,387.1,19355.0,2025-07-10 11:49:09.050530
2025-07-10,74639,2025071004003882,NGPL,Imperial Securities Company Pvt. Ltd.,Infinity Securities Limited,577,387.0,223299.0,2025-07-10 11:49:09.050997
2025-07-10,74612,2025071004003888,NGPL,Sipla Securities Private Limited,Miyo Securities Pvt Ltd,100,387.6,38760.0,2025-07-10 11:49:16.848031
2025-07-10,74513,2025071004003912,NGPL,Thrive Brokerage House Pvt. Ltd,Miyo Securities Pvt Ltd,100,387.6,38760.0,2025-07-10 11:49:37.048452
2025-07-10,74283,2025071004003941,NGPL,Kohinoor Investment & Securities Pvt. Ltd.,Naasa Securities Co. Ltd.,170,388.0,65960.0,2025-07-10 11:50:19.938686
2025-07-10,74194,2025071004003952,NGPL,Nepal Stock House (PVT) Ltd.,Naasa Securities Co. Ltd.,20,388.0,7760.0,2025-07-10 11:50:35.860490
2025-07-10,73577,2025071004004125,NGPL,Premier Securities Company Ltd.,Naasa Securities Co. Ltd.,20,388.0,7760.0,2025-07-10 11:52:43.056953
2025-07-10,73576,2025071004004126,NGPL,Premier Securities Company Ltd.,Vision Securities Pvt. Ltd,500,388.0,194000.0,2025-07-10 11:52:43.057666
2025-07-10,73250,2025071004004204,NGPL,Shree Krishna Securities Ltd.,South Asian Bulls Pvt. Ltd.,100,388.7,38870.0,2025-07-10 11:53:47.735422
2025-07-10,73249,2025071004004205,NGPL,Shree Krishna Securities Ltd.,South Asian Bulls Pvt. Ltd.,200,388.7,77740.0,2025-07-10 11:53:47.735792
2025-07-10,73093,2025071004004256,NGPL,Naasa Securities Co. Ltd.,Midas Stock Broking Company Private Limited,100,388.1,38810.0,2025-07-10 11:54:16.617115
2025-07-10,73057,2025071004004260,NGPL,Premier Securities Company Ltd.,Dipshikha Dhitopatra Karobar Co. Pvt Ltd.,100,388.0,38800.0,2025-07-10 11:54:21.455188
2025-07-10,72592,2025071004004327,NGPL,Premier Securities Company Ltd.,Kohinoor Investment & Securities Pvt. Ltd.,200,388.0,77600.0,2025-07-10 11:55:49.608680
2025-07-10,72508,2025071004004340,NGPL,Sri Hari Securities Pvt. Ltd.,Online Securities Pvt. Ltd.,250,388.6,97150.0,2025-07-10 11:56:01.053488
2025-07-10,72390,2025071004004361,NGPL,Premier Securities Company Ltd.,Neev Securities Pvt. Ltd.,89,388.0,34532.0,2025-07-10 11:56:23.838977
2025-07-10,72043,2025071004004462,NGPL,Opal Securities Investment (PVT) Ltd.,South Asian Bulls Pvt. Ltd.,300,388.7,116610.0,2025-07-10 11:57:25.962151
2025-07-10,72042,2025071004004463,NGPL,Opal Securities Investment (PVT) Ltd.,Sri Hari Securities Pvt. Ltd.,600,388.7,233220.0,2025-07-10 11:57:25.962546
2025-07-10,72041,2025071004004464,NGPL,Opal Securities Investment (PVT) Ltd.,Market Securities & Exchange (PVT) Ltd.,700,388.8,272160.0,2025-07-10 11:57:25.962743
2025-07-10,72040,2025071004004465,NGPL,Opal Securities Investment (PVT) Ltd.,Market Securities & Exchange (PVT) Ltd.,900,388.8,349920.0,2025-07-10 11:57:25.962939
2025-07-10,71839,2025071004004496,NGPL,Agrawal Securities (PVT) Ltd.,Market Securities & Exchange (PVT) Ltd.,300,388.8,116640.0,2025-07-10 11:57:52.686503
2025-07-10,71832,2025071004004497,NGPL,Sani Securities Company Ltd.,Vision Securities Pvt. Ltd,490,388.9,190561.0,2025-07-10 11:57:53.525923
2025-07-10,71822,2025071004004502,NGPL,Vision Securities Pvt. Ltd,Kumari Securities Private Limited,300,388.8,116640.0,2025-07-10 11:57:56.909513
2025-07-10,71821,2025071004004503,NGPL,Nepal Stock House (PVT) Ltd.,Kumari Securities Private Limited,14,388.7,5441.8,2025-07-10 11:57:56.910214
2025-07-10,71379,2025071004004627,NGPL,K.B.L. Securities Limited ,Vision Securities Pvt. Ltd,335,388.9,130281.5,2025-07-10 11:59:13.228473
2025-07-10,71378,2025071004004628,NGPL,K.B.L. Securities Limited ,Kumari Securities Private Limited,665,389.0,258685.0,2025-07-10 11:59:13.228860
2025-07-10,70891,2025071004004733,NGPL,Prabhu Stock Market Limited,Asian Securities Private Ltd.,40,388.8,15552.0,2025-07-10 12:00:48.127067
2025-07-10,70774,2025071004004769,NGPL,ABC Securities Private Limited,Kumari Securities Private Limited,335,389.0,130315.0,2025-07-10 12:01:18.772958
2025-07-10,70754,2025071004004783,NGPL,ABC Securities Private Limited,R.B.B. Securities Company Ltd,165,389.0,64185.0,2025-07-10 12:01:21.267708
2025-07-10,70753,2025071004004784,NGPL,Prabhu Stock Market Limited,R.B.B. Securities Company Ltd,10,388.8,3888.0,2025-07-10 12:01:21.268444
2025-07-10,70752,2025071004004785,NGPL,Nepal Stock House (PVT) Ltd.,R.B.B. Securities Company Ltd,45,388.7,17491.5,2025-07-10 12:01:21.268932
2025-07-10,70437,2025071004004841,NGPL,J.F. Securites (PVT) Ltd.,Prabhu Stock Market Limited,250,388.8,97200.0,2025-07-10 12:02:16.513323
2025-07-10,70193,2025071004004920,NGPL,J.F. Securites (PVT) Ltd.,Creative Securities Pvt Ltd,100,388.8,38880.0,2025-07-10 12:02:59.246096
2025-07-10,70182,2025071004004923,NGPL,J.F. Securites (PVT) Ltd.,Investment Management Nepal Pvt. Ltd.,150,388.8,58320.0,2025-07-10 12:03:01.798652
2025-07-10,70135,2025071004004942,NGPL,Nepal Stock House (PVT) Ltd.,Naasa Securities Co. Ltd.,941,388.7,365766.7,2025-07-10 12:03:15.754930
2025-07-10,70134,2025071004004943,NGPL,Nepal Stock House (PVT) Ltd.,Naasa Securities Co. Ltd.,959,388.7,372763.3,2025-07-10 12:03:15.755678
2025-07-10,70060,2025071004004965,NGPL,Nepal Stock House (PVT) Ltd.,Investment Management Nepal Pvt. Ltd.,41,388.7,15936.7,2025-07-10 12:03:29.005249
2025-07-10,70059,2025071004004966,NGPL,Midas Stock Broking Company Private Limited,Investment Management Nepal Pvt. Ltd.,50,388.7,19435.0,2025-07-10 12:03:29.005974
2025-07-10,69971,2025071004004981,NGPL,Dynamic Money Managers Securities Pvt. Ltd.,Sweta Securities Private Limited,50,389.0,19450.0,2025-07-10 12:03:49.388492
2025-07-10,69970,2025071004004982,NGPL,Dynamic Money Managers Securities Pvt. Ltd.,Naasa Securities Co. Ltd.,1000,389.0,389000.0,2025-07-10 12:03:49.388904
2025-07-10,69820,2025071004004999,NGPL,Dynamic Money Managers Securities Pvt. Ltd.,Investment Management Nepal Pvt. Ltd.,309,389.0,120201.0,2025-07-10 12:04:12.271984
2025-07-10,69621,2025071004005052,NGPL,Dynamic Money Managers Securities Pvt. Ltd.,Trishakti Securities Public Limited,800,389.8,311840.0,2025-07-10 12:04:52.403211
2025-07-10,69620,2025071004005053,NGPL,Dynamic Money Managers Securities Pvt. Ltd.,Miyo Securities Pvt Ltd,500,389.9,194950.0,2025-07-10 12:04:52.403611
2025-07-10,69619,2025071004005054,NGPL,Dynamic Money Managers Securities Pvt. Ltd.,NIMB Stock Markets Limited,700,389.9,272930.0,2025-07-10 12:04:52.403773
2025-07-10,69015,2025071004005217,NGPL,Trisul Securities & Invt. Ltd.,Asian Securities Private Ltd.,20,389.0,7780.0,2025-07-10 12:06:48.885095
2025-07-10,69014,2025071004005218,NGPL,Dipshikha Dhitopatra Karobar Co. Pvt Ltd.,Asian Securities Private Ltd.,130,389.0,50570.0,2025-07-10 12:06:48.885519
2025-07-10,68842,2025071004005259,NGPL,Dipshikha Dhitopatra Karobar Co. Pvt Ltd.,NIMB Stock Markets Limited,70,389.0,27230.0,2025-07-10 12:07:19.072232
2025-07-10,68841,2025071004005260,NGPL,Midas Stock Broking Company Private Limited,NIMB Stock Markets Limited,100,389.0,38900.0,2025-07-10 12:07:19.072990
2025-07-10,68840,2025071004005261,NGPL,Sumeru Securities Pvt. Ltd.,NIMB Stock Markets Limited,384,388.6,149222.4,2025-07-10 12:07:19.073511
2025-07-10,68839,2025071004005262,NGPL,Siprabi Securities Pvt. Ltd.,NIMB Stock Markets Limited,65,388.5,25252.5,2025-07-10 12:07:19.074003
2025-07-10,68838,2025071004005263,NGPL,Nepal Investment And Securities Trading Private Limited,NIMB Stock Markets Limited,260,388.1,100906.0,2025-07-10 12:07:19.074506
2025-07-10,68837,2025071004005264,NGPL,Premier Securities Company Ltd.,NIMB Stock Markets Limited,91,388.0,35308.0,2025-07-10 12:07:19.074998
2025-07-10,68836,2025071004005265,NGPL,Sipla Securities Private Limited,NIMB Stock Markets Limited,200,388.0,77600.0,2025-07-10 12:07:19.075487
2025-07-10,68597,2025071004005362,NGPL,South Asian Bulls Pvt. Ltd.,Naasa Securities Co. Ltd.,500,387.3,193650.0,2025-07-10 12:08:00.594427
2025-07-10,68596,2025071004005363,NGPL,South Asian Bulls Pvt. Ltd.,Naasa Securities Co. Ltd.,500,387.2,193600.0,2025-07-10 12:08:00.594834
2025-07-10,68595,2025071004005364,NGPL,Vision Securities Pvt. Ltd,Naasa Securities Co. Ltd.,100,387.1,38710.0,2025-07-10 12:08:00.594993
2025-07-10,68594,2025071004005365,NGPL,Vision Securities Pvt. Ltd,Naasa Securities Co. Ltd.,100,387.1,38710.0,2025-07-10 12:08:00.595227
2025-07-10,68593,2025071004005366,NGPL,Imperial Securities Company Pvt. Ltd.,Naasa Securities Co. Ltd.,423,387.0,163701.0,2025-07-10 12:08:00.595433
2025-07-10,68592,2025071004005367,NGPL,Cristal Kanchanjanga Securites Pvt. Ltd.,Naasa Securities Co. Ltd.,1000,387.0,387000.0,2025-07-10 12:08:00.595681
2025-07-10,68591,2025071004005368,NGPL,Kohinoor Investment & Securities Pvt. Ltd.,Naasa Securities Co. Ltd.,508,387.0,196596.0,2025-07-10 12:08:00.595897
2025-07-10,68590,2025071004005369,NGPL,Sipla Securities Private Limited,Naasa Securities Co. Ltd.,969,387.0,375003.0,2025-07-10 12:08:00.596110
2025-07-10,67955,2025071004005561,NGPL,Sipla Securities Private Limited,Sani Securities Company Ltd.,30,387.0,11610.0,2025-07-10 12:09:34.227049
2025-07-10,67748,2025071004005613,NGPL,South Asian Bulls Pvt. Ltd.,Sanima Securities Limited,1000,387.0,387000.0,2025-07-10 12:10:20.403039
2025-07-10,67426,2025071004005670,NGPL,Sani Securities Company Ltd.,NIMB Stock Markets Limited,130,388.0,50440.0,2025-07-10 12:11:19.298180
2025-07-10,67248,2025071004005708,NGPL,KALASH STOCK MARKET PVT. LTD.,Nabil Stock Dealer Ltd.,300,387.0,116100.0,2025-07-10 12:12:03.387893
2025-07-10,67247,2025071004005709,NGPL,Agrawal Securities (PVT) Ltd.,Nabil Stock Dealer Ltd.,100,386.9,38690.0,2025-07-10 12:12:03.387965
2025-07-10,67246,2025071004005710,NGPL,Dipshikha Dhitopatra Karobar Co. Pvt Ltd.,Nabil Stock Dealer Ltd.,50,386.0,19300.0,2025-07-10 12:12:03.387992
2025-07-10,67245,2025071004005711,NGPL,Linch Stock Market Ltd.,Nabil Stock Dealer Ltd.,200,386.0,77200.0,2025-07-10 12:12:03.388017
2025-07-10,67244,2025071004005712,NGPL,Malla & Malla Stock Broking Company Pvt. Limited,Nabil Stock Dealer Ltd.,50,386.0,19300.0,2025-07-10 12:12:03.388040
2025-07-10,67243,2025071004005713,NGPL,Sharepro Securities Private Limited,Nabil Stock Dealer Ltd.,200,386.0,77200.0,2025-07-10 12:12:03.388086
2025-07-10,67242,2025071004005714,NGPL,Sani Securities Company Ltd.,Nabil Stock Dealer Ltd.,100,386.0,38600.0,2025-07-10 12:12:03.388115
2025-07-10,67008,2025071004005768,NGPL,Citizens Share Broker Limited,Neev Securities Pvt. Ltd.,500,385.5,192750.0,2025-07-10 12:12:40.000414
2025-07-10,66813,2025071004005801,NGPL,Citizens Share Broker Limited,South Asian Bulls Pvt. Ltd.,250,386.0,96500.0,2025-07-10 12:13:21.859762
2025-07-10,66481,2025071004005872,NGPL,Trisul Securities & Invt. Ltd.,Naasa Securities Co. Ltd.,200,386.1,77220.0,2025-07-10 12:14:41.862805
2025-07-10,66181,2025071004005932,NGPL,Trishakti Securities Public Limited,Sanima Securities Limited,100,388.0,38800.0,2025-07-10 12:15:49.045728
2025-07-10,66180,2025071004005933,NGPL,Trishakti Securities Public Limited,Naasa Securities Co. Ltd.,80,388.0,31040.0,2025-07-10 12:15:49.046144
2025-07-10,66179,2025071004005934,NGPL,Trishakti Securities Public Limited,Naasa Securities Co. Ltd.,35,388.0,13580.0,2025-07-10 12:15:49.046320
2025-07-10,65793,2025071004006014,NGPL,SHUBHAKAMANA SECURITIES PVT. LTD,Naasa Securities Co. Ltd.,10,388.0,3880.0,2025-07-10 12:17:04.423625
2025-07-10,65735,2025071004006017,NGPL,Naasa Securities Co. Ltd.,NIMB Stock Markets Limited,450,386.1,173745.0,2025-07-10 12:17:13.436648
2025-07-10,65734,2025071004006018,NGPL,Citizens Share Broker Limited,NIMB Stock Markets Limited,250,386.0,96500.0,2025-07-10 12:17:13.436737
2025-07-10,65733,2025071004006019,NGPL,Imperial Securities Company Pvt. Ltd.,NIMB Stock Markets Limited,10,386.0,3860.0,2025-07-10 12:17:13.436766
2025-07-10,65732,2025071004006020,NGPL,Dipshikha Dhitopatra Karobar Co. Pvt Ltd.,NIMB Stock Markets Limited,260,385.8,100308.0,2025-07-10 12:17:13.436818
2025-07-10,65731,2025071004006021,NGPL,Sipla Securities Private Limited,NIMB Stock Markets Limited,2000,385.7,771400.0,2025-07-10 12:17:13.436860
2025-07-10,65730,2025071004006022,NGPL,Capital Max Securities Ltd,NIMB Stock Markets Limited,100,385.6,38560.0,2025-07-10 12:17:13.436895
2025-07-10,65729,2025071004006023,NGPL,Kumari Securities Private Limited,NIMB Stock Markets Limited,200,385.6,77120.0,2025-07-10 12:17:13.436943
2025-07-10,65728,2025071004006024,NGPL,Capital Max Securities Ltd,NIMB Stock Markets Limited,100,385.6,38560.0,2025-07-10 12:17:13.436970
2025-07-10,65727,2025071004006025,NGPL,Capital Max Securities Ltd,NIMB Stock Markets Limited,100,385.6,38560.0,2025-07-10 12:17:13.437016
2025-07-10,65726,2025071004006026,NGPL,Capital Max Securities Ltd,NIMB Stock Markets Limited,100,385.6,38560.0,2025-07-10 12:17:13.437046
2025-07-10,65725,2025071004006027,NGPL,Capital Max Securities Ltd,NIMB Stock Markets Limited,100,385.6,38560.0,2025-07-10 12:17:13.437072
2025-07-10,65724,2025071004006028,NGPL,Capital Max Securities Ltd,NIMB Stock Markets Limited,100,385.6,38560.0,2025-07-10 12:17:13.437100
2025-07-10,65723,2025071004006029,NGPL,KALASH STOCK MARKET PVT. LTD.,NIMB Stock Markets Limited,230,385.5,88665.0,2025-07-10 12:17:13.437128
2025-07-10,65282,2025071004006130,NGPL,KALASH STOCK MARKET PVT. LTD.,Primo Securities (PVT) Ltd.,29,385.5,11179.5,2025-07-10 12:18:32.903985
2025-07-10,65281,2025071004006131,NGPL,Sipla Securities Private Limited,Primo Securities (PVT) Ltd.,971,385.5,374320.5,2025-07-10 12:18:32.904069
2025-07-10,65020,2025071004006173,NGPL,Sipla Securities Private Limited,NIMB Stock Markets Limited,1029,385.5,396679.5,2025-07-10 12:19:15.732066
2025-07-10,65019,2025071004006174,NGPL,Sipla Securities Private Limited,NIMB Stock Markets Limited,471,385.5,181570.5,2025-07-10 12:19:15.732144
2025-07-10,64664,2025071004006272,NGPL,Sani Securities Company Ltd.,Nabil Stock Dealer Ltd.,258,386.1,99613.8,2025-07-10 12:19:56.507288
2025-07-10,64663,2025071004006273,NGPL,Capital Max Securities Ltd,Nabil Stock Dealer Ltd.,10,385.6,3856.0,2025-07-10 12:19:56.507398
2025-07-10,64662,2025071004006274,NGPL,Sipla Securities Private Limited,Nabil Stock Dealer Ltd.,530,385.5,204315.0,2025-07-10 12:19:56.507422
2025-07-10,64661,2025071004006275,NGPL,South Asian Bulls Pvt. Ltd.,Nabil Stock Dealer Ltd.,870,385.3,335211.0,2025-07-10 12:19:56.507455
2025-07-10,64660,2025071004006276,NGPL,ABC Securities Private Limited,Nabil Stock Dealer Ltd.,25,385.2,9630.0,2025-07-10 12:19:56.507478
2025-07-10,64659,2025071004006277,NGPL,Aryatara Investment & Securities,Nabil Stock Dealer Ltd.,10,385.2,3852.0,2025-07-10 12:19:56.507501
2025-07-10,64658,2025071004006278,NGPL,South Asian Bulls Pvt. Ltd.,Nabil Stock Dealer Ltd.,200,385.2,77040.0,2025-07-10 12:19:56.507525
2025-07-10,64657,2025071004006279,NGPL,Sweta Securities Private Limited,Nabil Stock Dealer Ltd.,97,385.1,37354.7,2025-07-10 12:19:56.507546
2025-07-10,64417,2025071004006309,NGPL,Sipla Securities Private Limited,Naasa Securities Co. Ltd.,955,385.5,368152.5,2025-07-10 12:20:24.610024
2025-07-10,64283,2025071004006353,NGPL,Midas Stock Broking Company Private Limited,Nabil Stock Dealer Ltd.,10,386.0,3860.0,2025-07-10 12:20:46.649507
2025-07-10,64282,2025071004006354,NGPL,Property Wiard Limited,Nabil Stock Dealer Ltd.,140,385.6,53984.0,2025-07-10 12:20:46.649942
2025-07-10,64281,2025071004006355,NGPL,Sipla Securities Private Limited,Nabil Stock Dealer Ltd.,1850,385.5,713175.0,2025-07-10 12:20:46.650135
2025-07-10,64039,2025071004006386,NGPL,Sipla Securities Private Limited,Oxford Securities Pvt. Ltd.,195,385.5,75172.5,2025-07-10 12:21:25.699740
2025-07-10,64038,2025071004006387,NGPL,Sumeru Securities Pvt. Ltd.,Oxford Securities Pvt. Ltd.,300,385.1,115530.0,2025-07-10 12:21:25.700537
2025-07-10,63813,2025071004006419,NGPL,Siprabi Securities Pvt. Ltd.,Deevyaa Securities & Stock House Pvt. Ltd,130,385.1,50063.0,2025-07-10 12:22:05.116298
2025-07-10,63793,2025071004006422,NGPL,Siprabi Securities Pvt. Ltd.,Nabil Stock Dealer Ltd.,1370,385.1,527587.0,2025-07-10 12:22:06.837472
2025-07-10,63792,2025071004006423,NGPL,Imperial Securities Company Pvt. Ltd.,Nabil Stock Dealer Ltd.,1000,385.1,385100.0,2025-07-10 12:22:06.837880
2025-07-10,63791,2025071004006424,NGPL,Elite Stock House Limited,Nabil Stock Dealer Ltd.,500,385.1,192550.0,2025-07-10 12:22:06.838054
2025-07-10,63790,2025071004006425,NGPL,Aryatara Investment & Securities,Nabil Stock Dealer Ltd.,500,385.0,192500.0,2025-07-10 12:22:06.838248
2025-07-10,63789,2025071004006426,NGPL,Imperial Securities Company Pvt. Ltd.,Nabil Stock Dealer Ltd.,500,385.0,192500.0,2025-07-10 12:22:06.838435
2025-07-10,63788,2025071004006427,NGPL,Primo Securities (PVT) Ltd.,Nabil Stock Dealer Ltd.,1000,385.0,385000.0,2025-07-10 12:22:06.838607
2025-07-10,63787,2025071004006428,NGPL,Pragyan Securities (PVT) Ltd.,Nabil Stock Dealer Ltd.,130,385.0,50050.0,2025-07-10 12:22:06.838773
2025-07-10,63736,2025071004006431,NGPL,Kumari Securities Private Limited,Nabil Stock Dealer Ltd.,100,385.1,38510.0,2025-07-10 12:22:13.857996
2025-07-10,63735,2025071004006432,NGPL,Pragyan Securities (PVT) Ltd.,Nabil Stock Dealer Ltd.,870,385.0,334950.0,2025-07-10 12:22:13.858471
2025-07-10,63734,2025071004006433,NGPL,Secured Securities Ltd.,Nabil Stock Dealer Ltd.,100,385.0,38500.0,2025-07-10 12:22:13.858768
2025-07-10,63733,2025071004006434,NGPL,Dakshinkali Investment & Securities Pvt. Ltd.,Nabil Stock Dealer Ltd.,500,385.0,192500.0,2025-07-10 12:22:13.858975
2025-07-10,63732,2025071004006435,NGPL,Dynamic Money Managers Securities Pvt. Ltd.,Nabil Stock Dealer Ltd.,100,385.0,38500.0,2025-07-10 12:22:13.859194
2025-07-10,63731,2025071004006436,NGPL,Imperial Securities Company Pvt. Ltd.,Nabil Stock Dealer Ltd.,1000,385.0,385000.0,2025-07-10 12:22:13.859403
2025-07-10,63730,2025071004006437,NGPL,Primo Securities (PVT) Ltd.,Nabil Stock Dealer Ltd.,500,385.0,192500.0,2025-07-10 12:22:13.859595
2025-07-10,63729,2025071004006438,NGPL,Sweta Securities Private Limited,Nabil Stock Dealer Ltd.,500,385.0,192500.0,2025-07-10 12:22:13.859792
2025-07-10,63728,2025071004006439,NGPL,Premier Securities Company Ltd.,Nabil Stock Dealer Ltd.,100,385.0,38500.0,2025-07-10 12:22:13.860061
2025-07-10,63727,2025071004006440,NGPL,INDEX SECURITIES LIMITED,Nabil Stock Dealer Ltd.,1230,385.0,473550.0,2025-07-10 12:22:13.860284
2025-07-10,63400,2025071004006478,NGPL,INDEX SECURITIES LIMITED,Vision Securities Pvt. Ltd,3770,385.0,1451450.0,2025-07-10 12:22:50.307919
2025-07-10,63399,2025071004006479,NGPL,Trisul Securities & Invt. Ltd.,Vision Securities Pvt. Ltd,500,385.0,192500.0,2025-07-10 12:22:50.308375
2025-07-10,63398,2025071004006480,NGPL,SHUBHAKAMANA SECURITIES PVT. LTD,Vision Securities Pvt. Ltd,100,385.0,38500.0,2025-07-10 12:22:50.308707
2025-07-10,63397,2025071004006481,NGPL,Sipla Securities Private Limited,Vision Securities Pvt. Ltd,100,385.0,38500.0,2025-07-10 12:22:50.308956
2025-07-10,63396,2025071004006482,NGPL,Naasa Securities Co. Ltd.,Vision Securities Pvt. Ltd,100,385.0,38500.0,2025-07-10 12:22:50.309203
2025-07-10,63395,2025071004006483,NGPL,Capital Max Securities Ltd,Vision Securities Pvt. Ltd,100,385.0,38500.0,2025-07-10 12:22:50.309438
2025-07-10,63394,2025071004006484,NGPL,Sani Securities Company Ltd.,Vision Securities Pvt. Ltd,100,385.0,38500.0,2025-07-10 12:22:50.309681
2025-07-10,63393,2025071004006485,NGPL,Aryatara Investment & Securities,Vision Securities Pvt. Ltd,30,385.0,11550.0,2025-07-10 12:22:50.309943
2025-07-10,63392,2025071004006486,NGPL,Imperial Securities Company Pvt. Ltd.,Vision Securities Pvt. Ltd,120,385.0,46200.0,2025-07-10 12:22:50.310193
2025-07-10,63391,2025071004006487,NGPL,Sweta Securities Private Limited,Vision Securities Pvt. Ltd,500,385.0,192500.0,2025-07-10 12:22:50.310419
2025-07-10,63390,2025071004006488,NGPL,Linch Stock Market Ltd.,Vision Securities Pvt. Ltd,20,385.0,7700.0,2025-07-10 12:22:50.310650
2025-07-10,63389,2025071004006489,NGPL,Primo Securities (PVT) Ltd.,Vision Securities Pvt. Ltd,500,385.0,192500.0,2025-07-10 12:22:50.310872
2025-07-10,63388,2025071004006490,NGPL,Dynamic Money Managers Securities Pvt. Ltd.,Vision Securities Pvt. Ltd,5000,385.0,1925000.0,2025-07-10 12:22:50.311110
2025-07-10,63387,2025071004006491,NGPL,Dipshikha Dhitopatra Karobar Co. Pvt Ltd.,Vision Securities Pvt. Ltd,500,385.0,192500.0,2025-07-10 12:22:50.311338
2025-07-10,63386,2025071004006492,NGPL,Kalika Securities Pvt. Ltd.,Vision Securities Pvt. Ltd,1000,385.0,385000.0,2025-07-10 12:22:50.311557
2025-07-10,63385,2025071004006493,NGPL,Shree Krishna Securities Ltd.,Vision Securities Pvt. Ltd,1000,385.0,385000.0,2025-07-10 12:22:50.311766
2025-07-10,63384,2025071004006494,NGPL,Opal Securities Investment (PVT) Ltd.,Vision Securities Pvt. Ltd,100,385.0,38500.0,2025-07-10 12:22:50.311996
2025-07-10,63383,2025071004006495,NGPL,Midas Stock Broking Company Private Limited,Vision Securities Pvt. Ltd,400,385.0,154000.0,2025-07-10 12:22:50.312212
2025-07-10,63382,2025071004006496,NGPL,ABC Securities Private Limited,Vision Securities Pvt. Ltd,500,385.0,192500.0,2025-07-10 12:22:50.312412
2025-07-10,63381,2025071004006497,NGPL,Property Wiard Limited,Vision Securities Pvt. Ltd,30,385.0,11550.0,2025-07-10 12:22:50.312626
2025-07-10,63380,2025071004006498,NGPL,Premier Securities Company Ltd.,Vision Securities Pvt. Ltd,100,385.0,38500.0,2025-07-10 12:22:50.312857
2025-07-10,63379,2025071004006499,NGPL,Aryatara Investment & Securities,Vision Securities Pvt. Ltd,200,385.0,77000.0,2025-07-10 12:22:50.313083
2025-07-10,63378,2025071004006500,NGPL,Linch Stock Market Ltd.,Vision Securities Pvt. Ltd,500,385.0,192500.0,2025-07-10 12:22:50.313297
2025-07-10,63377,2025071004006501,NGPL,Naasa Securities Co. Ltd.,Vision Securities Pvt. Ltd,55,385.0,21175.0,2025-07-10 12:22:50.313522
2025-07-10,63376,2025071004006502,NGPL,Nepal Investment And Securities Trading Private Limited,Vision Securities Pvt. Ltd,260,385.0,100100.0,2025-07-10 12:22:50.313761
2025-07-10,63052,2025071004006568,NGPL,Siprabi Securities Pvt. Ltd.,Vision Securities Pvt. Ltd,300,385.0,115500.0,2025-07-10 12:23:20.820267
2025-07-10,62907,2025071004006597,NGPL,MILKY WAY SHARE BROKER COMPANY LTD ,Vision Securities Pvt. Ltd,308,385.0,118580.0,2025-07-10 12:23:36.528125
2025-07-10,62429,2025071004006684,NGPL,MILKY WAY SHARE BROKER COMPANY LTD ,Arun Securities (PVT) Ltd.,50,385.5,19275.0,2025-07-10 12:24:24.617048
2025-07-10,62178,2025071004006739,NGPL,MILKY WAY SHARE BROKER COMPANY LTD ,APPLE SECURITIES PRIVATE LIMITED,642,385.1,247234.2,2025-07-10 12:24:49.984230
2025-07-10,62177,2025071004006740,NGPL,Himalayan Brokerage Company Limited,APPLE SECURITIES PRIVATE LIMITED,449,385.0,172865.0,2025-07-10 12:24:49.984617
2025-07-10,62176,2025071004006741,NGPL,Trisul Securities & Invt. Ltd.,APPLE SECURITIES PRIVATE LIMITED,10,385.0,3850.0,2025-07-10 12:24:49.984779
2025-07-10,62175,2025071004006742,NGPL,Secured Securities Ltd.,APPLE SECURITIES PRIVATE LIMITED,300,385.0,115500.0,2025-07-10 12:24:49.984935
2025-07-10,62174,2025071004006743,NGPL,Primo Securities (PVT) Ltd.,APPLE SECURITIES PRIVATE LIMITED,210,384.3,80703.0,2025-07-10 12:24:49.985094
2025-07-10,62173,2025071004006744,NGPL,K.B.L. Securities Limited ,APPLE SECURITIES PRIVATE LIMITED,889,384.2,341553.8,2025-07-10 12:24:49.985262
2025-07-10,61501,2025071004006799,NGPL,Linch Stock Market Ltd.,Trademow Securities Private Limited,190,385.1,73169.0,2025-07-10 12:25:57.952400
2025-07-10,61500,2025071004006800,NGPL,Agrawal Securities (PVT) Ltd.,Trademow Securities Private Limited,200,384.3,76860.0,2025-07-10 12:25:57.952493
2025-07-10,61499,2025071004006801,NGPL,Premier Securities Company Ltd.,Trademow Securities Private Limited,500,384.3,192150.0,2025-07-10 12:25:57.952520
2025-07-10,61498,2025071004006802,NGPL,K.B.L. Securities Limited ,Trademow Securities Private Limited,110,384.2,42262.0,2025-07-10 12:25:57.952545
2025-07-10,61434,2025071004006812,NGPL,K.B.L. Securities Limited ,Sani Securities Company Ltd.,1001,384.2,384584.2,2025-07-10 12:26:10.182594
2025-07-10,61433,2025071004006813,NGPL,Online Securities Pvt. Ltd.,Sani Securities Company Ltd.,15,384.2,5763.0,2025-07-10 12:26:10.182979
2025-07-10,61432,2025071004006814,NGPL,Miyo Securities Pvt Ltd,Sani Securities Company Ltd.,1000,384.2,384200.0,2025-07-10 12:26:10.183150
2025-07-10,61431,2025071004006815,NGPL,Nepal Stock House (PVT) Ltd.,Sani Securities Company Ltd.,50,384.1,19205.0,2025-07-10 12:26:10.183308
2025-07-10,61430,2025071004006816,NGPL,Aryatara Investment & Securities,Sani Securities Company Ltd.,284,384.1,109084.4,2025-07-10 12:26:10.183477
2025-07-10,60926,2025071004006867,NGPL,Aryatara Investment & Securities,Online Securities Pvt. Ltd.,216,384.1,82965.6,2025-07-10 12:27:02.393732
2025-07-10,60925,2025071004006868,NGPL,Deevyaa Securities & Stock House Pvt. Ltd,Online Securities Pvt. Ltd.,155,384.0,59520.0,2025-07-10 12:27:02.394158
2025-07-10,60924,2025071004006869,NGPL,Primo Securities (PVT) Ltd.,Online Securities Pvt. Ltd.,229,384.0,87936.0,2025-07-10 12:27:02.394331
2025-07-10,60448,2025071004006926,NGPL,Online Securities Pvt. Ltd.,Naasa Securities Co. Ltd.,200,384.2,76840.0,2025-07-10 12:27:50.362833
2025-07-10,60255,2025071004006966,NGPL,Primo Securities (PVT) Ltd.,Primo Securities (PVT) Ltd.,200,384.8,76960.0,2025-07-10 12:28:12.769530
2025-07-10,59963,2025071004007000,NGPL,Miyo Securities Pvt Ltd,Nagarik Stock Dealer ,500,384.4,192200.0,2025-07-10 12:28:46.448734
2025-07-10,59962,2025071004007001,NGPL,Naasa Securities Co. Ltd.,Nagarik Stock Dealer ,700,384.3,269010.0,2025-07-10 12:28:46.449132
2025-07-10,59961,2025071004007002,NGPL,Siprabi Securities Pvt. Ltd.,Nagarik Stock Dealer ,60,384.1,23046.0,2025-07-10 12:28:46.449305
2025-07-10,59960,2025071004007003,NGPL,Primo Securities (PVT) Ltd.,Nagarik Stock Dealer ,771,384.0,296064.0,2025-07-10 12:28:46.449469
2025-07-10,59959,2025071004007004,NGPL,SHUBHAKAMANA SECURITIES PVT. LTD,Nagarik Stock Dealer ,200,384.0,76800.0,2025-07-10 12:28:46.449625
2025-07-10,59958,2025071004007005,NGPL,Nepal Investment And Securities Trading Private Limited,Nagarik Stock Dealer ,100,384.0,38400.0,2025-07-10 12:28:46.449778
2025-07-10,59957,2025071004007006,NGPL,SHUBHAKAMANA SECURITIES PVT. LTD,Nagarik Stock Dealer ,100,384.0,38400.0,2025-07-10 12:28:46.449936
2025-07-10,59956,2025071004007007,NGPL,Kumari Securities Private Limited,Nagarik Stock Dealer ,100,384.0,38400.0,2025-07-10 12:28:46.450091
2025-07-10,59955,2025071004007008,NGPL,Naasa Securities Co. Ltd.,Nagarik Stock Dealer ,50,384.0,19200.0,2025-07-10 12:28:46.450245
2025-07-10,59954,2025071004007009,NGPL,Shree Krishna Securities Ltd.,Nagarik Stock Dealer ,200,384.0,76800.0,2025-07-10 12:28:46.450413
2025-07-10,59953,2025071004007010,NGPL,Malla & Malla Stock Broking Company Pvt. Limited,Nagarik Stock Dealer ,1219,384.0,468096.0,2025-07-10 12:28:46.450569
2025-07-10,59765,2025071004007057,NGPL,Online Securities Pvt. Ltd.,Kohinoor Investment & Securities Pvt. Ltd.,300,384.5,115350.0,2025-07-10 12:29:01.432675
2025-07-10,59236,2025071004007147,NGPL,Agrawal Securities (PVT) Ltd.,South Asian Bulls Pvt. Ltd.,210,384.0,80640.0,2025-07-10 12:29:59.368638
2025-07-10,59235,2025071004007148,NGPL,Oxford Securities Pvt. Ltd.,South Asian Bulls Pvt. Ltd.,390,384.0,149760.0,2025-07-10 12:29:59.369059
2025-07-10,58823,2025071004007196,NGPL,Premier Securities Company Ltd.,Kohinoor Investment & Securities Pvt. Ltd.,700,384.5,269150.0,2025-07-10 12:30:33.360833
2025-07-10,58785,2025071004007203,NGPL,Aryatara Investment & Securities,Primo Securities (PVT) Ltd.,100,384.8,38480.0,2025-07-10 12:30:38.851125
2025-07-10,58784,2025071004007204,NGPL,Aryatara Investment & Securities,Naasa Securities Co. Ltd.,300,385.0,115500.0,2025-07-10 12:30:38.851515
2025-07-10,58783,2025071004007205,NGPL,Aryatara Investment & Securities,Opal Securities Investment (PVT) Ltd.,210,385.0,80850.0,2025-07-10 12:30:38.851678
2025-07-10,58492,2025071004007232,NGPL,Premier Securities Company Ltd.,Vision Securities Pvt. Ltd,1400,386.0,540400.0,2025-07-10 12:31:06.552518
2025-07-10,58281,2025071004007280,NGPL,Premier Securities Company Ltd.,Imperial Securities Company Pvt. Ltd.,140,386.0,54040.0,2025-07-10 12:31:30.075598
2025-07-10,58158,2025071004007313,NGPL,Premier Securities Company Ltd.,South Asian Bulls Pvt. Ltd.,460,386.0,177560.0,2025-07-10 12:31:40.670678
2025-07-10,57998,2025071004007327,NGPL,Aryatara Investment & Securities,South Asian Bulls Pvt. Ltd.,140,385.0,53900.0,2025-07-10 12:32:07.317733
2025-07-10,57887,2025071004007335,NGPL,Sewa Securities Pvt. Ltd.,Siprabi Securities Pvt. Ltd.,10,387.0,3870.0,2025-07-10 12:32:16.302414
2025-07-10,57640,2025071004007378,NGPL,Siprabi Securities Pvt. Ltd.,Siprabi Securities Pvt. Ltd.,100,387.0,38700.0,2025-07-10 12:32:47.217514
2025-07-10,57467,2025071004007402,NGPL,Siprabi Securities Pvt. Ltd.,Siprabi Securities Pvt. Ltd.,100,387.0,38700.0,2025-07-10 12:33:10.734407
2025-07-10,57268,2025071004007457,NGPL,Imperial Securities Company Pvt. Ltd.,Sani Securities Company Ltd.,100,386.0,38600.0,2025-07-10 12:33:29.267492
2025-07-10,57267,2025071004007458,NGPL,Sundhara Securities Limited,Sani Securities Company Ltd.,100,386.0,38600.0,2025-07-10 12:33:29.267916
2025-07-10,57216,2025071004007472,NGPL,Aryatara Investment & Securities,Siprabi Securities Pvt. Ltd.,250,387.0,96750.0,2025-07-10 12:33:35.040570
2025-07-10,57069,2025071004007487,NGPL,Imperial Securities Company Pvt. Ltd.,Siprabi Securities Pvt. Ltd.,540,387.0,208980.0,2025-07-10 12:33:46.696749
2025-07-10,56807,2025071004007598,NGPL,Naasa Securities Co. Ltd.,Imperial Securities Company Pvt. Ltd.,11,388.0,4268.0,2025-07-10 12:34:12.390511
2025-07-10,56806,2025071004007599,NGPL,Siprabi Securities Pvt. Ltd.,Imperial Securities Company Pvt. Ltd.,100,386.0,38600.0,2025-07-10 12:34:12.390917
2025-07-10,56805,2025071004007600,NGPL,Sweta Securities Private Limited,Imperial Securities Company Pvt. Ltd.,10,386.0,3860.0,2025-07-10 12:34:12.391097
2025-07-10,56804,2025071004007601,NGPL,Aryatara Investment & Securities,Imperial Securities Company Pvt. Ltd.,50,385.0,19250.0,2025-07-10 12:34:12.391275
2025-07-10,56803,2025071004007602,NGPL,INDEX SECURITIES LIMITED,Imperial Securities Company Pvt. Ltd.,260,385.0,100100.0,2025-07-10 12:34:12.391472
2025-07-10,56776,2025071004007605,NGPL,Naasa Securities Co. Ltd.,Imperial Securities Company Pvt. Ltd.,40,385.0,15400.0,2025-07-10 12:34:14.627691
2025-07-10,56730,2025071004007609,NGPL,Linch Stock Market Ltd.,Imperial Securities Company Pvt. Ltd.,29,385.0,11165.0,2025-07-10 12:34:20.150299
2025-07-10,56456,2025071004007651,NGPL,Linch Stock Market Ltd.,Aryatara Investment & Securities,100,388.0,38800.0,2025-07-10 12:34:55.202070
2025-07-10,56340,2025071004007668,NGPL,Linch Stock Market Ltd.,Sundhara Securities Limited,500,388.0,194000.0,2025-07-10 12:35:12.692516
2025-07-10,56321,2025071004007672,NGPL,Linch Stock Market Ltd.,Dipshikha Dhitopatra Karobar Co. Pvt Ltd.,300,388.0,116400.0,2025-07-10 12:35:15.695829
2025-07-10,56317,2025071004007673,NGPL,Linch Stock Market Ltd.,South Asian Bulls Pvt. Ltd.,71,388.0,27548.0,2025-07-10 12:35:16.037424
2025-07-10,55775,2025071004007834,NGPL,Imperial Securities Company Pvt. Ltd.,Nepal Investment And Securities Trading Private Limited,250,386.9,96725.0,2025-07-10 12:36:24.571119
2025-07-10,55379,2025071004007939,NGPL,Premier Securities Company Ltd.,Nabil Stock Dealer Ltd.,300,385.2,115560.0,2025-07-10 12:37:15.159546
2025-07-10,55378,2025071004007940,NGPL,Aryatara Investment & Securities,Nabil Stock Dealer Ltd.,10,385.1,3851.0,2025-07-10 12:37:15.160027
2025-07-10,55377,2025071004007941,NGPL,Dipshikha Dhitopatra Karobar Co. Pvt Ltd.,Nabil Stock Dealer Ltd.,30,385.0,11550.0,2025-07-10 12:37:15.160207
2025-07-10,55376,2025071004007942,NGPL,Sani Securities Company Ltd.,Nabil Stock Dealer Ltd.,660,385.0,254100.0,2025-07-10 12:37:15.160389
2025-07-10,55259,2025071004007970,NGPL,Sani Securities Company Ltd.,Property Wiard Limited,100,385.0,38500.0,2025-07-10 12:37:27.399905
2025-07-10,54780,2025071004008077,NGPL,Sani Securities Company Ltd.,Bhrikuti Stock Broking Co. Pvt. Ltd.,10,385.0,3850.0,2025-07-10 12:38:26.073206
2025-07-10,54599,2025071004008105,NGPL,Sani Securities Company Ltd.,Sani Securities Company Ltd.,230,385.0,88550.0,2025-07-10 12:38:48.975308
2025-07-10,54598,2025071004008106,NGPL,Bhrikuti Stock Broking Co. Pvt. Ltd.,Sani Securities Company Ltd.,100,385.0,38500.0,2025-07-10 12:38:48.975737
2025-07-10,54597,2025071004008107,NGPL,Sewa Securities Pvt. Ltd.,Sani Securities Company Ltd.,50,385.0,19250.0,2025-07-10 12:38:48.975911
2025-07-10,54596,2025071004008108,NGPL,Imperial Securities Company Pvt. Ltd.,Sani Securities Company Ltd.,100,385.0,38500.0,2025-07-10 12:38:48.976091
2025-07-10,54595,2025071004008109,NGPL,Nepal Investment And Securities Trading Private Limited,Sani Securities Company Ltd.,200,385.0,77000.0,2025-07-10 12:38:48.976258
2025-07-10,54594,2025071004008110,NGPL,Online Securities Pvt. Ltd.,Sani Securities Company Ltd.,100,384.7,38470.0,2025-07-10 12:38:48.976438
2025-07-10,54593,2025071004008111,NGPL,South Asian Bulls Pvt. Ltd.,Sani Securities Company Ltd.,90,384.6,34614.0,2025-07-10 12:38:48.976628
2025-07-10,54592,2025071004008112,NGPL,Nepal Stock House (PVT) Ltd.,Sani Securities Company Ltd.,50,384.2,19210.0,2025-07-10 12:38:48.976795
2025-07-10,54591,2025071004008113,NGPL,SHUBHAKAMANA SECURITIES PVT. LTD,Sani Securities Company Ltd.,580,384.1,222778.0,2025-07-10 12:38:48.976962
2025-07-10,54031,2025071004008256,NGPL,Dynamic Money Managers Securities Pvt. Ltd.,South Asian Bulls Pvt. Ltd.,500,385.4,192700.0,2025-07-10 12:40:09.750074
2025-07-10,53796,2025071004008332,NGPL,Nepal Investment And Securities Trading Private Limited,Prabhu Stock Market Limited,82,386.0,31652.0,2025-07-10 12:40:39.185980
2025-07-10,53690,2025071004008342,NGPL,Imperial Securities Company Pvt. Ltd.,Prabhu Stock Market Limited,70,386.0,27020.0,2025-07-10 12:40:53.876366
2025-07-10,53378,2025071004008379,NGPL,Imperial Securities Company Pvt. Ltd.,Prabhu Stock Market Limited,48,386.0,18528.0,2025-07-10 12:41:17.498499
2025-07-10,53377,2025071004008380,NGPL,Imperial Securities Company Pvt. Ltd.,Nepal Investment And Securities Trading Private Limited,350,386.9,135415.0,2025-07-10 12:41:17.498929
2025-07-10,53376,2025071004008381,NGPL,Imperial Securities Company Pvt. Ltd.,ABC Securities Private Limited,200,386.9,77380.0,2025-07-10 12:41:17.499106
2025-07-10,53375,2025071004008382,NGPL,Imperial Securities Company Pvt. Ltd.,Sundhara Securities Limited,1000,387.0,387000.0,2025-07-10 12:41:17.499279
2025-07-10,53310,2025071004008393,NGPL,Imperial Securities Company Pvt. Ltd.,South Asian Bulls Pvt. Ltd.,402,387.0,155574.0,2025-07-10 12:41:28.456016
2025-07-10,52937,2025071004008487,NGPL,Vision Securities Pvt. Ltd,South Asian Bulls Pvt. Ltd.,1000,385.0,385000.0,2025-07-10 12:42:38.838593
2025-07-10,52360,2025071004008627,NGPL,Imperial Securities Company Pvt. Ltd.,Sajilo Broker Limited,277,385.3,106728.1,2025-07-10 12:44:16.152153
2025-07-10,51696,2025071004008777,NGPL,Kohinoor Investment & Securities Pvt. Ltd.,Sri Hari Securities Pvt. Ltd.,200,386.0,77200.0,2025-07-10 12:46:07.553394
2025-07-10,51664,2025071004008784,NGPL,Imperial Securities Company Pvt. Ltd.,South Asian Bulls Pvt. Ltd.,343,385.3,132157.9,2025-07-10 12:46:13.835697
2025-07-10,51663,2025071004008785,NGPL,Imperial Securities Company Pvt. Ltd.,South Asian Bulls Pvt. Ltd.,54,385.2,20800.8,2025-07-10 12:46:13.836636
2025-07-10,51558,2025071004008815,NGPL,Imperial Securities Company Pvt. Ltd.,South Asian Bulls Pvt. Ltd.,446,385.2,171799.2,2025-07-10 12:46:34.945384
2025-07-10,51557,2025071004008816,NGPL,Aryatara Investment & Securities,South Asian Bulls Pvt. Ltd.,60,385.0,23100.0,2025-07-10 12:46:34.945851
2025-07-10,51556,2025071004008817,NGPL,Imperial Securities Company Pvt. Ltd.,South Asian Bulls Pvt. Ltd.,500,385.0,192500.0,2025-07-10 12:46:34.946053
2025-07-10,51555,2025071004008818,NGPL,Sani Securities Company Ltd.,South Asian Bulls Pvt. Ltd.,50,385.0,19250.0,2025-07-10 12:46:34.946243
2025-07-10,51554,2025071004008819,NGPL,Naasa Securities Co. Ltd.,South Asian Bulls Pvt. Ltd.,20,385.0,7700.0,2025-07-10 12:46:34.946433
2025-07-10,51553,2025071004008820,NGPL,Naasa Securities Co. Ltd.,South Asian Bulls Pvt. Ltd.,10,385.0,3850.0,2025-07-10 12:46:34.946621
2025-07-10,51552,2025071004008821,NGPL,Naasa Securities Co. Ltd.,South Asian Bulls Pvt. Ltd.,914,385.0,351890.0,2025-07-10 12:46:34.946809
2025-07-10,51479,2025071004008833,NGPL,Naasa Securities Co. Ltd.,Agrawal Securities (PVT) Ltd.,86,385.0,33110.0,2025-07-10 12:46:48.329057
2025-07-10,51478,2025071004008834,NGPL,Sweta Securities Private Limited,Agrawal Securities (PVT) Ltd.,100,384.6,38460.0,2025-07-10 12:46:48.329103
2025-07-10,51477,2025071004008835,NGPL,Imperial Securities Company Pvt. Ltd.,Agrawal Securities (PVT) Ltd.,500,384.5,192250.0,2025-07-10 12:46:48.329134
2025-07-10,51476,2025071004008836,NGPL,Naasa Securities Co. Ltd.,Agrawal Securities (PVT) Ltd.,50,384.5,19225.0,2025-07-10 12:46:48.329164
2025-07-10,51475,2025071004008837,NGPL,Naasa Securities Co. Ltd.,Agrawal Securities (PVT) Ltd.,300,384.4,115320.0,2025-07-10 12:46:48.329210
2025-07-10,51474,2025071004008838,NGPL,Premier Securities Company Ltd.,Agrawal Securities (PVT) Ltd.,964,384.4,370561.6,2025-07-10 12:46:48.329238
2025-07-10,50780,2025071004009037,NGPL,Premier Securities Company Ltd.,Vision Securities Pvt. Ltd,36,384.4,13838.4,2025-07-10 12:49:01.400931
2025-07-10,50779,2025071004009038,NGPL,MILKY WAY SHARE BROKER COMPANY LTD ,Vision Securities Pvt. Ltd,1000,384.4,384400.0,2025-07-10 12:49:01.401407
2025-07-10,50778,2025071004009039,NGPL,Online Securities Pvt. Ltd.,Vision Securities Pvt. Ltd,500,384.2,192100.0,2025-07-10 12:49:01.401600
2025-07-10,50777,2025071004009040,NGPL,Sani Securities Company Ltd.,Vision Securities Pvt. Ltd,200,384.2,76840.0,2025-07-10 12:49:01.401812
2025-07-10,50776,2025071004009041,NGPL,Dipshikha Dhitopatra Karobar Co. Pvt Ltd.,Vision Securities Pvt. Ltd,100,384.2,38420.0,2025-07-10 12:49:01.402089
2025-07-10,50775,2025071004009042,NGPL,SHUBHAKAMANA SECURITIES PVT. LTD,Vision Securities Pvt. Ltd,420,384.1,161322.0,2025-07-10 12:49:01.402340
2025-07-10,50774,2025071004009043,NGPL,SHUBHAKAMANA SECURITIES PVT. LTD,Vision Securities Pvt. Ltd,1000,384.1,384100.0,2025-07-10 12:49:01.402569
2025-07-10,50773,2025071004009044,NGPL,Imperial Securities Company Pvt. Ltd.,Vision Securities Pvt. Ltd,500,384.1,192050.0,2025-07-10 12:49:01.402784
2025-07-10,50772,2025071004009045,NGPL,Oxford Securities Pvt. Ltd.,Vision Securities Pvt. Ltd,35,384.0,13440.0,2025-07-10 12:49:01.403029
2025-07-10,50771,2025071004009046,NGPL,Imperial Securities Company Pvt. Ltd.,Vision Securities Pvt. Ltd,50,384.0,19200.0,2025-07-10 12:49:01.403296
2025-07-10,50770,2025071004009047,NGPL,Imperial Securities Company Pvt. Ltd.,Vision Securities Pvt. Ltd,200,384.0,76800.0,2025-07-10 12:49:01.403499
2025-07-10,50769,2025071004009048,NGPL,Online Securities Pvt. Ltd.,Vision Securities Pvt. Ltd,100,384.0,38400.0,2025-07-10 12:49:01.403722
2025-07-10,50768,2025071004009049,NGPL,Siprabi Securities Pvt. Ltd.,Vision Securities Pvt. Ltd,100,384.0,38400.0,2025-07-10 12:49:01.403930
2025-07-10,50767,2025071004009050,NGPL,Midas Stock Broking Company Private Limited,Vision Securities Pvt. Ltd,100,384.0,38400.0,2025-07-10 12:49:01.404118
2025-07-10,50766,2025071004009051,NGPL,Vision Securities Pvt. Ltd,Vision Securities Pvt. Ltd,1000,384.0,384000.0,2025-07-10 12:49:01.404346
2025-07-10,50765,2025071004009052,NGPL,Imperial Securities Company Pvt. Ltd.,Vision Securities Pvt. Ltd,300,384.0,115200.0,2025-07-10 12:49:01.404543
2025-07-10,50764,2025071004009053,NGPL,Market Securities & Exchange (PVT) Ltd.,Vision Securities Pvt. Ltd,100,384.0,38400.0,2025-07-10 12:49:01.404757
2025-07-10,50763,2025071004009054,NGPL,SUN SECURITIES PVT LTD,Vision Securities Pvt. Ltd,50,384.0,19200.0,2025-07-10 12:49:01.404942
2025-07-10,50762,2025071004009055,NGPL,Shree Krishna Securities Ltd.,Vision Securities Pvt. Ltd,69,384.0,26496.0,2025-07-10 12:49:01.405170
2025-07-10,50761,2025071004009056,NGPL,Sagarmatha Securities Private Limited,Vision Securities Pvt. Ltd,1000,384.0,384000.0,2025-07-10 12:49:01.405361
2025-07-10,50760,2025071004009057,NGPL,Ashutosh Brokerage & Securities (PVT) Ltd.,Vision Securities Pvt. Ltd,500,384.0,192000.0,2025-07-10 12:49:01.405569
2025-07-10,50759,2025071004009058,NGPL,Naasa Securities Co. Ltd.,Vision Securities Pvt. Ltd,20,384.0,7680.0,2025-07-10 12:49:01.405766
2025-07-10,50298,2025071004009169,NGPL,Naasa Securities Co. Ltd.,Oxford Securities Pvt. Ltd.,105,384.4,40362.0,2025-07-10 12:50:13.967718
2025-07-10,49692,2025071004009307,NGPL,Imperial Securities Company Pvt. Ltd.,ABC Securities Private Limited,61,384.0,23424.0,2025-07-10 12:52:06.013905
2025-07-10,49205,2025071004009427,NGPL,Secured Securities Ltd.,Nabil Stock Dealer Ltd.,500,384.2,192100.0,2025-07-10 12:53:50.175617
2025-07-10,49204,2025071004009428,NGPL,INDEX SECURITIES LIMITED,Nabil Stock Dealer Ltd.,140,384.2,53788.0,2025-07-10 12:53:50.176112
2025-07-10,49203,2025071004009429,NGPL,Deevyaa Securities & Stock House Pvt. Ltd,Nabil Stock Dealer Ltd.,230,384.1,88343.0,2025-07-10 12:53:50.176309
2025-07-10,49202,2025071004009430,NGPL,Sweta Securities Private Limited,Nabil Stock Dealer Ltd.,10,384.1,3841.0,2025-07-10 12:53:50.176509
2025-07-10,49201,2025071004009431,NGPL,Imperial Securities Company Pvt. Ltd.,Nabil Stock Dealer Ltd.,539,384.0,206976.0,2025-07-10 12:53:50.176694
2025-07-10,48541,2025071004009646,NGPL,Sumeru Securities Pvt. Ltd.,INDEX SECURITIES LIMITED,10,383.9,3839.0,2025-07-10 12:55:43.983893
2025-07-10,48540,2025071004009647,NGPL,Dynamic Money Managers Securities Pvt. Ltd.,INDEX SECURITIES LIMITED,40,383.6,15344.0,2025-07-10 12:55:43.983994
2025-07-10,48311,2025071004009716,NGPL,Aryatara Investment & Securities,Creative Securities Pvt Ltd,125,384.0,48000.0,2025-07-10 12:56:31.332952
2025-07-10,48310,2025071004009717,NGPL,Sweta Securities Private Limited,Creative Securities Pvt Ltd,25,384.0,9600.0,2025-07-10 12:56:31.333835
2025-07-10,47895,2025071004009816,NGPL,INDEX SECURITIES LIMITED,Aakashbhairab Securities Ltd.,10,384.2,3842.0,2025-07-10 12:57:44.962596
2025-07-10,47894,2025071004009817,NGPL,Sweta Securities Private Limited,Aakashbhairab Securities Ltd.,430,384.2,165206.0,2025-07-10 12:57:44.962674
2025-07-10,47458,2025071004009921,NGPL,Nepal Investment And Securities Trading Private Limited,Naasa Securities Co. Ltd.,200,385.0,77000.0,2025-07-10 12:58:40.014597
2025-07-10,47233,2025071004009967,NGPL,Sweta Securities Private Limited,Pragyan Securities (PVT) Ltd.,45,384.2,17289.0,2025-07-10 12:59:19.128444
2025-07-10,47232,2025071004009968,NGPL,Premier Securities Company Ltd.,Pragyan Securities (PVT) Ltd.,40,384.1,15364.0,2025-07-10 12:59:19.128963
2025-07-10,47231,2025071004009969,NGPL,Premier Securities Company Ltd.,Pragyan Securities (PVT) Ltd.,200,384.0,76800.0,2025-07-10 12:59:19.129173
2025-07-10,47069,2025071004010010,NGPL,Online Securities Pvt. Ltd.,Pragyan Securities (PVT) Ltd.,15,383.7,5755.5,2025-07-10 12:59:41.199549
2025-07-10,46940,2025071004010058,NGPL,J.F. Securites (PVT) Ltd.,Creative Securities Pvt Ltd,10,384.0,3840.0,2025-07-10 12:59:58.498714
2025-07-10,46939,2025071004010059,NGPL,Online Securities Pvt. Ltd.,Creative Securities Pvt Ltd,90,383.7,34533.0,2025-07-10 12:59:58.499177
2025-07-10,46714,2025071004010093,NGPL,J.F. Securites (PVT) Ltd.,Naasa Securities Co. Ltd.,50,385.0,19250.0,2025-07-10 13:00:30.355873
2025-07-10,46500,2025071004010141,NGPL,Vision Securities Pvt. Ltd,Nepal Investment And Securities Trading Private Limited,10,384.0,3840.0,2025-07-10 13:01:10.436677
2025-07-10,46200,2025071004010179,NGPL,Vision Securities Pvt. Ltd,Dipshikha Dhitopatra Karobar Co. Pvt Ltd.,490,384.0,188160.0,2025-07-10 13:02:04.509985
2025-07-10,46199,2025071004010180,NGPL,Capital Max Securities Ltd,Dipshikha Dhitopatra Karobar Co. Pvt Ltd.,30,384.0,11520.0,2025-07-10 13:02:04.510466
2025-07-10,46198,2025071004010181,NGPL,Trishakti Securities Public Limited,Dipshikha Dhitopatra Karobar Co. Pvt Ltd.,80,384.0,30720.0,2025-07-10 13:02:04.510724
2025-07-10,45966,2025071004010276,NGPL,Sweta Securities Private Limited,Naasa Securities Co. Ltd.,19,385.0,7315.0,2025-07-10 13:02:40.037563
2025-07-10,45940,2025071004010283,NGPL,Trishakti Securities Public Limited,Dipshikha Dhitopatra Karobar Co. Pvt Ltd.,370,384.0,142080.0,2025-07-10 13:02:45.969222
2025-07-10,45939,2025071004010284,NGPL,Citizens Share Broker Limited,Dipshikha Dhitopatra Karobar Co. Pvt Ltd.,130,384.0,49920.0,2025-07-10 13:02:45.970130
2025-07-10,45894,2025071004010298,NGPL,J.F. Securites (PVT) Ltd.,Naasa Securities Co. Ltd.,31,385.0,11935.0,2025-07-10 13:02:54.081476
2025-07-10,45893,2025071004010299,NGPL,J.F. Securites (PVT) Ltd.,Miyo Securities Pvt Ltd,25,385.0,9625.0,2025-07-10 13:02:54.082395
2025-07-10,45892,2025071004010300,NGPL,J.F. Securites (PVT) Ltd.,Vision Securities Pvt. Ltd,34,385.0,13090.0,2025-07-10 13:02:54.083061
2025-07-10,45822,2025071004010317,NGPL,Citizens Share Broker Limited,Arun Securities (PVT) Ltd.,20,384.0,7680.0,2025-07-10 13:03:12.111742
2025-07-10,45333,2025071004010443,NGPL,Naasa Securities Co. Ltd.,Capital Max Securities Ltd,100,384.1,38410.0,2025-07-10 13:04:47.827163
2025-07-10,44768,2025071004010594,NGPL,Thrive Brokerage House Pvt. Ltd,Sri Hari Securities Pvt. Ltd.,200,384.9,76980.0,2025-07-10 13:06:32.552225
2025-07-10,44720,2025071004010611,NGPL,Imperial Securities Company Pvt. Ltd.,Sri Hari Securities Pvt. Ltd.,10,384.9,3849.0,2025-07-10 13:06:40.194301
2025-07-10,44593,2025071004010630,NGPL,Kalika Securities Pvt. Ltd.,Sri Hari Securities Pvt. Ltd.,25,384.9,9622.5,2025-07-10 13:07:01.854739
2025-07-10,44528,2025071004010640,NGPL,Naasa Securities Co. Ltd.,Vision Securities Pvt. Ltd,400,385.0,154000.0,2025-07-10 13:07:18.292237
2025-07-10,44401,2025071004010663,NGPL,Thrive Brokerage House Pvt. Ltd,Vision Securities Pvt. Ltd,51,385.0,19635.0,2025-07-10 13:07:55.908207
2025-07-10,44388,2025071004010671,NGPL,Kalika Securities Pvt. Ltd.,Agrawal Securities (PVT) Ltd.,100,384.9,38490.0,2025-07-10 13:08:01.523676
2025-07-10,44246,2025071004010699,NGPL,Agrawal Securities (PVT) Ltd.,Vision Securities Pvt. Ltd,515,385.0,198275.0,2025-07-10 13:08:31.825216
2025-07-10,44245,2025071004010700,NGPL,Agrawal Securities (PVT) Ltd.,Nagarik Stock Dealer ,2000,385.0,770000.0,2025-07-10 13:08:31.826179
2025-07-10,44244,2025071004010701,NGPL,Agrawal Securities (PVT) Ltd.,Himalayan Brokerage Company Limited,2485,385.0,956725.0,2025-07-10 13:08:31.826872
2025-07-10,44207,2025071004010715,NGPL,Kalika Securities Pvt. Ltd.,Online Securities Pvt. Ltd.,232,384.9,89296.8,2025-07-10 13:08:43.918989
2025-07-10,44206,2025071004010716,NGPL,Dynamic Money Managers Securities Pvt. Ltd.,Online Securities Pvt. Ltd.,168,384.5,64596.0,2025-07-10 13:08:43.919519
2025-07-10,44114,2025071004010734,NGPL,Sani Securities Company Ltd.,Himalayan Brokerage Company Limited,256,385.0,98560.0,2025-07-10 13:09:12.819175
2025-07-10,43784,2025071004010808,NGPL,Aryatara Investment & Securities,Himalayan Brokerage Company Limited,1049,385.0,403865.0,2025-07-10 13:10:36.968327
2025-07-10,43783,2025071004010809,NGPL,Aryatara Investment & Securities,Vision Securities Pvt. Ltd,1000,385.0,385000.0,2025-07-10 13:10:36.968856
2025-07-10,43782,2025071004010810,NGPL,Aryatara Investment & Securities,Naasa Securities Co. Ltd.,70,385.0,26950.0,2025-07-10 13:10:36.969087
2025-07-10,43781,2025071004010811,NGPL,Aryatara Investment & Securities,Online Securities Pvt. Ltd.,1000,385.0,385000.0,2025-07-10 13:10:36.969354
2025-07-10,43525,2025071004010868,NGPL,Sundhara Securities Limited,Dipshikha Dhitopatra Karobar Co. Pvt Ltd.,500,385.0,192500.0,2025-07-10 13:11:39.003269
2025-07-10,43335,2025071004010926,NGPL,Sweta Securities Private Limited,Nabil Stock Dealer Ltd.,10,384.6,3846.0,2025-07-10 13:12:14.994728
2025-07-10,43334,2025071004010927,NGPL,Dynamic Money Managers Securities Pvt. Ltd.,Nabil Stock Dealer Ltd.,332,384.5,127654.0,2025-07-10 13:12:14.995302
2025-07-10,43333,2025071004010928,NGPL,Arun Securities (PVT) Ltd.,Nabil Stock Dealer Ltd.,200,384.5,76900.0,2025-07-10 13:12:14.995631
2025-07-10,43332,2025071004010929,NGPL,Naasa Securities Co. Ltd.,Nabil Stock Dealer Ltd.,39,384.1,14979.9,2025-07-10 13:12:14.995870
2025-07-10,42863,2025071004011034,NGPL,Nepal Investment And Securities Trading Private Limited,Thrive Brokerage House Pvt. Ltd,259,385.5,99844.5,2025-07-10 13:14:05.313501
2025-07-10,42808,2025071004011044,NGPL,Sharepro Securities Private Limited,Imperial Securities Company Pvt. Ltd.,400,385.0,154000.0,2025-07-10 13:14:14.173451
2025-07-10,42800,2025071004011045,NGPL,Miyo Securities Pvt Ltd,Thrive Brokerage House Pvt. Ltd,150,385.5,57825.0,2025-07-10 13:14:17.781323
2025-07-10,42605,2025071004011096,NGPL,Sharepro Securities Private Limited,Dipshikha Dhitopatra Karobar Co. Pvt Ltd.,500,385.0,192500.0,2025-07-10 13:14:54.895099
2025-07-10,42326,2025071004011187,NGPL,Sharepro Securities Private Limited,K.B.L. Securities Limited ,100,385.0,38500.0,2025-07-10 13:15:52.014707
2025-07-10,42325,2025071004011188,NGPL,Malla & Malla Stock Broking Company Pvt. Limited,K.B.L. Securities Limited ,245,385.0,94325.0,2025-07-10 13:15:52.015258
2025-07-10,42324,2025071004011189,NGPL,Naasa Securities Co. Ltd.,K.B.L. Securities Limited ,10,385.0,3850.0,2025-07-10 13:15:52.015504
2025-07-10,42073,2025071004011246,NGPL,Vision Securities Pvt. Ltd,Nabil Stock Dealer Ltd.,150,384.5,57675.0,2025-07-10 13:16:49.745338
2025-07-10,42072,2025071004011247,NGPL,Dipshikha Dhitopatra Karobar Co. Pvt Ltd.,Nabil Stock Dealer Ltd.,100,384.3,38430.0,2025-07-10 13:16:49.746331
2025-07-10,42071,2025071004011248,NGPL,Naasa Securities Co. Ltd.,Nabil Stock Dealer Ltd.,211,384.1,81045.1,2025-07-10 13:16:49.747077
2025-07-10,42070,2025071004011249,NGPL,Imperial Securities Company Pvt. Ltd.,Nabil Stock Dealer Ltd.,145,384.1,55694.5,2025-07-10 13:16:49.747751
2025-07-10,42069,2025071004011250,NGPL,Citizens Share Broker Limited,Nabil Stock Dealer Ltd.,50,384.0,19200.0,2025-07-10 13:16:49.748423
2025-07-10,42068,2025071004011251,NGPL,Midas Stock Broking Company Private Limited,Nabil Stock Dealer Ltd.,100,384.0,38400.0,2025-07-10 13:16:49.749079
2025-07-10,42067,2025071004011252,NGPL,Shree Krishna Securities Ltd.,Nabil Stock Dealer Ltd.,100,384.0,38400.0,2025-07-10 13:16:49.749759
2025-07-10,42066,2025071004011253,NGPL,Market Securities & Exchange (PVT) Ltd.,Nabil Stock Dealer Ltd.,100,384.0,38400.0,2025-07-10 13:16:49.750456
2025-07-10,42065,2025071004011254,NGPL,Midas Stock Broking Company Private Limited,Nabil Stock Dealer Ltd.,50,384.0,19200.0,2025-07-10 13:16:49.751122
2025-07-10,42064,2025071004011255,NGPL,Imperial Securities Company Pvt. Ltd.,Nabil Stock Dealer Ltd.,200,384.0,76800.0,2025-07-10 13:16:49.751800
2025-07-10,42063,2025071004011256,NGPL,Shree Krishna Securities Ltd.,Nabil Stock Dealer Ltd.,200,384.0,76800.0,2025-07-10 13:16:49.752094
2025-07-10,42062,2025071004011257,NGPL,ABC Securities Private Limited,Nabil Stock Dealer Ltd.,1594,384.0,612096.0,2025-07-10 13:16:49.752327
2025-07-10,42042,2025071004011266,NGPL,ABC Securities Private Limited,Nabil Stock Dealer Ltd.,3000,384.0,1152000.0,2025-07-10 13:16:56.766528
2025-07-10,42016,2025071004011281,NGPL,Investment Management Nepal Pvt. Ltd.,K.B.L. Securities Limited ,200,385.0,77000.0,2025-07-10 13:17:01.419460
2025-07-10,41955,2025071004011306,NGPL,Miyo Securities Pvt Ltd,K.B.L. Securities Limited ,60,385.0,23100.0,2025-07-10 13:17:17.330640
2025-07-10,41643,2025071004011385,NGPL,Imperial Securities Company Pvt. Ltd.,K.B.L. Securities Limited ,385,385.0,148225.0,2025-07-10 13:18:36.482428
2025-07-10,41642,2025071004011386,NGPL,Imperial Securities Company Pvt. Ltd.,Naasa Securities Co. Ltd.,215,385.0,82775.0,2025-07-10 13:18:36.482934
2025-07-10,41091,2025071004011524,NGPL,Vision Securities Pvt. Ltd,K.B.L. Securities Limited ,10,384.9,3849.0,2025-07-10 13:20:30.533556
2025-07-10,41051,2025071004011534,NGPL,Cristal Kanchanjanga Securites Pvt. Ltd.,K.B.L. Securities Limited ,200,384.9,76980.0,2025-07-10 13:20:44.316733
2025-07-10,40884,2025071004011567,NGPL,South Asian Bulls Pvt. Ltd.,Siprabi Securities Pvt. Ltd.,315,384.2,121023.0,2025-07-10 13:21:26.297824
2025-07-10,40741,2025071004011600,NGPL,South Asian Bulls Pvt. Ltd.,ABC Securities Private Limited,185,384.2,71077.0,2025-07-10 13:21:49.674897
2025-07-10,40740,2025071004011601,NGPL,Aryatara Investment & Securities,ABC Securities Private Limited,100,384.1,38410.0,2025-07-10 13:21:49.674965
2025-07-10,40739,2025071004011602,NGPL,Sanima Securities Limited,ABC Securities Private Limited,100,384.0,38400.0,2025-07-10 13:21:49.674992
2025-07-10,40738,2025071004011603,NGPL,ABC Securities Private Limited,ABC Securities Private Limited,215,384.0,82560.0,2025-07-10 13:21:49.675017
2025-07-10,40628,2025071004011623,NGPL,ABC Securities Private Limited,K.B.L. Securities Limited ,191,384.0,73344.0,2025-07-10 13:22:10.620279
2025-07-10,40627,2025071004011624,NGPL,Opal Securities Investment (PVT) Ltd.,K.B.L. Securities Limited ,100,384.0,38400.0,2025-07-10 13:22:10.620801
2025-07-10,40532,2025071004011642,NGPL,Online Securities Pvt. Ltd.,K.B.L. Securities Limited ,100,383.9,38390.0,2025-07-10 13:22:25.673730
2025-07-10,40531,2025071004011643,NGPL,Sagarmatha Securities Private Limited,K.B.L. Securities Limited ,399,383.9,153176.1,2025-07-10 13:22:25.674278
2025-07-10,40425,2025071004011656,NGPL,Nagarik Stock Dealer ,Oxford Securities Pvt. Ltd.,100,384.0,38400.0,2025-07-10 13:22:41.317695
2025-07-10,40056,2025071004011771,NGPL,Kalika Securities Pvt. Ltd.,Trishakti Securities Public Limited,1000,384.9,384900.0,2025-07-10 13:24:00.400632
2025-07-10,40037,2025071004011777,NGPL,Kalika Securities Pvt. Ltd.,Aryatara Investment & Securities,500,384.9,192450.0,2025-07-10 13:24:07.043478
2025-07-10,39686,2025071004011929,NGPL,Creative Securities Pvt Ltd,Nabil Stock Dealer Ltd.,200,384.1,76820.0,2025-07-10 13:25:07.018300
2025-07-10,39685,2025071004011930,NGPL,Nagarik Stock Dealer ,Nabil Stock Dealer Ltd.,399,384.0,153216.0,2025-07-10 13:25:07.018362
2025-07-10,39684,2025071004011931,NGPL,Kalika Securities Pvt. Ltd.,Nabil Stock Dealer Ltd.,1000,384.0,384000.0,2025-07-10 13:25:07.018417
2025-07-10,39683,2025071004011932,NGPL,Imperial Securities Company Pvt. Ltd.,Nabil Stock Dealer Ltd.,401,384.0,153984.0,2025-07-10 13:25:07.018442
2025-07-10,39563,2025071004011975,NGPL,Sweta Securities Private Limited,Aakashbhairab Securities Ltd.,400,384.2,153680.0,2025-07-10 13:25:32.283542
2025-07-10,39562,2025071004011976,NGPL,Imperial Securities Company Pvt. Ltd.,Aakashbhairab Securities Ltd.,99,384.0,38016.0,2025-07-10 13:25:32.284058
2025-07-10,39561,2025071004011977,NGPL,Linch Stock Market Ltd.,Aakashbhairab Securities Ltd.,15,384.0,5760.0,2025-07-10 13:25:32.284323
2025-07-10,39560,2025071004011978,NGPL,J.F. Securites (PVT) Ltd.,Aakashbhairab Securities Ltd.,50,384.0,19200.0,2025-07-10 13:25:32.284559
2025-07-10,39215,2025071004012097,NGPL,Sagarmatha Securities Private Limited,South Asian Bulls Pvt. Ltd.,201,383.9,77163.9,2025-07-10 13:26:35.063955
2025-07-10,39214,2025071004012098,NGPL,Sagarmatha Securities Private Limited,South Asian Bulls Pvt. Ltd.,49,383.9,18811.1,2025-07-10 13:26:35.064512
2025-07-10,39183,2025071004012106,NGPL,Sagarmatha Securities Private Limited,Sewa Securities Pvt. Ltd.,51,383.9,19578.9,2025-07-10 13:26:43.849888
2025-07-10,39182,2025071004012107,NGPL,Market Securities & Exchange (PVT) Ltd.,Sewa Securities Pvt. Ltd.,449,383.9,172371.1,2025-07-10 13:26:43.850923
2025-07-10,39159,2025071004012116,NGPL,Market Securities & Exchange (PVT) Ltd.,Dakshinkali Investment & Securities Pvt. Ltd.,500,383.9,191950.0,2025-07-10 13:26:49.451179
2025-07-10,39150,2025071004012119,NGPL,Market Securities & Exchange (PVT) Ltd.,Deevyaa Securities & Stock House Pvt. Ltd,51,383.9,19578.9,2025-07-10 13:26:50.237519
2025-07-10,39063,2025071004012142,NGPL,Kalika Securities Pvt. Ltd.,Deevyaa Securities & Stock House Pvt. Ltd,100,383.9,38390.0,2025-07-10 13:27:06.017006
2025-07-10,38925,2025071004012178,NGPL,South Asian Bulls Pvt. Ltd.,Deevyaa Securities & Stock House Pvt. Ltd,249,383.9,95591.1,2025-07-10 13:27:38.625780
2025-07-10,38639,2025071004012262,NGPL,Imperial Securities Company Pvt. Ltd.,Deevyaa Securities & Stock House Pvt. Ltd,100,383.9,38390.0,2025-07-10 13:28:41.041560
2025-07-10,38489,2025071004012310,NGPL,Online Securities Pvt. Ltd.,Asian Securities Private Ltd.,395,383.7,151561.5,2025-07-10 13:29:17.232613
2025-07-10,38488,2025071004012311,NGPL,Naasa Securities Co. Ltd.,Asian Securities Private Ltd.,105,383.7,40288.5,2025-07-10 13:29:17.233143
2025-07-10,38487,2025071004012312,NGPL,Naasa Securities Co. Ltd.,Magnet Securities and Investment Company Private Limited,220,383.7,84414.0,2025-07-10 13:29:18.037510
2025-07-10,38296,2025071004012381,NGPL,Secured Securities Ltd.,Deevyaa Securities & Stock House Pvt. Ltd,100,383.9,38390.0,2025-07-10 13:30:03.092138
2025-07-10,38229,2025071004012402,NGPL,Imperial Securities Company Pvt. Ltd.,Deevyaa Securities & Stock House Pvt. Ltd,100,383.9,38390.0,2025-07-10 13:30:19.297023
2025-07-10,38228,2025071004012403,NGPL,Imperial Securities Company Pvt. Ltd.,APPLE SECURITIES PRIVATE LIMITED,50,383.9,19195.0,2025-07-10 13:30:19.297615
2025-07-10,38205,2025071004012405,NGPL,Linch Stock Market Ltd.,Aakashbhairab Securities Ltd.,250,384.0,96000.0,2025-07-10 13:30:24.714417
2025-07-10,37961,2025071004012448,NGPL,Naasa Securities Co. Ltd.,South Asian Bulls Pvt. Ltd.,105,383.7,40288.5,2025-07-10 13:31:08.997251
2025-07-10,37960,2025071004012449,NGPL,Dynamic Money Managers Securities Pvt. Ltd.,South Asian Bulls Pvt. Ltd.,460,383.6,176456.0,2025-07-10 13:31:08.997783
2025-07-10,37959,2025071004012450,NGPL,Midas Stock Broking Company Private Limited,South Asian Bulls Pvt. Ltd.,218,383.6,83624.8,2025-07-10 13:31:08.998025
2025-07-10,37958,2025071004012451,NGPL,Vision Securities Pvt. Ltd,South Asian Bulls Pvt. Ltd.,217,383.5,83219.5,2025-07-10 13:31:08.998263
2025-07-10,37896,2025071004012472,NGPL,Vision Securities Pvt. Ltd,Nabil Stock Dealer Ltd.,283,383.5,108530.5,2025-07-10 13:31:21.024962
2025-07-10,37895,2025071004012473,NGPL,Citizens Share Broker Limited,Nabil Stock Dealer Ltd.,300,383.5,115050.0,2025-07-10 13:31:21.025583
2025-07-10,37894,2025071004012474,NGPL,Malla & Malla Stock Broking Company Pvt. Limited,Nabil Stock Dealer Ltd.,100,383.3,38330.0,2025-07-10 13:31:21.025828
2025-07-10,37893,2025071004012475,NGPL,South Asian Bulls Pvt. Ltd.,Nabil Stock Dealer Ltd.,100,383.2,38320.0,2025-07-10 13:31:21.026058
2025-07-10,37892,2025071004012476,NGPL,Sipla Securities Private Limited,Nabil Stock Dealer Ltd.,1217,383.1,466232.7,2025-07-10 13:31:21.026302
2025-07-10,37822,2025071004012499,NGPL,Sipla Securities Private Limited,Midas Stock Broking Company Private Limited,90,383.1,34479.0,2025-07-10 13:31:34.605408
2025-07-10,37495,2025071004012614,NGPL,Imperial Securities Company Pvt. Ltd.,Thrive Brokerage House Pvt. Ltd,50,383.2,19160.0,2025-07-10 13:32:45.900181
2025-07-10,37494,2025071004012615,NGPL,Sipla Securities Private Limited,Thrive Brokerage House Pvt. Ltd,693,383.1,265488.3,2025-07-10 13:32:45.901237
2025-07-10,37493,2025071004012616,NGPL,Market Securities & Exchange (PVT) Ltd.,Thrive Brokerage House Pvt. Ltd,848,383.1,324868.8,2025-07-10 13:32:45.902340
2025-07-10,37357,2025071004012653,NGPL,Kalika Securities Pvt. Ltd.,Aakashbhairab Securities Ltd.,10,384.0,3840.0,2025-07-10 13:33:09.988563
2025-07-10,36870,2025071004012768,NGPL,Market Securities & Exchange (PVT) Ltd.,Neev Securities Pvt. Ltd.,115,383.1,44056.5,2025-07-10 13:34:35.525833
2025-07-10,36545,2025071004012876,NGPL,Imperial Securities Company Pvt. Ltd.,Thrive Brokerage House Pvt. Ltd,50,383.2,19160.0,2025-07-10 13:35:41.825717
2025-07-10,36487,2025071004012891,NGPL,Imperial Securities Company Pvt. Ltd.,Capital Max Securities Ltd,144,383.2,55180.8,2025-07-10 13:35:55.689662
2025-07-10,36450,2025071004012907,NGPL,Nepal Stock House (PVT) Ltd.,Aakashbhairab Securities Ltd.,300,384.0,115200.0,2025-07-10 13:36:06.334512
2025-07-10,36281,2025071004012957,NGPL,Siprabi Securities Pvt. Ltd.,Aakashbhairab Securities Ltd.,100,384.0,38400.0,2025-07-10 13:36:42.157107
2025-07-10,35834,2025071004013109,NGPL,Imperial Securities Company Pvt. Ltd.,Capital Max Securities Ltd,10,383.2,3832.0,2025-07-10 13:38:09.311309
2025-07-10,35833,2025071004013110,NGPL,Ashutosh Brokerage & Securities (PVT) Ltd.,Capital Max Securities Ltd,690,383.2,264408.0,2025-07-10 13:38:09.311408
2025-07-10,35756,2025071004013149,NGPL,Ashutosh Brokerage & Securities (PVT) Ltd.,Capital Max Securities Ltd,145,383.2,55564.0,2025-07-10 13:38:26.367243
2025-07-10,35604,2025071004013191,NGPL,Ashutosh Brokerage & Securities (PVT) Ltd.,Sumeru Securities Pvt. Ltd.,165,383.2,63228.0,2025-07-10 13:39:07.469665
2025-07-10,35603,2025071004013192,NGPL,Premier Securities Company Ltd.,Sumeru Securities Pvt. Ltd.,200,383.2,76640.0,2025-07-10 13:39:07.470223
2025-07-10,35602,2025071004013193,NGPL,Market Securities & Exchange (PVT) Ltd.,Sumeru Securities Pvt. Ltd.,37,383.1,14174.7,2025-07-10 13:39:07.470484
2025-07-10,35601,2025071004013194,NGPL,Market Securities & Exchange (PVT) Ltd.,Sumeru Securities Pvt. Ltd.,198,383.1,75853.8,2025-07-10 13:39:07.470729
2025-07-10,35495,2025071004013235,NGPL,Market Securities & Exchange (PVT) Ltd.,Aakashbhairab Securities Ltd.,802,383.1,307246.2,2025-07-10 13:39:27.734295
2025-07-10,35494,2025071004013236,NGPL,Sagarmatha Securities Private Limited,Aakashbhairab Securities Ltd.,1000,383.1,383100.0,2025-07-10 13:39:27.734853
2025-07-10,35493,2025071004013237,NGPL,Naasa Securities Co. Ltd.,Aakashbhairab Securities Ltd.,33,383.1,12642.3,2025-07-10 13:39:27.735218
2025-07-10,35492,2025071004013238,NGPL,Sweta Securities Private Limited,Aakashbhairab Securities Ltd.,40,383.1,15324.0,2025-07-10 13:39:27.735539
2025-07-10,35491,2025071004013239,NGPL,Midas Stock Broking Company Private Limited,Aakashbhairab Securities Ltd.,1000,383.0,383000.0,2025-07-10 13:39:27.735852
2025-07-10,35490,2025071004013240,NGPL,Sumeru Securities Pvt. Ltd.,Aakashbhairab Securities Ltd.,900,383.0,344700.0,2025-07-10 13:39:27.736168
2025-07-10,35489,2025071004013241,NGPL,Nagarik Stock Dealer ,Aakashbhairab Securities Ltd.,1000,383.0,383000.0,2025-07-10 13:39:27.736501
2025-07-10,35488,2025071004013242,NGPL,Bhrikuti Stock Broking Co. Pvt. Ltd.,Aakashbhairab Securities Ltd.,225,383.0,86175.0,2025-07-10 13:39:27.736798
2025-07-10,35391,2025071004013281,NGPL,Bhrikuti Stock Broking Co. Pvt. Ltd.,Sri Hari Securities Pvt. Ltd.,250,383.0,95750.0,2025-07-10 13:39:50.059269
2025-07-10,35275,2025071004013301,NGPL,Opal Securities Investment (PVT) Ltd.,Aakashbhairab Securities Ltd.,600,384.0,230400.0,2025-07-10 13:40:09.770892
2025-07-10,35214,2025071004013312,NGPL,Trishakti Securities Public Limited,ABC Securities Private Limited,250,383.1,95775.0,2025-07-10 13:40:20.389371
2025-07-10,35213,2025071004013313,NGPL,Trishakti Securities Public Limited,Aakashbhairab Securities Ltd.,550,384.0,211200.0,2025-07-10 13:40:20.389916
2025-07-10,34809,2025071004013415,NGPL,Asian Securities Private Ltd.,Naasa Securities Co. Ltd.,50,383.1,19155.0,2025-07-10 13:41:52.037227
2025-07-10,34808,2025071004013416,NGPL,Bhrikuti Stock Broking Co. Pvt. Ltd.,Naasa Securities Co. Ltd.,525,383.0,201075.0,2025-07-10 13:41:52.037846
2025-07-10,34807,2025071004013417,NGPL,Primo Securities (PVT) Ltd.,Naasa Securities Co. Ltd.,1000,383.0,383000.0,2025-07-10 13:41:52.038367
2025-07-10,34806,2025071004013418,NGPL,Sani Securities Company Ltd.,Naasa Securities Co. Ltd.,100,383.0,38300.0,2025-07-10 13:41:52.038801
2025-07-10,34805,2025071004013419,NGPL,Secured Securities Ltd.,Naasa Securities Co. Ltd.,100,383.0,38300.0,2025-07-10 13:41:52.039235
2025-07-10,34804,2025071004013420,NGPL,Premier Securities Company Ltd.,Naasa Securities Co. Ltd.,100,383.0,38300.0,2025-07-10 13:41:52.040155
2025-07-10,34803,2025071004013421,NGPL,Nepal Stock House (PVT) Ltd.,Naasa Securities Co. Ltd.,500,383.0,191500.0,2025-07-10 13:41:52.040895
2025-07-10,34802,2025071004013422,NGPL,Primo Securities (PVT) Ltd.,Naasa Securities Co. Ltd.,100,383.0,38300.0,2025-07-10 13:41:52.041627
2025-07-10,34801,2025071004013423,NGPL,Aryatara Investment & Securities,Naasa Securities Co. Ltd.,200,383.0,76600.0,2025-07-10 13:41:52.042346
2025-07-10,34800,2025071004013424,NGPL,SUN SECURITIES PVT LTD,Naasa Securities Co. Ltd.,100,383.0,38300.0,2025-07-10 13:41:52.043061
2025-07-10,34799,2025071004013425,NGPL,Bhrikuti Stock Broking Co. Pvt. Ltd.,Naasa Securities Co. Ltd.,225,383.0,86175.0,2025-07-10 13:41:52.043751
2025-07-10,34783,2025071004013428,NGPL,Bhrikuti Stock Broking Co. Pvt. Ltd.,Nabil Stock Dealer Ltd.,1775,383.0,679825.0,2025-07-10 13:41:56.706901
2025-07-10,34782,2025071004013429,NGPL,Nepal Investment And Securities Trading Private Limited,Nabil Stock Dealer Ltd.,500,383.0,191500.0,2025-07-10 13:41:56.707489
2025-07-10,34781,2025071004013430,NGPL,Shree Krishna Securities Ltd.,Nabil Stock Dealer Ltd.,170,383.0,65110.0,2025-07-10 13:41:56.707731
2025-07-10,34780,2025071004013431,NGPL,Opal Securities Investment (PVT) Ltd.,Nabil Stock Dealer Ltd.,60,383.0,22980.0,2025-07-10 13:41:56.708105
2025-07-10,34779,2025071004013432,NGPL,Imperial Securities Company Pvt. Ltd.,Nabil Stock Dealer Ltd.,1000,383.0,383000.0,2025-07-10 13:41:56.708416
2025-07-10,34778,2025071004013433,NGPL,Online Securities Pvt. Ltd.,Nabil Stock Dealer Ltd.,50,383.0,19150.0,2025-07-10 13:41:56.708658
2025-07-10,34777,2025071004013434,NGPL,Naasa Securities Co. Ltd.,Nabil Stock Dealer Ltd.,1035,383.0,396405.0,2025-07-10 13:41:56.708892
2025-07-10,34776,2025071004013435,NGPL,Opal Securities Investment (PVT) Ltd.,Nabil Stock Dealer Ltd.,100,383.0,38300.0,2025-07-10 13:41:56.709128
2025-07-10,34643,2025071004013466,NGPL,Opal Securities Investment (PVT) Ltd.,Nabil Stock Dealer Ltd.,100,383.0,38300.0,2025-07-10 13:42:30.432958
2025-07-10,34564,2025071004013506,NGPL,Sweta Securities Private Limited,Nabil Stock Dealer Ltd.,25,382.6,9565.0,2025-07-10 13:42:46.846826
2025-07-10,34563,2025071004013507,NGPL,Vision Securities Pvt. Ltd,Nabil Stock Dealer Ltd.,186,382.5,71145.0,2025-07-10 13:42:46.847875
2025-07-10,34342,2025071004013534,NGPL,Market Securities & Exchange (PVT) Ltd.,Sundhara Securities Limited,12,383.0,4596.0,2025-07-10 13:43:32.544387
2025-07-10,34179,2025071004013580,NGPL,Cristal Kanchanjanga Securites Pvt. Ltd.,Sundhara Securities Limited,970,383.0,371510.0,2025-07-10 13:43:57.744835
2025-07-10,34178,2025071004013581,NGPL,Vision Securities Pvt. Ltd,Deevyaa Securities & Stock House Pvt. Ltd,120,382.5,45900.0,2025-07-10 13:43:57.919588
2025-07-10,33826,2025071004013667,NGPL,Cristal Kanchanjanga Securites Pvt. Ltd.,Sundhara Securities Limited,20,383.0,7660.0,2025-07-10 13:44:38.939289
2025-07-10,33807,2025071004013676,NGPL,Opal Securities Investment (PVT) Ltd.,Sundhara Securities Limited,100,383.0,38300.0,2025-07-10 13:44:44.316486
2025-07-10,33687,2025071004013686,NGPL,Market Securities & Exchange (PVT) Ltd.,Sundhara Securities Limited,500,383.0,191500.0,2025-07-10 13:45:05.058128
2025-07-10,33465,2025071004013775,NGPL,Market Securities & Exchange (PVT) Ltd.,Sundhara Securities Limited,300,383.0,114900.0,2025-07-10 13:45:40.238843
2025-07-10,33373,2025071004013796,NGPL,Market Securities & Exchange (PVT) Ltd.,Sundhara Securities Limited,98,383.0,37534.0,2025-07-10 13:46:11.435669
2025-07-10,33372,2025071004013797,NGPL,Market Securities & Exchange (PVT) Ltd.,Online Securities Pvt. Ltd.,10,383.0,3830.0,2025-07-10 13:46:11.436261
2025-07-10,33371,2025071004013798,NGPL,Market Securities & Exchange (PVT) Ltd.,Nepal Stock House (PVT) Ltd.,92,383.0,35236.0,2025-07-10 13:46:11.436603
2025-07-10,33370,2025071004013799,NGPL,Naasa Securities Co. Ltd.,Nepal Stock House (PVT) Ltd.,90,383.0,34470.0,2025-07-10 13:46:11.983384
2025-07-10,32764,2025071004013978,NGPL,Kohinoor Investment & Securities Pvt. Ltd.,Nepal Stock House (PVT) Ltd.,1818,383.0,696294.0,2025-07-10 13:48:30.988919
2025-07-10,32599,2025071004014018,NGPL,Dipshikha Dhitopatra Karobar Co. Pvt Ltd.,Midas Stock Broking Company Private Limited,50,383.0,19150.0,2025-07-10 13:49:09.778979
2025-07-10,32025,2025071004014188,NGPL,KALASH STOCK MARKET PVT. LTD.,Agrawal Securities (PVT) Ltd.,25,382.7,9567.5,2025-07-10 13:51:07.624151
2025-07-10,31772,2025071004014289,NGPL,Dynamic Money Managers Securities Pvt. Ltd.,Aryatara Investment & Securities,8000,383.0,3064000.0,2025-07-10 13:52:06.080275
2025-07-10,31693,2025071004014312,NGPL,Ashutosh Brokerage & Securities (PVT) Ltd.,Naasa Securities Co. Ltd.,50,383.9,19195.0,2025-07-10 13:52:20.026711
2025-07-10,31493,2025071004014361,NGPL,Dynamic Money Managers Securities Pvt. Ltd.,Malla & Malla Stock Broking Company Pvt. Limited,200,383.0,76600.0,2025-07-10 13:53:09.523879
2025-07-10,31462,2025071004014367,NGPL,Dynamic Money Managers Securities Pvt. Ltd.,Imperial Securities Company Pvt. Ltd.,1200,383.0,459600.0,2025-07-10 13:53:17.833356
2025-07-10,31325,2025071004014405,NGPL,Ashutosh Brokerage & Securities (PVT) Ltd.,Naasa Securities Co. Ltd.,30,383.9,11517.0,2025-07-10 13:53:54.588834
2025-07-10,31285,2025071004014424,NGPL,Dynamic Money Managers Securities Pvt. Ltd.,Asian Securities Private Ltd.,600,383.0,229800.0,2025-07-10 13:54:07.220957
2025-07-10,31284,2025071004014425,NGPL,Kumari Securities Private Limited,Asian Securities Private Ltd.,60,383.0,22980.0,2025-07-10 13:54:07.221550
2025-07-10,31203,2025071004014439,NGPL,South Asian Bulls Pvt. Ltd.,Midas Stock Broking Company Private Limited,92,382.8,35217.6,2025-07-10 13:54:31.333850
2025-07-10,31126,2025071004014472,NGPL,Imperial Securities Company Pvt. Ltd.,Asian Securities Private Ltd.,100,383.0,38300.0,2025-07-10 13:54:45.977513
2025-07-10,31053,2025071004014484,NGPL,South Asian Bulls Pvt. Ltd.,Asian Securities Private Ltd.,240,383.0,91920.0,2025-07-10 13:55:02.183834
2025-07-10,30987,2025071004014500,NGPL,Secured Securities Ltd.,Naasa Securities Co. Ltd.,100,383.0,38300.0,2025-07-10 13:55:24.583204
2025-07-10,30986,2025071004014501,NGPL,Opal Securities Investment (PVT) Ltd.,Naasa Securities Co. Ltd.,185,383.0,70855.0,2025-07-10 13:55:24.583957
2025-07-10,30723,2025071004014567,NGPL,Opal Securities Investment (PVT) Ltd.,Aakashbhairab Securities Ltd.,15,384.0,5760.0,2025-07-10 13:56:31.188153
2025-07-10,30644,2025071004014598,NGPL,Asian Securities Private Ltd.,Sri Hari Securities Pvt. Ltd.,50,383.7,19185.0,2025-07-10 13:56:56.340931
2025-07-10,30643,2025071004014599,NGPL,Online Securities Pvt. Ltd.,Sri Hari Securities Pvt. Ltd.,104,383.1,39842.4,2025-07-10 13:56:56.342036
2025-07-10,30642,2025071004014600,NGPL,Premier Securities Company Ltd.,Sri Hari Securities Pvt. Ltd.,146,383.0,55918.0,2025-07-10 13:56:56.342879
2025-07-10,30482,2025071004014630,NGPL,Premier Securities Company Ltd.,Nabil Stock Dealer Ltd.,354,383.0,135582.0,2025-07-10 13:57:38.679680
2025-07-10,30481,2025071004014631,NGPL,Online Securities Pvt. Ltd.,Nabil Stock Dealer Ltd.,50,383.0,19150.0,2025-07-10 13:57:38.680304
2025-07-10,30480,2025071004014632,NGPL,Secured Securities Ltd.,Nabil Stock Dealer Ltd.,100,383.0,38300.0,2025-07-10 13:57:38.680601
2025-07-10,30479,2025071004014633,NGPL,Imperial Securities Company Pvt. Ltd.,Nabil Stock Dealer Ltd.,200,383.0,76600.0,2025-07-10 13:57:38.680863
2025-07-10,30478,2025071004014634,NGPL,Naasa Securities Co. Ltd.,Nabil Stock Dealer Ltd.,100,383.0,38300.0,2025-07-10 13:57:38.681121
2025-07-10,30468,2025071004014636,NGPL,Imperial Securities Company Pvt. Ltd.,Nabil Stock Dealer Ltd.,196,383.0,75068.0,2025-07-10 13:57:41.600846
2025-07-10,30011,2025071004014772,NGPL,Dakshinkali Investment & Securities Pvt. Ltd.,Aakashbhairab Securities Ltd.,2611,384.0,1002624.0,2025-07-10 13:59:27.466917
2025-07-10,30010,2025071004014773,NGPL,Dakshinkali Investment & Securities Pvt. Ltd.,Online Securities Pvt. Ltd.,29,384.0,11136.0,2025-07-10 13:59:27.468086
2025-07-10,30009,2025071004014774,NGPL,Dakshinkali Investment & Securities Pvt. Ltd.,Agrawal Securities (PVT) Ltd.,300,384.0,115200.0,2025-07-10 13:59:27.469154
2025-07-10,30008,2025071004014775,NGPL,Dakshinkali Investment & Securities Pvt. Ltd.,Sumeru Securities Pvt. Ltd.,2900,384.0,1113600.0,2025-07-10 13:59:27.470034
2025-07-10,30001,2025071004014779,NGPL,Asian Securities Private Ltd.,Nepal Stock House (PVT) Ltd.,200,383.5,76700.0,2025-07-10 13:59:29.647762
2025-07-10,29869,2025071004014854,NGPL,Aryatara Investment & Securities,Nepal Stock House (PVT) Ltd.,50,383.5,19175.0,2025-07-10 13:59:55.250949
2025-07-10,29835,2025071004014858,NGPL,MILKY WAY SHARE BROKER COMPANY LTD ,Miyo Securities Pvt Ltd,48,383.1,18388.8,2025-07-10 13:59:58.693914
2025-07-10,29761,2025071004014873,NGPL,Sri Hari Securities Pvt. Ltd.,Sipla Securities Private Limited,650,384.0,249600.0,2025-07-10 14:00:16.985387
2025-07-10,29631,2025071004014896,NGPL,Linch Stock Market Ltd.,Dipshikha Dhitopatra Karobar Co. Pvt Ltd.,50,385.0,19250.0,2025-07-10 14:00:43.630604
2025-07-10,29600,2025071004014903,NGPL,Aryatara Investment & Securities,Dipshikha Dhitopatra Karobar Co. Pvt Ltd.,100,385.0,38500.0,2025-07-10 14:00:56.991974
2025-07-10,29423,2025071004014984,NGPL,Online Securities Pvt. Ltd.,Dipshikha Dhitopatra Karobar Co. Pvt Ltd.,350,385.0,134750.0,2025-07-10 14:01:37.660500
2025-07-10,29422,2025071004014985,NGPL,Online Securities Pvt. Ltd.,Sri Hari Securities Pvt. Ltd.,300,385.0,115500.0,2025-07-10 14:01:37.661184
2025-07-10,29421,2025071004014986,NGPL,Online Securities Pvt. Ltd.,Imperial Securities Company Pvt. Ltd.,800,385.0,308000.0,2025-07-10 14:01:37.661723
2025-07-10,29420,2025071004014987,NGPL,Online Securities Pvt. Ltd.,Vision Securities Pvt. Ltd,50,385.0,19250.0,2025-07-10 14:01:37.662129
2025-07-10,29216,2025071004015036,NGPL,Magnet Securities and Investment Company Private Limited,Vision Securities Pvt. Ltd,150,385.0,57750.0,2025-07-10 14:02:27.899180
2025-07-10,29215,2025071004015037,NGPL,Magnet Securities and Investment Company Private Limited,Linch Stock Market Ltd.,300,385.0,115500.0,2025-07-10 14:02:27.899812
2025-07-10,29214,2025071004015038,NGPL,Magnet Securities and Investment Company Private Limited,Sani Securities Company Ltd.,550,385.0,211750.0,2025-07-10 14:02:27.900093
2025-07-10,29138,2025071004015057,NGPL,Imperial Securities Company Pvt. Ltd.,Sani Securities Company Ltd.,200,385.0,77000.0,2025-07-10 14:02:49.763459
2025-07-10,29059,2025071004015087,NGPL,J.F. Securites (PVT) Ltd.,Nabil Stock Dealer Ltd.,200,384.2,76840.0,2025-07-10 14:03:07.520489
2025-07-10,29058,2025071004015088,NGPL,Sundhara Securities Limited,Nabil Stock Dealer Ltd.,25,384.1,9602.5,2025-07-10 14:03:07.521113
2025-07-10,29057,2025071004015089,NGPL,Asian Securities Private Ltd.,Nabil Stock Dealer Ltd.,50,384.1,19205.0,2025-07-10 14:03:07.521405
2025-07-10,29056,2025071004015090,NGPL,Indira securities pvt. ltd,Nabil Stock Dealer Ltd.,1200,384.0,460800.0,2025-07-10 14:03:07.521679
2025-07-10,29055,2025071004015091,NGPL,Aryatara Investment & Securities,Nabil Stock Dealer Ltd.,20,384.0,7680.0,2025-07-10 14:03:07.521977
2025-07-10,29054,2025071004015092,NGPL,Aryatara Investment & Securities,Nabil Stock Dealer Ltd.,100,384.0,38400.0,2025-07-10 14:03:07.522246
2025-07-10,29053,2025071004015093,NGPL,Imperial Securities Company Pvt. Ltd.,Nabil Stock Dealer Ltd.,225,384.0,86400.0,2025-07-10 14:03:07.522528
2025-07-10,29048,2025071004015094,NGPL,Imperial Securities Company Pvt. Ltd.,South Asian Bulls Pvt. Ltd.,275,384.0,105600.0,2025-07-10 14:03:07.959077
2025-07-10,28904,2025071004015124,NGPL,Nepal Investment And Securities Trading Private Limited,South Asian Bulls Pvt. Ltd.,300,383.3,114990.0,2025-07-10 14:03:37.114028
2025-07-10,28903,2025071004015125,NGPL,Sharepro Securities Private Limited,South Asian Bulls Pvt. Ltd.,1000,383.3,383300.0,2025-07-10 14:03:37.114612
2025-07-10,28902,2025071004015126,NGPL,Sweta Securities Private Limited,South Asian Bulls Pvt. Ltd.,425,383.3,162902.5,2025-07-10 14:03:37.114904
2025-07-10,28849,2025071004015145,NGPL,Sweta Securities Private Limited,Capital Max Securities Ltd,575,383.3,220397.5,2025-07-10 14:03:48.323016
2025-07-10,28848,2025071004015146,NGPL,Market Securities & Exchange (PVT) Ltd.,Capital Max Securities Ltd,1000,383.3,383300.0,2025-07-10 14:03:48.323596
2025-07-10,28847,2025071004015147,NGPL,Aryatara Investment & Securities,Capital Max Securities Ltd,50,383.3,19165.0,2025-07-10 14:03:48.323894
2025-07-10,28846,2025071004015148,NGPL,Dakshinkali Investment & Securities Pvt. Ltd.,Capital Max Securities Ltd,10000,383.2,3832000.0,2025-07-10 14:03:48.324205
2025-07-10,28845,2025071004015149,NGPL,Dipshikha Dhitopatra Karobar Co. Pvt Ltd.,Capital Max Securities Ltd,10,383.1,3831.0,2025-07-10 14:03:48.324539
2025-07-10,28844,2025071004015150,NGPL,Naasa Securities Co. Ltd.,Capital Max Securities Ltd,500,383.0,191500.0,2025-07-10 14:03:48.324827
2025-07-10,28843,2025071004015151,NGPL,Imperial Securities Company Pvt. Ltd.,Capital Max Securities Ltd,1000,383.0,383000.0,2025-07-10 14:03:48.325158
2025-07-10,28842,2025071004015152,NGPL,MILKY WAY SHARE BROKER COMPANY LTD ,Capital Max Securities Ltd,258,383.0,98814.0,2025-07-10 14:03:48.325464
2025-07-10,28841,2025071004015153,NGPL,Miyo Securities Pvt Ltd,Capital Max Securities Ltd,607,383.0,232481.0,2025-07-10 14:03:48.325741
2025-07-10,28620,2025071004015237,NGPL,Trishakti Securities Public Limited,Naasa Securities Co. Ltd.,640,383.5,245440.0,2025-07-10 14:04:36.444804
2025-07-10,28598,2025071004015241,NGPL,Trishakti Securities Public Limited,Nabil Stock Dealer Ltd.,360,383.5,138060.0,2025-07-10 14:04:46.764943
2025-07-10,28597,2025071004015242,NGPL,Aakashbhairab Securities Ltd.,Nabil Stock Dealer Ltd.,30,383.2,11496.0,2025-07-10 14:04:46.765547
2025-07-10,28596,2025071004015243,NGPL,Market Securities & Exchange (PVT) Ltd.,Nabil Stock Dealer Ltd.,1000,383.1,383100.0,2025-07-10 14:04:46.765831
2025-07-10,28595,2025071004015244,NGPL,Kohinoor Investment & Securities Pvt. Ltd.,Nabil Stock Dealer Ltd.,300,383.1,114930.0,2025-07-10 14:04:46.766098
2025-07-10,28594,2025071004015245,NGPL,Miyo Securities Pvt Ltd,Nabil Stock Dealer Ltd.,393,383.0,150519.0,2025-07-10 14:04:46.766379
2025-07-10,28593,2025071004015246,NGPL,Aryatara Investment & Securities,Nabil Stock Dealer Ltd.,50,383.0,19150.0,2025-07-10 14:04:46.766651
2025-07-10,28534,2025071004015273,NGPL,KALASH STOCK MARKET PVT. LTD.,Nabil Stock Dealer Ltd.,46,382.7,17604.2,2025-07-10 14:05:00.809701
2025-07-10,28385,2025071004015310,NGPL,Indira securities pvt. ltd,Aakashbhairab Securities Ltd.,1000,384.0,384000.0,2025-07-10 14:05:34.551617
2025-07-10,27925,2025071004015452,NGPL,Vision Securities Pvt. Ltd,Nepal Investment And Securities Trading Private Limited,500,383.6,191800.0,2025-07-10 14:07:18.587576
2025-07-10,27177,2025071004015686,NGPL,Roadshow securities limited,Sri Hari Securities Pvt. Ltd.,200,383.3,76660.0,2025-07-10 14:10:10.537650
2025-07-10,27176,2025071004015687,NGPL,J.F. Securites (PVT) Ltd.,Sri Hari Securities Pvt. Ltd.,300,383.2,114960.0,2025-07-10 14:10:10.538872
2025-07-10,27175,2025071004015688,NGPL,Naasa Securities Co. Ltd.,Sri Hari Securities Pvt. Ltd.,20,383.1,7662.0,2025-07-10 14:10:10.539777
2025-07-10,27174,2025071004015689,NGPL,Kohinoor Investment & Securities Pvt. Ltd.,Sri Hari Securities Pvt. Ltd.,200,383.1,76620.0,2025-07-10 14:10:10.540634
2025-07-10,27173,2025071004015690,NGPL,Citizens Share Broker Limited,Sri Hari Securities Pvt. Ltd.,600,383.1,229860.0,2025-07-10 14:10:10.541517
2025-07-10,27172,2025071004015691,NGPL,Market Securities & Exchange (PVT) Ltd.,Sri Hari Securities Pvt. Ltd.,1000,383.1,383100.0,2025-07-10 14:10:10.542410
2025-07-10,27171,2025071004015692,NGPL,Vision Securities Pvt. Ltd,Sri Hari Securities Pvt. Ltd.,180,383.0,68940.0,2025-07-10 14:10:10.543270
2025-07-10,26961,2025071004015770,NGPL,Aakashbhairab Securities Ltd.,NIMB Stock Markets Limited,1000,383.2,383200.0,2025-07-10 14:11:06.601066
2025-07-10,26960,2025071004015771,NGPL,Vision Securities Pvt. Ltd,NIMB Stock Markets Limited,320,383.0,122560.0,2025-07-10 14:11:06.601783
2025-07-10,26959,2025071004015772,NGPL,Bhrikuti Stock Broking Co. Pvt. Ltd.,NIMB Stock Markets Limited,2000,383.0,766000.0,2025-07-10 14:11:06.602198
2025-07-10,26958,2025071004015773,NGPL,Asian Securities Private Ltd.,NIMB Stock Markets Limited,200,383.0,76600.0,2025-07-10 14:11:06.602621
2025-07-10,26957,2025071004015774,NGPL,Kohinoor Investment & Securities Pvt. Ltd.,NIMB Stock Markets Limited,125,383.0,47875.0,2025-07-10 14:11:06.602990
