symbol,buyer_member_id,seller_member_id,volume,price,amount,transaction_time,contract_id
BHL,43,22,250,218.0,54500.0,2026-04-28 14:59:58.665,2026042805016532
BHL,41,25,50,217.5,10875.0,2026-04-28 14:59:58.602,2026042805016531
BHL,74,22,545,218.0,118810.0,2026-04-28 14:59:39.282,2026042805016319
BHL,74,48,46,218.0,10028.0,2026-04-28 14:59:39.282,2026042805016318
BHL,74,17,1778,217.9,387426.2,2026-04-28 14:59:39.281,2026042805016317
BHL,74,52,631,217.5,137242.5,2026-04-28 14:59:39.281,2026042805016316
BHL,57,95,432,217.2,93830.4,2026-04-28 14:59:33.446,2026042805016268
BHL,8,95,2000,217.3,434600.0,2026-04-28 14:59:33.446,2026042805016267
BHL,32,95,798,217.3,173405.40000000002,2026-04-28 14:59:33.446,2026042805016266
BHL,29,95,150,217.4,32610.0,2026-04-28 14:59:33.445,2026042805016265
BHL,42,95,120,217.4,26088.0,2026-04-28 14:59:33.445,2026042805016264
BHL,39,52,369,217.5,80257.5,2026-04-28 14:59:32.179,2026042805016261
BHL,39,94,631,217.5,137242.5,2026-04-28 14:59:31.035,2026042805016255
BHL,14,94,150,217.5,32625.0,2026-04-28 14:59:31.035,2026042805016254
BHL,49,94,20,217.5,4350.0,2026-04-28 14:59:31.035,2026042805016253
BHL,89,94,500,217.5,108750.0,2026-04-28 14:59:31.035,2026042805016252
BHL,42,94,250,217.5,54375.0,2026-04-28 14:59:31.035,2026042805016251
BHL,35,94,500,217.5,108750.0,2026-04-28 14:59:31.034,2026042805016250
BHL,58,94,39,217.5,8482.5,2026-04-28 14:59:31.034,2026042805016249
BHL,14,94,210,217.6,45696.0,2026-04-28 14:59:31.034,2026042805016248
BHL,37,94,1000,217.7,217700.0,2026-04-28 14:59:31.034,2026042805016247
BHL,41,48,80,218.0,17440.0,2026-04-28 14:59:25.783,2026042805016207
BHL,41,38,20,217.8,4356.0,2026-04-28 14:59:25.782,2026042805016206
BHL,58,49,620,217.5,134850.0,2026-04-28 14:59:22.901,2026042805016188
BHL,45,49,100,217.6,21760.0,2026-04-28 14:59:22.901,2026042805016187
BHL,89,49,100,217.6,21760.0,2026-04-28 14:59:22.900,2026042805016186
BHL,32,49,100,217.7,21770.0,2026-04-28 14:59:22.899,2026042805016185
BHL,11,48,100,218.0,21800.0,2026-04-28 14:59:20.624,2026042805016166
BHL,44,48,15,218.0,3270.0,2026-04-28 14:59:16.576,2026042805016133
BHL,32,95,400,217.7,87080.0,2026-04-28 14:59:13.465,2026042805016124
BHL,13,95,50,217.7,10885.0,2026-04-28 14:59:13.464,2026042805016123
BHL,52,95,100,217.8,21780.0,2026-04-28 14:59:13.464,2026042805016122
BHL,14,48,70,218.0,15260.0,2026-04-28 14:59:04.692,2026042805016083
BHL,58,48,19,218.0,4142.0,2026-04-28 14:58:54.037,2026042805016062
BHL,45,48,10,218.0,2180.0,2026-04-28 14:58:48.317,2026042805016038
BHL,1,48,110,218.0,23980.0,2026-04-28 14:58:17.001,2026042805015925
BHL,1,6,50,218.0,10900.0,2026-04-28 14:58:17.000,2026042805015924
BHL,1,42,40,217.9,8716.0,2026-04-28 14:58:17.000,2026042805015923
BHL,58,95,164,217.5,35670.0,2026-04-28 14:57:49.991,2026042805015832
BHL,58,8,177,217.4,38479.8,2026-04-28 14:57:49.990,2026042805015831
BHL,32,49,202,217.3,43894.600000000006,2026-04-28 14:57:46.993,2026042805015814
BHL,41,49,148,217.3,32160.4,2026-04-28 14:57:46.993,2026042805015813
BHL,7,49,500,217.3,108650.0,2026-04-28 14:57:46.992,2026042805015812
BHL,58,8,23,217.4,5000.2,2026-04-28 14:57:38.487,2026042805015773
BHL,35,95,139,217.5,30232.5,2026-04-28 14:57:30.740,2026042805015738
BHL,39,95,200,217.5,43500.0,2026-04-28 14:57:21.757,2026042805015718
BHL,57,95,100,217.5,21750.0,2026-04-28 14:57:21.654,2026042805015717
BHL,38,95,20,217.5,4350.0,2026-04-28 14:57:19.552,2026042805015713
BHL,57,95,100,217.5,21750.0,2026-04-28 14:57:19.552,2026042805015712
BHL,16,95,30,217.5,6525.0,2026-04-28 14:57:19.551,2026042805015711
BHL,42,95,397,217.5,86347.5,2026-04-28 14:57:19.551,2026042805015710
BHL,7,95,50,217.6,10880.0,2026-04-28 14:57:19.551,2026042805015709
BHL,1,49,130,218.0,28340.0,2026-04-28 14:57:17.419,2026042805015708
BHL,1,34,850,218.0,185300.0,2026-04-28 14:57:14.356,2026042805015687
BHL,1,49,20,218.0,4360.0,2026-04-28 14:56:59.673,2026042805015644
BHL,50,49,500,218.0,109000.0,2026-04-28 14:56:59.673,2026042805015643
BHL,52,49,20,218.0,4360.0,2026-04-28 14:56:59.672,2026042805015642
BHL,52,45,20,218.0,4360.0,2026-04-28 14:56:55.111,2026042805015629
BHL,52,58,10,218.0,2180.0,2026-04-28 14:56:45.487,2026042805015600
BHL,42,58,53,217.5,11527.5,2026-04-28 14:55:39.599,2026042805015414
BHL,35,58,300,217.5,65250.0,2026-04-28 14:55:39.598,2026042805015413
BHL,48,58,500,217.5,108750.0,2026-04-28 14:55:39.598,2026042805015412
BHL,29,58,250,217.6,54400.0,2026-04-28 14:55:39.597,2026042805015411
BHL,43,58,397,217.6,86387.2,2026-04-28 14:55:39.596,2026042805015410
BHL,45,58,100,218.0,21800.0,2026-04-28 14:55:39.595,2026042805015409
BHL,43,80,440,217.6,95744.0,2026-04-28 14:55:23.062,2026042805015367
BHL,45,80,50,217.7,10885.0,2026-04-28 14:55:23.061,2026042805015366
BHL,50,80,100,217.8,21780.0,2026-04-28 14:55:23.060,2026042805015365
BHL,17,80,500,217.8,108900.0,2026-04-28 14:55:23.060,2026042805015364
BHL,58,80,55,218.0,11990.0,2026-04-28 14:55:23.060,2026042805015363
BHL,89,80,83,218.0,18094.0,2026-04-28 14:55:23.059,2026042805015362
BHL,89,42,177,218.0,38586.0,2026-04-28 14:55:11.107,2026042805015331
BHL,49,42,60,218.0,13080.0,2026-04-28 14:55:01.092,2026042805015303
BHL,38,42,45,218.0,9810.0,2026-04-28 14:55:01.091,2026042805015302
BHL,48,42,218,218.0,47524.0,2026-04-28 14:55:01.090,2026042805015301
BHL,48,19,10,218.0,2180.0,2026-04-28 14:54:53.451,2026042805015281
BHL,48,32,22,218.0,4796.0,2026-04-28 14:54:49.158,2026042805015264
BHL,48,91,56,218.0,12208.0,2026-04-28 14:54:48.297,2026042805015262
BHL,58,91,194,218.0,42292.0,2026-04-28 14:54:48.297,2026042805015261
BHL,58,46,16,218.0,3488.0,2026-04-28 14:54:08.490,2026042805015140
BHL,57,46,290,218.0,63220.0,2026-04-28 14:53:57.479,2026042805015108
BHL,36,46,194,218.0,42292.0,2026-04-28 14:53:46.501,2026042805015050
BHL,43,1,20,217.6,4352.0,2026-04-28 14:53:26.580,2026042805014990
BHL,49,34,30,218.5,6555.0,2026-04-28 14:53:18.967,2026042805014958
BHL,43,7,136,217.6,29593.6,2026-04-28 14:53:14.142,2026042805014953
BHL,45,7,50,217.8,10890.0,2026-04-28 14:53:14.142,2026042805014952
BHL,58,7,40,218.0,8720.0,2026-04-28 14:53:14.142,2026042805014951
BHL,38,7,74,218.0,16132.0,2026-04-28 14:53:14.141,2026042805014950
BHL,38,32,10,218.0,2180.0,2026-04-28 14:52:51.037,2026042805014890
BHL,38,38,71,218.0,15478.0,2026-04-28 14:52:51.036,2026042805014889
BHL,43,26,1049,217.6,228262.4,2026-04-28 14:52:49.421,2026042805014883
BHL,45,26,500,217.7,108850.0,2026-04-28 14:52:49.421,2026042805014882
BHL,21,26,100,217.7,21770.0,2026-04-28 14:52:49.421,2026042805014881
BHL,33,26,100,217.7,21770.0,2026-04-28 14:52:49.421,2026042805014880
BHL,49,26,10,217.8,2178.0,2026-04-28 14:52:49.420,2026042805014879
BHL,45,26,11,217.8,2395.8,2026-04-28 14:52:49.420,2026042805014878
BHL,42,38,74,218.0,16132.0,2026-04-28 14:52:48.779,2026042805014874
BHL,45,62,10,217.8,2178.0,2026-04-28 14:52:30.229,2026042805014814
BHL,17,38,52,218.0,11336.0,2026-04-28 14:51:31.711,2026042805014665
BHL,56,38,33,218.0,7194.0,2026-04-28 14:51:18.444,2026042805014644
BHL,56,48,217,218.0,47306.0,2026-04-28 14:51:18.443,2026042805014643
BHL,45,16,179,217.8,38986.2,2026-04-28 14:50:08.446,2026042805014482
BHL,43,34,465,217.6,101184.0,2026-04-28 14:50:07.071,2026042805014479
BHL,29,34,300,217.7,65310.0,2026-04-28 14:50:07.071,2026042805014478
BHL,32,34,20,217.8,4356.0,2026-04-28 14:50:07.071,2026042805014477
BHL,57,48,23,218.0,5014.0,2026-04-28 14:49:43.864,2026042805014428
BHL,58,48,10,218.0,2180.0,2026-04-28 14:49:35.243,2026042805014417
BHL,16,34,20,218.5,4370.0,2026-04-28 14:49:10.239,2026042805014382
BHL,16,11,20,218.5,4370.0,2026-04-28 14:49:10.239,2026042805014381
BHL,16,34,10,218.5,2185.0,2026-04-28 14:49:10.239,2026042805014380
BHL,17,46,500,218.0,109000.0,2026-04-28 14:49:06.368,2026042805014374
BHL,16,34,30,218.5,6555.0,2026-04-28 14:48:52.402,2026042805014342
BHL,40,34,10,218.5,2185.0,2026-04-28 14:47:42.295,2026042805014146
BHL,26,28,50,218.0,10900.0,2026-04-28 14:47:18.387,2026042805014049
BHL,7,28,50,218.0,10900.0,2026-04-28 14:47:18.387,2026042805014048
BHL,42,28,200,218.0,43600.0,2026-04-28 14:47:18.386,2026042805014047
BHL,19,28,250,218.0,54500.0,2026-04-28 14:47:18.386,2026042805014046
BHL,52,28,100,218.0,21800.0,2026-04-28 14:47:18.386,2026042805014045
BHL,58,28,350,218.0,76300.0,2026-04-28 14:47:18.386,2026042805014044
BHL,57,28,100,218.0,21800.0,2026-04-28 14:47:18.386,2026042805014043
BHL,49,28,400,218.0,87200.0,2026-04-28 14:47:18.386,2026042805014042
BHL,74,28,400,218.0,87200.0,2026-04-28 14:47:18.385,2026042805014041
BHL,14,28,130,218.0,28340.0,2026-04-28 14:47:18.385,2026042805014040
BHL,58,28,20,218.0,4360.0,2026-04-28 14:47:18.385,2026042805014039
BHL,43,28,50,218.0,10900.0,2026-04-28 14:47:18.385,2026042805014038
BHL,14,28,10000,218.0,2180000.0,2026-04-28 14:47:18.385,2026042805014037
BHL,56,28,20,218.0,4360.0,2026-04-28 14:47:18.384,2026042805014036
BHL,57,28,50,218.0,10900.0,2026-04-28 14:47:18.384,2026042805014035
BHL,38,28,100,218.0,21800.0,2026-04-28 14:47:18.384,2026042805014034
BHL,54,28,50,218.0,10900.0,2026-04-28 14:47:18.384,2026042805014033
BHL,57,28,50,218.0,10900.0,2026-04-28 14:47:18.384,2026042805014032
BHL,42,28,80,218.0,17440.0,2026-04-28 14:47:18.383,2026042805014031
BHL,14,28,1197,218.0,260946.0,2026-04-28 14:47:18.383,2026042805014030
BHL,48,57,200,218.1,43620.0,2026-04-28 14:46:43.377,2026042805013979
BHL,62,57,800,218.1,174480.0,2026-04-28 14:46:43.377,2026042805013978
BHL,62,34,200,218.1,43620.0,2026-04-28 14:46:28.834,2026042805013963
BHL,57,34,60,218.5,13110.0,2026-04-28 14:46:21.313,2026042805013946
BHL,80,34,90,218.5,19665.0,2026-04-28 14:45:37.503,2026042805013819
BHL,80,57,1000,218.5,218500.0,2026-04-28 14:45:29.361,2026042805013779
BHL,80,34,60,218.5,13110.0,2026-04-28 14:45:21.832,2026042805013757
BHL,57,34,100,218.9,21890.0,2026-04-28 14:45:19.018,2026042805013753
BHL,80,34,200,218.5,43700.0,2026-04-28 14:44:46.122,2026042805013700
BHL,16,80,25,219.0,5475.0,2026-04-28 14:44:43.004,2026042805013675
BHL,14,50,803,218.0,175054.0,2026-04-28 14:43:21.016,2026042805013500
BHL,42,50,140,218.0,30520.0,2026-04-28 14:43:21.015,2026042805013499
BHL,28,50,1000,218.0,218000.0,2026-04-28 14:43:21.015,2026042805013498
BHL,42,50,57,218.0,12426.0,2026-04-28 14:43:21.014,2026042805013497
BHL,42,19,43,218.0,9374.0,2026-04-28 14:43:09.556,2026042805013482
BHL,46,19,390,218.0,85020.0,2026-04-28 14:43:09.556,2026042805013481
BHL,58,19,500,218.0,109000.0,2026-04-28 14:43:09.556,2026042805013480
BHL,28,19,100,218.0,21800.0,2026-04-28 14:43:09.556,2026042805013479
BHL,35,19,200,218.0,43600.0,2026-04-28 14:43:09.555,2026042805013478
BHL,83,19,40,218.0,8720.0,2026-04-28 14:43:09.555,2026042805013477
BHL,45,19,92,218.0,20056.0,2026-04-28 14:43:09.555,2026042805013476
BHL,42,19,30,218.0,6540.0,2026-04-28 14:43:09.555,2026042805013475
BHL,49,19,30,218.0,6540.0,2026-04-28 14:43:09.555,2026042805013474
BHL,6,19,1000,218.0,218000.0,2026-04-28 14:43:09.554,2026042805013473
BHL,80,19,10,218.0,2180.0,2026-04-28 14:43:09.554,2026042805013472
BHL,33,19,300,218.0,65400.0,2026-04-28 14:43:09.554,2026042805013471
BHL,25,19,45,218.0,9810.0,2026-04-28 14:43:09.554,2026042805013470
BHL,58,19,10,218.0,2180.0,2026-04-28 14:43:09.554,2026042805013469
BHL,34,19,210,218.0,45780.0,2026-04-28 14:43:09.553,2026042805013468
BHL,32,19,150,218.0,32700.0,2026-04-28 14:43:09.553,2026042805013467
BHL,35,19,200,218.0,43600.0,2026-04-28 14:43:09.553,2026042805013466
BHL,58,19,48,218.0,10464.0,2026-04-28 14:43:09.553,2026042805013465
BHL,4,19,120,218.0,26160.0,2026-04-28 14:43:09.553,2026042805013464
BHL,1,19,500,218.0,109000.0,2026-04-28 14:43:09.552,2026042805013463
BHL,51,19,50,218.0,10900.0,2026-04-28 14:43:09.552,2026042805013462
BHL,42,19,200,218.0,43600.0,2026-04-28 14:43:09.552,2026042805013461
BHL,45,19,30,218.0,6540.0,2026-04-28 14:43:09.552,2026042805013460
BHL,45,19,30,218.5,6555.0,2026-04-28 14:43:09.551,2026042805013459
BHL,53,19,600,218.5,131100.0,2026-04-28 14:43:09.551,2026042805013458
BHL,13,19,2000,218.5,437000.0,2026-04-28 14:43:09.550,2026042805013457
BHL,42,19,10,218.5,2185.0,2026-04-28 14:43:09.549,2026042805013456
BHL,1,19,20,218.5,4370.0,2026-04-28 14:43:09.549,2026042805013455
BHL,57,19,847,218.5,185069.5,2026-04-28 14:43:09.548,2026042805013454
BHL,6,19,970,218.5,211945.0,2026-04-28 14:43:09.547,2026042805013453
BHL,39,19,500,218.6,109300.0,2026-04-28 14:43:09.546,2026042805013452
BHL,7,19,500,218.6,109300.0,2026-04-28 14:43:09.545,2026042805013451
BHL,42,19,20,218.7,4374.0,2026-04-28 14:43:09.544,2026042805013450
BHL,62,19,45,218.7,9841.5,2026-04-28 14:43:09.543,2026042805013449
BHL,58,19,160,218.7,34992.0,2026-04-28 14:43:09.542,2026042805013448
BHL,58,58,40,218.7,8748.0,2026-04-28 14:43:01.379,2026042805013430
BHL,42,58,20,218.8,4376.0,2026-04-28 14:43:01.378,2026042805013429
BHL,29,80,16,219.0,3504.0,2026-04-28 14:42:19.227,2026042805013338
BHL,58,17,22,219.3,4824.6,2026-04-28 14:42:03.931,2026042805013304
BHL,29,89,10,219.0,2190.0,2026-04-28 14:41:36.732,2026042805013245
BHL,29,50,274,219.0,60006.0,2026-04-28 14:41:36.030,2026042805013242
BHL,100,50,105,219.0,22995.0,2026-04-28 14:41:36.030,2026042805013241
BHL,42,50,321,219.0,70299.0,2026-04-28 14:41:36.029,2026042805013240
BHL,42,7,179,219.0,39201.0,2026-04-28 14:41:06.970,2026042805013199
BHL,6,7,10,219.0,2190.0,2026-04-28 14:41:06.969,2026042805013198
BHL,81,7,100,219.0,21900.0,2026-04-28 14:41:06.968,2026042805013197
BHL,42,7,300,219.0,65700.0,2026-04-28 14:41:06.968,2026042805013196
BHL,57,7,1000,219.0,219000.0,2026-04-28 14:41:06.967,2026042805013195
BHL,58,7,411,219.0,90009.0,2026-04-28 14:41:06.966,2026042805013194
BHL,58,17,500,219.3,109650.0,2026-04-28 14:40:55.111,2026042805013160
BHL,58,38,111,219.0,24309.0,2026-04-28 14:40:23.957,2026042805013124
BHL,49,26,230,219.4,50462.0,2026-04-28 14:40:16.258,2026042805013098
BHL,49,58,20,219.3,4386.0,2026-04-28 14:40:16.257,2026042805013097
BHL,58,19,478,219.0,104682.0,2026-04-28 14:40:00.860,2026042805013076
BHL,14,19,740,219.0,162060.0,2026-04-28 14:40:00.860,2026042805013075
BHL,7,19,100,219.0,21900.0,2026-04-28 14:40:00.859,2026042805013074
BHL,7,19,50,219.0,10950.0,2026-04-28 14:40:00.858,2026042805013073
BHL,6,19,100,219.0,21900.0,2026-04-28 14:40:00.857,2026042805013072
BHL,48,19,300,219.0,65700.0,2026-04-28 14:40:00.857,2026042805013071
BHL,36,19,232,219.0,50808.0,2026-04-28 14:40:00.855,2026042805013070
BHL,36,49,105,219.0,22995.0,2026-04-28 14:39:40.601,2026042805013040
BHL,36,14,163,219.0,35697.0,2026-04-28 14:39:24.875,2026042805012986
BHL,38,14,54,219.0,11826.0,2026-04-28 14:39:24.874,2026042805012985
BHL,42,14,200,219.0,43800.0,2026-04-28 14:39:24.874,2026042805012984
BHL,45,14,100,219.0,21900.0,2026-04-28 14:39:24.874,2026042805012983
BHL,14,14,25,219.0,5475.0,2026-04-28 14:39:24.873,2026042805012982
BHL,41,14,100,219.0,21900.0,2026-04-28 14:39:24.873,2026042805012981
BHL,58,14,245,219.0,53655.0,2026-04-28 14:39:24.873,2026042805012980
BHL,46,14,68,219.0,14892.0,2026-04-28 14:39:24.873,2026042805012979
BHL,36,14,250,219.0,54750.0,2026-04-28 14:39:24.872,2026042805012978
BHL,26,14,596,219.0,130524.0,2026-04-28 14:39:24.872,2026042805012977
BHL,58,14,899,219.2,197060.8,2026-04-28 14:39:24.871,2026042805012976
BHL,58,58,10,219.2,2192.0,2026-04-28 14:39:11.946,2026042805012946
BHL,26,77,104,219.0,22776.0,2026-04-28 14:37:42.168,2026042805012824
BHL,32,77,26,219.0,5694.0,2026-04-28 14:37:42.168,2026042805012823
BHL,32,58,360,219.0,78840.0,2026-04-28 14:36:03.130,2026042805012718
BHL,32,21,20,219.0,4380.0,2026-04-28 14:35:44.744,2026042805012684
BHL,32,56,380,219.0,83220.0,2026-04-28 14:35:35.902,2026042805012665
BHL,32,26,214,219.0,46866.0,2026-04-28 14:35:16.069,2026042805012627
BHL,35,26,59,219.0,12921.0,2026-04-28 14:35:16.068,2026042805012626
BHL,8,26,2000,219.1,438200.0,2026-04-28 14:35:16.068,2026042805012625
BHL,22,26,10,219.3,2193.0,2026-04-28 14:35:16.068,2026042805012624
BHL,22,6,90,219.3,19737.0,2026-04-28 14:35:01.426,2026042805012604
BHL,58,6,10,219.3,2193.0,2026-04-28 14:34:47.745,2026042805012592
BHL,41,35,400,219.1,87640.0,2026-04-28 14:34:33.320,2026042805012576
BHL,48,6,50,219.3,10965.0,2026-04-28 14:34:32.018,2026042805012575
BHL,57,34,100,219.5,21950.0,2026-04-28 14:33:36.571,2026042805012529
BHL,35,92,141,219.0,30879.0,2026-04-28 14:32:46.593,2026042805012488
BHL,4,92,255,219.0,55845.0,2026-04-28 14:32:46.593,2026042805012487
BHL,32,92,500,219.0,109500.0,2026-04-28 14:32:46.593,2026042805012486
BHL,35,92,150,219.0,32850.0,2026-04-28 14:32:46.592,2026042805012485
BHL,58,92,100,219.0,21900.0,2026-04-28 14:32:46.592,2026042805012484
BHL,41,92,154,219.0,33726.0,2026-04-28 14:32:46.592,2026042805012483
BHL,41,57,500,219.0,109500.0,2026-04-28 14:32:11.357,2026042805012439
BHL,41,58,35,219.0,7665.0,2026-04-28 14:32:10.993,2026042805012438
BHL,44,57,78,219.1,17089.8,2026-04-28 14:31:51.436,2026042805012412
BHL,44,44,20,219.1,4382.0,2026-04-28 14:31:49.686,2026042805012408
BHL,44,5,100,219.1,21910.0,2026-04-28 14:31:05.320,2026042805012339
BHL,42,5,45,219.2,9864.0,2026-04-28 14:31:05.320,2026042805012338
BHL,48,5,55,219.2,12056.0,2026-04-28 14:31:05.320,2026042805012337
BHL,48,57,15,219.2,3288.0,2026-04-28 14:30:47.395,2026042805012318
BHL,5,50,200,219.5,43900.0,2026-04-28 14:29:23.418,2026042805012236
BHL,38,50,378,219.5,82971.0,2026-04-28 14:29:23.417,2026042805012235
BHL,38,35,370,219.5,81215.0,2026-04-28 14:28:16.429,2026042805012157
BHL,38,34,252,219.5,55314.0,2026-04-28 14:28:16.428,2026042805012156
BHL,11,34,290,219.5,63655.0,2026-04-28 14:27:19.552,2026042805012096
BHL,11,39,10,219.4,2194.0,2026-04-28 14:27:19.551,2026042805012095
BHL,49,39,60,219.4,13164.0,2026-04-28 14:26:52.663,2026042805012070
BHL,42,34,68,219.5,14926.0,2026-04-28 14:25:35.522,2026042805011988
BHL,39,34,390,219.5,85605.0,2026-04-28 14:23:11.135,2026042805011859
BHL,39,58,200,219.5,43900.0,2026-04-28 14:23:11.135,2026042805011858
BHL,39,25,410,219.5,89995.0,2026-04-28 14:23:11.135,2026042805011857
BHL,44,48,267,219.1,58499.7,2026-04-28 14:22:22.156,2026042805011783
BHL,11,48,50,219.1,10955.0,2026-04-28 14:22:22.156,2026042805011782
BHL,10,48,500,219.1,109550.0,2026-04-28 14:22:22.156,2026042805011781
BHL,57,48,30,219.1,6573.0,2026-04-28 14:22:22.156,2026042805011780
BHL,57,48,533,219.2,116833.6,2026-04-28 14:22:22.156,2026042805011779
BHL,45,48,100,219.2,21920.0,2026-04-28 14:22:22.156,2026042805011778
BHL,49,48,20,219.2,4384.0,2026-04-28 14:22:22.155,2026042805011777
BHL,49,58,20,219.2,4384.0,2026-04-28 14:21:26.540,2026042805011692
BHL,49,4,10,219.2,2192.0,2026-04-28 14:21:17.850,2026042805011685
BHL,57,51,20,219.1,4382.0,2026-04-28 14:19:09.437,2026042805011548
BHL,53,25,1000,219.5,219500.0,2026-04-28 14:18:44.901,2026042805011506
BHL,41,48,31,219.0,6789.0,2026-04-28 14:17:17.206,2026042805011413
BHL,44,48,119,219.1,26072.9,2026-04-28 14:17:17.204,2026042805011412
BHL,44,48,200,219.1,43820.0,2026-04-28 14:16:03.759,2026042805011345
BHL,44,48,20,219.1,4382.0,2026-04-28 14:15:56.519,2026042805011339
BHL,44,48,20,219.1,4382.0,2026-04-28 14:15:54.825,2026042805011320
BHL,44,42,141,219.1,30893.1,2026-04-28 14:15:44.691,2026042805011312
BHL,11,42,100,219.1,21910.0,2026-04-28 14:15:44.691,2026042805011311
BHL,52,42,151,219.1,33084.1,2026-04-28 14:15:44.690,2026042805011310
BHL,52,41,100,219.1,21910.0,2026-04-28 14:15:03.350,2026042805011252
BHL,57,25,90,219.5,19755.0,2026-04-28 14:14:14.686,2026042805011164
BHL,57,39,30,219.5,6585.0,2026-04-28 14:14:14.685,2026042805011163
BHL,57,87,130,219.5,28535.0,2026-04-28 14:14:14.684,2026042805011162
BHL,52,26,2000,219.1,438200.0,2026-04-28 14:12:31.525,2026042805010990
BHL,52,17,149,219.1,32645.9,2026-04-28 14:11:28.640,2026042805010878
BHL,35,17,151,219.2,33099.2,2026-04-28 14:11:28.640,2026042805010877
BHL,11,19,150,219.4,32910.0,2026-04-28 14:09:47.919,2026042805010716
BHL,35,58,24,219.2,5260.799999999999,2026-04-28 14:09:31.728,2026042805010695
BHL,35,32,100,219.2,21920.0,2026-04-28 14:09:18.911,2026042805010683
BHL,35,42,725,219.2,158920.0,2026-04-28 14:08:55.513,2026042805010654
BHL,33,42,290,219.3,63597.0,2026-04-28 14:08:55.512,2026042805010653
BHL,33,74,10,219.3,2193.0,2026-04-28 14:08:00.107,2026042805010564
BHL,21,87,230,219.5,50485.0,2026-04-28 14:06:44.420,2026042805010425
BHL,20,87,65,219.5,14267.5,2026-04-28 14:06:44.419,2026042805010424
BHL,88,87,25,219.5,5487.5,2026-04-28 14:06:44.418,2026042805010423
BHL,26,87,50,219.5,10975.0,2026-04-28 14:06:44.417,2026042805010422
BHL,48,43,170,219.6,37332.0,2026-04-28 14:05:55.594,2026042805010351
BHL,26,58,10,219.5,2195.0,2026-04-28 14:05:27.555,2026042805010323
BHL,26,17,10,219.5,2195.0,2026-04-28 14:04:21.876,2026042805010235
BHL,39,43,100,219.6,21960.0,2026-04-28 14:01:47.362,2026042805010065
BHL,42,43,180,219.6,39528.0,2026-04-28 14:01:47.361,2026042805010064
BHL,42,48,250,219.6,54900.0,2026-04-28 13:58:40.479,2026042805009861
BHL,42,59,19,219.6,4172.4,2026-04-28 13:57:28.915,2026042805009777
BHL,6,59,20,219.7,4394.0,2026-04-28 13:57:28.914,2026042805009776
BHL,38,59,161,219.9,35403.9,2026-04-28 13:57:06.610,2026042805009755
BHL,38,96,20,219.7,4394.0,2026-04-28 13:57:06.609,2026042805009754
BHL,42,3,20,219.6,4392.0,2026-04-28 13:56:54.443,2026042805009733
BHL,42,71,521,219.6,114411.6,2026-04-28 13:56:50.033,2026042805009730
BHL,42,17,10,219.6,2196.0,2026-04-28 13:56:09.757,2026042805009695
BHL,26,32,20,219.5,4390.0,2026-04-28 13:52:39.224,2026042805009481
BHL,26,46,10,219.5,2195.0,2026-04-28 13:51:46.338,2026042805009426
BHL,14,33,5,220.4,1102.0,2026-04-28 13:51:43.697,2026042805009425
BHL,57,71,10,220.0,2200.0,2026-04-28 13:48:53.192,2026042805009285
BHL,57,58,287,219.2,62910.4,2026-04-28 13:46:22.869,2026042805009170
BHL,7,58,10,219.3,2193.0,2026-04-28 13:46:22.869,2026042805009169
BHL,8,58,100,219.5,21950.0,2026-04-28 13:45:24.720,2026042805009128
BHL,41,58,22,219.5,4829.0,2026-04-28 13:45:01.152,2026042805009102
BHL,57,49,180,219.2,39456.0,2026-04-28 13:44:45.094,2026042805009091
BHL,26,49,20,219.2,4384.0,2026-04-28 13:44:45.093,2026042805009090
BHL,59,58,50,219.5,10975.0,2026-04-28 13:44:13.157,2026042805009053
BHL,58,58,90,219.5,19755.0,2026-04-28 13:43:40.812,2026042805009031
BHL,21,38,20,219.5,4390.0,2026-04-28 13:43:12.662,2026042805009004
BHL,45,71,190,220.0,41800.0,2026-04-28 13:41:20.292,2026042805008885
BHL,74,71,100,220.0,22000.0,2026-04-28 13:41:18.307,2026042805008884
BHL,87,71,227,220.0,49940.0,2026-04-28 13:41:18.306,2026042805008883
BHL,42,71,250,220.0,55000.0,2026-04-28 13:41:18.306,2026042805008882
BHL,57,71,90,220.0,19800.0,2026-04-28 13:41:18.306,2026042805008881
BHL,38,71,100,220.0,22000.0,2026-04-28 13:41:18.306,2026042805008880
BHL,22,71,182,220.0,40040.0,2026-04-28 13:41:18.305,2026042805008879
BHL,59,71,1500,220.0,330000.0,2026-04-28 13:41:18.305,2026042805008878
BHL,34,71,450,220.1,99045.0,2026-04-28 13:41:18.305,2026042805008877
BHL,60,71,70,220.1,15407.0,2026-04-28 13:41:18.305,2026042805008876
BHL,37,71,10,220.2,2202.0,2026-04-28 13:41:18.305,2026042805008875
BHL,58,71,90,220.2,19818.0,2026-04-28 13:41:18.304,2026042805008874
BHL,49,58,10,220.3,2203.0,2026-04-28 13:40:37.997,2026042805008834
BHL,58,58,651,220.5,143545.5,2026-04-28 13:40:37.997,2026042805008833
BHL,58,7,20,220.3,4406.0,2026-04-28 13:37:12.080,2026042805008679
BHL,58,58,15,221.0,3315.0,2026-04-28 13:36:25.334,2026042805008634
BHL,58,58,10,221.0,2210.0,2026-04-28 13:36:25.334,2026042805008633
BHL,58,58,25,221.0,5525.0,2026-04-28 13:36:25.333,2026042805008632
BHL,40,32,17,220.9,3755.3,2026-04-28 13:35:46.861,2026042805008580
BHL,58,32,360,220.9,79524.0,2026-04-28 13:35:11.183,2026042805008539
BHL,58,52,20,220.8,4416.0,2026-04-28 13:35:11.182,2026042805008538
BHL,58,21,20,221.0,4420.0,2026-04-28 13:29:26.344,2026042805008302
BHL,58,49,13,221.0,2873.0,2026-04-28 13:29:26.343,2026042805008301
BHL,58,39,10,220.9,2209.0,2026-04-28 13:29:26.343,2026042805008300
BHL,58,58,200,220.3,44060.0,2026-04-28 13:28:53.272,2026042805008281
BHL,58,49,10,221.0,2210.0,2026-04-28 13:27:51.766,2026042805008243
BHL,40,39,11,220.6,2426.6,2026-04-28 13:27:17.372,2026042805008217
BHL,58,4,1000,220.3,220300.0,2026-04-28 13:26:37.872,2026042805008176
BHL,58,42,10,220.2,2202.0,2026-04-28 13:25:10.348,2026042805008131
BHL,36,39,19,220.9,4197.1,2026-04-28 13:21:59.344,2026042805007949
BHL,44,49,15,221.0,3315.0,2026-04-28 13:20:01.401,2026042805007847
BHL,56,49,12,221.0,2652.0,2026-04-28 13:18:52.409,2026042805007791
BHL,56,58,10,220.9,2209.0,2026-04-28 13:18:52.408,2026042805007790
BHL,56,10,20,220.9,4418.0,2026-04-28 13:18:52.408,2026042805007789
BHL,58,39,10,220.0,2200.0,2026-04-28 13:17:54.512,2026042805007757
BHL,58,35,350,220.0,77000.0,2026-04-28 13:17:28.470,2026042805007730
BHL,58,39,10,220.0,2200.0,2026-04-28 13:16:26.619,2026042805007675
BHL,58,39,10,220.0,2200.0,2026-04-28 13:16:10.928,2026042805007668
BHL,58,45,250,220.0,55000.0,2026-04-28 13:16:05.664,2026042805007664
BHL,58,48,300,220.0,66000.0,2026-04-28 13:16:05.664,2026042805007663
BHL,58,58,30,220.0,6600.0,2026-04-28 13:16:05.663,2026042805007662
BHL,58,45,50,220.0,11000.0,2026-04-28 13:16:05.662,2026042805007661
BHL,58,58,25,219.3,5482.5,2026-04-28 13:15:46.263,2026042805007650
BHL,58,95,94,219.1,20595.4,2026-04-28 13:14:34.850,2026042805007596
BHL,56,95,300,219.1,65730.0,2026-04-28 13:14:34.850,2026042805007595
BHL,57,95,500,219.2,109600.0,2026-04-28 13:14:34.850,2026042805007594
BHL,13,95,10,219.3,2193.0,2026-04-28 13:14:34.850,2026042805007593
BHL,62,56,15,219.1,3286.5,2026-04-28 13:08:11.834,2026042805007282
BHL,38,56,500,219.1,109550.0,2026-04-28 13:08:11.833,2026042805007281
BHL,58,56,65,220.0,14300.0,2026-04-28 13:07:06.195,2026042805007232
BHL,40,56,250,220.0,55000.0,2026-04-28 13:07:06.195,2026042805007231
BHL,58,56,40,220.0,8800.0,2026-04-28 13:07:06.194,2026042805007230
BHL,34,56,30,220.0,6600.0,2026-04-28 13:07:06.194,2026042805007229
BHL,45,56,100,220.1,22010.0,2026-04-28 13:07:06.193,2026042805007228
BHL,36,34,47,220.9,10382.3,2026-04-28 13:06:18.263,2026042805007180
BHL,34,39,20,220.0,4400.0,2026-04-28 13:04:17.500,2026042805007070
BHL,58,39,10,220.0,2200.0,2026-04-28 13:04:17.499,2026042805007069
BHL,8,56,50,220.0,11000.0,2026-04-28 13:03:41.787,2026042805007029
BHL,8,17,10,220.0,2200.0,2026-04-28 13:03:16.842,2026042805007005
BHL,8,56,12,220.0,2640.0,2026-04-28 13:03:15.541,2026042805007004
BHL,8,25,100,220.0,22000.0,2026-04-28 13:02:30.606,2026042805006957
BHL,8,1,323,220.0,71060.0,2026-04-28 13:02:10.642,2026042805006926
BHL,58,1,177,220.0,38940.0,2026-04-28 13:02:10.641,2026042805006925
BHL,58,42,300,220.0,66000.0,2026-04-28 13:00:48.068,2026042805006856
BHL,58,7,23,220.0,5060.0,2026-04-28 12:59:16.586,2026042805006771
BHL,13,7,1000,220.0,220000.0,2026-04-28 12:59:16.585,2026042805006770
BHL,58,7,10,220.0,2200.0,2026-04-28 12:59:16.585,2026042805006769
BHL,58,7,100,220.0,22000.0,2026-04-28 12:59:16.585,2026042805006768
BHL,28,7,30,220.0,6600.0,2026-04-28 12:59:16.585,2026042805006767
BHL,42,7,100,220.0,22000.0,2026-04-28 12:59:16.585,2026042805006766
BHL,16,7,500,220.0,110000.0,2026-04-28 12:59:16.585,2026042805006765
BHL,59,7,10,220.0,2200.0,2026-04-28 12:59:16.585,2026042805006764
BHL,96,7,108,220.0,23760.0,2026-04-28 12:59:16.585,2026042805006763
BHL,34,7,118,220.1,25971.8,2026-04-28 12:59:16.585,2026042805006762
BHL,34,51,10,220.1,2201.0,2026-04-28 12:57:44.681,2026042805006668
BHL,41,95,1200,220.5,264600.0,2026-04-28 12:56:54.560,2026042805006626
BHL,52,58,10,220.1,2201.0,2026-04-28 12:56:18.569,2026042805006600
BHL,96,7,2000,220.0,440000.0,2026-04-28 12:54:59.518,2026042805006544
BHL,96,22,72,220.0,15840.0,2026-04-28 12:54:19.705,2026042805006505
BHL,42,22,28,220.0,6160.0,2026-04-28 12:54:19.705,2026042805006504
BHL,60,95,30,220.5,6615.0,2026-04-28 12:54:10.618,2026042805006500
BHL,14,95,538,220.5,118629.0,2026-04-28 12:52:58.210,2026042805006431
BHL,36,95,132,220.5,29106.0,2026-04-28 12:52:05.018,2026042805006384
BHL,42,32,102,220.0,22440.0,2026-04-28 12:51:59.533,2026042805006381
BHL,38,32,200,220.0,44000.0,2026-04-28 12:51:59.533,2026042805006380
BHL,49,32,28,220.0,6160.0,2026-04-28 12:51:59.532,2026042805006379
BHL,39,32,20,220.0,4400.0,2026-04-28 12:51:59.532,2026042805006378
BHL,5,32,20,220.0,4400.0,2026-04-28 12:51:59.531,2026042805006377
BHL,33,32,30,220.0,6600.0,2026-04-28 12:51:59.530,2026042805006376
BHL,33,35,970,220.0,213400.0,2026-04-28 12:51:29.780,2026042805006341
BHL,34,35,100,220.0,22000.0,2026-04-28 12:51:29.780,2026042805006340
BHL,5,35,300,220.0,66000.0,2026-04-28 12:51:29.779,2026042805006339
BHL,42,35,1000,220.0,220000.0,2026-04-28 12:51:29.779,2026042805006338
BHL,49,35,50,220.0,11000.0,2026-04-28 12:51:29.779,2026042805006337
BHL,40,35,1000,220.0,220000.0,2026-04-28 12:51:29.779,2026042805006336
BHL,34,35,350,220.0,77000.0,2026-04-28 12:51:29.778,2026042805006335
BHL,42,35,230,220.0,50600.0,2026-04-28 12:51:29.778,2026042805006334
BHL,29,95,31,220.5,6835.5,2026-04-28 12:51:21.523,2026042805006329
BHL,42,51,130,220.0,28600.0,2026-04-28 12:48:33.071,2026042805006150
BHL,45,51,70,220.1,15407.0,2026-04-28 12:48:33.071,2026042805006149
BHL,45,3,30,220.1,6603.0,2026-04-28 12:48:25.495,2026042805006141
BHL,63,95,250,220.9,55225.0,2026-04-28 12:46:03.896,2026042805006028
BHL,42,95,990,220.0,217800.0,2026-04-28 12:43:02.621,2026042805005889
BHL,17,95,3010,220.0,662200.0,2026-04-28 12:43:02.621,2026042805005888
BHL,17,95,4700,220.0,1034000.0,2026-04-28 12:42:49.810,2026042805005871
BHL,49,95,100,220.1,22010.0,2026-04-28 12:42:49.809,2026042805005870
BHL,45,95,200,220.1,44020.0,2026-04-28 12:42:49.809,2026042805005869
BHL,44,58,100,220.2,22020.0,2026-04-28 12:42:35.190,2026042805005852
BHL,44,95,100,220.9,22090.0,2026-04-28 12:40:34.428,2026042805005736
BHL,17,14,90,220.0,19800.0,2026-04-28 12:36:49.275,2026042805005529
BHL,17,14,750,220.0,165000.0,2026-04-28 12:36:23.258,2026042805005516
BHL,25,14,100,220.1,22010.0,2026-04-28 12:35:51.430,2026042805005495
BHL,34,14,100,220.1,22010.0,2026-04-28 12:35:51.429,2026042805005494
BHL,7,14,50,220.1,11005.0,2026-04-28 12:35:51.429,2026042805005493
BHL,14,58,538,220.2,118467.6,2026-04-28 12:31:43.697,2026042805005365
BHL,7,58,50,220.1,11005.0,2026-04-28 12:31:13.734,2026042805005337
BHL,42,58,10,220.1,2201.0,2026-04-28 12:31:13.733,2026042805005336
BHL,58,58,30,220.2,6606.0,2026-04-28 12:31:04.309,2026042805005334
BHL,47,58,100,220.2,22020.0,2026-04-28 12:31:04.309,2026042805005333
BHL,60,58,30,220.2,6606.0,2026-04-28 12:31:04.308,2026042805005332
BHL,60,29,20,220.2,4404.0,2026-04-28 12:29:26.341,2026042805005248
BHL,58,49,36,221.0,7956.0,2026-04-28 12:26:30.094,2026042805005025
BHL,51,49,38,221.0,8398.0,2026-04-28 12:19:37.821,2026042805004626
BHL,51,4,10,220.5,2205.0,2026-04-28 12:19:37.820,2026042805004625
BHL,58,49,15,221.0,3315.0,2026-04-28 12:18:11.835,2026042805004541
BHL,60,58,40,220.2,8808.0,2026-04-28 12:18:04.938,2026042805004529
BHL,36,49,46,221.0,10166.0,2026-04-28 12:16:55.052,2026042805004457
BHL,26,49,1,215.0,215.0,2026-04-28 12:15:16.994,2026042805004369
BHL,60,4,10,220.2,2202.0,2026-04-28 12:14:38.094,2026042805004338
BHL,32,49,142,221.0,31382.0,2026-04-28 12:13:20.560,2026042805004279
BHL,58,49,173,221.0,38233.0,2026-04-28 12:13:13.445,2026042805004276
BHL,58,75,45,221.0,9945.0,2026-04-28 12:13:13.444,2026042805004275
BHL,35,75,35,221.0,7735.0,2026-04-28 12:13:00.072,2026042805004264
BHL,32,11,58,220.5,12789.0,2026-04-28 12:12:35.730,2026042805004256
BHL,34,75,20,221.0,4420.0,2026-04-28 12:12:11.826,2026042805004243
BHL,21,58,100,221.0,22100.0,2026-04-28 12:10:41.776,2026042805004140
BHL,58,45,400,220.1,88040.0,2026-04-28 12:10:37.197,2026042805004128
BHL,60,45,100,220.2,22020.0,2026-04-28 12:10:37.197,2026042805004127
BHL,58,58,14,220.1,3081.4,2026-04-28 12:08:07.454,2026042805004014
BHL,51,58,67,220.1,14746.7,2026-04-28 12:08:07.454,2026042805004013
BHL,48,58,1000,220.1,220100.0,2026-04-28 12:08:07.454,2026042805004012
BHL,44,58,500,220.2,110100.0,2026-04-28 12:08:07.453,2026042805004011
BHL,43,58,500,220.2,110100.0,2026-04-28 12:08:07.453,2026042805004010
BHL,35,58,300,220.6,66180.0,2026-04-28 12:08:07.453,2026042805004009
BHL,29,58,150,220.7,33105.0,2026-04-28 12:08:07.453,2026042805004008
BHL,26,58,90,220.7,19863.0,2026-04-28 12:08:07.452,2026042805004007
BHL,45,58,100,220.8,22080.0,2026-04-28 12:08:07.452,2026042805004006
BHL,42,58,335,221.0,74035.0,2026-04-28 12:08:07.452,2026042805004005
BHL,4,58,300,221.0,66300.0,2026-04-28 12:08:07.452,2026042805004004
BHL,58,58,56,221.0,12376.0,2026-04-28 12:08:07.452,2026042805004003
BHL,21,58,52,221.0,11492.0,2026-04-28 12:08:07.451,2026042805004002
BHL,87,58,136,221.0,30056.0,2026-04-28 12:08:07.451,2026042805004001
BHL,33,54,100,221.1,22110.0,2026-04-28 12:06:54.300,2026042805003944
BHL,40,45,14,221.6,3102.4,2026-04-28 12:06:00.913,2026042805003893
BHL,87,32,64,221.0,14144.0,2026-04-28 12:04:57.384,2026042805003831
BHL,58,32,226,221.0,49946.0,2026-04-28 12:04:57.383,2026042805003830
BHL,17,32,100,221.0,22100.0,2026-04-28 12:04:57.383,2026042805003829
BHL,42,32,10,221.0,2210.0,2026-04-28 12:04:57.383,2026042805003828
BHL,95,32,10,221.0,2210.0,2026-04-28 12:04:57.382,2026042805003827
BHL,47,32,40,221.0,8840.0,2026-04-28 12:04:57.381,2026042805003826
BHL,47,58,30,221.0,6630.0,2026-04-28 12:04:25.440,2026042805003807
BHL,47,58,30,221.0,6630.0,2026-04-28 12:04:15.884,2026042805003794
BHL,57,58,40,221.0,8840.0,2026-04-28 12:04:15.884,2026042805003793
BHL,33,58,40,221.1,8844.0,2026-04-28 12:03:48.276,2026042805003782
BHL,87,56,4,216.0,864.0,2026-04-28 12:01:41.675,2026042805003670
BHL,33,45,10,221.1,2211.0,2026-04-28 12:01:35.355,2026042805003644
BHL,58,45,14,221.6,3102.4,2026-04-28 11:59:31.926,2026042805003521
BHL,58,75,10,221.6,2216.0,2026-04-28 11:59:31.926,2026042805003520
BHL,57,58,100,221.0,22100.0,2026-04-28 11:57:35.065,2026042805003415
BHL,57,14,1000,221.0,221000.0,2026-04-28 11:55:09.367,2026042805003240
BHL,57,14,1000,221.0,221000.0,2026-04-28 11:54:58.645,2026042805003237
BHL,57,14,860,221.0,190060.0,2026-04-28 11:54:48.599,2026042805003230
BHL,14,14,140,221.0,30940.0,2026-04-28 11:54:48.598,2026042805003229
BHL,14,14,119,221.0,26299.0,2026-04-28 11:52:40.449,2026042805003111
BHL,14,48,241,221.0,53261.0,2026-04-28 11:51:56.979,2026042805003049
BHL,58,48,259,221.0,57239.0,2026-04-28 11:51:56.979,2026042805003048
BHL,58,57,40,221.0,8840.0,2026-04-28 11:50:48.389,2026042805002935
BHL,58,10,153,221.0,33813.0,2026-04-28 11:49:50.615,2026042805002850
BHL,58,10,100,221.0,22100.0,2026-04-28 11:49:50.615,2026042805002849
BHL,58,10,100,221.0,22100.0,2026-04-28 11:49:50.614,2026042805002848
BHL,58,10,57,221.0,12597.0,2026-04-28 11:49:50.614,2026042805002847
BHL,28,10,90,221.1,19899.0,2026-04-28 11:49:50.613,2026042805002846
BHL,28,38,10,221.1,2211.0,2026-04-28 11:48:45.011,2026042805002714
BHL,58,14,131,221.8,29055.800000000003,2026-04-28 11:47:27.047,2026042805002573
BHL,94,75,70,222.0,15540.0,2026-04-28 11:43:39.443,2026042805002317
BHL,11,32,50,222.0,11100.0,2026-04-28 11:42:12.379,2026042805002223
BHL,11,57,10,222.0,2220.0,2026-04-28 11:42:12.379,2026042805002222
BHL,58,49,20,221.8,4436.0,2026-04-28 11:40:05.127,2026042805002091
BHL,8,39,445,222.0,98790.0,2026-04-28 11:37:14.422,2026042805001884
BHL,8,48,40,222.0,8880.0,2026-04-28 11:36:51.756,2026042805001857
BHL,8,58,15,222.0,3330.0,2026-04-28 11:36:06.230,2026042805001810
BHL,58,58,7,222.0,1554.0,2026-04-28 11:36:05.826,2026042805001809
BHL,58,57,20,222.0,4440.0,2026-04-28 11:36:05.826,2026042805001808
BHL,58,7,13,222.0,2886.0,2026-04-28 11:36:05.825,2026042805001807
BHL,58,35,10,221.0,2210.0,2026-04-28 11:34:26.804,2026042805001719
BHL,58,7,1000,222.0,222000.0,2026-04-28 11:34:05.932,2026042805001702
BHL,58,7,45,222.0,9990.0,2026-04-28 11:34:03.378,2026042805001696
BHL,58,45,100,221.0,22100.0,2026-04-28 11:33:59.609,2026042805001694
BHL,58,52,368,221.0,81328.0,2026-04-28 11:33:41.297,2026042805001670
BHL,21,7,200,222.0,44400.0,2026-04-28 11:33:17.831,2026042805001655
BHL,34,34,2220,221.1,490842.0,2026-04-28 11:33:07.018,2026042805001641
BHL,36,7,86,222.0,19092.0,2026-04-28 11:30:21.288,2026042805001489
BHL,58,7,10,222.0,2220.0,2026-04-28 11:29:50.804,2026042805001443
BHL,58,7,10,222.0,2220.0,2026-04-28 11:27:18.972,2026042805001306
BHL,4,7,26,222.0,5772.0,2026-04-28 11:26:26.853,2026042805001271
BHL,4,99,10,221.0,2210.0,2026-04-28 11:26:26.853,2026042805001270
BHL,26,34,10,220.7,2207.0,2026-04-28 11:25:48.447,2026042805001248
BHL,32,7,10,222.0,2220.0,2026-04-28 11:25:36.783,2026042805001236
BHL,22,49,10,222.0,2220.0,2026-04-28 11:23:08.068,2026042805001102
BHL,35,34,700,220.6,154420.0,2026-04-28 11:23:01.700,2026042805001098
BHL,57,34,10,221.0,2210.0,2026-04-28 11:23:01.700,2026042805001097
BHL,38,34,315,221.0,69615.0,2026-04-28 11:23:01.700,2026042805001096
BHL,58,34,13,221.0,2873.0,2026-04-28 11:23:01.700,2026042805001095
BHL,35,34,95,221.0,20995.0,2026-04-28 11:23:01.700,2026042805001094
BHL,43,34,82,221.0,18122.0,2026-04-28 11:23:01.700,2026042805001093
BHL,21,34,30,222.0,6660.0,2026-04-28 11:21:31.121,2026042805001028
BHL,43,58,58,221.0,12818.0,2026-04-28 11:21:20.056,2026042805001018
BHL,43,25,60,221.0,13260.0,2026-04-28 11:21:16.448,2026042805001011
BHL,34,25,40,221.0,8840.0,2026-04-28 11:21:16.448,2026042805001010
BHL,34,50,10,221.0,2210.0,2026-04-28 11:21:15.061,2026042805001009
BHL,13,34,500,222.0,111000.0,2026-04-28 11:20:39.950,2026042805000981
BHL,58,34,170,222.0,37740.0,2026-04-28 11:20:39.950,2026042805000980
BHL,45,34,20,222.1,4442.0,2026-04-28 11:20:39.950,2026042805000979
BHL,36,34,10,222.1,2221.0,2026-04-28 11:20:39.950,2026042805000978
BHL,33,52,25,222.5,5562.5,2026-04-28 11:20:34.650,2026042805000975
BHL,49,52,1245,222.5,277012.5,2026-04-28 11:20:32.521,2026042805000973
BHL,49,52,440,222.5,97900.0,2026-04-28 11:20:09.507,2026042805000949
BHL,36,58,10,222.1,2221.0,2026-04-28 11:19:25.685,2026042805000899
BHL,36,58,10,222.1,2221.0,2026-04-28 11:16:28.997,2026042805000720
BHL,49,45,955,222.0,212010.0,2026-04-28 11:15:26.494,2026042805000662
BHL,49,45,2200,222.0,488400.0,2026-04-28 11:15:26.494,2026042805000661
BHL,10,45,145,222.1,32204.5,2026-04-28 11:15:26.494,2026042805000660
BHL,49,45,700,222.1,155470.0,2026-04-28 11:15:26.494,2026042805000659
BHL,58,58,88,222.1,19544.8,2026-04-28 11:15:11.316,2026042805000641
BHL,58,58,82,222.1,18212.2,2026-04-28 11:14:26.677,2026042805000603
BHL,56,26,45,223.0,10035.0,2026-04-28 11:14:18.469,2026042805000600
BHL,49,26,30,223.0,6690.0,2026-04-28 11:14:14.341,2026042805000591
BHL,49,45,1000,223.0,223000.0,2026-04-28 11:14:07.324,2026042805000586
BHL,49,7,1170,223.0,260910.0,2026-04-28 11:13:50.419,2026042805000556
BHL,49,7,830,223.0,185090.0,2026-04-28 11:13:50.419,2026042805000555
BHL,57,53,10,223.1,2231.0,2026-04-28 11:13:35.772,2026042805000545
BHL,18,50,130,223.9,29107.0,2026-04-28 11:13:19.110,2026042805000524
BHL,38,50,200,223.9,44780.0,2026-04-28 11:12:19.343,2026042805000466
BHL,57,50,13,223.9,2910.7000000000003,2026-04-28 11:12:18.381,2026042805000464
BHL,4,49,13,224.0,2912.0,2026-04-28 11:10:30.377,2026042805000357
BHL,42,49,10,224.0,2240.0,2026-04-28 11:09:06.209,2026042805000300
BHL,49,38,50,223.0,11150.0,2026-04-28 11:08:51.442,2026042805000285
BHL,58,49,10,224.0,2240.0,2026-04-28 11:08:21.350,2026042805000261
BHL,45,49,792,224.0,177408.0,2026-04-28 11:08:06.726,2026042805000254
BHL,45,92,100,224.0,22400.0,2026-04-28 11:07:36.301,2026042805000242
BHL,49,49,890,224.0,199360.0,2026-04-28 11:06:08.343,2026042805000200
BHL,49,49,1220,223.0,272060.0,2026-04-28 11:05:33.045,2026042805000183
BHL,49,49,980,224.0,219520.0,2026-04-28 11:05:33.044,2026042805000182
BHL,49,45,1000,224.0,224000.0,2026-04-28 11:05:31.553,2026042805000181
BHL,49,45,500,224.0,112000.0,2026-04-28 11:05:31.553,2026042805000180
BHL,49,39,500,224.0,112000.0,2026-04-28 11:05:31.553,2026042805000179
BHL,49,34,20,224.0,4480.0,2026-04-28 11:05:31.552,2026042805000178
BHL,49,33,100,223.0,22300.0,2026-04-28 11:05:20.746,2026042805000170
BHL,1,34,270,224.0,60480.0,2026-04-28 11:03:44.093,2026042805000117
BHL,1,42,30,223.9,6717.0,2026-04-28 11:03:44.093,2026042805000116
BHL,40,34,10,224.0,2240.0,2026-04-28 11:02:29.236,2026042805000081
BHL,17,21,450,220.0,99000.0,2026-04-28 11:00:13.331,2026042805000031
BHL,40,62,10,232.0,2320.0,2026-04-28 10:46:00.078,2026042805000008
