Symbol,buyerMemberId,sellerMemberId,volume,rate,amount,transaction_time,Contract ID
BJHL,58,34,20,1012.1,20242.0,"2026-04-28, 2:59:57:297 PM",2026042801110909
BJHL,57,34,30,1013.0,30390.0,"2026-04-28, 2:59:57:297 PM",2026042801110908
BJHL,17,59,10,1013.1,10131.0,"2026-04-28, 2:59:56:531 PM",2026042801110886
BJHL,57,26,10,1013.0,10130.0,"2026-04-28, 2:59:50:081 PM",2026042801110553
BJHL,57,58,10,1013.0,10130.0,"2026-04-28, 2:59:36:732 PM",2026042801110257
BJHL,10,58,10,1016.0,10160.0,"2026-04-28, 2:59:33:138 PM",2026042801110177
BJHL,46,41,10,1012.0,10120.0,"2026-04-28, 2:59:21:795 PM",2026042801109812
BJHL,10,49,10,1015.0,10150.0,"2026-04-28, 2:59:19:426 PM",2026042801109773
BJHL,46,22,10,1012.0,10120.0,"2026-04-28, 2:59:16:603 PM",2026042801109681
BJHL,8,18,10,1010.2,10102.0,"2026-04-28, 2:59:09:671 PM",2026042801109516
BJHL,17,18,90,1010.2,90918.0,"2026-04-28, 2:59:09:671 PM",2026042801109515
BJHL,22,18,10,1010.3,10103.0,"2026-04-28, 2:59:09:671 PM",2026042801109514
BJHL,37,18,10,1011.0,10110.0,"2026-04-28, 2:59:09:671 PM",2026042801109513
BJHL,59,18,70,1011.0,70770.0,"2026-04-28, 2:59:09:671 PM",2026042801109512
BJHL,58,18,10,1012.0,10120.0,"2026-04-28, 2:59:09:671 PM",2026042801109511
BJHL,82,18,100,1015.0,101500.0,"2026-04-28, 2:59:09:671 PM",2026042801109510
BJHL,82,8,10,1015.0,10150.0,"2026-04-28, 2:59:09:186 PM",2026042801109501
BJHL,17,99,140,1016.0,142240.0,"2026-04-28, 2:59:07:081 PM",2026042801109434
BJHL,34,49,10,1015.1,10151.0,"2026-04-28, 2:58:59:708 PM",2026042801109340
BJHL,82,97,10,1015.0,10150.0,"2026-04-28, 2:58:49:510 PM",2026042801109166
BJHL,82,7,10,1015.0,10150.0,"2026-04-28, 2:58:49:510 PM",2026042801109165
BJHL,82,35,10,1015.0,10150.0,"2026-04-28, 2:58:49:510 PM",2026042801109164
BJHL,82,49,40,1015.0,40600.0,"2026-04-28, 2:58:49:509 PM",2026042801109163
BJHL,82,42,10,1015.0,10150.0,"2026-04-28, 2:58:49:509 PM",2026042801109162
BJHL,82,58,10,1015.0,10150.0,"2026-04-28, 2:58:49:508 PM",2026042801109161
BJHL,82,39,90,1015.0,91350.0,"2026-04-28, 2:58:49:508 PM",2026042801109160
BJHL,82,96,10,1014.0,10140.0,"2026-04-28, 2:58:49:507 PM",2026042801109159
BJHL,47,45,10,1012.0,10120.0,"2026-04-28, 2:58:48:336 PM",2026042801109150
BJHL,47,58,10,1012.0,10120.0,"2026-04-28, 2:58:47:604 PM",2026042801109141
BJHL,47,45,10,1012.0,10120.0,"2026-04-28, 2:58:45:796 PM",2026042801109106
BJHL,59,52,30,1011.0,30330.0,"2026-04-28, 2:58:40:113 PM",2026042801109045
BJHL,17,52,10,1011.0,10110.0,"2026-04-28, 2:58:40:113 PM",2026042801109044
BJHL,42,52,10,1011.0,10110.0,"2026-04-28, 2:58:40:112 PM",2026042801109043
BJHL,42,42,20,1011.0,20220.0,"2026-04-28, 2:58:39:976 PM",2026042801109041
BJHL,42,63,60,1011.0,60660.0,"2026-04-28, 2:58:39:084 PM",2026042801109027
BJHL,42,21,10,1011.0,10110.0,"2026-04-28, 2:58:36:612 PM",2026042801108985
BJHL,58,41,10,1010.4,10104.0,"2026-04-28, 2:58:31:100 PM",2026042801108948
BJHL,57,49,10,1012.0,10120.0,"2026-04-28, 2:58:21:212 PM",2026042801108796
BJHL,17,45,10,1010.2,10102.0,"2026-04-28, 2:58:13:457 PM",2026042801108709
BJHL,58,57,40,1010.1,40404.0,"2026-04-28, 2:57:56:150 PM",2026042801108438
BJHL,35,57,10,1010.1,10101.0,"2026-04-28, 2:57:56:149 PM",2026042801108437
BJHL,35,58,10,1010.1,10101.0,"2026-04-28, 2:57:49:990 PM",2026042801108380
BJHL,58,22,15,1014.0,15210.0,"2026-04-28, 2:57:38:574 PM",2026042801108252
BJHL,44,49,10,1010.0,10100.0,"2026-04-28, 2:57:29:671 PM",2026042801108126
BJHL,14,39,10,1015.1,10151.0,"2026-04-28, 2:56:22:250 PM",2026042801107153
BJHL,16,58,40,1008.8,40352.0,"2026-04-28, 2:56:20:441 PM",2026042801107131
BJHL,38,58,10,1008.9,10089.0,"2026-04-28, 2:56:20:441 PM",2026042801107130
BJHL,14,58,10,1009.0,10090.0,"2026-04-28, 2:56:20:441 PM",2026042801107129
BJHL,59,58,100,1009.0,100900.0,"2026-04-28, 2:56:20:440 PM",2026042801107128
BJHL,50,58,10,1010.0,10100.0,"2026-04-28, 2:56:20:440 PM",2026042801107127
BJHL,39,58,20,1010.0,20200.0,"2026-04-28, 2:56:20:440 PM",2026042801107126
BJHL,34,58,10,1010.0,10100.0,"2026-04-28, 2:56:20:440 PM",2026042801107125
BJHL,14,58,30,1010.1,30303.0,"2026-04-28, 2:56:20:440 PM",2026042801107124
BJHL,59,58,100,1011.0,101100.0,"2026-04-28, 2:56:20:440 PM",2026042801107123
BJHL,57,58,200,1011.1,202220.0,"2026-04-28, 2:56:20:440 PM",2026042801107122
BJHL,58,58,10,1015.0,10150.0,"2026-04-28, 2:56:20:440 PM",2026042801107121
BJHL,36,58,10,1015.0,10150.0,"2026-04-28, 2:56:20:440 PM",2026042801107120
BJHL,66,58,10,1015.0,10150.0,"2026-04-28, 2:56:20:440 PM",2026042801107119
BJHL,58,58,10,1015.1,10151.0,"2026-04-28, 2:56:20:440 PM",2026042801107118
BJHL,6,99,300,1016.0,304800.0,"2026-04-28, 2:56:09:755 PM",2026042801106976
BJHL,58,99,59,1018.1,60067.9,"2026-04-28, 2:56:09:754 PM",2026042801106975
BJHL,58,43,10,1020.0,10200.0,"2026-04-28, 2:55:17:805 PM",2026042801106320
BJHL,59,43,500,1020.0,510000.0,"2026-04-28, 2:55:17:805 PM",2026042801106319
BJHL,6,43,300,1020.0,306000.0,"2026-04-28, 2:55:17:804 PM",2026042801106318
BJHL,48,43,50,1020.0,51000.0,"2026-04-28, 2:55:17:804 PM",2026042801106317
BJHL,35,43,20,1020.0,20400.0,"2026-04-28, 2:55:17:803 PM",2026042801106316
BJHL,35,49,10,1020.0,10200.0,"2026-04-28, 2:55:13:984 PM",2026042801106285
BJHL,22,22,10,1020.1,10201.0,"2026-04-28, 2:55:10:051 PM",2026042801106206
BJHL,22,11,10,1020.1,10201.0,"2026-04-28, 2:55:00:975 PM",2026042801106119
BJHL,22,7,10,1020.1,10201.0,"2026-04-28, 2:54:47:594 PM",2026042801105976
BJHL,22,45,10,1020.1,10201.0,"2026-04-28, 2:54:47:264 PM",2026042801105975
BJHL,22,6,20,1020.1,20402.0,"2026-04-28, 2:54:39:217 PM",2026042801105905
BJHL,22,26,10,1020.1,10201.0,"2026-04-28, 2:54:29:966 PM",2026042801105794
BJHL,22,57,10,1020.1,10201.0,"2026-04-28, 2:54:22:905 PM",2026042801105719
BJHL,44,57,100,1021.0,102100.0,"2026-04-28, 2:54:20:582 PM",2026042801105703
BJHL,35,57,10,1021.0,10210.0,"2026-04-28, 2:53:49:311 PM",2026042801105359
BJHL,22,49,10,1020.1,10201.0,"2026-04-28, 2:53:46:607 PM",2026042801105303
BJHL,62,57,50,1021.0,51050.0,"2026-04-28, 2:53:40:659 PM",2026042801105263
BJHL,22,38,10,1020.1,10201.0,"2026-04-28, 2:53:29:303 PM",2026042801105152
BJHL,4,57,20,1021.0,20420.0,"2026-04-28, 2:53:28:958 PM",2026042801105150
BJHL,22,57,20,1022.0,20440.0,"2026-04-28, 2:52:42:343 PM",2026042801104693
BJHL,56,57,249,1022.0,254478.0,"2026-04-28, 2:52:40:995 PM",2026042801104684
BJHL,56,57,10,1022.0,10220.0,"2026-04-28, 2:52:26:101 PM",2026042801104460
BJHL,56,89,10,1022.0,10220.0,"2026-04-28, 2:52:19:471 PM",2026042801104344
BJHL,56,62,10,1022.0,10220.0,"2026-04-28, 2:52:19:471 PM",2026042801104343
BJHL,56,42,100,1022.0,102200.0,"2026-04-28, 2:52:19:471 PM",2026042801104342
BJHL,56,44,10,1022.0,10220.0,"2026-04-28, 2:52:19:471 PM",2026042801104341
BJHL,56,32,50,1022.0,51100.0,"2026-04-28, 2:52:19:471 PM",2026042801104340
BJHL,56,57,10,1022.0,10220.0,"2026-04-28, 2:52:19:470 PM",2026042801104339
BJHL,56,49,10,1022.0,10220.0,"2026-04-28, 2:52:19:470 PM",2026042801104338
BJHL,56,47,51,1022.0,52122.0,"2026-04-28, 2:52:19:470 PM",2026042801104337
BJHL,56,58,10,1020.1,10201.0,"2026-04-28, 2:52:19:470 PM",2026042801104336
BJHL,49,58,10,1020.0,10200.0,"2026-04-28, 2:52:12:977 PM",2026042801104286
BJHL,50,58,10,1020.0,10200.0,"2026-04-28, 2:52:12:977 PM",2026042801104285
BJHL,57,58,50,1020.0,51000.0,"2026-04-28, 2:52:12:977 PM",2026042801104284
BJHL,6,58,20,1020.0,20400.0,"2026-04-28, 2:52:12:977 PM",2026042801104283
BJHL,34,58,10,1020.1,10201.0,"2026-04-28, 2:52:12:977 PM",2026042801104282
BJHL,45,58,178,1020.1,181577.8,"2026-04-28, 2:52:12:977 PM",2026042801104281
BJHL,45,34,12,1020.1,12241.2,"2026-04-28, 2:52:02:664 PM",2026042801104167
BJHL,14,34,10,1020.1,10201.0,"2026-04-28, 2:52:02:664 PM",2026042801104166
BJHL,17,34,28,1020.5,28574.0,"2026-04-28, 2:52:02:664 PM",2026042801104165
BJHL,45,34,20,1020.5,20410.0,"2026-04-28, 2:52:02:664 PM",2026042801104164
BJHL,8,6,10,1021.1,10211.0,"2026-04-28, 2:52:01:490 PM",2026042801104144
BJHL,8,38,10,1021.1,10211.0,"2026-04-28, 2:51:24:822 PM",2026042801103728
BJHL,49,47,100,1022.0,102200.0,"2026-04-28, 2:51:15:683 PM",2026042801103652
BJHL,8,42,10,1021.1,10211.0,"2026-04-28, 2:51:12:170 PM",2026042801103624
BJHL,8,45,10,1021.1,10211.0,"2026-04-28, 2:51:04:973 PM",2026042801103508
BJHL,8,33,10,1021.1,10211.0,"2026-04-28, 2:50:49:318 PM",2026042801103387
BJHL,58,47,40,1022.0,40880.0,"2026-04-28, 2:50:47:977 PM",2026042801103383
BJHL,6,47,30,1022.0,30660.0,"2026-04-28, 2:50:36:349 PM",2026042801103303
BJHL,45,47,150,1022.0,153300.0,"2026-04-28, 2:50:35:694 PM",2026042801103294
BJHL,45,47,150,1022.0,153300.0,"2026-04-28, 2:50:07:803 PM",2026042801103039
BJHL,42,47,60,1022.0,61320.0,"2026-04-28, 2:50:03:015 PM",2026042801103000
BJHL,57,47,10,1022.0,10220.0,"2026-04-28, 2:50:01:625 PM",2026042801102938
BJHL,42,47,50,1022.0,51100.0,"2026-04-28, 2:50:01:625 PM",2026042801102937
BJHL,4,47,29,1022.0,29638.0,"2026-04-28, 2:50:01:625 PM",2026042801102936
BJHL,6,47,150,1022.0,153300.0,"2026-04-28, 2:50:01:625 PM",2026042801102935
BJHL,6,47,80,1022.0,81760.0,"2026-04-28, 2:50:01:625 PM",2026042801102934
BJHL,8,47,100,1022.5,102250.0,"2026-04-28, 2:50:01:625 PM",2026042801102933
BJHL,6,45,10,1022.0,10220.0,"2026-04-28, 2:49:04:443 PM",2026042801102529
BJHL,10,42,10,1022.5,10225.0,"2026-04-28, 2:49:03:208 PM",2026042801102527
BJHL,6,39,10,1022.0,10220.0,"2026-04-28, 2:49:00:931 PM",2026042801102517
BJHL,6,56,10,1022.0,10220.0,"2026-04-28, 2:48:49:868 PM",2026042801102451
BJHL,6,26,10,1022.0,10220.0,"2026-04-28, 2:48:38:261 PM",2026042801102333
BJHL,6,25,10,1022.0,10220.0,"2026-04-28, 2:48:31:086 PM",2026042801102236
BJHL,10,38,10,1024.0,10240.0,"2026-04-28, 2:48:16:863 PM",2026042801102119
BJHL,10,42,10,1024.0,10240.0,"2026-04-28, 2:48:16:863 PM",2026042801102118
BJHL,6,58,10,1022.0,10220.0,"2026-04-28, 2:47:32:551 PM",2026042801101736
BJHL,10,41,10,1025.0,10250.0,"2026-04-28, 2:47:23:001 PM",2026042801101660
BJHL,10,58,10,1025.0,10250.0,"2026-04-28, 2:47:23:000 PM",2026042801101659
BJHL,6,58,10,1022.0,10220.0,"2026-04-28, 2:47:17:197 PM",2026042801101617
BJHL,6,58,10,1022.0,10220.0,"2026-04-28, 2:47:04:645 PM",2026042801101495
BJHL,6,49,10,1022.0,10220.0,"2026-04-28, 2:46:44:324 PM",2026042801101265
BJHL,14,49,10,1022.1,10221.0,"2026-04-28, 2:46:43:933 PM",2026042801101261
BJHL,6,58,10,1022.0,10220.0,"2026-04-28, 2:46:35:842 PM",2026042801101204
BJHL,6,49,10,1022.0,10220.0,"2026-04-28, 2:46:25:981 PM",2026042801101116
BJHL,42,41,10,1025.0,10250.0,"2026-04-28, 2:46:24:920 PM",2026042801101107
BJHL,42,21,10,1025.0,10250.0,"2026-04-28, 2:46:24:920 PM",2026042801101106
BJHL,42,34,10,1025.0,10250.0,"2026-04-28, 2:46:24:919 PM",2026042801101105
BJHL,39,58,10,1022.1,10221.0,"2026-04-28, 2:46:24:419 PM",2026042801101101
BJHL,39,38,10,1022.1,10221.0,"2026-04-28, 2:46:22:719 PM",2026042801101092
BJHL,38,58,5,1022.0,5110.0,"2026-04-28, 2:46:05:463 PM",2026042801100939
BJHL,6,58,9,1025.0,9225.0,"2026-04-28, 2:46:04:867 PM",2026042801100930
BJHL,13,49,10,1022.5,10225.0,"2026-04-28, 2:45:59:589 PM",2026042801100888
BJHL,38,34,10,1025.0,10250.0,"2026-04-28, 2:45:49:053 PM",2026042801100777
BJHL,13,49,10,1022.5,10225.0,"2026-04-28, 2:45:34:450 PM",2026042801100639
BJHL,58,82,101,1022.1,103232.1,"2026-04-28, 2:45:18:224 PM",2026042801100491
BJHL,58,45,10,1022.1,10221.0,"2026-04-28, 2:45:15:650 PM",2026042801100438
BJHL,58,58,10,1022.1,10221.0,"2026-04-28, 2:45:11:324 PM",2026042801100397
BJHL,58,8,10,1022.1,10221.0,"2026-04-28, 2:45:09:791 PM",2026042801100376
BJHL,58,58,10,1022.1,10221.0,"2026-04-28, 2:45:06:428 PM",2026042801100344
BJHL,58,42,10,1022.1,10221.0,"2026-04-28, 2:45:05:819 PM",2026042801100334
BJHL,58,39,10,1022.1,10221.0,"2026-04-28, 2:45:02:863 PM",2026042801100300
BJHL,58,96,10,1022.1,10221.0,"2026-04-28, 2:44:55:965 PM",2026042801100238
BJHL,58,17,10,1022.1,10221.0,"2026-04-28, 2:44:53:125 PM",2026042801100218
BJHL,6,42,10,1022.0,10220.0,"2026-04-28, 2:44:37:141 PM",2026042801100119
BJHL,34,34,10,1025.0,10250.0,"2026-04-28, 2:44:26:399 PM",2026042801100046
BJHL,6,42,10,1025.0,10250.0,"2026-04-28, 2:44:22:884 PM",2026042801100005
BJHL,6,58,10,1025.0,10250.0,"2026-04-28, 2:44:22:772 PM",2026042801100000
BJHL,6,82,161,1025.0,165025.0,"2026-04-28, 2:44:20:111 PM",2026042801099963
BJHL,6,67,10,1025.0,10250.0,"2026-04-28, 2:44:18:085 PM",2026042801099928
BJHL,57,58,10,1025.0,10250.0,"2026-04-28, 2:44:17:254 PM",2026042801099918
BJHL,57,49,10,1025.0,10250.0,"2026-04-28, 2:43:59:602 PM",2026042801099742
BJHL,57,57,10,1025.0,10250.0,"2026-04-28, 2:43:59:309 PM",2026042801099739
BJHL,48,17,10,1025.1,10251.0,"2026-04-28, 2:43:52:363 PM",2026042801099692
BJHL,42,7,10,1025.2,10252.0,"2026-04-28, 2:43:52:085 PM",2026042801099684
BJHL,42,54,10,1025.2,10252.0,"2026-04-28, 2:43:36:253 PM",2026042801099427
BJHL,58,34,25,1026.0,25650.0,"2026-04-28, 2:43:22:146 PM",2026042801099213
BJHL,58,58,10,1026.0,10260.0,"2026-04-28, 2:43:08:128 PM",2026042801098925
BJHL,58,4,10,1026.0,10260.0,"2026-04-28, 2:43:04:271 PM",2026042801098894
BJHL,58,44,10,1026.0,10260.0,"2026-04-28, 2:43:03:333 PM",2026042801098882
BJHL,58,34,50,1026.0,51300.0,"2026-04-28, 2:42:58:708 PM",2026042801098827
BJHL,35,34,20,1026.0,20520.0,"2026-04-28, 2:42:58:134 PM",2026042801098820
BJHL,35,58,10,1026.0,10260.0,"2026-04-28, 2:42:48:207 PM",2026042801098706
BJHL,35,14,10,1026.0,10260.0,"2026-04-28, 2:42:41:756 PM",2026042801098614
BJHL,35,58,10,1026.0,10260.0,"2026-04-28, 2:42:36:450 PM",2026042801098558
BJHL,35,64,10,1026.0,10260.0,"2026-04-28, 2:42:10:485 PM",2026042801098298
BJHL,35,66,10,1026.0,10260.0,"2026-04-28, 2:42:07:173 PM",2026042801098270
BJHL,35,21,10,1026.0,10260.0,"2026-04-28, 2:41:52:178 PM",2026042801098093
BJHL,35,14,10,1026.0,10260.0,"2026-04-28, 2:41:12:721 PM",2026042801097727
BJHL,35,42,10,1026.0,10260.0,"2026-04-28, 2:41:07:067 PM",2026042801097656
BJHL,34,47,10,1026.0,10260.0,"2026-04-28, 2:41:04:396 PM",2026042801097608
BJHL,34,58,10,1026.0,10260.0,"2026-04-28, 2:40:59:266 PM",2026042801097579
BJHL,56,58,40,1026.0,41040.0,"2026-04-28, 2:40:47:362 PM",2026042801097445
BJHL,10,6,10,1030.0,10300.0,"2026-04-28, 2:40:46:401 PM",2026042801097431
BJHL,10,22,10,1030.0,10300.0,"2026-04-28, 2:40:46:401 PM",2026042801097430
BJHL,56,58,10,1026.0,10260.0,"2026-04-28, 2:40:36:105 PM",2026042801097300
BJHL,56,17,10,1026.0,10260.0,"2026-04-28, 2:40:35:637 PM",2026042801097296
BJHL,10,57,30,1030.0,30900.0,"2026-04-28, 2:39:55:735 PM",2026042801096857
BJHL,10,73,10,1030.0,10300.0,"2026-04-28, 2:39:46:639 PM",2026042801096727
BJHL,10,48,10,1030.0,10300.0,"2026-04-28, 2:39:31:038 PM",2026042801096567
BJHL,10,6,10,1030.0,10300.0,"2026-04-28, 2:39:23:037 PM",2026042801096495
BJHL,10,49,10,1035.0,10350.0,"2026-04-28, 2:39:07:832 PM",2026042801096320
BJHL,10,25,40,1038.0,41520.0,"2026-04-28, 2:38:15:459 PM",2026042801095961
BJHL,36,25,20,1038.0,20760.0,"2026-04-28, 2:37:38:710 PM",2026042801095590
BJHL,10,58,10,1030.0,10300.0,"2026-04-28, 2:37:20:586 PM",2026042801095443
BJHL,10,91,10,1030.0,10300.0,"2026-04-28, 2:36:57:283 PM",2026042801095257
BJHL,10,34,10,1030.0,10300.0,"2026-04-28, 2:36:26:874 PM",2026042801094987
BJHL,10,28,10,1030.0,10300.0,"2026-04-28, 2:36:26:628 PM",2026042801094986
BJHL,25,6,10,1026.1,10261.0,"2026-04-28, 2:36:20:897 PM",2026042801094939
BJHL,10,53,10,1030.0,10300.0,"2026-04-28, 2:35:53:954 PM",2026042801094707
BJHL,10,57,10,1030.0,10300.0,"2026-04-28, 2:35:38:275 PM",2026042801094591
BJHL,25,49,10,1026.1,10261.0,"2026-04-28, 2:34:54:015 PM",2026042801094263
BJHL,10,49,10,1030.0,10300.0,"2026-04-28, 2:34:51:971 PM",2026042801094249
BJHL,10,38,10,1030.0,10300.0,"2026-04-28, 2:34:51:971 PM",2026042801094248
BJHL,25,46,10,1026.1,10261.0,"2026-04-28, 2:34:18:117 PM",2026042801094005
BJHL,25,58,10,1026.1,10261.0,"2026-04-28, 2:33:54:239 PM",2026042801093846
BJHL,56,52,10,1026.0,10260.0,"2026-04-28, 2:33:39:481 PM",2026042801093715
BJHL,56,62,10,1026.0,10260.0,"2026-04-28, 2:33:36:987 PM",2026042801093698
BJHL,56,42,10,1026.0,10260.0,"2026-04-28, 2:33:30:946 PM",2026042801093657
BJHL,56,11,10,1026.0,10260.0,"2026-04-28, 2:33:26:773 PM",2026042801093602
BJHL,58,58,10,1025.9,10259.0,"2026-04-28, 2:33:22:436 PM",2026042801093566
BJHL,25,7,10,1025.2,10252.0,"2026-04-28, 2:32:54:240 PM",2026042801093314
BJHL,25,21,10,1025.2,10252.0,"2026-04-28, 2:32:50:805 PM",2026042801093285
BJHL,58,47,10,1025.2,10252.0,"2026-04-28, 2:32:43:831 PM",2026042801093233
BJHL,58,45,10,1025.2,10252.0,"2026-04-28, 2:32:34:013 PM",2026042801093142
BJHL,48,97,10,1025.1,10251.0,"2026-04-28, 2:32:16:413 PM",2026042801093014
BJHL,48,29,10,1025.1,10251.0,"2026-04-28, 2:32:06:703 PM",2026042801092942
BJHL,34,38,400,1026.0,410400.0,"2026-04-28, 2:31:54:522 PM",2026042801092869
BJHL,48,13,59,1025.1,60480.9,"2026-04-28, 2:31:52:211 PM",2026042801092857
BJHL,19,13,26,1025.2,26655.2,"2026-04-28, 2:31:52:211 PM",2026042801092856
BJHL,19,89,10,1025.2,10252.0,"2026-04-28, 2:31:47:547 PM",2026042801092834
BJHL,42,38,100,1026.0,102600.0,"2026-04-28, 2:31:42:731 PM",2026042801092808
BJHL,42,38,100,1026.0,102600.0,"2026-04-28, 2:30:55:738 PM",2026042801092462
BJHL,38,38,10,1025.3,10253.0,"2026-04-28, 2:30:50:999 PM",2026042801092413
BJHL,38,36,10,1025.3,10253.0,"2026-04-28, 2:30:47:365 PM",2026042801092389
BJHL,42,38,500,1026.0,513000.0,"2026-04-28, 2:30:43:943 PM",2026042801092376
BJHL,38,58,10,1025.3,10253.0,"2026-04-28, 2:30:25:378 PM",2026042801092231
BJHL,17,38,144,1026.0,147744.0,"2026-04-28, 2:30:25:316 PM",2026042801092230
BJHL,38,35,10,1025.3,10253.0,"2026-04-28, 2:30:22:058 PM",2026042801092216
BJHL,38,17,10,1025.3,10253.0,"2026-04-28, 2:30:11:922 PM",2026042801092142
BJHL,38,47,50,1025.3,51265.0,"2026-04-28, 2:30:06:421 PM",2026042801092119
BJHL,6,38,300,1026.0,307800.0,"2026-04-28, 2:29:37:277 PM",2026042801091904
BJHL,49,38,60,1030.0,61800.0,"2026-04-28, 2:29:37:277 PM",2026042801091903
BJHL,66,38,20,1030.0,20600.0,"2026-04-28, 2:29:37:276 PM",2026042801091902
BJHL,6,38,200,1031.0,206200.0,"2026-04-28, 2:29:37:276 PM",2026042801091901
BJHL,35,38,20,1035.0,20700.0,"2026-04-28, 2:29:37:275 PM",2026042801091900
BJHL,35,25,80,1035.0,82800.0,"2026-04-28, 2:29:31:593 PM",2026042801091862
BJHL,44,25,20,1035.0,20700.0,"2026-04-28, 2:29:31:592 PM",2026042801091861
BJHL,49,45,10,1035.0,10350.0,"2026-04-28, 2:29:17:757 PM",2026042801091784
BJHL,49,50,10,1035.0,10350.0,"2026-04-28, 2:28:54:516 PM",2026042801091668
BJHL,6,77,10,1038.0,10380.0,"2026-04-28, 2:28:19:319 PM",2026042801091439
BJHL,6,74,10,1038.0,10380.0,"2026-04-28, 2:28:14:102 PM",2026042801091394
BJHL,6,42,10,1038.0,10380.0,"2026-04-28, 2:27:53:322 PM",2026042801091242
BJHL,57,38,50,1039.9,51995.00000000001,"2026-04-28, 2:27:42:213 PM",2026042801091173
BJHL,6,8,10,1038.0,10380.0,"2026-04-28, 2:26:28:869 PM",2026042801090650
BJHL,6,53,10,1038.0,10380.0,"2026-04-28, 2:26:27:221 PM",2026042801090643
BJHL,36,19,10,1040.0,10400.0,"2026-04-28, 2:26:20:102 PM",2026042801090548
BJHL,57,42,10,1040.0,10400.0,"2026-04-28, 2:25:59:165 PM",2026042801090384
BJHL,57,58,10,1040.0,10400.0,"2026-04-28, 2:25:46:851 PM",2026042801090271
BJHL,6,58,10,1050.0,10500.0,"2026-04-28, 2:25:02:887 PM",2026042801089954
BJHL,6,58,10,1046.0,10460.0,"2026-04-28, 2:25:02:887 PM",2026042801089953
BJHL,6,59,10,1042.0,10420.0,"2026-04-28, 2:25:02:886 PM",2026042801089952
BJHL,6,49,10,1040.0,10400.0,"2026-04-28, 2:25:02:886 PM",2026042801089951
BJHL,10,17,10,1041.9,10419.0,"2026-04-28, 2:24:33:613 PM",2026042801089745
BJHL,10,42,10,1040.0,10400.0,"2026-04-28, 2:24:15:878 PM",2026042801089620
BJHL,10,49,10,1040.0,10400.0,"2026-04-28, 2:24:15:878 PM",2026042801089619
BJHL,10,6,10,1040.0,10400.0,"2026-04-28, 2:24:15:877 PM",2026042801089618
BJHL,22,45,10,1040.0,10400.0,"2026-04-28, 2:24:13:700 PM",2026042801089599
BJHL,58,22,10,1040.0,10400.0,"2026-04-28, 2:24:09:875 PM",2026042801089570
BJHL,58,49,10,1040.0,10400.0,"2026-04-28, 2:24:09:875 PM",2026042801089569
BJHL,10,52,10,1040.0,10400.0,"2026-04-28, 2:23:39:000 PM",2026042801089351
BJHL,49,13,10,1035.0,10350.0,"2026-04-28, 2:23:37:103 PM",2026042801089341
BJHL,49,17,10,1035.0,10350.0,"2026-04-28, 2:23:09:346 PM",2026042801089113
BJHL,49,35,10,1035.0,10350.0,"2026-04-28, 2:23:09:346 PM",2026042801089112
BJHL,54,57,10,1035.0,10350.0,"2026-04-28, 2:22:59:503 PM",2026042801089063
BJHL,57,38,10,1030.0,10300.0,"2026-04-28, 2:22:55:991 PM",2026042801089031
BJHL,57,32,50,1030.0,51500.0,"2026-04-28, 2:22:47:481 PM",2026042801088957
BJHL,57,48,10,1030.0,10300.0,"2026-04-28, 2:22:47:480 PM",2026042801088956
BJHL,38,58,10,1030.0,10300.0,"2026-04-28, 2:22:42:012 PM",2026042801088933
BJHL,38,99,186,1030.0,191580.0,"2026-04-28, 2:22:42:012 PM",2026042801088932
BJHL,17,49,10,1027.0,10270.0,"2026-04-28, 2:22:22:977 PM",2026042801088798
BJHL,48,58,10,1025.1,10251.0,"2026-04-28, 2:22:01:177 PM",2026042801088654
BJHL,44,42,10,1029.9,10299.0,"2026-04-28, 2:21:59:707 PM",2026042801088645
BJHL,25,99,14,1030.0,14420.0,"2026-04-28, 2:21:19:988 PM",2026042801088350
BJHL,25,42,10,1030.0,10300.0,"2026-04-28, 2:21:19:987 PM",2026042801088349
BJHL,17,58,10,1025.0,10250.0,"2026-04-28, 2:21:02:188 PM",2026042801088213
BJHL,17,87,10,1025.0,10250.0,"2026-04-28, 2:21:02:188 PM",2026042801088212
BJHL,43,45,10,1024.0,10240.0,"2026-04-28, 2:21:01:043 PM",2026042801088206
BJHL,43,49,150,1024.0,153600.0,"2026-04-28, 2:20:52:970 PM",2026042801088162
BJHL,58,49,15,1024.0,15360.0,"2026-04-28, 2:20:51:631 PM",2026042801088152
BJHL,10,58,10,1023.0,10230.0,"2026-04-28, 2:20:48:011 PM",2026042801088093
BJHL,44,49,10,1023.0,10230.0,"2026-04-28, 2:20:41:261 PM",2026042801088031
BJHL,25,57,56,1021.2,57187.2,"2026-04-28, 2:20:40:915 PM",2026042801088028
BJHL,34,57,50,1021.3,51065.0,"2026-04-28, 2:20:40:914 PM",2026042801088027
BJHL,6,57,200,1022.0,204400.0,"2026-04-28, 2:20:40:914 PM",2026042801088026
BJHL,25,57,10,1021.2,10212.0,"2026-04-28, 2:20:35:902 PM",2026042801087991
BJHL,25,41,10,1021.2,10212.0,"2026-04-28, 2:20:35:826 PM",2026042801087988
BJHL,17,34,10,1021.2,10212.0,"2026-04-28, 2:20:32:521 PM",2026042801087968
BJHL,17,34,10,1022.4,10224.0,"2026-04-28, 2:19:50:193 PM",2026042801087686
BJHL,17,58,10,1022.4,10224.0,"2026-04-28, 2:19:49:508 PM",2026042801087679
BJHL,17,57,225,1022.4,230040.0,"2026-04-28, 2:19:49:508 PM",2026042801087678
BJHL,48,33,10,1021.0,10210.0,"2026-04-28, 2:19:44:087 PM",2026042801087640
BJHL,26,57,90,1022.4,92016.0,"2026-04-28, 2:19:25:345 PM",2026042801087506
BJHL,26,58,10,1021.0,10210.0,"2026-04-28, 2:19:25:344 PM",2026042801087505
BJHL,6,42,10,1020.0,10200.0,"2026-04-28, 2:19:15:815 PM",2026042801087450
BJHL,14,42,10,1020.1,10201.0,"2026-04-28, 2:19:15:109 PM",2026042801087445
BJHL,6,57,10,1020.0,10200.0,"2026-04-28, 2:19:11:692 PM",2026042801087426
BJHL,6,58,10,1020.0,10200.0,"2026-04-28, 2:19:03:165 PM",2026042801087371
BJHL,44,57,10,1022.4,10224.0,"2026-04-28, 2:18:50:791 PM",2026042801087292
BJHL,22,57,69,1020.5,70414.5,"2026-04-28, 2:18:34:756 PM",2026042801087182
BJHL,6,57,600,1020.5,612300.0,"2026-04-28, 2:18:34:755 PM",2026042801087181
BJHL,19,57,25,1020.6,25515.0,"2026-04-28, 2:18:34:755 PM",2026042801087180
BJHL,17,34,10,1020.7,10207.0,"2026-04-28, 2:18:30:737 PM",2026042801087157
BJHL,3,57,35,1022.4,35784.0,"2026-04-28, 2:18:18:884 PM",2026042801087073
BJHL,22,57,10,1022.4,10224.0,"2026-04-28, 2:18:05:317 PM",2026042801086970
BJHL,1,57,450,1022.4,460080.0,"2026-04-28, 2:18:03:997 PM",2026042801086960
BJHL,58,57,50,1022.5,51125.0,"2026-04-28, 2:18:03:997 PM",2026042801086959
BJHL,59,57,100,1023.0,102300.0,"2026-04-28, 2:18:03:997 PM",2026042801086958
BJHL,38,57,20,1023.0,20460.0,"2026-04-28, 2:18:03:996 PM",2026042801086957
BJHL,35,57,10,1023.4,10234.0,"2026-04-28, 2:18:03:996 PM",2026042801086956
BJHL,96,49,100,1024.0,102400.0,"2026-04-28, 2:17:59:457 PM",2026042801086925
BJHL,48,49,100,1024.0,102400.0,"2026-04-28, 2:17:44:197 PM",2026042801086810
BJHL,50,49,10,1024.0,10240.0,"2026-04-28, 2:17:44:196 PM",2026042801086809
BJHL,42,34,10,1024.1,10241.0,"2026-04-28, 2:17:22:378 PM",2026042801086630
BJHL,58,58,10,1024.2,10242.0,"2026-04-28, 2:16:48:018 PM",2026042801086347
BJHL,33,14,67,1024.0,68608.0,"2026-04-28, 2:16:45:184 PM",2026042801086333
BJHL,14,14,10,1024.1,10241.0,"2026-04-28, 2:16:45:183 PM",2026042801086332
BJHL,19,14,20,1024.1,20482.0,"2026-04-28, 2:16:45:183 PM",2026042801086331
BJHL,19,58,10,1024.1,10241.0,"2026-04-28, 2:16:32:385 PM",2026042801086250
BJHL,33,48,10,1024.0,10240.0,"2026-04-28, 2:16:10:059 PM",2026042801086085
BJHL,17,85,10,1024.1,10241.0,"2026-04-28, 2:16:08:666 PM",2026042801086056
BJHL,49,1,20,1024.1,20482.0,"2026-04-28, 2:15:58:475 PM",2026042801085997
BJHL,49,58,10,1024.1,10241.0,"2026-04-28, 2:15:12:730 PM",2026042801085630
BJHL,17,1,10,1025.0,10250.0,"2026-04-28, 2:15:11:277 PM",2026042801085620
BJHL,8,1,30,1025.0,30750.0,"2026-04-28, 2:14:56:803 PM",2026042801085526
BJHL,8,58,10,1025.0,10250.0,"2026-04-28, 2:14:52:845 PM",2026042801085512
BJHL,8,22,10,1025.0,10250.0,"2026-04-28, 2:14:39:653 PM",2026042801085419
BJHL,42,38,10,1025.0,10250.0,"2026-04-28, 2:14:22:210 PM",2026042801085266
BJHL,17,1,20,1030.0,20600.0,"2026-04-28, 2:14:12:989 PM",2026042801085194
BJHL,17,6,30,1030.0,30900.0,"2026-04-28, 2:14:03:938 PM",2026042801085135
BJHL,17,45,10,1030.0,10300.0,"2026-04-28, 2:14:03:128 PM",2026042801085127
BJHL,17,35,10,1030.0,10300.0,"2026-04-28, 2:13:39:416 PM",2026042801084918
BJHL,17,43,10,1030.0,10300.0,"2026-04-28, 2:13:16:169 PM",2026042801084756
BJHL,17,35,10,1030.0,10300.0,"2026-04-28, 2:13:15:650 PM",2026042801084754
BJHL,17,53,10,1025.0,10250.0,"2026-04-28, 2:13:15:650 PM",2026042801084753
BJHL,33,97,10,1024.0,10240.0,"2026-04-28, 2:13:14:965 PM",2026042801084730
BJHL,45,64,10,1037.0,10370.0,"2026-04-28, 2:13:07:409 PM",2026042801084670
BJHL,45,57,10,1037.0,10370.0,"2026-04-28, 2:13:07:408 PM",2026042801084669
BJHL,45,42,120,1035.0,124200.0,"2026-04-28, 2:13:07:408 PM",2026042801084668
BJHL,45,34,10,1035.0,10350.0,"2026-04-28, 2:13:07:407 PM",2026042801084667
BJHL,33,57,10,1024.0,10240.0,"2026-04-28, 2:13:05:677 PM",2026042801084654
BJHL,40,57,10,1024.0,10240.0,"2026-04-28, 2:12:52:286 PM",2026042801084535
BJHL,17,58,27,1025.0,27675.0,"2026-04-28, 2:12:49:374 PM",2026042801084523
BJHL,32,58,10,1025.0,10250.0,"2026-04-28, 2:12:37:415 PM",2026042801084445
BJHL,37,58,23,1025.0,23575.0,"2026-04-28, 2:12:37:414 PM",2026042801084444
BJHL,37,97,77,1025.0,78925.0,"2026-04-28, 2:12:33:375 PM",2026042801084413
BJHL,7,97,10,1025.0,10250.0,"2026-04-28, 2:12:33:375 PM",2026042801084412
BJHL,14,97,30,1025.1,30753.0,"2026-04-28, 2:12:33:375 PM",2026042801084411
BJHL,40,97,10,1025.3,10253.0,"2026-04-28, 2:12:33:375 PM",2026042801084410
BJHL,49,97,86,1026.0,88236.0,"2026-04-28, 2:12:18:633 PM",2026042801084320
BJHL,50,97,10,1026.0,10260.0,"2026-04-28, 2:12:18:632 PM",2026042801084319
BJHL,6,97,30,1026.0,30780.0,"2026-04-28, 2:12:18:632 PM",2026042801084318
BJHL,95,97,1000,1026.0,1026000.0,"2026-04-28, 2:12:18:631 PM",2026042801084317
BJHL,58,97,50,1026.5,51325.0,"2026-04-28, 2:12:18:631 PM",2026042801084316
BJHL,70,97,100,1026.5,102650.0,"2026-04-28, 2:12:18:631 PM",2026042801084315
BJHL,59,97,100,1027.0,102700.0,"2026-04-28, 2:12:18:630 PM",2026042801084314
BJHL,10,19,10,1029.2,10292.0,"2026-04-28, 2:12:17:381 PM",2026042801084306
BJHL,57,38,45,1027.0,46215.0,"2026-04-28, 2:12:15:433 PM",2026042801084297
BJHL,17,38,25,1027.0,25675.0,"2026-04-28, 2:12:15:432 PM",2026042801084296
BJHL,59,38,25,1027.0,25675.0,"2026-04-28, 2:12:15:432 PM",2026042801084295
BJHL,17,38,100,1028.0,102800.0,"2026-04-28, 2:12:15:431 PM",2026042801084294
BJHL,10,7,10,1029.0,10290.0,"2026-04-28, 2:12:07:841 PM",2026042801084228
BJHL,59,45,10,1027.0,10270.0,"2026-04-28, 2:11:59:215 PM",2026042801084166
BJHL,59,58,10,1027.0,10270.0,"2026-04-28, 2:11:52:777 PM",2026042801084133
BJHL,59,58,10,1027.0,10270.0,"2026-04-28, 2:11:43:696 PM",2026042801084100
BJHL,59,58,10,1027.0,10270.0,"2026-04-28, 2:11:43:564 PM",2026042801084098
BJHL,59,52,10,1027.0,10270.0,"2026-04-28, 2:11:41:360 PM",2026042801084069
BJHL,59,26,25,1027.0,25675.0,"2026-04-28, 2:11:39:962 PM",2026042801084051
BJHL,68,26,25,1027.0,25675.0,"2026-04-28, 2:11:26:574 PM",2026042801083956
BJHL,22,97,10,1030.0,10300.0,"2026-04-28, 2:11:25:014 PM",2026042801083947
BJHL,68,38,25,1027.0,25675.0,"2026-04-28, 2:11:19:007 PM",2026042801083914
BJHL,48,38,25,1029.2,25730.0,"2026-04-28, 2:11:19:007 PM",2026042801083913
BJHL,48,97,50,1030.0,51500.0,"2026-04-28, 2:10:57:190 PM",2026042801083735
BJHL,44,97,100,1030.0,103000.0,"2026-04-28, 2:10:57:189 PM",2026042801083734
BJHL,52,97,100,1030.0,103000.0,"2026-04-28, 2:10:57:189 PM",2026042801083733
BJHL,6,97,100,1030.0,103000.0,"2026-04-28, 2:10:57:189 PM",2026042801083732
BJHL,57,97,20,1030.0,20600.0,"2026-04-28, 2:10:57:188 PM",2026042801083731
BJHL,62,97,42,1030.0,43260.0,"2026-04-28, 2:10:57:188 PM",2026042801083730
BJHL,57,97,30,1030.0,30900.0,"2026-04-28, 2:10:57:187 PM",2026042801083729
BJHL,14,97,20,1030.0,20600.0,"2026-04-28, 2:10:57:187 PM",2026042801083728
BJHL,14,97,20,1030.1,20602.0,"2026-04-28, 2:10:57:187 PM",2026042801083727
BJHL,59,97,100,1031.0,103100.0,"2026-04-28, 2:10:57:186 PM",2026042801083726
BJHL,57,66,10,1034.2,10342.0,"2026-04-28, 2:10:28:556 PM",2026042801083581
BJHL,57,48,40,1034.2,41368.0,"2026-04-28, 2:10:07:171 PM",2026042801083386
BJHL,17,48,50,1035.0,51750.0,"2026-04-28, 2:09:53:831 PM",2026042801083289
BJHL,17,58,10,1035.0,10350.0,"2026-04-28, 2:09:51:402 PM",2026042801083260
BJHL,17,91,10,1035.0,10350.0,"2026-04-28, 2:09:49:849 PM",2026042801083253
BJHL,17,38,10,1035.0,10350.0,"2026-04-28, 2:09:27:496 PM",2026042801083028
BJHL,17,89,10,1035.0,10350.0,"2026-04-28, 2:08:55:367 PM",2026042801082749
BJHL,17,41,10,1035.0,10350.0,"2026-04-28, 2:08:42:521 PM",2026042801082634
BJHL,14,97,70,1040.0,72800.0,"2026-04-28, 2:08:03:224 PM",2026042801082302
BJHL,14,40,10,1040.0,10400.0,"2026-04-28, 2:08:00:399 PM",2026042801082271
BJHL,50,58,10,1038.0,10380.0,"2026-04-28, 2:07:13:938 PM",2026042801081938
BJHL,16,10,150,1039.0,155850.0,"2026-04-28, 2:07:03:923 PM",2026042801081886
BJHL,58,97,10,1040.0,10400.0,"2026-04-28, 2:06:49:927 PM",2026042801081784
BJHL,33,97,100,1040.0,104000.0,"2026-04-28, 2:06:49:926 PM",2026042801081783
BJHL,58,97,10,1040.0,10400.0,"2026-04-28, 2:06:49:926 PM",2026042801081782
BJHL,49,97,70,1040.0,72800.0,"2026-04-28, 2:06:49:926 PM",2026042801081781
BJHL,59,97,80,1041.0,83280.0,"2026-04-28, 2:06:49:926 PM",2026042801081780
BJHL,58,97,10,1043.0,10430.0,"2026-04-28, 2:06:49:926 PM",2026042801081779
BJHL,58,17,10,1043.0,10430.0,"2026-04-28, 2:06:02:834 PM",2026042801081499
BJHL,64,42,10,1042.0,10420.0,"2026-04-28, 2:05:31:091 PM",2026042801081318
BJHL,71,45,10,1042.2,10422.0,"2026-04-28, 2:05:12:747 PM",2026042801081231
BJHL,71,58,10,1042.2,10422.0,"2026-04-28, 2:05:12:288 PM",2026042801081229
BJHL,59,42,10,1041.0,10410.0,"2026-04-28, 2:04:27:258 PM",2026042801080835
BJHL,36,58,15,1045.0,15675.0,"2026-04-28, 2:03:57:062 PM",2026042801080617
BJHL,59,58,10,1041.0,10410.0,"2026-04-28, 2:03:55:819 PM",2026042801080600
BJHL,49,57,10,1040.0,10400.0,"2026-04-28, 2:03:19:009 PM",2026042801080349
BJHL,49,58,10,1040.0,10400.0,"2026-04-28, 2:03:17:265 PM",2026042801080344
BJHL,49,58,10,1040.0,10400.0,"2026-04-28, 2:03:02:774 PM",2026042801080235
BJHL,58,45,40,1040.0,41600.0,"2026-04-28, 2:02:30:195 PM",2026042801079997
BJHL,48,45,60,1040.0,62400.0,"2026-04-28, 2:02:30:195 PM",2026042801079996
BJHL,48,45,40,1040.0,41600.0,"2026-04-28, 2:02:22:822 PM",2026042801079942
BJHL,45,45,10,1040.0,10400.0,"2026-04-28, 2:02:22:822 PM",2026042801079941
BJHL,50,56,10,1040.0,10400.0,"2026-04-28, 2:01:53:085 PM",2026042801079768
BJHL,50,58,190,1040.0,197600.0,"2026-04-28, 2:01:51:131 PM",2026042801079758
BJHL,34,58,10,1040.0,10400.0,"2026-04-28, 2:01:51:130 PM",2026042801079757
BJHL,14,58,23,1040.1,23922.3,"2026-04-28, 2:01:41:333 PM",2026042801079714
BJHL,58,58,22,1042.8,22941.6,"2026-04-28, 2:01:41:333 PM",2026042801079713
BJHL,4,58,10,1045.0,10450.0,"2026-04-28, 2:01:41:333 PM",2026042801079712
BJHL,46,58,20,1048.4,20968.0,"2026-04-28, 2:01:41:333 PM",2026042801079711
BJHL,33,58,80,1049.0,83920.0,"2026-04-28, 2:00:50:281 PM",2026042801079384
BJHL,33,58,10,1049.0,10490.0,"2026-04-28, 2:00:39:354 PM",2026042801079337
BJHL,33,58,10,1049.0,10490.0,"2026-04-28, 2:00:33:909 PM",2026042801079305
BJHL,46,35,50,1048.4,52420.00000000001,"2026-04-28, 1:59:54:407 PM",2026042801079047
BJHL,22,49,10,1050.0,10500.0,"2026-04-28, 1:59:47:648 PM",2026042801079006
BJHL,46,89,10,1048.4,10484.0,"2026-04-28, 1:59:30:987 PM",2026042801078878
BJHL,22,10,10,1050.0,10500.0,"2026-04-28, 1:59:21:946 PM",2026042801078817
BJHL,45,10,500,1050.0,525000.0,"2026-04-28, 1:59:18:981 PM",2026042801078784
BJHL,26,10,20,1050.0,21000.0,"2026-04-28, 1:59:18:981 PM",2026042801078783
BJHL,99,10,50,1050.0,52500.0,"2026-04-28, 1:59:18:981 PM",2026042801078782
BJHL,99,19,100,1050.0,105000.0,"2026-04-28, 1:59:17:860 PM",2026042801078779
BJHL,99,42,10,1050.0,10500.0,"2026-04-28, 1:59:11:706 PM",2026042801078674
BJHL,99,42,150,1050.0,157500.0,"2026-04-28, 1:59:06:834 PM",2026042801078643
BJHL,29,42,50,1050.0,52500.0,"2026-04-28, 1:59:06:833 PM",2026042801078642
BJHL,37,42,50,1050.0,52500.0,"2026-04-28, 1:59:06:833 PM",2026042801078641
BJHL,26,42,50,1050.0,52500.0,"2026-04-28, 1:59:06:833 PM",2026042801078640
BJHL,14,42,50,1050.0,52500.0,"2026-04-28, 1:59:06:832 PM",2026042801078639
BJHL,58,38,40,1050.0,42000.0,"2026-04-28, 1:59:03:408 PM",2026042801078620
BJHL,4,38,100,1050.0,105000.0,"2026-04-28, 1:59:03:408 PM",2026042801078619
BJHL,6,38,100,1050.0,105000.0,"2026-04-28, 1:59:03:408 PM",2026042801078618
BJHL,29,38,100,1050.0,105000.0,"2026-04-28, 1:59:03:408 PM",2026042801078617
BJHL,48,38,100,1050.0,105000.0,"2026-04-28, 1:59:03:408 PM",2026042801078616
BJHL,45,38,10,1050.1,10501.0,"2026-04-28, 1:59:03:408 PM",2026042801078615
BJHL,8,38,50,1050.1,52504.99999999999,"2026-04-28, 1:59:03:408 PM",2026042801078614
BJHL,17,10,100,1051.0,105100.0,"2026-04-28, 1:58:31:619 PM",2026042801078474
BJHL,57,10,100,1051.0,105100.0,"2026-04-28, 1:58:31:618 PM",2026042801078473
BJHL,82,10,200,1051.0,210200.0,"2026-04-28, 1:58:31:618 PM",2026042801078472
BJHL,42,10,50,1051.0,52550.0,"2026-04-28, 1:58:31:617 PM",2026042801078471
BJHL,49,10,82,1051.0,86182.0,"2026-04-28, 1:58:31:617 PM",2026042801078470
BJHL,58,58,10,1053.0,10530.0,"2026-04-28, 1:58:02:564 PM",2026042801078227
BJHL,58,10,10,1053.0,10530.0,"2026-04-28, 1:57:28:356 PM",2026042801078015
BJHL,7,10,140,1053.0,147420.0,"2026-04-28, 1:57:28:356 PM",2026042801078014
BJHL,58,19,10,1054.0,10540.0,"2026-04-28, 1:57:25:019 PM",2026042801077994
BJHL,58,16,10,1054.0,10540.0,"2026-04-28, 1:56:40:942 PM",2026042801077708
BJHL,62,58,11,1055.0,11605.0,"2026-04-28, 1:56:24:825 PM",2026042801077619
BJHL,7,19,60,1053.0,63180.0,"2026-04-28, 1:56:23:501 PM",2026042801077608
BJHL,7,19,10,1054.0,10540.0,"2026-04-28, 1:56:23:500 PM",2026042801077607
BJHL,62,19,30,1054.0,31620.0,"2026-04-28, 1:56:23:500 PM",2026042801077606
BJHL,62,38,10,1054.0,10540.0,"2026-04-28, 1:56:13:207 PM",2026042801077533
BJHL,62,7,10,1054.0,10540.0,"2026-04-28, 1:56:08:751 PM",2026042801077504
BJHL,62,58,10,1054.0,10540.0,"2026-04-28, 1:54:51:604 PM",2026042801076958
BJHL,62,65,30,1054.0,31620.0,"2026-04-28, 1:54:46:651 PM",2026042801076930
BJHL,57,58,10,1055.0,10550.0,"2026-04-28, 1:54:39:286 PM",2026042801076868
BJHL,14,58,30,1055.0,31650.0,"2026-04-28, 1:54:39:286 PM",2026042801076867
BJHL,14,49,50,1055.0,52750.0,"2026-04-28, 1:54:33:702 PM",2026042801076799
BJHL,14,58,10,1055.0,10550.0,"2026-04-28, 1:54:32:105 PM",2026042801076786
BJHL,14,58,10,1055.0,10550.0,"2026-04-28, 1:54:31:621 PM",2026042801076785
BJHL,6,89,10,1055.2,10552.0,"2026-04-28, 1:53:53:530 PM",2026042801076578
BJHL,6,7,10,1055.2,10552.0,"2026-04-28, 1:53:49:254 PM",2026042801076534
BJHL,21,82,115,1056.0,121440.0,"2026-04-28, 1:53:31:339 PM",2026042801076445
BJHL,8,82,230,1056.0,242880.0,"2026-04-28, 1:53:31:338 PM",2026042801076444
BJHL,45,82,150,1056.0,158400.0,"2026-04-28, 1:53:31:338 PM",2026042801076443
BJHL,38,82,58,1056.0,61248.0,"2026-04-28, 1:53:31:337 PM",2026042801076442
BJHL,38,58,10,1056.0,10560.0,"2026-04-28, 1:53:18:719 PM",2026042801076383
BJHL,57,84,10,1056.0,10560.0,"2026-04-28, 1:53:10:457 PM",2026042801076344
BJHL,35,58,10,1056.0,10560.0,"2026-04-28, 1:52:32:182 PM",2026042801076145
BJHL,36,36,10,1056.1,10561.0,"2026-04-28, 1:52:17:232 PM",2026042801076026
BJHL,36,35,10,1056.1,10561.0,"2026-04-28, 1:52:09:075 PM",2026042801075968
BJHL,35,22,10,1056.0,10560.0,"2026-04-28, 1:51:33:528 PM",2026042801075716
BJHL,58,58,10,1056.1,10561.0,"2026-04-28, 1:51:30:382 PM",2026042801075693
BJHL,58,58,10,1056.1,10561.0,"2026-04-28, 1:51:30:382 PM",2026042801075692
BJHL,58,58,20,1056.1,21122.0,"2026-04-28, 1:51:30:382 PM",2026042801075691
BJHL,71,19,10,1058.0,10580.0,"2026-04-28, 1:51:14:111 PM",2026042801075601
BJHL,71,49,10,1058.0,10580.0,"2026-04-28, 1:51:14:111 PM",2026042801075600
BJHL,71,7,10,1058.0,10580.0,"2026-04-28, 1:51:14:111 PM",2026042801075599
BJHL,58,49,10,1056.1,10561.0,"2026-04-28, 1:50:57:828 PM",2026042801075506
BJHL,58,58,10,1056.1,10561.0,"2026-04-28, 1:50:30:966 PM",2026042801075372
BJHL,58,63,10,1056.1,10561.0,"2026-04-28, 1:50:10:897 PM",2026042801075277
BJHL,58,35,10,1056.1,10561.0,"2026-04-28, 1:49:46:187 PM",2026042801075162
BJHL,21,64,300,1057.1,317130.0,"2026-04-28, 1:49:25:613 PM",2026042801075038
BJHL,58,57,50,1056.1,52804.99999999999,"2026-04-28, 1:49:15:164 PM",2026042801074980
BJHL,57,57,50,1057.0,52850.0,"2026-04-28, 1:49:15:164 PM",2026042801074979
BJHL,1,58,10,1057.1,10571.0,"2026-04-28, 1:49:12:377 PM",2026042801074963
BJHL,58,56,10,1056.1,10561.0,"2026-04-28, 1:47:42:574 PM",2026042801074472
BJHL,58,42,80,1056.1,84488.0,"2026-04-28, 1:47:26:200 PM",2026042801074394
BJHL,25,42,30,1056.2,31686.0,"2026-04-28, 1:47:26:200 PM",2026042801074393
BJHL,25,96,10,1056.2,10562.0,"2026-04-28, 1:47:18:274 PM",2026042801074333
BJHL,25,56,10,1056.2,10562.0,"2026-04-28, 1:46:54:817 PM",2026042801074226
BJHL,35,41,10,1056.0,10560.0,"2026-04-28, 1:46:02:117 PM",2026042801073950
BJHL,19,22,10,1056.5,10565.0,"2026-04-28, 1:45:43:289 PM",2026042801073846
BJHL,19,58,10,1056.5,10565.0,"2026-04-28, 1:45:13:542 PM",2026042801073688
BJHL,19,46,10,1056.5,10565.0,"2026-04-28, 1:45:01:663 PM",2026042801073638
BJHL,35,16,10,1056.0,10560.0,"2026-04-28, 1:43:56:259 PM",2026042801073273
BJHL,58,19,10,1056.1,10561.0,"2026-04-28, 1:43:14:346 PM",2026042801073039
BJHL,35,10,10,1056.0,10560.0,"2026-04-28, 1:42:42:713 PM",2026042801072919
BJHL,35,3,10,1056.0,10560.0,"2026-04-28, 1:42:40:732 PM",2026042801072913
BJHL,35,45,10,1056.0,10560.0,"2026-04-28, 1:42:06:123 PM",2026042801072696
BJHL,35,58,10,1056.0,10560.0,"2026-04-28, 1:41:49:240 PM",2026042801072615
BJHL,35,58,10,1056.0,10560.0,"2026-04-28, 1:41:29:348 PM",2026042801072560
BJHL,35,42,10,1056.0,10560.0,"2026-04-28, 1:40:59:271 PM",2026042801072414
BJHL,38,89,10,1056.0,10560.0,"2026-04-28, 1:40:30:656 PM",2026042801072307
BJHL,38,49,10,1056.0,10560.0,"2026-04-28, 1:40:06:721 PM",2026042801072195
BJHL,34,57,10,1056.7,10567.0,"2026-04-28, 1:39:53:490 PM",2026042801072134
BJHL,34,42,10,1056.7,10567.0,"2026-04-28, 1:39:53:490 PM",2026042801072133
BJHL,34,52,10,1056.7,10567.0,"2026-04-28, 1:39:53:490 PM",2026042801072132
BJHL,34,49,10,1056.7,10567.0,"2026-04-28, 1:39:53:489 PM",2026042801072131
BJHL,38,46,10,1056.0,10560.0,"2026-04-28, 1:39:47:303 PM",2026042801072118
BJHL,45,58,10,1056.4,10564.0,"2026-04-28, 1:39:07:968 PM",2026042801071978
BJHL,45,100,10,1056.4,10564.0,"2026-04-28, 1:38:35:275 PM",2026042801071825
BJHL,45,51,10,1056.4,10564.0,"2026-04-28, 1:38:20:442 PM",2026042801071745
BJHL,45,49,10,1056.4,10564.0,"2026-04-28, 1:37:56:604 PM",2026042801071605
BJHL,45,96,10,1056.4,10564.0,"2026-04-28, 1:37:44:340 PM",2026042801071554
BJHL,45,57,10,1056.4,10564.0,"2026-04-28, 1:37:36:149 PM",2026042801071520
BJHL,45,42,10,1056.4,10564.0,"2026-04-28, 1:37:13:442 PM",2026042801071367
BJHL,45,58,25,1056.4,26410.000000000004,"2026-04-28, 1:37:11:407 PM",2026042801071355
BJHL,41,58,10,1056.4,10564.0,"2026-04-28, 1:37:11:407 PM",2026042801071354
BJHL,19,4,10,1056.5,10565.0,"2026-04-28, 1:37:04:412 PM",2026042801071337
BJHL,19,19,10,1056.5,10565.0,"2026-04-28, 1:36:58:249 PM",2026042801071306
BJHL,19,48,10,1056.5,10565.0,"2026-04-28, 1:36:49:436 PM",2026042801071266
BJHL,22,58,45,1056.7,47551.5,"2026-04-28, 1:36:21:272 PM",2026042801071127
BJHL,22,58,10,1056.7,10567.0,"2026-04-28, 1:36:16:589 PM",2026042801070978
BJHL,22,4,10,1056.7,10567.0,"2026-04-28, 1:35:26:140 PM",2026042801070787
BJHL,22,34,10,1056.7,10567.0,"2026-04-28, 1:35:05:072 PM",2026042801070724
BJHL,19,79,10,1056.5,10565.0,"2026-04-28, 1:33:27:842 PM",2026042801070236
BJHL,19,49,10,1056.5,10565.0,"2026-04-28, 1:33:05:934 PM",2026042801070145
BJHL,19,46,10,1056.5,10565.0,"2026-04-28, 1:32:13:514 PM",2026042801069918
BJHL,58,58,10,1056.4,10564.0,"2026-04-28, 1:31:13:635 PM",2026042801069676
BJHL,57,29,30,1056.5,31695.0,"2026-04-28, 1:31:07:466 PM",2026042801069658
BJHL,58,8,10,1056.4,10564.0,"2026-04-28, 1:30:59:583 PM",2026042801069630
BJHL,57,29,10,1056.5,10565.0,"2026-04-28, 1:30:44:900 PM",2026042801069576
BJHL,57,29,10,1058.0,10580.0,"2026-04-28, 1:30:41:598 PM",2026042801069564
BJHL,58,22,10,1056.4,10564.0,"2026-04-28, 1:29:55:944 PM",2026042801069363
BJHL,58,48,10,1056.4,10564.0,"2026-04-28, 1:29:44:454 PM",2026042801069282
BJHL,49,58,10,1056.5,10565.0,"2026-04-28, 1:29:14:367 PM",2026042801069152
BJHL,58,21,10,1056.4,10564.0,"2026-04-28, 1:28:45:203 PM",2026042801069055
BJHL,42,21,10,1056.5,10565.0,"2026-04-28, 1:28:23:432 PM",2026042801068970
BJHL,58,21,10,1056.4,10564.0,"2026-04-28, 1:27:46:195 PM",2026042801068845
BJHL,58,34,10,1056.4,10564.0,"2026-04-28, 1:27:31:851 PM",2026042801068781
BJHL,58,46,10,1056.4,10564.0,"2026-04-28, 1:26:59:990 PM",2026042801068650
BJHL,58,66,10,1056.4,10564.0,"2026-04-28, 1:26:12:760 PM",2026042801068505
BJHL,58,21,10,1056.4,10564.0,"2026-04-28, 1:25:56:815 PM",2026042801068445
BJHL,42,58,10,1059.0,10590.0,"2026-04-28, 1:25:23:913 PM",2026042801068368
BJHL,42,35,10,1059.0,10590.0,"2026-04-28, 1:25:18:498 PM",2026042801068347
BJHL,42,13,10,1059.0,10590.0,"2026-04-28, 1:25:10:226 PM",2026042801068326
BJHL,42,10,10,1059.0,10590.0,"2026-04-28, 1:24:49:215 PM",2026042801068255
BJHL,42,58,10,1059.0,10590.0,"2026-04-28, 1:24:46:526 PM",2026042801068246
BJHL,21,28,10,1059.1,10591.0,"2026-04-28, 1:24:28:821 PM",2026042801068178
BJHL,48,34,190,1060.0,201400.0,"2026-04-28, 1:23:53:957 PM",2026042801068059
BJHL,48,43,10,1060.0,10600.0,"2026-04-28, 1:23:50:308 PM",2026042801068048
BJHL,45,79,10,1060.0,10600.0,"2026-04-28, 1:23:33:925 PM",2026042801067993
BJHL,45,38,100,1060.0,106000.0,"2026-04-28, 1:23:33:925 PM",2026042801067992
BJHL,45,96,10,1060.0,10600.0,"2026-04-28, 1:23:33:925 PM",2026042801067991
BJHL,45,6,10,1060.0,10600.0,"2026-04-28, 1:23:33:925 PM",2026042801067990
BJHL,45,56,10,1060.0,10600.0,"2026-04-28, 1:23:33:925 PM",2026042801067989
BJHL,45,58,10,1060.0,10600.0,"2026-04-28, 1:23:33:925 PM",2026042801067988
BJHL,45,32,10,1060.0,10600.0,"2026-04-28, 1:23:33:925 PM",2026042801067987
BJHL,45,58,10,1060.0,10600.0,"2026-04-28, 1:23:33:925 PM",2026042801067986
BJHL,45,82,100,1060.0,106000.0,"2026-04-28, 1:23:33:924 PM",2026042801067985
BJHL,45,42,10,1060.0,10600.0,"2026-04-28, 1:23:33:924 PM",2026042801067984
BJHL,45,83,10,1059.9,10599.0,"2026-04-28, 1:23:33:924 PM",2026042801067983
BJHL,25,45,10,1059.1,10591.0,"2026-04-28, 1:22:56:520 PM",2026042801067776
BJHL,25,14,10,1059.1,10591.0,"2026-04-28, 1:22:09:021 PM",2026042801067601
BJHL,71,58,10,1060.0,10600.0,"2026-04-28, 1:22:00:788 PM",2026042801067574
BJHL,71,38,10,1060.0,10600.0,"2026-04-28, 1:22:00:788 PM",2026042801067573
BJHL,71,51,10,1060.0,10600.0,"2026-04-28, 1:22:00:788 PM",2026042801067572
BJHL,25,26,10,1059.1,10591.0,"2026-04-28, 1:20:55:239 PM",2026042801067347
BJHL,34,58,10,1060.0,10600.0,"2026-04-28, 1:17:37:946 PM",2026042801066509
BJHL,34,82,30,1060.0,31800.0,"2026-04-28, 1:17:37:945 PM",2026042801066508
BJHL,34,21,10,1059.9,10599.0,"2026-04-28, 1:17:37:945 PM",2026042801066507
BJHL,25,58,10,1059.1,10591.0,"2026-04-28, 1:16:48:958 PM",2026042801066319
BJHL,25,58,10,1059.1,10591.0,"2026-04-28, 1:16:22:560 PM",2026042801066216
BJHL,21,39,10,1060.0,10600.0,"2026-04-28, 1:16:06:048 PM",2026042801066149
BJHL,21,32,10,1060.0,10600.0,"2026-04-28, 1:16:06:047 PM",2026042801066148
BJHL,21,53,10,1060.0,10600.0,"2026-04-28, 1:16:06:047 PM",2026042801066147
BJHL,21,58,10,1060.0,10600.0,"2026-04-28, 1:16:06:046 PM",2026042801066146
BJHL,44,45,10,1059.9,10599.0,"2026-04-28, 1:15:18:116 PM",2026042801065956
BJHL,26,58,10,1060.0,10600.0,"2026-04-28, 1:14:31:772 PM",2026042801065741
BJHL,26,47,10,1060.0,10600.0,"2026-04-28, 1:14:31:772 PM",2026042801065740
BJHL,26,11,10,1060.0,10600.0,"2026-04-28, 1:14:31:772 PM",2026042801065739
BJHL,26,49,10,1060.0,10600.0,"2026-04-28, 1:14:31:772 PM",2026042801065738
BJHL,26,35,10,1060.0,10600.0,"2026-04-28, 1:14:31:772 PM",2026042801065737
BJHL,26,58,10,1060.0,10600.0,"2026-04-28, 1:14:31:771 PM",2026042801065736
BJHL,26,6,10,1059.9,10599.0,"2026-04-28, 1:14:31:771 PM",2026042801065735
BJHL,44,4,10,1060.0,10600.0,"2026-04-28, 1:14:10:620 PM",2026042801065649
BJHL,7,11,10,1059.0,10590.0,"2026-04-28, 1:13:56:426 PM",2026042801065591
BJHL,7,45,20,1059.0,21180.0,"2026-04-28, 1:13:51:094 PM",2026042801065568
BJHL,7,58,10,1059.0,10590.0,"2026-04-28, 1:13:49:982 PM",2026042801065560
BJHL,7,49,10,1059.0,10590.0,"2026-04-28, 1:13:24:941 PM",2026042801065443
BJHL,29,49,10,1057.0,10570.0,"2026-04-28, 1:12:48:794 PM",2026042801065226
BJHL,45,53,93,1060.0,98580.0,"2026-04-28, 1:12:15:236 PM",2026042801065080
BJHL,45,49,10,1060.0,10600.0,"2026-04-28, 1:12:15:236 PM",2026042801065079
BJHL,45,42,10,1060.0,10600.0,"2026-04-28, 1:12:15:235 PM",2026042801065078
BJHL,45,42,10,1060.0,10600.0,"2026-04-28, 1:12:15:235 PM",2026042801065077
BJHL,45,38,100,1059.9,105990.0,"2026-04-28, 1:12:15:234 PM",2026042801065076
BJHL,45,35,28,1059.9,29677.200000000004,"2026-04-28, 1:12:15:234 PM",2026042801065075
BJHL,45,42,10,1059.0,10590.0,"2026-04-28, 1:12:15:233 PM",2026042801065074
BJHL,45,38,139,1059.0,147201.0,"2026-04-28, 1:12:15:233 PM",2026042801065073
BJHL,29,41,10,1057.0,10570.0,"2026-04-28, 1:10:49:233 PM",2026042801064772
BJHL,29,54,20,1057.0,21140.0,"2026-04-28, 1:10:43:817 PM",2026042801064759
BJHL,29,58,10,1057.0,10570.0,"2026-04-28, 1:10:42:069 PM",2026042801064750
BJHL,29,57,10,1057.0,10570.0,"2026-04-28, 1:10:35:847 PM",2026042801064713
BJHL,29,60,10,1057.0,10570.0,"2026-04-28, 1:10:33:545 PM",2026042801064709
BJHL,17,35,22,1059.9,23317.800000000003,"2026-04-28, 1:10:24:264 PM",2026042801064674
BJHL,17,58,10,1059.8,10598.0,"2026-04-28, 1:10:24:264 PM",2026042801064673
BJHL,17,32,68,1059.0,72012.0,"2026-04-28, 1:10:24:263 PM",2026042801064672
BJHL,29,49,10,1057.0,10570.0,"2026-04-28, 1:10:23:613 PM",2026042801064669
BJHL,29,32,10,1057.0,10570.0,"2026-04-28, 1:09:23:658 PM",2026042801064380
BJHL,58,32,22,1059.0,23298.0,"2026-04-28, 1:09:22:034 PM",2026042801064373
BJHL,29,16,10,1057.0,10570.0,"2026-04-28, 1:09:18:750 PM",2026042801064349
BJHL,57,35,10,1056.2,10562.0,"2026-04-28, 1:09:06:986 PM",2026042801064296
BJHL,25,38,10,1056.1,10561.0,"2026-04-28, 1:08:50:046 PM",2026042801064185
BJHL,25,38,10,1056.1,10561.0,"2026-04-28, 1:08:14:005 PM",2026042801063997
BJHL,25,45,10,1056.1,10561.0,"2026-04-28, 1:08:09:022 PM",2026042801063974
BJHL,25,49,10,1056.1,10561.0,"2026-04-28, 1:07:28:414 PM",2026042801063772
BJHL,25,45,10,1056.1,10561.0,"2026-04-28, 1:07:07:884 PM",2026042801063705
BJHL,35,36,10,1057.0,10570.0,"2026-04-28, 1:06:31:521 PM",2026042801063543
BJHL,35,49,10,1057.0,10570.0,"2026-04-28, 1:06:28:032 PM",2026042801063526
BJHL,35,14,10,1057.0,10570.0,"2026-04-28, 1:05:02:483 PM",2026042801063155
BJHL,35,57,10,1057.0,10570.0,"2026-04-28, 1:04:49:056 PM",2026042801063090
BJHL,35,58,10,1057.0,10570.0,"2026-04-28, 1:04:34:401 PM",2026042801063017
BJHL,3,74,40,1057.0,42280.0,"2026-04-28, 1:04:09:195 PM",2026042801062884
BJHL,38,58,10,1056.0,10560.0,"2026-04-28, 1:04:05:689 PM",2026042801062876
BJHL,38,35,10,1056.0,10560.0,"2026-04-28, 1:04:05:512 PM",2026042801062874
BJHL,38,4,21,1056.0,22176.0,"2026-04-28, 1:03:46:021 PM",2026042801062780
BJHL,38,41,10,1056.0,10560.0,"2026-04-28, 1:03:33:203 PM",2026042801062702
BJHL,38,42,10,1056.0,10560.0,"2026-04-28, 1:03:05:499 PM",2026042801062557
BJHL,38,38,10,1056.0,10560.0,"2026-04-28, 1:03:03:042 PM",2026042801062540
BJHL,35,74,60,1057.0,63420.0,"2026-04-28, 1:03:00:550 PM",2026042801062521
BJHL,35,58,10,1057.0,10570.0,"2026-04-28, 1:02:30:914 PM",2026042801062383
BJHL,35,59,10,1057.0,10570.0,"2026-04-28, 1:02:26:724 PM",2026042801062363
BJHL,35,36,10,1057.0,10570.0,"2026-04-28, 1:02:20:526 PM",2026042801062336
BJHL,35,58,10,1057.0,10570.0,"2026-04-28, 1:02:08:766 PM",2026042801062304
BJHL,38,58,10,1056.0,10560.0,"2026-04-28, 1:01:43:225 PM",2026042801062199
BJHL,38,58,10,1056.0,10560.0,"2026-04-28, 1:01:29:254 PM",2026042801062135
BJHL,57,48,10,1060.0,10600.0,"2026-04-28, 1:01:00:795 PM",2026042801062022
BJHL,57,35,10,1060.0,10600.0,"2026-04-28, 1:00:57:094 PM",2026042801062005
BJHL,57,41,10,1060.0,10600.0,"2026-04-28, 1:00:43:969 PM",2026042801061970
BJHL,57,38,50,1058.0,52900.0,"2026-04-28, 1:00:43:968 PM",2026042801061969
BJHL,57,35,10,1058.0,10580.0,"2026-04-28, 1:00:43:968 PM",2026042801061968
BJHL,57,58,10,1058.0,10580.0,"2026-04-28, 1:00:43:968 PM",2026042801061967
BJHL,38,57,10,1056.0,10560.0,"2026-04-28, 1:00:29:884 PM",2026042801061907
BJHL,38,45,10,1056.0,10560.0,"2026-04-28, 1:00:21:790 PM",2026042801061868
BJHL,22,38,45,1055.7,47506.5,"2026-04-28, 1:00:05:649 PM",2026042801061790
BJHL,4,44,10,1055.8,10558.0,"2026-04-28, 12:59:34:647 PM",2026042801061635
BJHL,22,58,10,1055.7,10557.0,"2026-04-28, 12:58:16:533 PM",2026042801061284
BJHL,22,35,10,1055.7,10557.0,"2026-04-28, 12:57:30:103 PM",2026042801061024
BJHL,22,58,10,1055.7,10557.0,"2026-04-28, 12:56:42:785 PM",2026042801060786
BJHL,22,38,10,1055.7,10557.0,"2026-04-28, 12:56:22:430 PM",2026042801060705
BJHL,44,58,30,1058.0,31740.0,"2026-04-28, 12:55:52:429 PM",2026042801060550
BJHL,44,35,10,1058.0,10580.0,"2026-04-28, 12:55:42:584 PM",2026042801060498
BJHL,44,29,10,1058.0,10580.0,"2026-04-28, 12:55:35:161 PM",2026042801060452
BJHL,44,45,10,1058.0,10580.0,"2026-04-28, 12:55:26:986 PM",2026042801060416
BJHL,44,45,10,1058.0,10580.0,"2026-04-28, 12:55:25:334 PM",2026042801060411
BJHL,44,41,10,1058.0,10580.0,"2026-04-28, 12:54:45:998 PM",2026042801060270
BJHL,44,58,10,1058.0,10580.0,"2026-04-28, 12:54:29:814 PM",2026042801060204
BJHL,44,58,10,1058.0,10580.0,"2026-04-28, 12:53:59:739 PM",2026042801060097
BJHL,44,14,10,1058.0,10580.0,"2026-04-28, 12:53:57:002 PM",2026042801060078
BJHL,44,35,20,1058.0,21160.0,"2026-04-28, 12:53:46:604 PM",2026042801060010
BJHL,44,3,10,1058.0,10580.0,"2026-04-28, 12:53:33:095 PM",2026042801059907
BJHL,44,42,10,1058.0,10580.0,"2026-04-28, 12:53:30:686 PM",2026042801059901
BJHL,44,42,10,1058.0,10580.0,"2026-04-28, 12:53:19:968 PM",2026042801059824
BJHL,44,74,10,1058.0,10580.0,"2026-04-28, 12:52:18:592 PM",2026042801059434
BJHL,44,54,10,1058.0,10580.0,"2026-04-28, 12:52:08:422 PM",2026042801059392
BJHL,44,58,10,1058.0,10580.0,"2026-04-28, 12:51:59:179 PM",2026042801059335
BJHL,44,26,10,1058.0,10580.0,"2026-04-28, 12:51:31:721 PM",2026042801059206
BJHL,80,72,10,1058.0,10580.0,"2026-04-28, 12:51:27:430 PM",2026042801059187
BJHL,80,56,10,1058.0,10580.0,"2026-04-28, 12:51:20:654 PM",2026042801059160
BJHL,42,42,10,1060.0,10600.0,"2026-04-28, 12:51:13:955 PM",2026042801059126
BJHL,42,35,10,1059.0,10590.0,"2026-04-28, 12:51:13:955 PM",2026042801059125
BJHL,80,58,10,1058.0,10580.0,"2026-04-28, 12:51:09:537 PM",2026042801059109
BJHL,80,36,10,1058.0,10580.0,"2026-04-28, 12:50:30:601 PM",2026042801058908
BJHL,80,49,10,1058.0,10580.0,"2026-04-28, 12:49:45:053 PM",2026042801058692
BJHL,99,38,10,1055.2,10552.0,"2026-04-28, 12:49:37:017 PM",2026042801058658
BJHL,99,17,10,1055.2,10552.0,"2026-04-28, 12:49:28:830 PM",2026042801058622
BJHL,80,19,90,1065.0,95850.0,"2026-04-28, 12:49:16:277 PM",2026042801058557
BJHL,80,36,10,1065.0,10650.0,"2026-04-28, 12:49:16:276 PM",2026042801058556
BJHL,66,42,10,1060.0,10600.0,"2026-04-28, 12:49:13:522 PM",2026042801058546
BJHL,66,7,10,1060.0,10600.0,"2026-04-28, 12:49:12:698 PM",2026042801058543
BJHL,99,58,10,1060.0,10600.0,"2026-04-28, 12:48:52:698 PM",2026042801058467
BJHL,99,35,10,1060.0,10600.0,"2026-04-28, 12:48:52:135 PM",2026042801058465
BJHL,99,49,10,1060.0,10600.0,"2026-04-28, 12:48:51:396 PM",2026042801058459
BJHL,99,49,10,1060.0,10600.0,"2026-04-28, 12:48:51:365 PM",2026042801058458
BJHL,99,38,10,1060.0,10600.0,"2026-04-28, 12:48:48:671 PM",2026042801058449
BJHL,99,51,10,1060.0,10600.0,"2026-04-28, 12:48:48:670 PM",2026042801058448
BJHL,99,45,10,1060.0,10600.0,"2026-04-28, 12:48:48:670 PM",2026042801058447
BJHL,99,22,10,1060.0,10600.0,"2026-04-28, 12:48:48:670 PM",2026042801058446
BJHL,99,49,10,1060.0,10600.0,"2026-04-28, 12:48:48:669 PM",2026042801058445
BJHL,99,58,10,1060.0,10600.0,"2026-04-28, 12:48:48:669 PM",2026042801058444
BJHL,99,49,10,1060.0,10600.0,"2026-04-28, 12:48:48:668 PM",2026042801058443
BJHL,99,34,10,1060.0,10600.0,"2026-04-28, 12:48:48:668 PM",2026042801058442
BJHL,99,91,10,1060.0,10600.0,"2026-04-28, 12:48:48:668 PM",2026042801058441
BJHL,99,45,10,1060.0,10600.0,"2026-04-28, 12:48:48:667 PM",2026042801058440
BJHL,99,17,10,1060.0,10600.0,"2026-04-28, 12:48:48:667 PM",2026042801058439
BJHL,99,38,10,1060.0,10600.0,"2026-04-28, 12:48:48:667 PM",2026042801058438
BJHL,99,39,10,1060.0,10600.0,"2026-04-28, 12:48:48:666 PM",2026042801058437
BJHL,42,4,10,1059.0,10590.0,"2026-04-28, 12:48:44:154 PM",2026042801058416
BJHL,58,17,10,1060.0,10600.0,"2026-04-28, 12:48:02:256 PM",2026042801058233
BJHL,58,58,10,1060.0,10600.0,"2026-04-28, 12:48:02:256 PM",2026042801058232
BJHL,58,38,10,1060.0,10600.0,"2026-04-28, 12:48:02:255 PM",2026042801058231
BJHL,58,96,10,1060.0,10600.0,"2026-04-28, 12:48:02:255 PM",2026042801058230
BJHL,58,8,10,1060.0,10600.0,"2026-04-28, 12:48:02:255 PM",2026042801058229
BJHL,58,6,10,1059.5,10595.0,"2026-04-28, 12:48:02:254 PM",2026042801058228
BJHL,58,45,10,1059.5,10595.0,"2026-04-28, 12:48:02:254 PM",2026042801058227
BJHL,58,58,10,1059.5,10595.0,"2026-04-28, 12:48:02:253 PM",2026042801058226
BJHL,58,96,10,1059.0,10590.0,"2026-04-28, 12:48:02:253 PM",2026042801058225
BJHL,58,38,10,1059.0,10590.0,"2026-04-28, 12:48:02:252 PM",2026042801058224
BJHL,38,45,10,1058.0,10580.0,"2026-04-28, 12:47:39:513 PM",2026042801058119
BJHL,38,52,10,1058.0,10580.0,"2026-04-28, 12:47:29:211 PM",2026042801058063
BJHL,38,58,70,1058.0,74060.0,"2026-04-28, 12:47:26:575 PM",2026042801058054
BJHL,38,35,10,1056.0,10560.0,"2026-04-28, 12:47:26:575 PM",2026042801058053
BJHL,38,88,10,1055.0,10550.0,"2026-04-28, 12:47:01:012 PM",2026042801057920
BJHL,38,58,10,1055.0,10550.0,"2026-04-28, 12:46:41:666 PM",2026042801057867
BJHL,38,75,10,1055.0,10550.0,"2026-04-28, 12:46:40:361 PM",2026042801057859
BJHL,58,38,10,1055.0,10550.0,"2026-04-28, 12:46:25:011 PM",2026042801057797
BJHL,22,39,10,1054.1,10541.0,"2026-04-28, 12:46:24:930 PM",2026042801057796
BJHL,22,38,10,1054.1,10541.0,"2026-04-28, 12:46:09:491 PM",2026042801057746
BJHL,50,58,10,1055.0,10550.0,"2026-04-28, 12:45:24:665 PM",2026042801057501
BJHL,50,49,20,1055.0,21100.0,"2026-04-28, 12:45:20:684 PM",2026042801057485
BJHL,50,22,50,1055.0,52750.0,"2026-04-28, 12:45:16:939 PM",2026042801057475
BJHL,50,89,10,1055.0,10550.0,"2026-04-28, 12:44:45:622 PM",2026042801057287
BJHL,50,58,10,1055.0,10550.0,"2026-04-28, 12:44:45:622 PM",2026042801057286
BJHL,62,49,10,1054.0,10540.0,"2026-04-28, 12:44:43:672 PM",2026042801057273
BJHL,62,13,30,1054.0,31620.0,"2026-04-28, 12:44:20:079 PM",2026042801057165
BJHL,62,34,10,1054.0,10540.0,"2026-04-28, 12:43:52:266 PM",2026042801057017
BJHL,62,57,10,1054.0,10540.0,"2026-04-28, 12:43:44:936 PM",2026042801056962
BJHL,62,41,10,1054.0,10540.0,"2026-04-28, 12:43:40:218 PM",2026042801056948
BJHL,62,6,10,1054.0,10540.0,"2026-04-28, 12:43:11:294 PM",2026042801056831
BJHL,62,57,10,1054.0,10540.0,"2026-04-28, 12:42:56:015 PM",2026042801056731
BJHL,62,22,20,1054.0,21080.0,"2026-04-28, 12:42:56:015 PM",2026042801056730
BJHL,36,21,10,1053.1,10531.0,"2026-04-28, 12:42:54:374 PM",2026042801056722
BJHL,36,21,10,1053.1,10531.0,"2026-04-28, 12:42:29:584 PM",2026042801056608
BJHL,59,22,10,1054.0,10540.0,"2026-04-28, 12:42:15:067 PM",2026042801056510
BJHL,59,58,10,1053.6,10536.0,"2026-04-28, 12:42:15:066 PM",2026042801056509
BJHL,36,59,10,1053.1,10531.0,"2026-04-28, 12:41:44:011 PM",2026042801056143
BJHL,66,94,10,1054.0,10540.0,"2026-04-28, 12:41:38:145 PM",2026042801056126
BJHL,66,45,10,1054.0,10540.0,"2026-04-28, 12:41:38:144 PM",2026042801056125
BJHL,37,58,10,1054.0,10540.0,"2026-04-28, 12:41:06:337 PM",2026042801055965
BJHL,95,58,140,1058.0,148120.0,"2026-04-28, 12:40:56:343 PM",2026042801055875
BJHL,37,42,10,1054.0,10540.0,"2026-04-28, 12:40:36:596 PM",2026042801055800
BJHL,37,10,10,1054.0,10540.0,"2026-04-28, 12:39:59:124 PM",2026042801055452
BJHL,37,4,10,1054.0,10540.0,"2026-04-28, 12:39:58:348 PM",2026042801055450
BJHL,37,45,10,1054.0,10540.0,"2026-04-28, 12:39:51:126 PM",2026042801055413
BJHL,51,35,10,1054.0,10540.0,"2026-04-28, 12:39:45:781 PM",2026042801055391
BJHL,51,4,10,1054.0,10540.0,"2026-04-28, 12:39:43:805 PM",2026042801055375
BJHL,51,58,10,1054.0,10540.0,"2026-04-28, 12:39:38:968 PM",2026042801055362
BJHL,22,7,10,1054.1,10541.0,"2026-04-28, 12:39:37:030 PM",2026042801055347
BJHL,51,62,10,1054.0,10540.0,"2026-04-28, 12:38:57:173 PM",2026042801055044
BJHL,51,11,10,1054.0,10540.0,"2026-04-28, 12:38:30:064 PM",2026042801054826
BJHL,36,58,10,1053.1,10531.0,"2026-04-28, 12:37:42:756 PM",2026042801054477
BJHL,22,34,10,1052.0,10520.0,"2026-04-28, 12:37:15:031 PM",2026042801054303
BJHL,22,91,10,1052.0,10520.0,"2026-04-28, 12:36:29:535 PM",2026042801053862
BJHL,49,49,18,1051.0,18918.0,"2026-04-28, 12:36:04:354 PM",2026042801053584
BJHL,16,49,50,1051.0,52550.0,"2026-04-28, 12:36:04:354 PM",2026042801053583
BJHL,48,49,30,1051.0,31530.0,"2026-04-28, 12:36:04:353 PM",2026042801053582
BJHL,14,49,10,1051.1,10511.0,"2026-04-28, 12:36:04:353 PM",2026042801053581
BJHL,58,49,32,1052.0,33664.0,"2026-04-28, 12:36:04:352 PM",2026042801053580
BJHL,101,49,10,1052.0,10520.0,"2026-04-28, 12:36:04:352 PM",2026042801053579
BJHL,36,49,40,1053.1,42124.0,"2026-04-28, 12:36:04:352 PM",2026042801053578
BJHL,95,49,30,1055.0,31650.0,"2026-04-28, 12:36:04:351 PM",2026042801053577
BJHL,95,57,10,1055.0,10550.0,"2026-04-28, 12:35:50:765 PM",2026042801053411
BJHL,95,49,10,1055.0,10550.0,"2026-04-28, 12:35:50:765 PM",2026042801053410
BJHL,95,18,260,1055.0,274300.0,"2026-04-28, 12:35:50:764 PM",2026042801053409
BJHL,95,22,50,1054.9,52745.00000000001,"2026-04-28, 12:35:50:764 PM",2026042801053408
BJHL,36,38,10,1053.1,10531.0,"2026-04-28, 12:35:46:664 PM",2026042801053370
BJHL,101,38,10,1052.0,10520.0,"2026-04-28, 12:35:09:287 PM",2026042801053096
BJHL,95,57,10,1053.0,10530.0,"2026-04-28, 12:35:07:662 PM",2026042801053084
BJHL,95,20,10,1053.0,10530.0,"2026-04-28, 12:35:07:661 PM",2026042801053083
BJHL,101,38,10,1052.0,10520.0,"2026-04-28, 12:34:48:118 PM",2026042801052839
BJHL,91,41,10,1052.1,10521.0,"2026-04-28, 12:34:36:012 PM",2026042801052755
BJHL,101,33,10,1052.0,10520.0,"2026-04-28, 12:34:22:930 PM",2026042801052504
BJHL,101,42,10,1052.0,10520.0,"2026-04-28, 12:33:44:121 PM",2026042801052326
BJHL,14,41,10,1051.1,10511.0,"2026-04-28, 12:33:36:860 PM",2026042801052286
BJHL,36,57,10,1052.0,10520.0,"2026-04-28, 12:32:40:628 PM",2026042801051922
BJHL,36,42,10,1052.0,10520.0,"2026-04-28, 12:32:40:628 PM",2026042801051921
BJHL,62,34,10,1051.5,10515.0,"2026-04-28, 12:32:09:428 PM",2026042801051705
BJHL,48,17,50,1051.0,52550.0,"2026-04-28, 12:31:47:806 PM",2026042801051511
BJHL,48,45,10,1051.0,10510.0,"2026-04-28, 12:31:39:669 PM",2026042801051451
BJHL,48,58,10,1051.0,10510.0,"2026-04-28, 12:31:31:974 PM",2026042801051396
BJHL,45,57,10,1052.0,10520.0,"2026-04-28, 12:31:20:742 PM",2026042801051281
BJHL,58,57,10,1052.0,10520.0,"2026-04-28, 12:31:08:184 PM",2026042801051212
BJHL,43,58,10,1051.0,10510.0,"2026-04-28, 12:31:05:782 PM",2026042801051198
BJHL,14,33,10,1051.1,10511.0,"2026-04-28, 12:30:18:439 PM",2026042801050888
BJHL,58,33,14,1052.0,14728.0,"2026-04-28, 12:30:18:439 PM",2026042801050887
BJHL,49,33,44,1052.0,46288.0,"2026-04-28, 12:30:18:439 PM",2026042801050886
BJHL,62,33,19,1052.0,19988.0,"2026-04-28, 12:30:18:439 PM",2026042801050885
BJHL,74,33,10,1053.0,10530.0,"2026-04-28, 12:30:18:439 PM",2026042801050884
BJHL,58,18,10,1055.0,10550.0,"2026-04-28, 12:30:04:453 PM",2026042801050788
BJHL,34,17,5,1084.0,5420.0,"2026-04-28, 12:30:04:411 PM",2026042801050787
BJHL,62,58,10,1053.0,10530.0,"2026-04-28, 12:29:53:630 PM",2026042801050733
BJHL,62,45,70,1052.0,73640.0,"2026-04-28, 12:29:52:695 PM",2026042801050721
BJHL,62,49,10,1052.0,10520.0,"2026-04-28, 12:29:44:711 PM",2026042801050665
BJHL,62,45,40,1052.0,42080.0,"2026-04-28, 12:28:59:983 PM",2026042801050310
BJHL,62,45,10,1052.0,10520.0,"2026-04-28, 12:28:59:983 PM",2026042801050309
BJHL,62,57,10,1052.0,10520.0,"2026-04-28, 12:28:54:591 PM",2026042801050277
BJHL,34,58,10,1052.0,10520.0,"2026-04-28, 12:28:18:743 PM",2026042801050086
BJHL,34,49,10,1052.0,10520.0,"2026-04-28, 12:28:18:743 PM",2026042801050085
BJHL,14,42,10,1051.1,10511.0,"2026-04-28, 12:28:11:677 PM",2026042801050033
BJHL,14,45,10,1051.1,10511.0,"2026-04-28, 12:28:08:310 PM",2026042801049996
BJHL,43,6,10,1051.0,10510.0,"2026-04-28, 12:27:43:489 PM",2026042801049800
BJHL,62,58,10,1052.0,10520.0,"2026-04-28, 12:27:32:274 PM",2026042801049707
BJHL,62,48,10,1052.0,10520.0,"2026-04-28, 12:27:32:274 PM",2026042801049706
BJHL,43,42,40,1051.0,42040.0,"2026-04-28, 12:27:03:056 PM",2026042801049439
BJHL,13,72,10,1052.0,10520.0,"2026-04-28, 12:26:56:983 PM",2026042801049392
BJHL,43,17,36,1051.0,37836.0,"2026-04-28, 12:26:47:291 PM",2026042801049311
BJHL,57,17,100,1051.0,105100.0,"2026-04-28, 12:26:47:291 PM",2026042801049310
BJHL,14,58,10,1051.1,10511.0,"2026-04-28, 12:26:32:753 PM",2026042801049213
BJHL,14,18,10,1051.1,10511.0,"2026-04-28, 12:26:17:050 PM",2026042801049109
BJHL,45,58,10,1052.0,10520.0,"2026-04-28, 12:26:00:232 PM",2026042801048980
BJHL,45,26,39,1052.0,41028.0,"2026-04-28, 12:25:19:184 PM",2026042801048672
BJHL,38,26,11,1053.0,11583.0,"2026-04-28, 12:25:19:184 PM",2026042801048671
BJHL,38,29,10,1053.0,10530.0,"2026-04-28, 12:24:47:336 PM",2026042801048423
BJHL,28,17,140,1054.1,147574.0,"2026-04-28, 12:24:47:120 PM",2026042801048419
BJHL,28,57,60,1054.1,63245.99999999999,"2026-04-28, 12:24:30:337 PM",2026042801048310
BJHL,41,18,10,1055.0,10550.0,"2026-04-28, 12:24:20:343 PM",2026042801048228
BJHL,14,18,20,1055.1,21102.0,"2026-04-28, 12:24:20:343 PM",2026042801048227
BJHL,42,17,50,1060.0,53000.0,"2026-04-28, 12:23:13:227 PM",2026042801047802
BJHL,48,17,50,1060.0,53000.0,"2026-04-28, 12:23:13:227 PM",2026042801047801
BJHL,58,17,10,1060.0,10600.0,"2026-04-28, 12:23:13:226 PM",2026042801047800
BJHL,42,17,200,1060.0,212000.0,"2026-04-28, 12:23:13:226 PM",2026042801047799
BJHL,45,17,10,1060.0,10600.0,"2026-04-28, 12:23:13:225 PM",2026042801047798
BJHL,59,17,500,1060.0,530000.0,"2026-04-28, 12:23:13:225 PM",2026042801047797
BJHL,49,17,50,1060.0,53000.0,"2026-04-28, 12:23:13:225 PM",2026042801047796
BJHL,42,17,40,1060.1,42404.0,"2026-04-28, 12:23:13:224 PM",2026042801047795
BJHL,42,47,10,1060.1,10601.0,"2026-04-28, 12:23:10:024 PM",2026042801047770
BJHL,44,58,10,1060.5,10605.0,"2026-04-28, 12:22:58:396 PM",2026042801047669
BJHL,49,18,50,1060.0,53000.0,"2026-04-28, 12:22:54:889 PM",2026042801047640
BJHL,37,18,50,1060.1,53004.99999999999,"2026-04-28, 12:22:54:889 PM",2026042801047639
BJHL,43,18,50,1060.1,53004.99999999999,"2026-04-28, 12:22:54:889 PM",2026042801047638
BJHL,14,18,50,1060.5,53025.0,"2026-04-28, 12:22:54:889 PM",2026042801047637
BJHL,62,1,10,1061.0,10610.0,"2026-04-28, 12:21:53:799 PM",2026042801047109
BJHL,62,46,12,1061.0,12732.0,"2026-04-28, 12:21:47:636 PM",2026042801047038
BJHL,62,46,26,1061.0,27586.0,"2026-04-28, 12:21:33:737 PM",2026042801046950
BJHL,81,46,30,1065.0,31950.0,"2026-04-28, 12:21:10:740 PM",2026042801046807
BJHL,35,46,54,1065.0,57510.0,"2026-04-28, 12:21:10:740 PM",2026042801046806
BJHL,35,7,10,1065.0,10650.0,"2026-04-28, 12:20:43:944 PM",2026042801046598
BJHL,35,42,10,1065.0,10650.0,"2026-04-28, 12:20:29:511 PM",2026042801046508
BJHL,22,58,10,1066.1,10661.0,"2026-04-28, 12:20:00:894 PM",2026042801046281
BJHL,41,91,10,1066.0,10660.0,"2026-04-28, 12:19:48:339 PM",2026042801046233
BJHL,41,45,10,1066.0,10660.0,"2026-04-28, 12:19:38:353 PM",2026042801046189
BJHL,41,41,10,1066.0,10660.0,"2026-04-28, 12:19:35:069 PM",2026042801046172
BJHL,41,48,10,1066.0,10660.0,"2026-04-28, 12:19:15:963 PM",2026042801046071
BJHL,59,38,10,1066.0,10660.0,"2026-04-28, 12:19:15:248 PM",2026042801046064
BJHL,59,39,10,1066.0,10660.0,"2026-04-28, 12:19:05:749 PM",2026042801045986
BJHL,59,35,10,1066.0,10660.0,"2026-04-28, 12:18:55:390 PM",2026042801045895
BJHL,59,41,10,1066.0,10660.0,"2026-04-28, 12:18:40:349 PM",2026042801045773
BJHL,59,38,30,1066.0,31980.0,"2026-04-28, 12:18:18:079 PM",2026042801045561
BJHL,57,38,10,1067.1,10671.0,"2026-04-28, 12:18:18:078 PM",2026042801045560
BJHL,44,38,10,1068.0,10680.0,"2026-04-28, 12:18:18:078 PM",2026042801045559
BJHL,44,33,10,1068.0,10680.0,"2026-04-28, 12:17:42:963 PM",2026042801045284
BJHL,44,58,10,1068.0,10680.0,"2026-04-28, 12:17:31:453 PM",2026042801045214
BJHL,44,48,10,1068.0,10680.0,"2026-04-28, 12:17:02:676 PM",2026042801045013
BJHL,58,59,10,1070.0,10700.0,"2026-04-28, 12:16:18:304 PM",2026042801044665
BJHL,44,58,10,1068.0,10680.0,"2026-04-28, 12:15:57:240 PM",2026042801044543
BJHL,44,36,10,1068.0,10680.0,"2026-04-28, 12:15:40:043 PM",2026042801044453
BJHL,44,57,140,1068.0,149520.0,"2026-04-28, 12:15:30:302 PM",2026042801044417
BJHL,36,57,100,1068.1,106810.0,"2026-04-28, 12:15:30:302 PM",2026042801044416
BJHL,101,57,50,1070.0,53500.0,"2026-04-28, 12:15:30:301 PM",2026042801044415
BJHL,57,57,20,1070.0,21400.0,"2026-04-28, 12:15:30:301 PM",2026042801044414
BJHL,50,57,60,1070.0,64200.0,"2026-04-28, 12:15:30:301 PM",2026042801044413
BJHL,25,57,30,1071.0,32130.0,"2026-04-28, 12:15:30:300 PM",2026042801044412
BJHL,25,59,10,1071.0,10710.0,"2026-04-28, 12:15:19:378 PM",2026042801044325
BJHL,6,82,100,1075.0,107500.0,"2026-04-28, 12:14:54:056 PM",2026042801044144
BJHL,62,82,150,1075.0,161250.0,"2026-04-28, 12:14:54:055 PM",2026042801044143
BJHL,62,56,10,1075.0,10750.0,"2026-04-28, 12:14:51:799 PM",2026042801044128
BJHL,19,82,250,1077.0,269250.0,"2026-04-28, 12:13:58:492 PM",2026042801043753
BJHL,19,11,10,1077.0,10770.0,"2026-04-28, 12:13:58:238 PM",2026042801043751
BJHL,19,57,10,1077.0,10770.0,"2026-04-28, 12:13:26:764 PM",2026042801043514
BJHL,19,38,10,1077.0,10770.0,"2026-04-28, 12:13:24:081 PM",2026042801043499
BJHL,19,8,10,1077.0,10770.0,"2026-04-28, 12:13:24:081 PM",2026042801043498
BJHL,19,35,10,1075.1,10751.0,"2026-04-28, 12:13:24:080 PM",2026042801043497
BJHL,62,58,10,1075.0,10750.0,"2026-04-28, 12:13:06:597 PM",2026042801043381
BJHL,62,11,10,1075.0,10750.0,"2026-04-28, 12:12:57:625 PM",2026042801043322
BJHL,62,59,10,1075.0,10750.0,"2026-04-28, 12:12:30:585 PM",2026042801043148
BJHL,62,58,10,1075.0,10750.0,"2026-04-28, 12:12:13:881 PM",2026042801043047
BJHL,62,58,10,1075.0,10750.0,"2026-04-28, 12:12:10:953 PM",2026042801043033
BJHL,62,34,10,1075.0,10750.0,"2026-04-28, 12:12:10:953 PM",2026042801043032
BJHL,62,58,10,1075.0,10750.0,"2026-04-28, 12:12:10:953 PM",2026042801043031
BJHL,62,39,10,1075.0,10750.0,"2026-04-28, 12:12:10:952 PM",2026042801043030
BJHL,62,58,10,1075.0,10750.0,"2026-04-28, 12:12:10:952 PM",2026042801043029
BJHL,62,62,10,1075.0,10750.0,"2026-04-28, 12:12:10:952 PM",2026042801043028
BJHL,62,38,10,1075.0,10750.0,"2026-04-28, 12:12:10:951 PM",2026042801043027
BJHL,62,58,10,1075.0,10750.0,"2026-04-28, 12:12:10:951 PM",2026042801043026
BJHL,62,45,10,1075.0,10750.0,"2026-04-28, 12:12:10:951 PM",2026042801043025
BJHL,62,56,10,1074.0,10740.0,"2026-04-28, 12:12:10:950 PM",2026042801043024
BJHL,25,58,10,1071.0,10710.0,"2026-04-28, 12:11:59:381 PM",2026042801042970
BJHL,58,38,10,1071.0,10710.0,"2026-04-28, 12:11:51:746 PM",2026042801042934
BJHL,58,45,10,1074.0,10740.0,"2026-04-28, 12:11:04:620 PM",2026042801042563
BJHL,58,51,10,1075.0,10750.0,"2026-04-28, 12:08:48:035 PM",2026042801041715
BJHL,58,94,10,1071.0,10710.0,"2026-04-28, 12:08:39:081 PM",2026042801041660
BJHL,58,48,13,1071.0,13923.0,"2026-04-28, 12:08:29:735 PM",2026042801041584
BJHL,58,47,10,1071.0,10710.0,"2026-04-28, 12:08:28:516 PM",2026042801041580
BJHL,58,13,10,1071.0,10710.0,"2026-04-28, 12:08:23:872 PM",2026042801041563
BJHL,50,62,10,1070.0,10700.0,"2026-04-28, 12:07:37:282 PM",2026042801041286
BJHL,50,38,10,1070.0,10700.0,"2026-04-28, 12:06:40:700 PM",2026042801040853
BJHL,50,51,10,1070.0,10700.0,"2026-04-28, 12:06:19:434 PM",2026042801040689
BJHL,50,52,10,1070.0,10700.0,"2026-04-28, 12:06:16:837 PM",2026042801040663
BJHL,53,58,10,1070.0,10700.0,"2026-04-28, 12:06:14:358 PM",2026042801040633
BJHL,58,58,30,1072.5,32175.0,"2026-04-28, 12:06:12:361 PM",2026042801040615
BJHL,42,71,10,1070.0,10700.0,"2026-04-28, 12:05:44:890 PM",2026042801040416
BJHL,42,58,10,1070.0,10700.0,"2026-04-28, 12:05:34:514 PM",2026042801040338
BJHL,42,7,10,1070.0,10700.0,"2026-04-28, 12:05:27:765 PM",2026042801040273
BJHL,42,58,10,1070.0,10700.0,"2026-04-28, 12:05:17:543 PM",2026042801040167
BJHL,42,57,10,1070.0,10700.0,"2026-04-28, 12:04:31:634 PM",2026042801039850
BJHL,58,54,10,1070.0,10700.0,"2026-04-28, 12:04:31:231 PM",2026042801039846
BJHL,58,61,10,1070.0,10700.0,"2026-04-28, 12:04:20:742 PM",2026042801039741
BJHL,58,36,10,1070.0,10700.0,"2026-04-28, 12:04:01:360 PM",2026042801039607
BJHL,58,34,10,1070.0,10700.0,"2026-04-28, 12:03:44:378 PM",2026042801039381
BJHL,58,28,10,1072.0,10720.0,"2026-04-28, 12:03:27:884 PM",2026042801039273
BJHL,58,58,10,1070.0,10700.0,"2026-04-28, 12:03:20:230 PM",2026042801039194
BJHL,58,49,10,1070.0,10700.0,"2026-04-28, 12:03:01:143 PM",2026042801039009
BJHL,58,58,10,1070.0,10700.0,"2026-04-28, 12:03:00:615 PM",2026042801039002
BJHL,58,21,10,1070.0,10700.0,"2026-04-28, 12:02:57:757 PM",2026042801038987
BJHL,58,49,10,1070.0,10700.0,"2026-04-28, 12:02:52:250 PM",2026042801038953
BJHL,58,58,16,1072.5,17160.0,"2026-04-28, 12:02:43:733 PM",2026042801038870
BJHL,58,58,10,1070.0,10700.0,"2026-04-28, 12:02:29:580 PM",2026042801038809
BJHL,58,32,100,1070.0,107000.0,"2026-04-28, 12:02:25:153 PM",2026042801038778
BJHL,58,52,10,1070.0,10700.0,"2026-04-28, 12:02:03:251 PM",2026042801038633
BJHL,58,14,10,1070.0,10700.0,"2026-04-28, 12:02:02:055 PM",2026042801038629
BJHL,58,58,10,1070.0,10700.0,"2026-04-28, 12:01:55:803 PM",2026042801038605
BJHL,58,42,10,1070.0,10700.0,"2026-04-28, 12:00:57:532 PM",2026042801038167
BJHL,58,90,10,1070.0,10700.0,"2026-04-28, 12:00:31:470 PM",2026042801037883
BJHL,58,51,10,1070.0,10700.0,"2026-04-28, 12:00:30:326 PM",2026042801037874
BJHL,25,42,10,1067.2,10672.0,"2026-04-28, 12:00:24:857 PM",2026042801037830
BJHL,25,6,10,1067.2,10672.0,"2026-04-28, 11:59:59:887 AM",2026042801037621
BJHL,38,82,110,1080.0,118800.0,"2026-04-28, 11:59:23:823 AM",2026042801037338
BJHL,38,38,10,1080.0,10800.0,"2026-04-28, 11:59:18:144 AM",2026042801037274
BJHL,48,49,10,1081.0,10810.0,"2026-04-28, 11:59:17:496 AM",2026042801037269
BJHL,48,58,10,1081.0,10810.0,"2026-04-28, 11:59:17:496 AM",2026042801037268
BJHL,38,46,10,1080.0,10800.0,"2026-04-28, 11:59:14:262 AM",2026042801037251
BJHL,38,45,10,1080.0,10800.0,"2026-04-28, 11:59:12:315 AM",2026042801037235
BJHL,38,58,10,1080.0,10800.0,"2026-04-28, 11:58:57:322 AM",2026042801037097
BJHL,38,14,10,1080.0,10800.0,"2026-04-28, 11:58:51:939 AM",2026042801037052
BJHL,38,41,10,1080.0,10800.0,"2026-04-28, 11:58:30:823 AM",2026042801036880
BJHL,38,7,10,1080.0,10800.0,"2026-04-28, 11:58:30:822 AM",2026042801036879
BJHL,38,77,10,1080.0,10800.0,"2026-04-28, 11:58:30:822 AM",2026042801036878
BJHL,38,38,10,1080.0,10800.0,"2026-04-28, 11:58:30:822 AM",2026042801036877
BJHL,38,50,10,1080.0,10800.0,"2026-04-28, 11:58:30:822 AM",2026042801036876
BJHL,38,42,10,1080.0,10800.0,"2026-04-28, 11:58:30:822 AM",2026042801036875
BJHL,38,96,10,1080.0,10800.0,"2026-04-28, 11:58:30:822 AM",2026042801036874
BJHL,38,21,10,1080.0,10800.0,"2026-04-28, 11:58:30:822 AM",2026042801036873
BJHL,38,42,10,1080.0,10800.0,"2026-04-28, 11:58:30:822 AM",2026042801036872
BJHL,38,4,10,1080.0,10800.0,"2026-04-28, 11:58:30:822 AM",2026042801036871
BJHL,38,58,10,1080.0,10800.0,"2026-04-28, 11:58:30:822 AM",2026042801036870
BJHL,38,58,10,1080.0,10800.0,"2026-04-28, 11:58:30:821 AM",2026042801036869
BJHL,38,38,10,1080.0,10800.0,"2026-04-28, 11:58:30:821 AM",2026042801036868
BJHL,38,22,10,1079.9,10799.0,"2026-04-28, 11:58:30:821 AM",2026042801036867
BJHL,48,58,10,1075.0,10750.0,"2026-04-28, 11:58:05:421 AM",2026042801036676
BJHL,48,42,10,1075.0,10750.0,"2026-04-28, 11:58:05:421 AM",2026042801036675
BJHL,48,4,10,1075.0,10750.0,"2026-04-28, 11:58:05:420 AM",2026042801036674
BJHL,57,7,10,1070.0,10700.0,"2026-04-28, 11:57:31:980 AM",2026042801036404
BJHL,57,50,10,1070.0,10700.0,"2026-04-28, 11:57:31:979 AM",2026042801036403
BJHL,25,77,10,1066.1,10661.0,"2026-04-28, 11:56:41:749 AM",2026042801035970
BJHL,59,45,30,1066.0,31980.0,"2026-04-28, 11:56:35:588 AM",2026042801035871
BJHL,38,58,10,1066.0,10660.0,"2026-04-28, 11:56:34:102 AM",2026042801035857
BJHL,17,22,10,1066.0,10660.0,"2026-04-28, 11:56:21:437 AM",2026042801035714
BJHL,35,19,10,1065.0,10650.0,"2026-04-28, 11:56:04:016 AM",2026042801035588
BJHL,35,56,10,1065.0,10650.0,"2026-04-28, 11:55:58:981 AM",2026042801035537
BJHL,39,58,10,1065.7,10657.0,"2026-04-28, 11:55:48:761 AM",2026042801035402
BJHL,21,7,10,1066.0,10660.0,"2026-04-28, 11:55:06:020 AM",2026042801035072
BJHL,21,17,10,1066.0,10660.0,"2026-04-28, 11:54:52:202 AM",2026042801034978
BJHL,38,21,10,1070.0,10700.0,"2026-04-28, 11:53:51:936 AM",2026042801034491
BJHL,21,38,10,1075.0,10750.0,"2026-04-28, 11:53:46:082 AM",2026042801034434
BJHL,38,38,10,1070.0,10700.0,"2026-04-28, 11:53:40:997 AM",2026042801034401
BJHL,38,58,10,1070.0,10700.0,"2026-04-28, 11:53:36:043 AM",2026042801034363
BJHL,38,6,10,1070.0,10700.0,"2026-04-28, 11:53:28:689 AM",2026042801034265
BJHL,38,35,10,1070.0,10700.0,"2026-04-28, 11:53:16:760 AM",2026042801034151
BJHL,38,38,10,1070.0,10700.0,"2026-04-28, 11:53:06:341 AM",2026042801034048
BJHL,38,58,10,1070.0,10700.0,"2026-04-28, 11:52:47:895 AM",2026042801033889
BJHL,38,58,110,1070.0,117700.0,"2026-04-28, 11:52:47:895 AM",2026042801033888
BJHL,38,58,10,1070.0,10700.0,"2026-04-28, 11:52:47:895 AM",2026042801033887
BJHL,38,58,10,1070.0,10700.0,"2026-04-28, 11:52:47:895 AM",2026042801033886
BJHL,38,7,10,1070.0,10700.0,"2026-04-28, 11:52:47:895 AM",2026042801033885
BJHL,38,58,10,1070.0,10700.0,"2026-04-28, 11:52:47:894 AM",2026042801033884
BJHL,14,74,10,1065.0,10650.0,"2026-04-28, 11:52:42:872 AM",2026042801033851
BJHL,14,51,10,1065.0,10650.0,"2026-04-28, 11:52:31:365 AM",2026042801033684
BJHL,44,13,10,1070.0,10700.0,"2026-04-28, 11:52:04:158 AM",2026042801033435
BJHL,44,96,10,1070.0,10700.0,"2026-04-28, 11:52:04:158 AM",2026042801033434
BJHL,44,28,20,1065.6,21312.0,"2026-04-28, 11:52:04:158 AM",2026042801033433
BJHL,14,35,10,1065.0,10650.0,"2026-04-28, 11:52:01:422 AM",2026042801033418
BJHL,14,35,10,1065.0,10650.0,"2026-04-28, 11:51:46:239 AM",2026042801033306
BJHL,14,58,10,1065.0,10650.0,"2026-04-28, 11:51:45:730 AM",2026042801033296
BJHL,56,54,10,1064.0,10640.0,"2026-04-28, 11:51:34:244 AM",2026042801033189
BJHL,56,58,10,1064.0,10640.0,"2026-04-28, 11:51:23:849 AM",2026042801033128
BJHL,56,51,20,1064.0,21280.0,"2026-04-28, 11:51:23:849 AM",2026042801033127
BJHL,56,54,10,1062.0,10620.0,"2026-04-28, 11:51:23:848 AM",2026042801033126
BJHL,48,51,40,1061.0,42440.0,"2026-04-28, 11:51:02:966 AM",2026042801033005
BJHL,48,77,10,1061.0,10610.0,"2026-04-28, 11:50:59:162 AM",2026042801032964
BJHL,43,75,10,1060.1,10601.0,"2026-04-28, 11:50:47:648 AM",2026042801032875
BJHL,43,17,10,1060.1,10601.0,"2026-04-28, 11:50:42:942 AM",2026042801032849
BJHL,39,17,10,1060.2,10602.0,"2026-04-28, 11:50:31:329 AM",2026042801032782
BJHL,43,58,10,1060.1,10601.0,"2026-04-28, 11:50:06:888 AM",2026042801032599
BJHL,43,86,10,1060.1,10601.0,"2026-04-28, 11:50:02:848 AM",2026042801032576
BJHL,43,45,10,1060.1,10601.0,"2026-04-28, 11:49:58:392 AM",2026042801032548
BJHL,34,49,10,1061.0,10610.0,"2026-04-28, 11:49:55:275 AM",2026042801032523
BJHL,49,32,10,1060.0,10600.0,"2026-04-28, 11:49:47:532 AM",2026042801032457
BJHL,34,47,10,1060.1,10601.0,"2026-04-28, 11:49:14:660 AM",2026042801032173
BJHL,34,29,100,1060.1,106010.0,"2026-04-28, 11:49:11:983 AM",2026042801032161
BJHL,21,28,10,1065.6,10656.0,"2026-04-28, 11:49:01:762 AM",2026042801032099
BJHL,21,22,10,1065.0,10650.0,"2026-04-28, 11:49:01:762 AM",2026042801032098
BJHL,21,29,10,1065.0,10650.0,"2026-04-28, 11:49:01:762 AM",2026042801032097
BJHL,21,48,60,1065.0,63900.0,"2026-04-28, 11:49:01:762 AM",2026042801032096
BJHL,21,58,10,1061.0,10610.0,"2026-04-28, 11:49:01:762 AM",2026042801032095
BJHL,62,11,10,1061.0,10610.0,"2026-04-28, 11:48:41:596 AM",2026042801031928
BJHL,16,58,10,1061.0,10610.0,"2026-04-28, 11:48:40:836 AM",2026042801031923
BJHL,16,58,10,1061.0,10610.0,"2026-04-28, 11:48:26:413 AM",2026042801031826
BJHL,13,48,20,1065.0,21300.0,"2026-04-28, 11:48:23:038 AM",2026042801031804
BJHL,16,48,30,1061.0,31830.0,"2026-04-28, 11:48:22:931 AM",2026042801031803
BJHL,42,48,10,1061.0,10610.0,"2026-04-28, 11:48:22:931 AM",2026042801031802
BJHL,62,48,10,1062.0,10620.0,"2026-04-28, 11:48:22:931 AM",2026042801031801
BJHL,26,38,10,1065.0,10650.0,"2026-04-28, 11:47:26:017 AM",2026042801031361
BJHL,42,20,10,1061.0,10610.0,"2026-04-28, 11:47:18:607 AM",2026042801031322
BJHL,42,22,10,1061.0,10610.0,"2026-04-28, 11:47:18:109 AM",2026042801031319
BJHL,42,6,10,1061.0,10610.0,"2026-04-28, 11:47:17:984 AM",2026042801031318
BJHL,42,89,10,1061.0,10610.0,"2026-04-28, 11:47:15:047 AM",2026042801031295
BJHL,95,57,10,1063.0,10630.0,"2026-04-28, 11:46:58:184 AM",2026042801031159
BJHL,42,38,10,1063.0,10630.0,"2026-04-28, 11:46:36:898 AM",2026042801030985
BJHL,49,35,10,1060.0,10600.0,"2026-04-28, 11:46:18:612 AM",2026042801030869
BJHL,49,42,10,1060.0,10600.0,"2026-04-28, 11:46:17:526 AM",2026042801030861
BJHL,49,57,70,1060.0,74200.0,"2026-04-28, 11:46:14:807 AM",2026042801030849
BJHL,42,57,10,1060.0,10600.0,"2026-04-28, 11:46:14:807 AM",2026042801030848
BJHL,42,94,10,1060.0,10600.0,"2026-04-28, 11:46:09:984 AM",2026042801030816
BJHL,42,62,21,1063.0,22323.0,"2026-04-28, 11:46:08:285 AM",2026042801030807
BJHL,42,44,20,1060.0,21200.0,"2026-04-28, 11:46:00:085 AM",2026042801030755
BJHL,32,44,10,1060.0,10600.0,"2026-04-28, 11:46:00:085 AM",2026042801030754
BJHL,14,58,20,1060.1,21202.0,"2026-04-28, 11:45:45:396 AM",2026042801030594
BJHL,34,57,10,1060.0,10600.0,"2026-04-28, 11:45:37:857 AM",2026042801030538
BJHL,34,41,10,1060.0,10600.0,"2026-04-28, 11:45:30:868 AM",2026042801030474
BJHL,34,19,10,1060.0,10600.0,"2026-04-28, 11:45:14:822 AM",2026042801030333
BJHL,34,76,10,1060.0,10600.0,"2026-04-28, 11:45:12:702 AM",2026042801030317
BJHL,34,52,10,1060.0,10600.0,"2026-04-28, 11:44:56:852 AM",2026042801030171
BJHL,34,38,20,1060.0,21200.0,"2026-04-28, 11:44:56:499 AM",2026042801030170
BJHL,42,54,10,1061.0,10610.0,"2026-04-28, 11:44:56:466 AM",2026042801030168
BJHL,42,45,10,1060.1,10601.0,"2026-04-28, 11:44:56:466 AM",2026042801030167
BJHL,42,58,10,1060.1,10601.0,"2026-04-28, 11:44:32:899 AM",2026042801029787
BJHL,34,58,10,1060.0,10600.0,"2026-04-28, 11:44:32:295 AM",2026042801029783
BJHL,34,52,10,1060.0,10600.0,"2026-04-28, 11:44:25:939 AM",2026042801029726
BJHL,49,17,10,1060.0,10600.0,"2026-04-28, 11:44:24:899 AM",2026042801029711
BJHL,8,58,20,1060.1,21202.0,"2026-04-28, 11:44:22:724 AM",2026042801029692
BJHL,8,38,10,1060.1,10601.0,"2026-04-28, 11:44:22:470 AM",2026042801029689
BJHL,8,87,10,1060.1,10601.0,"2026-04-28, 11:44:22:191 AM",2026042801029685
BJHL,45,41,10,1061.0,10610.0,"2026-04-28, 11:43:59:309 AM",2026042801029493
BJHL,8,58,10,1060.1,10601.0,"2026-04-28, 11:43:43:761 AM",2026042801029383
BJHL,14,50,10,1060.1,10601.0,"2026-04-28, 11:43:41:813 AM",2026042801029364
BJHL,14,49,10,1060.3,10603.0,"2026-04-28, 11:43:27:643 AM",2026042801029273
BJHL,6,62,40,1063.0,42520.0,"2026-04-28, 11:42:50:582 AM",2026042801028970
BJHL,6,40,10,1063.0,10630.0,"2026-04-28, 11:42:43:878 AM",2026042801028875
BJHL,43,62,20,1068.0,21360.0,"2026-04-28, 11:42:24:028 AM",2026042801028705
BJHL,47,38,10,1070.0,10700.0,"2026-04-28, 11:42:17:058 AM",2026042801028655
BJHL,8,22,30,1070.0,32100.0,"2026-04-28, 11:42:08:132 AM",2026042801028594
BJHL,8,42,10,1070.0,10700.0,"2026-04-28, 11:42:03:878 AM",2026042801028558
BJHL,8,45,10,1070.0,10700.0,"2026-04-28, 11:41:56:015 AM",2026042801028482
BJHL,42,58,10,1070.0,10700.0,"2026-04-28, 11:41:54:212 AM",2026042801028470
BJHL,42,13,10,1070.0,10700.0,"2026-04-28, 11:41:45:888 AM",2026042801028404
BJHL,51,44,4,1083.0,4332.0,"2026-04-28, 11:41:29:436 AM",2026042801028286
BJHL,42,49,10,1070.0,10700.0,"2026-04-28, 11:41:12:788 AM",2026042801028167
BJHL,14,58,10,1070.1,10701.0,"2026-04-28, 11:41:04:370 AM",2026042801028095
BJHL,59,44,2,1088.0,2176.0,"2026-04-28, 11:40:59:407 AM",2026042801028056
BJHL,42,17,50,1080.0,54000.0,"2026-04-28, 11:40:42:167 AM",2026042801027901
BJHL,42,45,10,1070.0,10700.0,"2026-04-28, 11:40:40:633 AM",2026042801027894
BJHL,47,17,250,1080.0,270000.0,"2026-04-28, 11:40:15:648 AM",2026042801027726
BJHL,5,17,50,1080.0,54000.0,"2026-04-28, 11:40:15:647 AM",2026042801027725
BJHL,58,42,10,1080.0,10800.0,"2026-04-28, 11:40:08:592 AM",2026042801027647
BJHL,3,44,96,1080.0,103680.0,"2026-04-28, 11:40:02:203 AM",2026042801027591
BJHL,49,44,48,1080.0,51840.0,"2026-04-28, 11:40:02:203 AM",2026042801027590
BJHL,49,58,10,1080.0,10800.0,"2026-04-28, 11:40:01:339 AM",2026042801027588
BJHL,49,35,42,1080.0,45360.0,"2026-04-28, 11:39:53:769 AM",2026042801027546
BJHL,57,35,50,1080.0,54000.0,"2026-04-28, 11:39:53:769 AM",2026042801027545
BJHL,48,35,58,1080.0,62640.0,"2026-04-28, 11:39:53:768 AM",2026042801027544
BJHL,37,35,10,1080.1,10801.0,"2026-04-28, 11:39:53:768 AM",2026042801027543
BJHL,37,49,40,1080.1,43204.0,"2026-04-28, 11:39:50:273 AM",2026042801027514
BJHL,34,62,60,1081.0,64860.0,"2026-04-28, 11:39:32:997 AM",2026042801027408
BJHL,49,62,50,1081.0,54050.0,"2026-04-28, 11:39:32:997 AM",2026042801027407
BJHL,48,62,75,1081.1,81082.5,"2026-04-28, 11:39:32:997 AM",2026042801027406
BJHL,48,58,10,1081.1,10811.0,"2026-04-28, 11:38:58:093 AM",2026042801027077
BJHL,58,47,10,1083.0,10830.0,"2026-04-28, 11:38:45:597 AM",2026042801027003
BJHL,58,22,10,1083.0,10830.0,"2026-04-28, 11:38:38:931 AM",2026042801026957
BJHL,95,58,10,1083.0,10830.0,"2026-04-28, 11:37:54:372 AM",2026042801026503
BJHL,95,10,10,1083.0,10830.0,"2026-04-28, 11:37:54:372 AM",2026042801026502
BJHL,95,58,10,1082.0,10820.0,"2026-04-28, 11:37:54:371 AM",2026042801026501
BJHL,58,45,20,1083.0,21660.0,"2026-04-28, 11:37:39:909 AM",2026042801026286
BJHL,58,32,10,1082.0,10820.0,"2026-04-28, 11:37:39:908 AM",2026042801026285
BJHL,45,58,10,1082.0,10820.0,"2026-04-28, 11:37:39:084 AM",2026042801026279
BJHL,49,45,39,1083.0,42237.0,"2026-04-28, 11:37:24:374 AM",2026042801026153
BJHL,49,19,20,1083.0,21660.0,"2026-04-28, 11:36:57:267 AM",2026042801025816
BJHL,32,19,10,1083.0,10830.0,"2026-04-28, 11:36:57:266 AM",2026042801025815
BJHL,8,45,10,1083.0,10830.0,"2026-04-28, 11:36:52:605 AM",2026042801025760
BJHL,8,41,10,1083.0,10830.0,"2026-04-28, 11:36:49:381 AM",2026042801025627
BJHL,8,48,10,1083.0,10830.0,"2026-04-28, 11:36:47:298 AM",2026042801025557
BJHL,8,34,10,1083.0,10830.0,"2026-04-28, 11:36:42:966 AM",2026042801025520
BJHL,8,58,10,1083.0,10830.0,"2026-04-28, 11:36:37:794 AM",2026042801025435
BJHL,51,41,26,1083.0,28158.0,"2026-04-28, 11:36:36:413 AM",2026042801025396
BJHL,49,41,14,1083.1,15163.399999999998,"2026-04-28, 11:36:36:412 AM",2026042801025395
BJHL,49,58,10,1083.1,10831.0,"2026-04-28, 11:36:20:833 AM",2026042801025183
BJHL,43,19,90,1083.5,97515.0,"2026-04-28, 11:36:14:829 AM",2026042801025056
BJHL,43,49,10,1083.4,10834.0,"2026-04-28, 11:36:14:829 AM",2026042801025055
BJHL,49,4,10,1083.4,10834.0,"2026-04-28, 11:35:52:744 AM",2026042801024760
BJHL,49,58,10,1083.4,10834.0,"2026-04-28, 11:35:50:543 AM",2026042801024721
BJHL,49,49,10,1083.4,10834.0,"2026-04-28, 11:35:44:273 AM",2026042801024669
BJHL,21,19,30,1083.5,32505.0,"2026-04-28, 11:35:23:513 AM",2026042801024493
BJHL,58,13,10,1083.7,10837.0,"2026-04-28, 11:35:01:879 AM",2026042801024333
BJHL,34,57,20,1084.0,21680.0,"2026-04-28, 11:34:11:149 AM",2026042801023594
BJHL,48,57,80,1084.1,86728.0,"2026-04-28, 11:34:11:149 AM",2026042801023593
BJHL,48,58,10,1084.1,10841.0,"2026-04-28, 11:34:03:349 AM",2026042801023499
BJHL,48,58,10,1084.1,10841.0,"2026-04-28, 11:34:01:996 AM",2026042801023470
BJHL,34,33,10,1084.0,10840.0,"2026-04-28, 11:33:55:057 AM",2026042801023358
BJHL,34,45,65,1084.0,70460.0,"2026-04-28, 11:33:53:779 AM",2026042801023348
BJHL,58,45,15,1084.0,16260.0,"2026-04-28, 11:33:53:778 AM",2026042801023347
BJHL,58,58,20,1084.0,21680.0,"2026-04-28, 11:33:49:873 AM",2026042801023324
BJHL,26,45,10,1084.0,10840.0,"2026-04-28, 11:33:43:516 AM",2026042801023263
BJHL,59,45,20,1084.1,21682.0,"2026-04-28, 11:33:33:852 AM",2026042801023185
BJHL,59,58,10,1084.1,10841.0,"2026-04-28, 11:32:44:846 AM",2026042801022703
BJHL,59,34,10,1084.1,10841.0,"2026-04-28, 11:32:33:493 AM",2026042801022500
BJHL,59,58,10,1084.1,10841.0,"2026-04-28, 11:32:31:435 AM",2026042801022474
BJHL,59,1,10,1084.1,10841.0,"2026-04-28, 11:32:03:909 AM",2026042801022153
BJHL,59,58,10,1084.1,10841.0,"2026-04-28, 11:32:03:150 AM",2026042801022141
BJHL,59,10,10,1084.1,10841.0,"2026-04-28, 11:31:55:741 AM",2026042801022078
BJHL,14,42,10,1084.2,10842.0,"2026-04-28, 11:31:21:102 AM",2026042801021799
BJHL,59,38,10,1084.1,10841.0,"2026-04-28, 11:31:05:025 AM",2026042801021688
BJHL,59,52,10,1084.1,10841.0,"2026-04-28, 11:31:02:078 AM",2026042801021664
BJHL,48,58,10,1084.1,10841.0,"2026-04-28, 11:30:57:472 AM",2026042801021638
BJHL,48,4,20,1084.1,21682.0,"2026-04-28, 11:30:44:908 AM",2026042801021463
BJHL,6,42,10,1085.0,10850.0,"2026-04-28, 11:30:35:706 AM",2026042801021312
BJHL,6,49,10,1085.0,10850.0,"2026-04-28, 11:30:35:706 AM",2026042801021311
BJHL,6,74,10,1085.0,10850.0,"2026-04-28, 11:30:35:705 AM",2026042801021310
BJHL,6,59,20,1084.4,21688.0,"2026-04-28, 11:30:35:705 AM",2026042801021309
BJHL,48,21,70,1084.1,75887.0,"2026-04-28, 11:30:30:278 AM",2026042801021218
BJHL,81,21,80,1084.2,86736.0,"2026-04-28, 11:30:30:278 AM",2026042801021217
BJHL,48,21,60,1084.3,65058.0,"2026-04-28, 11:30:30:278 AM",2026042801021216
BJHL,81,59,80,1084.4,86752.0,"2026-04-28, 11:30:07:754 AM",2026042801020961
BJHL,81,58,10,1084.4,10844.0,"2026-04-28, 11:30:03:307 AM",2026042801020911
BJHL,81,58,10,1084.4,10844.0,"2026-04-28, 11:30:01:603 AM",2026042801020906
BJHL,8,36,10,1085.0,10850.0,"2026-04-28, 11:29:39:202 AM",2026042801020710
BJHL,8,37,10,1085.0,10850.0,"2026-04-28, 11:29:33:503 AM",2026042801020646
BJHL,7,45,10,1090.0,10900.0,"2026-04-28, 11:29:33:095 AM",2026042801020640
BJHL,7,38,10,1088.9,10889.0,"2026-04-28, 11:29:33:095 AM",2026042801020639
BJHL,7,25,10,1088.0,10880.0,"2026-04-28, 11:29:33:095 AM",2026042801020638
BJHL,7,49,10,1088.0,10880.0,"2026-04-28, 11:29:33:095 AM",2026042801020637
BJHL,8,54,10,1085.0,10850.0,"2026-04-28, 11:29:32:583 AM",2026042801020624
BJHL,8,54,10,1085.0,10850.0,"2026-04-28, 11:29:28:050 AM",2026042801020550
BJHL,8,49,10,1085.0,10850.0,"2026-04-28, 11:29:28:050 AM",2026042801020549
BJHL,57,58,10,1085.0,10850.0,"2026-04-28, 11:28:46:028 AM",2026042801020130
BJHL,57,4,10,1085.0,10850.0,"2026-04-28, 11:28:46:027 AM",2026042801020129
BJHL,57,94,10,1085.0,10850.0,"2026-04-28, 11:28:46:027 AM",2026042801020128
BJHL,57,58,10,1085.0,10850.0,"2026-04-28, 11:28:46:027 AM",2026042801020127
BJHL,81,58,10,1084.2,10842.0,"2026-04-28, 11:28:37:036 AM",2026042801020064
BJHL,81,34,10,1084.2,10842.0,"2026-04-28, 11:27:41:931 AM",2026042801019611
BJHL,14,45,10,1084.2,10842.0,"2026-04-28, 11:27:40:170 AM",2026042801019595
BJHL,48,58,10,1084.1,10841.0,"2026-04-28, 11:27:07:341 AM",2026042801019185
BJHL,48,58,10,1084.1,10841.0,"2026-04-28, 11:26:51:398 AM",2026042801019024
BJHL,48,58,10,1084.1,10841.0,"2026-04-28, 11:26:27:900 AM",2026042801018779
BJHL,34,64,50,1084.0,54200.0,"2026-04-28, 11:25:45:722 AM",2026042801018377
BJHL,7,64,30,1084.0,32520.0,"2026-04-28, 11:25:41:455 AM",2026042801018348
BJHL,48,45,10,1083.8,10838.0,"2026-04-28, 11:25:34:922 AM",2026042801018295
BJHL,7,64,20,1084.0,21680.0,"2026-04-28, 11:25:26:859 AM",2026042801018240
BJHL,42,7,10,1084.0,10840.0,"2026-04-28, 11:25:24:335 AM",2026042801018219
BJHL,42,35,10,1084.0,10840.0,"2026-04-28, 11:25:24:335 AM",2026042801018218
BJHL,57,58,10,1084.0,10840.0,"2026-04-28, 11:24:48:052 AM",2026042801017921
BJHL,14,56,10,1083.6,10836.0,"2026-04-28, 11:24:27:428 AM",2026042801017762
BJHL,42,80,10,1083.5,10835.0,"2026-04-28, 11:23:48:088 AM",2026042801017398
BJHL,49,80,10,1083.4,10834.0,"2026-04-28, 11:23:26:640 AM",2026042801017181
BJHL,21,36,10,1086.0,10860.0,"2026-04-28, 11:23:08:348 AM",2026042801017020
BJHL,21,57,10,1085.0,10850.0,"2026-04-28, 11:23:08:348 AM",2026042801017019
BJHL,49,41,16,1083.4,17334.4,"2026-04-28, 11:22:58:878 AM",2026042801016930
BJHL,49,43,10,1083.4,10834.0,"2026-04-28, 11:22:58:631 AM",2026042801016928
BJHL,42,54,10,1084.0,10840.0,"2026-04-28, 11:22:55:850 AM",2026042801016883
BJHL,39,58,10,1083.5,10835.0,"2026-04-28, 11:22:16:820 AM",2026042801016599
BJHL,26,52,10,1085.0,10850.0,"2026-04-28, 11:21:56:636 AM",2026042801016314
BJHL,26,34,10,1085.0,10850.0,"2026-04-28, 11:21:56:635 AM",2026042801016313
BJHL,49,49,10,1083.4,10834.0,"2026-04-28, 11:21:48:321 AM",2026042801016163
BJHL,49,45,10,1083.4,10834.0,"2026-04-28, 11:21:39:081 AM",2026042801016104
BJHL,49,58,10,1083.4,10834.0,"2026-04-28, 11:21:32:682 AM",2026042801016040
BJHL,49,58,20,1083.4,21668.0,"2026-04-28, 11:21:24:539 AM",2026042801015939
BJHL,48,58,90,1084.0,97560.0,"2026-04-28, 11:21:24:539 AM",2026042801015938
BJHL,48,58,10,1084.0,10840.0,"2026-04-28, 11:21:17:180 AM",2026042801015867
BJHL,49,65,50,1083.4,54170.00000000001,"2026-04-28, 11:20:51:528 AM",2026042801015639
BJHL,36,65,50,1085.0,54250.0,"2026-04-28, 11:20:51:528 AM",2026042801015638
BJHL,34,65,50,1085.0,54250.0,"2026-04-28, 11:20:51:528 AM",2026042801015637
BJHL,19,65,10,1085.0,10850.0,"2026-04-28, 11:20:51:528 AM",2026042801015636
BJHL,40,65,30,1085.0,32550.0,"2026-04-28, 11:20:51:528 AM",2026042801015635
BJHL,80,65,60,1086.0,65160.0,"2026-04-28, 11:20:51:528 AM",2026042801015634
BJHL,80,58,10,1086.0,10860.0,"2026-04-28, 11:20:47:655 AM",2026042801015604
BJHL,80,35,10,1086.0,10860.0,"2026-04-28, 11:20:44:676 AM",2026042801015563
BJHL,80,58,100,1086.0,108600.0,"2026-04-28, 11:20:38:132 AM",2026042801015524
BJHL,80,6,10,1086.0,10860.0,"2026-04-28, 11:20:21:310 AM",2026042801015338
BJHL,59,8,10,1088.0,10880.0,"2026-04-28, 11:20:09:398 AM",2026042801015228
BJHL,57,59,10,1088.1,10881.0,"2026-04-28, 11:20:01:087 AM",2026042801015104
BJHL,42,58,30,1090.0,32700.0,"2026-04-28, 11:19:36:954 AM",2026042801014789
BJHL,42,38,10,1090.0,10900.0,"2026-04-28, 11:19:30:470 AM",2026042801014703
BJHL,42,14,30,1090.0,32700.0,"2026-04-28, 11:19:27:949 AM",2026042801014683
BJHL,42,58,10,1090.0,10900.0,"2026-04-28, 11:19:21:154 AM",2026042801014614
BJHL,42,58,10,1090.0,10900.0,"2026-04-28, 11:19:20:320 AM",2026042801014605
BJHL,42,49,10,1090.0,10900.0,"2026-04-28, 11:19:17:920 AM",2026042801014583
BJHL,59,49,37,1088.0,40256.0,"2026-04-28, 11:19:06:175 AM",2026042801014457
BJHL,59,34,31,1088.0,33728.0,"2026-04-28, 11:19:04:607 AM",2026042801014447
BJHL,59,58,10,1088.0,10880.0,"2026-04-28, 11:19:04:585 AM",2026042801014446
BJHL,59,49,10,1088.0,10880.0,"2026-04-28, 11:19:01:548 AM",2026042801014423
BJHL,42,34,10,1090.0,10900.0,"2026-04-28, 11:18:46:405 AM",2026042801014275
BJHL,29,34,23,1090.0,25070.0,"2026-04-28, 11:18:46:405 AM",2026042801014274
BJHL,29,58,77,1090.0,83930.0,"2026-04-28, 11:18:39:188 AM",2026042801014202
BJHL,56,58,53,1090.0,57770.0,"2026-04-28, 11:18:39:188 AM",2026042801014201
BJHL,45,58,10,1090.1,10901.0,"2026-04-28, 11:18:39:188 AM",2026042801014200
BJHL,45,8,10,1090.1,10901.0,"2026-04-28, 11:18:31:411 AM",2026042801014045
BJHL,82,34,16,1091.0,17456.0,"2026-04-28, 11:18:31:091 AM",2026042801014042
BJHL,82,42,10,1091.0,10910.0,"2026-04-28, 11:18:20:124 AM",2026042801013955
BJHL,82,96,10,1091.0,10910.0,"2026-04-28, 11:18:11:862 AM",2026042801013783
BJHL,82,7,10,1091.0,10910.0,"2026-04-28, 11:17:45:355 AM",2026042801013534
BJHL,82,71,10,1091.0,10910.0,"2026-04-28, 11:17:31:808 AM",2026042801013377
BJHL,82,38,10,1091.0,10910.0,"2026-04-28, 11:17:30:998 AM",2026042801013370
BJHL,82,7,75,1091.0,81825.0,"2026-04-28, 11:17:22:967 AM",2026042801013285
BJHL,45,7,10,1092.0,10920.0,"2026-04-28, 11:17:22:966 AM",2026042801013284
BJHL,39,7,10,1092.1,10921.0,"2026-04-28, 11:17:22:966 AM",2026042801013283
BJHL,59,7,55,1092.1,60065.49999999999,"2026-04-28, 11:17:22:966 AM",2026042801013282
BJHL,6,7,10,1092.5,10925.0,"2026-04-28, 11:17:22:966 AM",2026042801013281
BJHL,6,38,10,1092.5,10925.0,"2026-04-28, 11:17:20:024 AM",2026042801013239
BJHL,6,56,10,1092.5,10925.0,"2026-04-28, 11:16:58:133 AM",2026042801012976
BJHL,6,8,10,1092.5,10925.0,"2026-04-28, 11:16:56:746 AM",2026042801012963
BJHL,42,58,10,1093.0,10930.0,"2026-04-28, 11:16:38:609 AM",2026042801012781
BJHL,6,26,10,1092.5,10925.0,"2026-04-28, 11:16:21:616 AM",2026042801012639
BJHL,7,44,10,1093.0,10930.0,"2026-04-28, 11:16:00:856 AM",2026042801012458
BJHL,7,49,10,1093.0,10930.0,"2026-04-28, 11:15:53:206 AM",2026042801012364
BJHL,59,13,10,1092.1,10921.0,"2026-04-28, 11:15:21:277 AM",2026042801011995
BJHL,59,58,35,1092.1,38223.5,"2026-04-28, 11:15:19:380 AM",2026042801011969
BJHL,26,34,10,1095.0,10950.0,"2026-04-28, 11:15:14:568 AM",2026042801011925
BJHL,42,35,10,1098.9,10989.0,"2026-04-28, 11:14:38:088 AM",2026042801011457
BJHL,7,14,10,1092.0,10920.0,"2026-04-28, 11:14:26:431 AM",2026042801011303
BJHL,17,58,10,1099.0,10990.0,"2026-04-28, 11:14:25:293 AM",2026042801011279
BJHL,7,51,10,1092.0,10920.0,"2026-04-28, 11:14:04:842 AM",2026042801011083
BJHL,7,58,10,1092.0,10920.0,"2026-04-28, 11:14:01:160 AM",2026042801011019
BJHL,82,49,10,1091.0,10910.0,"2026-04-28, 11:13:39:331 AM",2026042801010722
BJHL,82,34,10,1091.0,10910.0,"2026-04-28, 11:13:32:929 AM",2026042801010639
BJHL,82,38,10,1091.0,10910.0,"2026-04-28, 11:13:27:003 AM",2026042801010606
BJHL,82,91,10,1091.0,10910.0,"2026-04-28, 11:13:20:090 AM",2026042801010518
BJHL,82,58,10,1091.0,10910.0,"2026-04-28, 11:13:18:211 AM",2026042801010498
BJHL,82,98,10,1091.0,10910.0,"2026-04-28, 11:13:04:500 AM",2026042801010340
BJHL,80,50,10,1100.0,11000.0,"2026-04-28, 11:13:03:462 AM",2026042801010321
BJHL,80,35,10,1100.0,11000.0,"2026-04-28, 11:13:03:462 AM",2026042801010320
BJHL,80,44,10,1100.0,11000.0,"2026-04-28, 11:13:03:462 AM",2026042801010319
BJHL,82,49,10,1091.0,10910.0,"2026-04-28, 11:12:39:146 AM",2026042801010030
BJHL,82,58,289,1091.0,315299.0,"2026-04-28, 11:12:18:183 AM",2026042801009637
BJHL,38,58,50,1091.0,54550.0,"2026-04-28, 11:12:18:183 AM",2026042801009636
BJHL,7,58,50,1092.0,54600.0,"2026-04-28, 11:12:18:183 AM",2026042801009635
BJHL,48,58,80,1092.1,87368.0,"2026-04-28, 11:12:18:183 AM",2026042801009634
BJHL,58,58,10,1092.1,10921.0,"2026-04-28, 11:12:18:182 AM",2026042801009633
BJHL,33,58,10,1093.0,10930.0,"2026-04-28, 11:12:18:182 AM",2026042801009632
BJHL,58,58,10,1093.1,10931.0,"2026-04-28, 11:12:18:182 AM",2026042801009631
BJHL,58,42,10,1105.0,11050.0,"2026-04-28, 11:11:26:160 AM",2026042801009004
BJHL,58,58,10,1105.0,11050.0,"2026-04-28, 11:11:23:650 AM",2026042801008981
BJHL,58,7,10,1100.0,11000.0,"2026-04-28, 11:11:16:734 AM",2026042801008916
BJHL,14,7,290,1100.0,319000.0,"2026-04-28, 11:11:16:075 AM",2026042801008902
BJHL,58,25,10,1100.1,11001.0,"2026-04-28, 11:11:15:792 AM",2026042801008898
BJHL,26,58,30,1105.0,33150.0,"2026-04-28, 11:11:15:730 AM",2026042801008896
BJHL,14,57,10,1100.0,11000.0,"2026-04-28, 11:10:54:429 AM",2026042801008627
BJHL,10,36,10,1108.0,11080.0,"2026-04-28, 11:10:26:578 AM",2026042801008264
BJHL,66,4,10,1100.0,11000.0,"2026-04-28, 11:10:23:508 AM",2026042801008196
BJHL,66,58,10,1100.0,11000.0,"2026-04-28, 11:09:42:868 AM",2026042801007810
BJHL,10,58,10,1100.0,11000.0,"2026-04-28, 11:09:28:151 AM",2026042801007455
BJHL,10,34,10,1100.0,11000.0,"2026-04-28, 11:09:28:151 AM",2026042801007454
BJHL,10,58,10,1098.0,10980.0,"2026-04-28, 11:08:56:129 AM",2026042801007108
BJHL,45,49,10,1090.1,10901.0,"2026-04-28, 11:08:17:429 AM",2026042801006661
BJHL,17,35,10,1100.0,11000.0,"2026-04-28, 11:07:41:190 AM",2026042801006356
BJHL,17,42,10,1100.0,11000.0,"2026-04-28, 11:07:33:350 AM",2026042801006287
BJHL,80,58,10,1100.0,11000.0,"2026-04-28, 11:07:28:298 AM",2026042801006199
BJHL,45,49,10,1090.1,10901.0,"2026-04-28, 11:07:25:087 AM",2026042801006179
BJHL,42,26,10,1100.0,11000.0,"2026-04-28, 11:07:17:962 AM",2026042801006043
BJHL,45,58,10,1090.1,10901.0,"2026-04-28, 11:07:04:855 AM",2026042801005891
BJHL,42,49,10,1100.0,11000.0,"2026-04-28, 11:06:25:132 AM",2026042801005531
BJHL,42,22,10,1100.0,11000.0,"2026-04-28, 11:06:13:125 AM",2026042801005285
BJHL,42,58,14,1100.0,15400.0,"2026-04-28, 11:06:13:124 AM",2026042801005284
BJHL,42,58,10,1100.0,11000.0,"2026-04-28, 11:06:13:124 AM",2026042801005283
BJHL,39,49,10,1100.0,11000.0,"2026-04-28, 11:06:00:346 AM",2026042801005113
BJHL,56,25,47,1090.0,51230.0,"2026-04-28, 11:05:57:775 AM",2026042801005008
BJHL,17,58,10,1100.0,11000.0,"2026-04-28, 11:05:04:781 AM",2026042801004343
BJHL,17,62,10,1100.0,11000.0,"2026-04-28, 11:05:04:781 AM",2026042801004342
BJHL,17,19,50,1100.0,55000.0,"2026-04-28, 11:05:04:781 AM",2026042801004341
BJHL,80,77,10,1086.0,10860.0,"2026-04-28, 11:04:59:320 AM",2026042801004277
BJHL,39,49,10,1099.0,10990.0,"2026-04-28, 11:04:46:619 AM",2026042801003990
BJHL,26,58,10,1083.1,10831.0,"2026-04-28, 11:03:23:795 AM",2026042801003056
BJHL,25,19,50,1100.0,55000.0,"2026-04-28, 11:03:11:294 AM",2026042801002931
BJHL,49,35,10,1083.0,10830.0,"2026-04-28, 11:02:36:934 AM",2026042801002582
BJHL,17,72,10,1081.2,10812.0,"2026-04-28, 11:02:03:065 AM",2026042801002115
BJHL,17,45,10,1081.2,10812.0,"2026-04-28, 11:01:59:682 AM",2026042801002089
BJHL,36,6,10,1080.1,10801.0,"2026-04-28, 11:01:05:642 AM",2026042801001442
BJHL,48,32,10,1080.0,10800.0,"2026-04-28, 11:00:34:812 AM",2026042801001044
BJHL,48,13,10,1080.0,10800.0,"2026-04-28, 11:00:28:645 AM",2026042801000919
