stockSymbol,buyerMemberId,sellerMemberId,quantity,rate,amount,transaction_time,contractId
CIT,6,26,25,1767.1,44177.5,2026-04-28 14:59:13.226,2026042805016118
CIT,6,26,100,1767.1,176710.0,2026-04-28 14:58:31.497,2026042805015963
CIT,6,59,53,1767.1,93656.3,2026-04-28 14:58:18.378,2026042805015935
CIT,43,59,30,1767.1,53013.0,2026-04-28 14:58:18.378,2026042805015934
CIT,44,59,10,1767.2,17672.0,2026-04-28 14:58:18.377,2026042805015933
CIT,42,59,15,1767.5,26512.5,2026-04-28 14:58:18.377,2026042805015932
CIT,49,22,1,1715.0,1715.0,2026-04-28 14:56:19.974,2026042805015523
CIT,58,45,28,1768.0,49504.0,2026-04-28 14:55:29.035,2026042805015389
CIT,34,45,32,1768.0,56576.0,2026-04-28 14:55:29.035,2026042805015388
CIT,29,13,20,1768.0,35360.0,2026-04-28 14:55:13.244,2026042805015334
CIT,58,6,15,1768.5,26527.5,2026-04-28 14:53:03.383,2026042805014926
CIT,6,80,1,1768.1,1768.1,2026-04-28 14:52:49.215,2026042805014877
CIT,6,45,90,1768.1,159129.0,2026-04-28 14:52:49.214,2026042805014876
CIT,58,45,10,1768.2,17682.0,2026-04-28 14:52:49.214,2026042805014875
CIT,6,58,49,1768.1,86636.9,2026-04-28 14:52:23.754,2026042805014781
CIT,6,57,100,1768.1,176810.0,2026-04-28 14:51:05.794,2026042805014626
CIT,4,13,20,1770.0,35400.0,2026-04-28 14:50:36.763,2026042805014545
CIT,21,13,40,1770.0,70800.0,2026-04-28 14:49:11.367,2026042805014383
CIT,58,13,13,1770.0,23010.0,2026-04-28 14:48:50.514,2026042805014338
CIT,82,34,53,1770.0,93810.0,2026-04-28 14:46:03.234,2026042805013879
CIT,82,34,60,1770.0,106200.0,2026-04-28 14:46:03.234,2026042805013878
CIT,82,51,150,1770.0,265500.0,2026-04-28 14:46:03.234,2026042805013877
CIT,82,1,20,1769.0,35380.0,2026-04-28 14:46:03.233,2026042805013876
CIT,6,45,50,1768.1,88405.0,2026-04-28 14:41:24.388,2026042805013218
CIT,6,41,10,1768.5,17685.0,2026-04-28 14:37:34.467,2026042805012810
CIT,42,41,10,1768.5,17685.0,2026-04-28 14:36:45.222,2026042805012752
CIT,42,1,10,1769.0,17690.0,2026-04-28 14:32:57.041,2026042805012494
CIT,82,25,52,1768.0,91936.0,2026-04-28 14:32:43.659,2026042805012481
CIT,82,13,17,1768.0,30056.0,2026-04-28 14:30:57.622,2026042805012327
CIT,42,13,20,1768.0,35360.0,2026-04-28 14:28:40.892,2026042805012180
CIT,28,13,13,1768.0,22984.0,2026-04-28 14:21:54.752,2026042805011743
CIT,28,16,12,1768.0,21216.0,2026-04-28 14:21:54.751,2026042805011742
CIT,57,8,45,1767.0,79515.0,2026-04-28 14:15:43.476,2026042805011307
CIT,13,8,10,1767.0,17670.0,2026-04-28 14:15:43.476,2026042805011306
CIT,13,8,25,1767.0,44175.0,2026-04-28 14:15:43.476,2026042805011305
CIT,32,8,120,1767.0,212040.0,2026-04-28 14:15:43.476,2026042805011304
CIT,32,7,11,1767.0,19437.0,2026-04-28 14:11:13.201,2026042805010863
CIT,32,59,50,1767.0,88350.0,2026-04-28 14:10:35.713,2026042805010816
CIT,6,1,18,1768.0,31824.0,2026-04-28 14:10:03.943,2026042805010769
CIT,6,11,30,1768.0,53040.0,2026-04-28 14:09:40.324,2026042805010701
CIT,35,11,20,1768.0,35360.0,2026-04-28 14:09:31.606,2026042805010694
CIT,43,8,280,1767.2,494816.0,2026-04-28 14:04:16.678,2026042805010229
CIT,58,49,1,1770.0,1770.0,2026-04-28 13:58:27.798,2026042805009846
CIT,58,45,29,1770.0,51330.0,2026-04-28 13:58:27.797,2026042805009845
CIT,57,1,10,1769.0,17690.0,2026-04-28 13:58:06.168,2026042805009830
CIT,43,14,209,1767.2,369344.8,2026-04-28 13:53:26.777,2026042805009536
CIT,6,14,50,1767.3,88365.0,2026-04-28 13:53:26.777,2026042805009535
CIT,45,14,20,1768.0,35360.0,2026-04-28 13:53:26.777,2026042805009534
CIT,40,14,110,1768.0,194480.0,2026-04-28 13:53:26.777,2026042805009533
CIT,54,14,11,1768.7,19455.7,2026-04-28 13:53:26.776,2026042805009532
CIT,43,14,11,1767.2,19439.2,2026-04-28 13:38:37.828,2026042805008749
CIT,58,38,1,1770.0,1770.0,2026-04-28 13:37:26.300,2026042805008692
CIT,58,45,10,1770.0,17700.0,2026-04-28 13:37:02.398,2026042805008674
CIT,32,22,19,1767.0,33573.0,2026-04-28 13:36:21.581,2026042805008631
CIT,58,22,10,1767.0,17670.0,2026-04-28 13:36:04.126,2026042805008619
CIT,5,22,50,1767.1,88355.0,2026-04-28 13:36:04.126,2026042805008618
CIT,42,45,10,1770.0,17700.0,2026-04-28 13:27:30.540,2026042805008232
CIT,6,45,101,1770.0,178770.0,2026-04-28 13:24:06.443,2026042805008050
CIT,58,49,10,1773.0,17730.0,2026-04-28 13:23:43.240,2026042805008032
CIT,25,53,30,1773.0,53190.0,2026-04-28 13:17:44.773,2026042805007749
CIT,6,19,10,1770.0,17700.0,2026-04-28 13:08:17.237,2026042805007288
CIT,58,49,20,1766.2,35324.0,2026-04-28 13:04:30.911,2026042805007087
CIT,58,22,27,1766.2,47687.4,2026-04-28 13:01:33.022,2026042805006901
CIT,21,22,12,1767.0,21204.0,2026-04-28 13:01:33.022,2026042805006900
CIT,32,22,20,1770.0,35400.0,2026-04-28 13:01:33.022,2026042805006899
CIT,3,22,41,1770.0,72570.0,2026-04-28 13:01:33.022,2026042805006898
CIT,3,11,30,1770.0,53100.0,2026-04-28 13:00:08.893,2026042805006820
CIT,43,58,30,1773.0,53190.0,2026-04-28 12:56:07.194,2026042805006595
CIT,42,58,10,1773.0,17730.0,2026-04-28 12:53:17.160,2026042805006450
CIT,42,58,10,1773.0,17730.0,2026-04-28 12:52:51.533,2026042805006425
CIT,19,57,20,1774.0,35480.0,2026-04-28 12:45:48.074,2026042805006023
CIT,19,42,78,1774.0,138372.0,2026-04-28 12:45:48.074,2026042805006022
CIT,34,42,30,1774.0,53220.0,2026-04-28 12:45:30.961,2026042805006007
CIT,35,42,10,1774.0,17740.0,2026-04-28 12:36:03.460,2026042805005506
CIT,25,53,100,1767.0,176700.0,2026-04-28 12:34:05.393,2026042805005429
CIT,48,45,100,1767.0,176700.0,2026-04-28 12:30:57.749,2026042805005329
CIT,48,17,10,1767.0,17670.0,2026-04-28 12:30:57.749,2026042805005328
CIT,57,38,20,1766.1,35322.0,2026-04-28 12:28:52.345,2026042805005203
CIT,26,26,7,1715.0,12005.0,2026-04-28 12:28:13.329,2026042805005166
CIT,5,5,1,1713.2,1713.2,2026-04-28 12:26:01.570,2026042805005006
CIT,57,99,10,1766.1,17661.0,2026-04-28 12:22:19.069,2026042805004800
CIT,58,99,40,1766.1,70644.0,2026-04-28 12:22:19.068,2026042805004799
CIT,20,17,10,1767.0,17670.0,2026-04-28 12:21:06.286,2026042805004708
CIT,58,17,10,1767.0,17670.0,2026-04-28 12:21:00.932,2026042805004701
CIT,58,17,10,1767.0,17670.0,2026-04-28 12:20:26.407,2026042805004665
CIT,58,99,70,1766.1,123627.0,2026-04-28 12:14:03.586,2026042805004307
CIT,6,99,210,1766.1,370881.0,2026-04-28 12:14:03.585,2026042805004306
CIT,6,74,90,1766.1,158949.0,2026-04-28 12:11:33.922,2026042805004195
CIT,72,74,10,1766.5,17665.0,2026-04-28 12:11:33.922,2026042805004194
CIT,29,17,10,1767.0,17670.0,2026-04-28 12:11:13.034,2026042805004173
CIT,58,17,15,1767.0,26505.0,2026-04-28 12:06:13.585,2026042805003901
CIT,6,42,200,1767.1,353420.0,2026-04-28 12:01:38.104,2026042805003651
CIT,13,42,10,1768.0,17680.0,2026-04-28 12:01:38.104,2026042805003650
CIT,41,42,50,1768.0,88400.0,2026-04-28 12:01:38.104,2026042805003649
CIT,11,42,10,1768.0,17680.0,2026-04-28 12:01:38.104,2026042805003648
CIT,42,42,10,1768.5,17685.0,2026-04-28 12:01:38.103,2026042805003647
CIT,58,42,25,1774.0,44350.0,2026-04-28 12:01:34.190,2026042805003641
CIT,20,42,19,1774.0,33706.0,2026-04-28 11:58:35.647,2026042805003467
CIT,35,42,13,1774.0,23062.0,2026-04-28 11:56:26.205,2026042805003320
CIT,38,42,20,1774.0,35480.0,2026-04-28 11:56:11.468,2026042805003307
CIT,42,38,10,1768.5,17685.0,2026-04-28 11:55:32.047,2026042805003265
CIT,35,39,62,1767.1,109560.2,2026-04-28 11:52:27.431,2026042805003090
CIT,42,42,10,1774.0,17740.0,2026-04-28 11:50:35.404,2026042805002925
CIT,35,21,21,1767.1,37109.1,2026-04-28 11:50:06.159,2026042805002871
CIT,58,42,25,1774.0,44350.0,2026-04-28 11:48:51.997,2026042805002724
CIT,35,42,14,1767.1,24739.4,2026-04-28 11:47:53.989,2026042805002643
CIT,38,32,97,1766.0,171302.0,2026-04-28 11:43:02.094,2026042805002290
CIT,48,32,38,1767.0,67146.0,2026-04-28 11:43:02.094,2026042805002289
CIT,58,32,10,1768.0,17680.0,2026-04-28 11:43:02.094,2026042805002288
CIT,58,32,20,1768.0,35360.0,2026-04-28 11:43:02.094,2026042805002287
CIT,57,49,100,1768.0,176800.0,2026-04-28 11:37:58.610,2026042805001932
CIT,57,49,100,1768.0,176800.0,2026-04-28 11:34:46.142,2026042805001733
CIT,91,7,20,1772.0,35440.0,2026-04-28 11:33:27.712,2026042805001658
CIT,74,36,43,1760.0,75680.0,2026-04-28 11:06:17.185,2026042805000210
CIT,45,36,10,1760.0,17600.0,2026-04-28 11:06:17.184,2026042805000209
CIT,22,36,110,1770.0,194700.0,2026-04-28 11:06:17.184,2026042805000208
CIT,8,36,11,1770.0,19470.0,2026-04-28 11:06:17.184,2026042805000207
