symbol,buyer_member_id,seller_member_id,volume,price,amount,transaction_time,contract_id
DORDI,7,34,100,277.5,27750.0,2026-04-28 14:59:53.515,2026042805016437
DORDI,42,48,329,277.0,91133.0,2026-04-28 14:59:50.863,2026042805016418
DORDI,48,48,400,277.0,110800.0,2026-04-28 14:59:50.863,2026042805016417
DORDI,43,48,200,277.0,55400.0,2026-04-28 14:59:50.863,2026042805016416
DORDI,58,48,71,277.0,19667.0,2026-04-28 14:59:50.863,2026042805016415
DORDI,48,48,200,277.1,55420.00000000001,2026-04-28 14:59:50.863,2026042805016414
DORDI,58,34,15,278.0,4170.0,2026-04-28 14:58:52.015,2026042805016055
DORDI,5,34,45,278.0,12510.0,2026-04-28 14:58:31.022,2026042805015961
DORDI,58,32,60,277.0,16620.0,2026-04-28 14:58:08.921,2026042805015874
DORDI,58,34,100,277.0,27700.0,2026-04-28 14:58:04.520,2026042805015863
DORDI,58,32,10,277.0,2770.0,2026-04-28 14:57:42.554,2026042805015790
DORDI,1,34,98,278.0,27244.0,2026-04-28 14:57:29.062,2026042805015736
DORDI,1,5,102,277.9,28345.8,2026-04-28 14:57:29.062,2026042805015735
DORDI,58,58,10,277.0,2770.0,2026-04-28 14:54:52.481,2026042805015276
DORDI,58,48,542,277.0,150134.0,2026-04-28 14:52:42.757,2026042805014852
DORDI,58,28,20,277.0,5540.0,2026-04-28 14:52:35.783,2026042805014826
DORDI,58,38,129,277.0,35733.0,2026-04-28 14:50:56.631,2026042805014596
DORDI,58,6,30,277.0,8310.0,2026-04-28 14:50:56.630,2026042805014595
DORDI,39,5,10,277.9,2779.0,2026-04-28 14:48:55.849,2026042805014346
DORDI,25,35,790,276.0,218040.0,2026-04-28 14:45:07.915,2026042805013720
DORDI,32,35,1000,276.1,276100.0,2026-04-28 14:45:07.915,2026042805013719
DORDI,43,45,95,276.3,26248.5,2026-04-28 14:40:37.225,2026042805013138
DORDI,48,45,30,276.3,8289.0,2026-04-28 14:40:37.225,2026042805013137
DORDI,48,41,10,276.3,2763.0,2026-04-28 14:39:40.766,2026042805013041
DORDI,39,57,10,276.4,2764.0,2026-04-28 14:38:41.820,2026042805012906
DORDI,48,42,10,276.3,2763.0,2026-04-28 14:38:39.149,2026042805012902
DORDI,58,57,80,276.4,22112.0,2026-04-28 14:37:43.706,2026042805012832
DORDI,44,57,80,276.4,22112.0,2026-04-28 14:37:43.706,2026042805012831
DORDI,39,57,30,276.4,8292.0,2026-04-28 14:37:43.705,2026042805012830
DORDI,6,6,8,274.6,2196.8,2026-04-28 14:35:46.164,2026042805012688
DORDI,72,66,200,276.4,55279.99999999999,2026-04-28 14:32:01.633,2026042805012427
DORDI,44,5,38,277.0,10526.0,2026-04-28 14:30:19.627,2026042805012290
DORDI,16,5,50,277.5,13875.0,2026-04-28 14:30:19.626,2026042805012289
DORDI,44,37,372,277.0,103044.0,2026-04-28 14:29:14.272,2026042805012223
DORDI,11,37,28,277.0,7756.0,2026-04-28 14:29:14.272,2026042805012222
DORDI,48,34,500,278.0,139000.0,2026-04-28 14:27:18.648,2026042805012093
DORDI,11,21,12,277.0,3324.0,2026-04-28 14:26:54.810,2026042805012072
DORDI,11,59,10,277.0,2770.0,2026-04-28 14:21:22.223,2026042805011689
DORDI,25,32,20,276.0,5520.0,2026-04-28 14:19:19.701,2026042805011557
DORDI,25,45,645,276.0,178020.0,2026-04-28 14:19:04.814,2026042805011539
DORDI,40,45,300,276.1,82830.0,2026-04-28 14:19:04.814,2026042805011538
DORDI,25,43,20,276.0,5520.0,2026-04-28 14:16:11.450,2026042805011360
DORDI,59,43,480,276.1,132528.0,2026-04-28 14:16:11.450,2026042805011359
DORDI,34,43,500,276.2,138100.0,2026-04-28 14:16:11.449,2026042805011358
DORDI,59,42,20,276.1,5522.0,2026-04-28 14:15:14.732,2026042805011261
DORDI,25,56,1310,276.0,361560.0,2026-04-28 14:13:20.581,2026042805011082
DORDI,17,56,500,276.1,138050.0,2026-04-28 14:13:20.581,2026042805011081
DORDI,62,56,162,277.0,44874.0,2026-04-28 14:13:20.581,2026042805011080
DORDI,28,56,200,277.0,55400.0,2026-04-28 14:13:20.581,2026042805011079
DORDI,35,56,38,277.0,10526.0,2026-04-28 14:13:20.581,2026042805011078
DORDI,34,56,250,277.0,69250.0,2026-04-28 14:13:20.581,2026042805011077
DORDI,58,56,250,277.0,69250.0,2026-04-28 14:13:20.580,2026042805011076
DORDI,34,56,1000,277.0,277000.0,2026-04-28 14:13:20.580,2026042805011075
DORDI,45,56,290,277.0,80330.0,2026-04-28 14:13:20.579,2026042805011074
DORDI,45,95,710,277.0,196670.0,2026-04-28 14:12:47.874,2026042805011015
DORDI,8,95,105,277.0,29085.0,2026-04-28 14:12:47.874,2026042805011014
DORDI,17,95,185,277.1,51263.50000000001,2026-04-28 14:12:47.874,2026042805011013
DORDI,17,58,295,277.1,81744.5,2026-04-28 14:08:01.316,2026042805010565
DORDI,17,1,10,277.1,2771.0,2026-04-28 14:07:25.897,2026042805010524
DORDI,17,44,10,277.1,2771.0,2026-04-28 14:05:13.899,2026042805010311
DORDI,13,44,190,277.2,52668.0,2026-04-28 14:05:13.899,2026042805010310
DORDI,59,58,500,277.7,138850.0,2026-04-28 14:05:09.311,2026042805010293
DORDI,42,58,200,277.7,55540.0,2026-04-28 14:03:59.220,2026042805010219
DORDI,13,42,10,277.2,2772.0,2026-04-28 14:02:48.276,2026042805010136
DORDI,52,44,50,278.0,13900.0,2026-04-28 13:58:51.165,2026042805009873
DORDI,58,16,360,278.0,100080.0,2026-04-28 13:58:34.907,2026042805009855
DORDI,34,16,131,278.0,36418.0,2026-04-28 13:58:34.906,2026042805009854
DORDI,34,57,500,278.0,139000.0,2026-04-28 13:58:03.994,2026042805009826
DORDI,34,38,1369,278.0,380582.0,2026-04-28 13:56:30.377,2026042805009713
DORDI,38,38,40,278.0,11120.0,2026-04-28 13:56:30.377,2026042805009712
DORDI,48,38,100,278.0,27800.0,2026-04-28 13:56:30.377,2026042805009711
DORDI,49,38,40,278.0,11120.0,2026-04-28 13:56:30.377,2026042805009710
DORDI,57,38,251,278.0,69778.0,2026-04-28 13:56:30.377,2026042805009709
DORDI,49,38,200,278.0,55600.0,2026-04-28 13:56:30.377,2026042805009708
DORDI,17,38,391,278.1,108737.1,2026-04-28 13:56:10.109,2026042805009696
DORDI,32,38,290,278.2,80678.0,2026-04-28 13:55:47.203,2026042805009689
DORDI,63,52,10,279.6,2796.0,2026-04-28 13:54:44.212,2026042805009636
DORDI,32,58,10,278.2,2782.0,2026-04-28 13:54:40.212,2026042805009634
DORDI,17,5,99,278.1,27531.9,2026-04-28 13:51:11.661,2026042805009409
DORDI,17,58,10,278.1,2781.0,2026-04-28 13:49:38.540,2026042805009326
DORDI,32,44,500,278.2,139100.0,2026-04-28 13:49:19.616,2026042805009313
DORDI,75,49,60,280.0,16800.0,2026-04-28 13:39:14.166,2026042805008773
DORDI,75,6,20,279.0,5580.0,2026-04-28 13:39:14.166,2026042805008772
DORDI,75,49,20,279.0,5580.0,2026-04-28 13:39:14.165,2026042805008771
DORDI,17,57,500,278.1,139050.0,2026-04-28 13:35:42.145,2026042805008574
DORDI,48,6,15,278.5,4177.5,2026-04-28 13:35:02.329,2026042805008531
DORDI,58,45,16,278.0,4448.0,2026-04-28 13:21:33.867,2026042805007939
DORDI,58,45,34,278.2,9458.8,2026-04-28 13:21:33.866,2026042805007938
DORDI,48,38,28,278.1,7786.800000000001,2026-04-28 13:14:08.066,2026042805007580
DORDI,58,58,10,278.0,2780.0,2026-04-28 13:13:40.272,2026042805007571
DORDI,58,7,250,278.0,69500.0,2026-04-28 13:07:00.300,2026042805007225
DORDI,22,7,25,278.0,6950.0,2026-04-28 13:07:00.300,2026042805007224
DORDI,58,7,10,278.0,2780.0,2026-04-28 13:07:00.300,2026042805007223
DORDI,49,7,500,278.0,139000.0,2026-04-28 13:07:00.300,2026042805007222
DORDI,58,7,50,278.0,13900.0,2026-04-28 13:07:00.300,2026042805007221
DORDI,58,7,100,278.0,27800.0,2026-04-28 13:07:00.300,2026042805007220
DORDI,48,7,465,278.0,129270.0,2026-04-28 13:07:00.300,2026042805007219
DORDI,48,45,160,278.0,44480.0,2026-04-28 13:06:37.169,2026042805007196
DORDI,56,45,400,278.1,111240.0,2026-04-28 13:06:37.169,2026042805007195
DORDI,49,45,29,278.1,8064.900000000001,2026-04-28 13:06:37.169,2026042805007194
DORDI,6,45,125,278.2,34775.0,2026-04-28 13:03:58.907,2026042805007052
DORDI,39,45,170,278.5,47345.0,2026-04-28 13:03:58.907,2026042805007051
DORDI,56,45,61,279.0,17019.0,2026-04-28 13:03:21.174,2026042805007011
DORDI,53,45,50,279.0,13950.0,2026-04-28 13:03:21.174,2026042805007010
DORDI,58,49,10,280.0,2800.0,2026-04-28 13:02:21.196,2026042805006942
DORDI,29,6,400,280.0,112000.0,2026-04-28 13:00:18.141,2026042805006826
DORDI,29,38,200,280.0,56000.0,2026-04-28 12:58:39.109,2026042805006725
DORDI,14,21,10,283.0,2830.0,2026-04-28 12:55:02.707,2026042805006547
DORDI,29,22,20,280.0,5600.0,2026-04-28 12:53:49.564,2026042805006480
DORDI,29,36,10,280.0,2800.0,2026-04-28 12:53:42.414,2026042805006467
DORDI,29,51,10,280.0,2800.0,2026-04-28 12:53:41.147,2026042805006466
DORDI,58,57,16,283.0,4528.0,2026-04-28 12:49:37.620,2026042805006232
DORDI,45,57,70,283.5,19845.0,2026-04-28 12:49:36.847,2026042805006231
DORDI,58,74,100,283.0,28300.0,2026-04-28 12:46:48.882,2026042805006057
DORDI,58,56,10,283.0,2830.0,2026-04-28 12:45:23.267,2026042805006001
DORDI,58,87,700,283.0,198100.0,2026-04-28 12:45:23.267,2026042805006000
DORDI,58,58,300,283.0,84900.0,2026-04-28 12:45:23.266,2026042805005999
DORDI,58,13,100,283.0,28300.0,2026-04-28 12:45:23.266,2026042805005998
DORDI,58,58,20,283.0,5660.0,2026-04-28 12:45:23.266,2026042805005997
DORDI,58,20,20,283.0,5660.0,2026-04-28 12:45:23.266,2026042805005996
DORDI,58,16,500,282.9,141450.0,2026-04-28 12:45:23.266,2026042805005995
DORDI,58,13,194,282.9,54882.6,2026-04-28 12:45:23.265,2026042805005994
DORDI,58,39,30,282.8,8484.0,2026-04-28 12:45:23.265,2026042805005993
DORDI,58,63,10,282.0,2820.0,2026-04-28 12:45:23.265,2026042805005992
DORDI,29,58,20,280.0,5600.0,2026-04-28 12:45:11.744,2026042805005988
DORDI,4,48,20,282.0,5640.0,2026-04-28 12:44:10.304,2026042805005948
DORDI,4,17,50,282.0,14100.0,2026-04-28 12:44:10.303,2026042805005947
DORDI,4,47,10,282.0,2820.0,2026-04-28 12:44:10.303,2026042805005946
DORDI,29,52,20,280.0,5600.0,2026-04-28 12:44:00.870,2026042805005935
DORDI,32,56,20,281.0,5620.0,2026-04-28 12:43:08.273,2026042805005893
DORDI,58,58,4,281.0,1124.0,2026-04-28 12:42:31.463,2026042805005850
DORDI,32,58,880,281.0,247280.0,2026-04-28 12:37:01.823,2026042805005539
DORDI,32,58,20,281.0,5620.0,2026-04-28 12:36:14.915,2026042805005512
DORDI,32,42,10,281.0,2810.0,2026-04-28 12:36:12.682,2026042805005511
DORDI,32,13,40,281.0,11240.0,2026-04-28 12:35:06.596,2026042805005467
DORDI,29,34,20,280.0,5600.0,2026-04-28 12:33:19.150,2026042805005410
DORDI,29,1,100,280.0,28000.0,2026-04-28 12:32:33.027,2026042805005377
DORDI,34,42,70,280.0,19600.0,2026-04-28 12:29:33.805,2026042805005255
DORDI,17,58,1000,280.0,280000.0,2026-04-28 12:29:16.402,2026042805005239
DORDI,53,94,20,279.0,5580.0,2026-04-28 12:27:20.568,2026042805005125
DORDI,53,59,10,279.0,2790.0,2026-04-28 12:25:23.649,2026042805004987
DORDI,53,45,20,279.0,5580.0,2026-04-28 12:25:11.314,2026042805004974
DORDI,16,45,30,279.0,8370.0,2026-04-28 12:24:18.136,2026042805004939
DORDI,16,57,970,279.0,270630.0,2026-04-28 12:23:49.054,2026042805004899
DORDI,32,34,12,278.7,3344.4,2026-04-28 12:23:39.862,2026042805004886
DORDI,32,6,10,278.7,2787.0,2026-04-28 12:23:05.611,2026042805004834
DORDI,34,34,20,278.6,5572.0,2026-04-28 12:21:44.566,2026042805004741
DORDI,19,57,30,279.0,8370.0,2026-04-28 12:21:37.712,2026042805004736
DORDI,34,33,658,278.6,183318.8,2026-04-28 12:20:36.656,2026042805004673
DORDI,77,33,20,278.6,5572.0,2026-04-28 12:20:20.429,2026042805004656
DORDI,6,33,322,278.6,89709.20000000001,2026-04-28 12:19:34.169,2026042805004623
DORDI,6,42,10,278.6,2786.0,2026-04-28 12:17:29.704,2026042805004490
DORDI,39,4,10,278.5,2785.0,2026-04-28 12:09:57.454,2026042805004082
DORDI,39,49,20,278.5,5570.0,2026-04-28 12:06:47.293,2026042805003939
DORDI,49,57,61,278.1,16964.100000000002,2026-04-28 12:02:18.999,2026042805003707
DORDI,49,16,10,278.1,2781.0,2026-04-28 12:02:03.899,2026042805003694
DORDI,48,83,375,278.0,104250.0,2026-04-28 11:54:16.287,2026042805003203
DORDI,6,83,500,278.0,139000.0,2026-04-28 11:54:16.286,2026042805003202
DORDI,32,83,425,278.0,118150.0,2026-04-28 11:54:16.286,2026042805003201
DORDI,32,48,75,278.0,20850.0,2026-04-28 11:52:16.545,2026042805003075
DORDI,48,48,1000,278.2,278200.0,2026-04-28 11:52:16.545,2026042805003074
DORDI,49,48,190,279.0,53010.0,2026-04-28 11:52:16.545,2026042805003073
DORDI,58,48,500,279.0,139500.0,2026-04-28 11:52:16.544,2026042805003072
DORDI,42,48,980,279.0,273420.0,2026-04-28 11:52:16.544,2026042805003071
DORDI,56,48,600,279.1,167460.0,2026-04-28 11:52:16.544,2026042805003070
DORDI,43,48,100,279.1,27910.000000000004,2026-04-28 11:52:16.544,2026042805003069
DORDI,39,48,300,279.2,83760.0,2026-04-28 11:52:16.544,2026042805003068
DORDI,41,48,500,280.0,140000.0,2026-04-28 11:52:16.544,2026042805003067
DORDI,59,48,1095,280.0,306600.0,2026-04-28 11:52:16.544,2026042805003066
DORDI,59,54,400,280.0,112000.0,2026-04-28 11:50:22.948,2026042805002888
DORDI,59,48,200,280.0,56000.0,2026-04-28 11:50:07.139,2026042805002874
DORDI,59,38,10,280.0,2800.0,2026-04-28 11:48:11.719,2026042805002675
DORDI,59,49,10,280.0,2800.0,2026-04-28 11:47:16.842,2026042805002564
DORDI,59,17,10,280.0,2800.0,2026-04-28 11:46:02.607,2026042805002499
DORDI,59,5,255,280.0,71400.0,2026-04-28 11:46:02.607,2026042805002498
DORDI,59,13,20,280.0,5600.0,2026-04-28 11:46:02.606,2026042805002497
DORDI,43,90,30,279.3,8379.0,2026-04-28 11:40:33.540,2026042805002123
DORDI,39,90,30,279.4,8382.0,2026-04-28 11:40:33.540,2026042805002122
DORDI,43,57,10,279.3,2793.0,2026-04-28 11:39:17.061,2026042805002013
DORDI,58,13,100,280.0,28000.0,2026-04-28 11:37:36.134,2026042805001912
DORDI,49,13,140,280.0,39200.0,2026-04-28 11:37:36.134,2026042805001911
DORDI,49,26,20,280.0,5600.0,2026-04-28 11:37:31.818,2026042805001910
DORDI,49,63,10,280.0,2800.0,2026-04-28 11:32:31.550,2026042805001610
DORDI,49,17,10,280.0,2800.0,2026-04-28 11:28:59.343,2026042805001388
DORDI,49,43,20,280.0,5600.0,2026-04-28 11:26:46.652,2026042805001284
DORDI,57,64,10,279.2,2792.0,2026-04-28 11:25:40.426,2026042805001239
DORDI,42,58,5,283.0,1415.0,2026-04-28 11:14:38.058,2026042805000616
DORDI,42,49,20,283.0,5660.0,2026-04-28 11:11:28.509,2026042805000424
DORDI,65,74,10,286.5,2865.0,2026-04-28 11:09:21.086,2026042805000309
DORDI,42,56,20,279.0,5580.0,2026-04-28 11:07:16.788,2026042805000231
