stockSymbol,buyerMemberId,sellerMemberId,quantity,rate,amount,transaction_time,contractId
GVL,65,26,11,488.4,5372.4,2026-04-28 14:59:56.229,2026042805016460
GVL,25,90,100,488.5,48850.0,2026-04-28 14:59:54.514,2026042805016443
GVL,52,90,240,488.5,117240.0,2026-04-28 14:58:37.676,2026042805015993
GVL,52,19,260,488.5,127010.0,2026-04-28 14:58:34.466,2026042805015972
GVL,58,38,10,490.0,4900.0,2026-04-28 14:58:15.644,2026042805015891
GVL,58,38,10,490.0,4900.0,2026-04-28 14:58:06.209,2026042805015867
GVL,33,38,412,490.0,201880.0,2026-04-28 14:55:27.192,2026042805015380
GVL,33,65,488,489.9,239071.2,2026-04-28 14:55:27.191,2026042805015379
GVL,13,1,11,488.3,5371.3,2026-04-28 14:54:16.192,2026042805015156
GVL,17,65,12,489.9,5878.799999999999,2026-04-28 14:53:37.849,2026042805015026
GVL,48,34,25,488.2,12205.0,2026-04-28 14:53:33.190,2026042805015008
GVL,17,19,17,489.0,8313.0,2026-04-28 14:52:20.251,2026042805014769
GVL,58,19,13,489.0,6357.0,2026-04-28 14:52:20.251,2026042805014768
GVL,33,38,100,490.0,49000.0,2026-04-28 14:51:59.587,2026042805014749
GVL,48,59,560,488.2,273392.0,2026-04-28 14:48:56.216,2026042805014359
GVL,39,59,100,488.3,48830.0,2026-04-28 14:48:56.216,2026042805014358
GVL,59,59,100,488.3,48830.0,2026-04-28 14:48:56.215,2026042805014357
GVL,58,59,80,488.4,39072.0,2026-04-28 14:48:56.215,2026042805014356
GVL,16,59,160,488.4,78144.0,2026-04-28 14:48:56.215,2026042805014355
GVL,16,61,10,488.4,4884.0,2026-04-28 14:48:22.468,2026042805014220
GVL,16,61,330,488.4,161172.0,2026-04-28 14:46:40.327,2026042805013974
GVL,58,61,20,489.0,9780.0,2026-04-28 14:46:40.327,2026042805013973
GVL,58,38,50,490.0,24500.0,2026-04-28 14:46:39.436,2026042805013971
GVL,50,38,82,490.0,40180.0,2026-04-28 14:44:11.550,2026042805013631
GVL,50,38,18,490.0,8820.0,2026-04-28 14:42:09.316,2026042805013325
GVL,1,38,50,490.0,24500.0,2026-04-28 14:42:09.316,2026042805013324
GVL,42,38,50,490.0,24500.0,2026-04-28 14:42:09.316,2026042805013323
GVL,14,38,29,490.0,14210.0,2026-04-28 14:42:09.316,2026042805013322
GVL,56,38,200,490.0,98000.0,2026-04-28 14:42:09.316,2026042805013321
GVL,54,38,100,490.0,49000.0,2026-04-28 14:42:09.316,2026042805013320
GVL,57,38,100,490.0,49000.0,2026-04-28 14:42:09.316,2026042805013319
GVL,4,38,10,490.0,4900.0,2026-04-28 14:42:09.316,2026042805013318
GVL,64,38,20,490.0,9800.0,2026-04-28 14:42:09.316,2026042805013317
GVL,40,38,10,490.0,4900.0,2026-04-28 14:42:09.316,2026042805013316
GVL,36,38,100,490.0,49000.0,2026-04-28 14:42:09.316,2026042805013315
GVL,39,38,100,490.0,49000.0,2026-04-28 14:42:09.316,2026042805013314
GVL,47,38,89,490.0,43610.0,2026-04-28 14:42:09.316,2026042805013313
GVL,45,38,10,490.1,4901.0,2026-04-28 14:42:09.316,2026042805013312
GVL,58,38,114,490.1,55871.4,2026-04-28 14:42:09.316,2026042805013311
GVL,58,10,86,490.1,42148.6,2026-04-28 14:40:50.491,2026042805013155
GVL,58,10,32,490.1,15683.2,2026-04-28 14:40:50.491,2026042805013154
GVL,58,10,20,490.1,9802.0,2026-04-28 14:40:50.491,2026042805013153
GVL,66,10,12,490.1,5881.200000000001,2026-04-28 14:40:50.491,2026042805013152
GVL,66,58,11,490.1,5391.1,2026-04-28 14:39:34.361,2026042805013026
GVL,35,65,100,492.0,49200.0,2026-04-28 14:37:34.482,2026042805012811
GVL,66,42,10,490.1,4901.0,2026-04-28 14:36:17.935,2026042805012739
GVL,66,32,17,490.1,8331.7,2026-04-28 14:36:04.881,2026042805012721
GVL,52,32,83,490.1,40678.3,2026-04-28 14:36:04.881,2026042805012720
GVL,52,14,30,490.1,14703.0,2026-04-28 14:33:33.111,2026042805012526
GVL,52,10,87,490.1,42638.7,2026-04-28 14:32:40.011,2026042805012477
GVL,32,10,50,491.0,24550.0,2026-04-28 14:32:40.011,2026042805012476
GVL,14,10,1000,491.0,491000.0,2026-04-28 14:32:40.011,2026042805012475
GVL,43,10,160,491.1,78576.0,2026-04-28 14:32:40.011,2026042805012474
GVL,43,10,150,491.1,73665.0,2026-04-28 14:32:40.011,2026042805012473
GVL,75,10,110,491.1,54021.0,2026-04-28 14:32:40.011,2026042805012472
GVL,75,10,60,491.1,29466.0,2026-04-28 14:32:40.011,2026042805012471
GVL,75,10,50,491.1,24555.0,2026-04-28 14:32:40.011,2026042805012470
GVL,4,10,240,491.1,117864.0,2026-04-28 14:32:40.011,2026042805012469
GVL,4,10,120,491.1,58932.0,2026-04-28 14:32:40.011,2026042805012468
GVL,4,10,110,491.1,54021.0,2026-04-28 14:32:40.011,2026042805012467
GVL,34,10,363,491.2,178305.6,2026-04-28 14:32:40.011,2026042805012466
GVL,34,59,60,491.2,29472.0,2026-04-28 14:31:49.465,2026042805012407
GVL,34,49,77,491.2,37822.4,2026-04-28 14:30:25.452,2026042805012299
GVL,21,49,68,491.3,33408.4,2026-04-28 14:30:25.452,2026042805012298
GVL,6,49,855,491.3,420061.5,2026-04-28 14:30:25.451,2026042805012297
GVL,6,75,100,491.3,49130.0,2026-04-28 14:29:14.761,2026042805012225
GVL,14,14,1,478.0,478.0,2026-04-28 14:22:34.261,2026042805011806
GVL,58,65,12,492.0,5904.0,2026-04-28 14:20:22.224,2026042805011638
GVL,6,1,11,491.3,5404.3,2026-04-28 14:17:19.541,2026042805011419
GVL,4,65,80,492.0,39360.0,2026-04-28 14:14:27.346,2026042805011191
GVL,5,65,20,492.0,9840.0,2026-04-28 14:14:27.346,2026042805011190
GVL,42,65,89,492.0,43788.0,2026-04-28 14:14:27.345,2026042805011189
GVL,33,65,602,492.0,296184.0,2026-04-28 14:14:27.345,2026042805011188
GVL,33,57,11,492.0,5412.0,2026-04-28 14:09:27.015,2026042805010688
GVL,33,42,32,492.0,15744.0,2026-04-28 14:04:49.199,2026042805010260
GVL,33,42,10,492.0,4920.0,2026-04-28 14:03:43.021,2026042805010176
GVL,33,6,500,492.0,246000.0,2026-04-28 13:59:52.713,2026042805009948
GVL,33,57,11,492.0,5412.0,2026-04-28 13:56:01.275,2026042805009692
GVL,33,53,200,492.0,98400.0,2026-04-28 13:52:12.000,2026042805009451
GVL,33,58,11,492.0,5412.0,2026-04-28 13:51:25.348,2026042805009412
GVL,33,58,11,492.0,5412.0,2026-04-28 13:50:04.343,2026042805009351
GVL,33,52,101,492.0,49692.0,2026-04-28 13:41:45.514,2026042805008907
GVL,33,52,11,492.0,5412.0,2026-04-28 13:41:29.473,2026042805008892
GVL,4,56,10,491.1,4911.0,2026-04-28 13:40:04.749,2026042805008806
GVL,49,16,1,491.3,491.3,2026-04-28 13:38:55.606,2026042805008763
GVL,3,39,11,495.0,5445.0,2026-04-28 13:35:05.824,2026042805008536
GVL,3,39,109,495.0,53955.0,2026-04-28 13:34:49.837,2026042805008520
GVL,3,7,11,495.0,5445.0,2026-04-28 13:34:49.837,2026042805008519
GVL,3,41,200,495.0,99000.0,2026-04-28 13:34:49.837,2026042805008518
GVL,3,19,10,495.0,4950.0,2026-04-28 13:34:49.837,2026042805008517
GVL,3,39,11,495.0,5445.0,2026-04-28 13:34:49.837,2026042805008516
GVL,3,7,11,495.0,5445.0,2026-04-28 13:34:49.837,2026042805008515
GVL,3,29,11,493.0,5423.0,2026-04-28 13:34:49.837,2026042805008514
GVL,3,63,56,494.8,27708.8,2026-04-28 13:34:19.989,2026042805008498
GVL,3,38,10,494.7,4947.0,2026-04-28 13:34:07.519,2026042805008483
GVL,3,19,11,492.0,5412.0,2026-04-28 13:33:54.079,2026042805008479
GVL,6,51,10,491.2,4912.0,2026-04-28 13:33:05.895,2026042805008441
GVL,6,48,10,491.3,4913.0,2026-04-28 13:32:48.711,2026042805008419
GVL,22,19,11,492.0,5412.0,2026-04-28 13:29:10.625,2026042805008287
GVL,22,48,11,492.0,5412.0,2026-04-28 13:26:07.947,2026042805008161
GVL,22,7,11,492.0,5412.0,2026-04-28 13:25:02.283,2026042805008128
GVL,49,17,1,494.8,494.8,2026-04-28 13:24:28.602,2026042805008110
GVL,33,63,445,494.8,220186.0,2026-04-28 13:17:17.294,2026042805007723
GVL,33,95,250,494.7,123675.0,2026-04-28 13:17:17.294,2026042805007722
GVL,33,38,10,494.6,4946.0,2026-04-28 13:17:17.294,2026042805007721
GVL,33,34,11,494.0,5434.0,2026-04-28 13:16:50.522,2026042805007704
GVL,33,41,11,494.0,5434.0,2026-04-28 13:16:38.384,2026042805007690
GVL,33,38,11,494.0,5434.0,2026-04-28 13:16:38.384,2026042805007689
GVL,33,42,91,493.4,44899.4,2026-04-28 13:16:38.384,2026042805007688
GVL,33,45,10,493.0,4930.0,2026-04-28 13:16:38.384,2026042805007687
GVL,33,35,11,493.0,5423.0,2026-04-28 13:16:38.384,2026042805007686
GVL,33,58,140,492.9,69006.0,2026-04-28 13:16:38.384,2026042805007685
GVL,33,38,10,492.5,4925.0,2026-04-28 13:16:38.383,2026042805007684
GVL,22,42,11,492.0,5412.0,2026-04-28 13:10:25.950,2026042805007395
GVL,58,58,141,492.9,69498.9,2026-04-28 13:10:24.100,2026042805007394
GVL,4,34,41,491.1,20135.1,2026-04-28 13:09:21.276,2026042805007332
GVL,4,34,299,491.1,146838.9,2026-04-28 13:09:21.276,2026042805007331
GVL,4,51,301,491.1,147821.1,2026-04-28 13:08:53.262,2026042805007312
GVL,44,51,49,491.2,24068.8,2026-04-28 13:08:53.262,2026042805007311
GVL,39,51,50,491.3,24565.0,2026-04-28 13:08:53.262,2026042805007310
GVL,49,44,1,491.3,491.3,2026-04-28 13:08:52.397,2026042805007309
GVL,49,44,1,478.0,478.0,2026-04-28 13:07:26.860,2026042805007250
GVL,7,22,15,492.0,7380.0,2026-04-28 13:02:27.565,2026042805006955
GVL,33,22,220,492.0,108240.0,2026-04-28 13:02:27.565,2026042805006954
GVL,33,22,259,492.1,127453.9,2026-04-28 13:02:27.565,2026042805006953
GVL,72,22,145,492.2,71369.0,2026-04-28 13:02:27.565,2026042805006952
GVL,72,19,11,492.2,5414.2,2026-04-28 13:00:23.490,2026042805006828
GVL,72,17,11,492.2,5414.2,2026-04-28 12:59:27.770,2026042805006786
GVL,40,58,19,493.3,9372.7,2026-04-28 12:58:56.458,2026042805006753
GVL,72,36,11,492.2,5414.2,2026-04-28 12:58:38.551,2026042805006724
GVL,72,58,11,492.2,5414.2,2026-04-28 12:55:08.938,2026042805006549
GVL,72,56,11,492.2,5414.2,2026-04-28 12:53:57.600,2026042805006489
GVL,33,58,11,492.1,5413.1,2026-04-28 12:52:35.569,2026042805006407
GVL,33,57,30,492.1,14763.0,2026-04-28 12:51:50.258,2026042805006348
GVL,33,8,11,492.0,5412.0,2026-04-28 12:49:41.624,2026042805006235
GVL,33,58,11,492.0,5412.0,2026-04-28 12:47:08.119,2026042805006080
GVL,33,52,22,492.0,10824.0,2026-04-28 12:46:56.255,2026042805006065
GVL,33,54,11,492.0,5412.0,2026-04-28 12:46:22.610,2026042805006036
GVL,33,71,225,492.0,110700.0,2026-04-28 12:44:48.393,2026042805005969
GVL,32,71,25,493.0,12325.0,2026-04-28 12:42:53.289,2026042805005877
GVL,16,42,89,493.4,43912.6,2026-04-28 12:37:28.191,2026042805005574
GVL,16,58,11,493.1,5424.1,2026-04-28 12:36:55.824,2026042805005535
GVL,28,38,10,493.9,4939.0,2026-04-28 12:28:17.017,2026042805005171
GVL,16,58,10,493.4,4934.0,2026-04-28 12:25:33.557,2026042805004991
GVL,16,17,11,493.4,5427.4,2026-04-28 12:22:11.854,2026042805004787
GVL,58,4,11,495.9,5454.9,2026-04-28 12:22:11.080,2026042805004785
GVL,58,38,10,495.9,4959.0,2026-04-28 12:22:11.080,2026042805004784
GVL,16,42,11,493.4,5427.4,2026-04-28 12:20:44.588,2026042805004676
GVL,49,4,1,495.0,495.0,2026-04-28 12:19:16.059,2026042805004597
GVL,28,4,10,495.8,4958.0,2026-04-28 12:16:11.602,2026042805004425
GVL,49,17,1,490.0,490.0,2026-04-28 12:04:29.239,2026042805003808
GVL,48,44,618,496.0,306528.0,2026-04-28 11:57:11.563,2026042805003380
GVL,48,3,11,496.0,5456.0,2026-04-28 11:53:53.374,2026042805003188
GVL,48,38,200,495.0,99000.0,2026-04-28 11:53:34.632,2026042805003168
GVL,48,58,11,495.0,5445.0,2026-04-28 11:53:34.632,2026042805003167
GVL,48,34,11,495.0,5445.0,2026-04-28 11:53:34.632,2026042805003166
GVL,48,35,22,495.0,10890.0,2026-04-28 11:53:34.632,2026042805003165
GVL,48,38,16,494.9,7918.4,2026-04-28 11:53:34.632,2026042805003164
GVL,48,77,11,493.0,5423.0,2026-04-28 11:53:34.632,2026042805003163
GVL,16,3,100,492.1,49210.0,2026-04-28 11:50:44.965,2026042805002932
GVL,49,6,1,495.0,495.0,2026-04-28 11:50:01.209,2026042805002862
GVL,16,34,11,492.1,5413.1,2026-04-28 11:49:12.886,2026042805002793
GVL,58,35,378,495.0,187110.0,2026-04-28 11:48:56.754,2026042805002743
GVL,58,35,100,495.0,49500.0,2026-04-28 11:48:56.754,2026042805002742
GVL,16,54,11,492.1,5413.1,2026-04-28 11:46:48.639,2026042805002549
GVL,16,58,11,492.1,5413.1,2026-04-28 11:43:44.676,2026042805002327
GVL,49,53,1,490.0,490.0,2026-04-28 11:42:10.647,2026042805002219
GVL,42,46,11,493.0,5423.0,2026-04-28 11:42:06.150,2026042805002215
GVL,49,58,1,476.5,476.5,2026-04-28 11:41:27.156,2026042805002178
GVL,16,39,11,491.1,5402.1,2026-04-28 11:40:28.385,2026042805002116
GVL,49,58,11,491.2,5403.2,2026-04-28 11:32:30.742,2026042805001609
GVL,16,48,11,491.1,5402.1,2026-04-28 11:29:15.497,2026042805001409
GVL,16,58,11,491.1,5402.1,2026-04-28 11:25:24.242,2026042805001228
GVL,16,34,11,491.1,5402.1,2026-04-28 11:25:06.026,2026042805001215
GVL,44,41,11,492.0,5412.0,2026-04-28 11:22:43.758,2026042805001083
GVL,16,38,11,491.1,5402.1,2026-04-28 11:22:39.847,2026042805001077
GVL,84,6,1000,492.0,492000.0,2026-04-28 11:21:19.767,2026042805001017
GVL,16,56,10,491.1,4911.0,2026-04-28 11:18:57.175,2026042805000855
GVL,58,48,11,491.0,5401.0,2026-04-28 11:18:15.917,2026042805000809
GVL,58,58,11,491.0,5401.0,2026-04-28 11:17:46.038,2026042805000797
GVL,47,49,11,490.0,5390.0,2026-04-28 11:16:50.869,2026042805000739
