stockSymbol,buyerMemberId,sellerMemberId,quantity,rate,amount,transaction_time,contractId
HDHPC,65,32,100,225.0,22500.0,2026-04-28 14:59:57.663,2026042804015028
HDHPC,49,43,269,224.0,60256.0,2026-04-28 14:59:53.163,2026042804014968
HDHPC,8,43,194,224.1,43475.4,2026-04-28 14:59:53.162,2026042804014967
HDHPC,21,43,400,224.5,89800.0,2026-04-28 14:59:53.161,2026042804014966
HDHPC,42,43,137,224.6,30770.2,2026-04-28 14:59:53.160,2026042804014965
HDHPC,86,32,39,225.0,8775.0,2026-04-28 14:59:50.821,2026042804014949
HDHPC,86,14,461,224.9,103678.9,2026-04-28 14:59:50.820,2026042804014948
HDHPC,42,56,163,224.6,36609.8,2026-04-28 14:59:49.913,2026042804014944
HDHPC,58,56,25,224.6,5615.0,2026-04-28 14:59:46.859,2026042804014923
HDHPC,21,57,100,224.5,22450.0,2026-04-28 14:59:45.852,2026042804014917
HDHPC,21,42,500,224.5,112250.0,2026-04-28 14:59:38.685,2026042804014845
HDHPC,64,56,92,224.6,20663.2,2026-04-28 14:59:30.075,2026042804014713
HDHPC,64,74,158,224.6,35486.8,2026-04-28 14:59:30.075,2026042804014712
HDHPC,49,95,503,224.0,112672.0,2026-04-28 14:59:22.440,2026042804014670
HDHPC,39,95,200,224.0,44800.0,2026-04-28 14:59:22.439,2026042804014669
HDHPC,42,95,50,224.0,11200.0,2026-04-28 14:59:22.439,2026042804014668
HDHPC,32,95,693,224.0,155232.0,2026-04-28 14:59:22.438,2026042804014667
HDHPC,35,95,300,224.5,67350.0,2026-04-28 14:59:22.438,2026042804014666
HDHPC,40,95,250,224.5,56125.0,2026-04-28 14:59:22.437,2026042804014665
HDHPC,42,95,500,224.5,112250.0,2026-04-28 14:59:22.436,2026042804014664
HDHPC,46,95,750,224.6,168450.0,2026-04-28 14:59:22.436,2026042804014663
HDHPC,46,34,200,224.6,44920.0,2026-04-28 14:59:20.325,2026042804014639
HDHPC,48,14,1500,224.9,337350.0,2026-04-28 14:59:20.148,2026042804014638
HDHPC,38,14,782,224.9,175871.80000000002,2026-04-28 14:59:20.044,2026042804014636
HDHPC,49,14,10,224.9,2249.0,2026-04-28 14:59:19.231,2026042804014634
HDHPC,46,39,50,224.6,11230.0,2026-04-28 14:59:08.814,2026042804014579
HDHPC,32,95,1307,224.0,292768.0,2026-04-28 14:58:37.052,2026042804014377
HDHPC,42,95,800,224.0,179200.0,2026-04-28 14:58:37.052,2026042804014376
HDHPC,49,95,1500,224.0,336000.0,2026-04-28 14:58:37.052,2026042804014375
HDHPC,45,95,158,224.0,35392.0,2026-04-28 14:58:37.052,2026042804014374
HDHPC,38,95,1000,224.1,224100.0,2026-04-28 14:58:37.052,2026042804014373
HDHPC,44,95,200,224.1,44820.0,2026-04-28 14:58:37.051,2026042804014372
HDHPC,94,95,35,224.2,7847.0,2026-04-28 14:58:37.051,2026042804014371
HDHPC,94,13,10,224.2,2242.0,2026-04-28 14:58:32.726,2026042804014355
HDHPC,94,34,1000,224.2,224200.0,2026-04-28 14:58:31.322,2026042804014352
HDHPC,42,14,17,224.9,3823.3,2026-04-28 14:58:20.993,2026042804014307
HDHPC,94,13,555,224.2,124431.0,2026-04-28 14:58:08.040,2026042804014257
HDHPC,17,13,50,224.2,11210.0,2026-04-28 14:58:08.039,2026042804014256
HDHPC,51,13,500,224.5,112250.0,2026-04-28 14:58:08.039,2026042804014255
HDHPC,21,13,395,224.5,88677.5,2026-04-28 14:58:08.039,2026042804014254
HDHPC,21,22,120,224.5,26940.0,2026-04-28 14:57:59.003,2026042804014207
HDHPC,6,14,50,224.9,11245.0,2026-04-28 14:57:50.118,2026042804014156
HDHPC,36,14,10,224.9,2249.0,2026-04-28 14:57:49.515,2026042804014152
HDHPC,46,14,200,224.9,44980.0,2026-04-28 14:57:38.484,2026042804014103
HDHPC,21,48,485,224.5,108882.5,2026-04-28 14:57:38.297,2026042804014101
HDHPC,58,48,15,224.8,3372.0,2026-04-28 14:57:38.297,2026042804014100
HDHPC,21,14,500,224.9,112450.0,2026-04-28 14:57:35.951,2026042804014093
HDHPC,42,14,200,224.9,44980.0,2026-04-28 14:57:25.666,2026042804014054
HDHPC,21,14,270,224.9,60723.0,2026-04-28 14:57:22.345,2026042804014040
HDHPC,89,95,200,225.0,45000.0,2026-04-28 14:57:18.319,2026042804014021
HDHPC,56,95,40,225.0,9000.0,2026-04-28 14:56:42.794,2026042804013947
HDHPC,46,95,200,225.0,45000.0,2026-04-28 14:56:41.777,2026042804013946
HDHPC,56,95,1100,225.0,247500.0,2026-04-28 14:56:33.386,2026042804013934
HDHPC,17,39,50,224.2,11210.0,2026-04-28 14:56:32.219,2026042804013932
HDHPC,58,95,214,225.0,48150.0,2026-04-28 14:56:31.985,2026042804013931
HDHPC,58,40,100,225.0,22500.0,2026-04-28 14:56:31.984,2026042804013930
HDHPC,58,34,86,225.0,19350.0,2026-04-28 14:56:31.983,2026042804013929
HDHPC,17,57,100,224.2,22420.0,2026-04-28 14:56:26.430,2026042804013894
HDHPC,17,62,200,224.2,44840.0,2026-04-28 14:56:11.023,2026042804013858
HDHPC,17,48,100,224.2,22420.0,2026-04-28 14:55:49.511,2026042804013786
HDHPC,21,38,15,224.1,3361.5,2026-04-28 14:55:23.950,2026042804013683
HDHPC,21,35,15,224.1,3361.5,2026-04-28 14:55:10.070,2026042804013623
HDHPC,45,39,50,224.0,11200.0,2026-04-28 14:54:56.091,2026042804013576
HDHPC,45,95,292,224.0,65408.0,2026-04-28 14:54:56.091,2026042804013575
HDHPC,21,95,1000,224.0,224000.0,2026-04-28 14:54:54.979,2026042804013573
HDHPC,14,95,200,224.0,44800.0,2026-04-28 14:54:43.189,2026042804013499
HDHPC,46,95,200,224.0,44800.0,2026-04-28 14:54:34.910,2026042804013406
HDHPC,39,95,100,224.0,22400.0,2026-04-28 14:54:34.910,2026042804013405
HDHPC,33,95,500,224.0,112000.0,2026-04-28 14:54:34.910,2026042804013404
HDHPC,42,95,258,224.0,57792.0,2026-04-28 14:54:34.910,2026042804013403
HDHPC,58,95,150,224.1,33615.0,2026-04-28 14:54:34.909,2026042804013402
HDHPC,6,95,200,224.5,44900.0,2026-04-28 14:54:34.909,2026042804013401
HDHPC,19,95,100,224.5,22450.0,2026-04-28 14:54:34.909,2026042804013400
HDHPC,21,34,1414,225.0,318150.0,2026-04-28 14:54:19.183,2026042804013326
HDHPC,21,19,200,225.0,45000.0,2026-04-28 14:54:19.183,2026042804013325
HDHPC,21,4,386,225.0,86850.0,2026-04-28 14:54:19.183,2026042804013324
HDHPC,58,3,50,224.1,11205.0,2026-04-28 14:54:07.173,2026042804013268
HDHPC,10,3,150,224.5,33675.0,2026-04-28 14:54:07.173,2026042804013267
HDHPC,10,58,350,224.5,78575.0,2026-04-28 14:54:06.439,2026042804013260
HDHPC,36,58,100,224.5,22450.0,2026-04-28 14:54:05.264,2026042804013259
HDHPC,42,13,50,224.0,11200.0,2026-04-28 14:53:04.185,2026042804013126
HDHPC,42,39,90,224.0,20160.0,2026-04-28 14:52:44.757,2026042804013034
HDHPC,42,49,10,224.0,2240.0,2026-04-28 14:52:34.283,2026042804012994
HDHPC,42,58,392,224.0,87808.0,2026-04-28 14:52:34.283,2026042804012993
HDHPC,42,1,200,223.9,44780.0,2026-04-28 14:52:34.282,2026042804012992
HDHPC,10,64,80,223.7,17896.0,2026-04-28 14:52:31.513,2026042804012972
HDHPC,58,64,20,223.7,4474.0,2026-04-28 14:52:31.512,2026042804012971
HDHPC,36,58,46,224.0,10304.0,2026-04-28 14:51:56.886,2026042804012836
HDHPC,94,56,400,223.5,89400.0,2026-04-28 14:51:52.094,2026042804012816
HDHPC,44,56,100,223.5,22350.0,2026-04-28 14:51:52.094,2026042804012815
HDHPC,46,58,42,224.0,9408.0,2026-04-28 14:51:27.062,2026042804012769
HDHPC,46,14,158,224.0,35392.0,2026-04-28 14:51:27.062,2026042804012768
HDHPC,57,14,500,224.0,112000.0,2026-04-28 14:51:21.394,2026042804012761
HDHPC,44,41,100,223.5,22350.0,2026-04-28 14:51:08.809,2026042804012735
HDHPC,14,14,14,224.0,3136.0,2026-04-28 14:51:05.036,2026042804012718
HDHPC,11,14,328,224.0,73472.0,2026-04-28 14:50:51.448,2026042804012658
HDHPC,11,91,350,224.0,78400.0,2026-04-28 14:50:49.200,2026042804012653
HDHPC,11,34,25,224.0,5600.0,2026-04-28 14:50:42.948,2026042804012644
HDHPC,92,91,200,224.2,44840.0,2026-04-28 14:50:33.843,2026042804012624
HDHPC,75,91,100,224.2,22420.0,2026-04-28 14:50:26.166,2026042804012608
HDHPC,11,43,297,224.0,66528.0,2026-04-28 14:50:22.355,2026042804012600
HDHPC,38,43,100,224.0,22400.0,2026-04-28 14:50:17.959,2026042804012596
HDHPC,17,43,50,224.0,11200.0,2026-04-28 14:50:17.959,2026042804012595
HDHPC,58,43,70,224.0,15680.0,2026-04-28 14:50:17.958,2026042804012594
HDHPC,46,43,483,224.0,108192.0,2026-04-28 14:50:17.957,2026042804012593
HDHPC,46,37,17,224.0,3808.0,2026-04-28 14:50:07.864,2026042804012579
HDHPC,8,37,10,224.0,2240.0,2026-04-28 14:50:07.864,2026042804012578
HDHPC,49,37,500,224.0,112000.0,2026-04-28 14:50:07.863,2026042804012577
HDHPC,26,37,73,224.0,16352.0,2026-04-28 14:50:07.863,2026042804012576
HDHPC,11,91,50,224.2,11210.0,2026-04-28 14:50:07.401,2026042804012574
HDHPC,26,6,20,224.0,4480.0,2026-04-28 14:49:58.527,2026042804012530
HDHPC,26,95,107,224.0,23968.0,2026-04-28 14:49:54.589,2026042804012527
HDHPC,26,95,200,224.0,44800.0,2026-04-28 14:49:54.589,2026042804012526
HDHPC,59,95,200,224.0,44800.0,2026-04-28 14:49:54.589,2026042804012525
HDHPC,22,95,250,224.0,56000.0,2026-04-28 14:49:54.589,2026042804012524
HDHPC,17,95,1000,224.0,224000.0,2026-04-28 14:49:54.588,2026042804012523
HDHPC,42,95,10,224.0,2240.0,2026-04-28 14:49:54.588,2026042804012522
HDHPC,25,95,100,224.0,22400.0,2026-04-28 14:49:54.588,2026042804012521
HDHPC,43,95,100,224.0,22400.0,2026-04-28 14:49:54.588,2026042804012520
HDHPC,51,95,50,224.0,11200.0,2026-04-28 14:49:54.588,2026042804012519
HDHPC,58,95,30,224.0,6720.0,2026-04-28 14:49:54.587,2026042804012518
HDHPC,25,95,483,224.0,108192.0,2026-04-28 14:49:54.587,2026042804012517
HDHPC,25,68,517,224.0,115808.0,2026-04-28 14:49:31.659,2026042804012467
HDHPC,25,68,1000,224.0,224000.0,2026-04-28 14:49:31.658,2026042804012466
HDHPC,42,68,140,224.0,31360.0,2026-04-28 14:49:31.658,2026042804012465
HDHPC,37,68,1000,224.1,224100.0,2026-04-28 14:49:31.657,2026042804012464
HDHPC,35,68,200,224.1,44820.0,2026-04-28 14:49:31.657,2026042804012463
HDHPC,28,68,740,224.1,165834.0,2026-04-28 14:49:31.656,2026042804012462
HDHPC,54,68,1000,224.2,224200.0,2026-04-28 14:49:31.655,2026042804012461
HDHPC,57,68,400,224.3,89720.0,2026-04-28 14:49:31.655,2026042804012460
HDHPC,57,58,100,224.3,22430.0,2026-04-28 14:48:46.439,2026042804012357
HDHPC,6,58,100,224.5,22450.0,2026-04-28 14:48:46.439,2026042804012356
HDHPC,45,4,100,225.0,22500.0,2026-04-28 14:48:36.249,2026042804012328
HDHPC,58,4,20,225.0,4500.0,2026-04-28 14:48:18.379,2026042804012294
HDHPC,6,4,200,225.0,45000.0,2026-04-28 14:48:15.794,2026042804012291
HDHPC,28,4,2094,225.0,471150.0,2026-04-28 14:47:51.949,2026042804012254
HDHPC,28,6,906,224.9,203759.4,2026-04-28 14:47:51.949,2026042804012253
HDHPC,28,38,260,224.1,58266.0,2026-04-28 14:47:37.274,2026042804012192
HDHPC,32,38,250,224.1,56025.0,2026-04-28 14:47:37.274,2026042804012191
HDHPC,21,38,40,224.2,8968.0,2026-04-28 14:47:37.274,2026042804012190
HDHPC,28,38,1000,224.2,224200.0,2026-04-28 14:47:37.274,2026042804012189
HDHPC,5,38,800,224.2,179360.0,2026-04-28 14:47:37.274,2026042804012188
HDHPC,58,38,50,224.3,11215.0,2026-04-28 14:47:37.274,2026042804012187
HDHPC,34,38,100,224.3,22430.0,2026-04-28 14:47:37.274,2026042804012186
HDHPC,60,6,30,224.9,6747.0,2026-04-28 14:47:25.156,2026042804012174
HDHPC,46,6,64,224.9,14393.6,2026-04-28 14:47:02.960,2026042804012136
HDHPC,46,35,136,224.9,30586.4,2026-04-28 14:47:02.959,2026042804012135
HDHPC,5,1,100,224.2,22420.0,2026-04-28 14:45:48.602,2026042804012026
HDHPC,5,99,100,224.2,22420.0,2026-04-28 14:45:45.320,2026042804012022
HDHPC,42,57,360,224.0,80640.0,2026-04-28 14:45:13.653,2026042804011970
HDHPC,49,57,400,224.0,89600.0,2026-04-28 14:45:13.653,2026042804011969
HDHPC,48,57,100,224.0,22400.0,2026-04-28 14:45:13.652,2026042804011968
HDHPC,38,57,100,224.0,22400.0,2026-04-28 14:45:13.652,2026042804011967
HDHPC,48,57,300,224.0,67200.0,2026-04-28 14:45:13.652,2026042804011966
HDHPC,45,57,150,224.0,33600.0,2026-04-28 14:45:13.652,2026042804011965
HDHPC,17,57,111,224.0,24864.0,2026-04-28 14:45:13.651,2026042804011964
HDHPC,21,57,40,224.0,8960.0,2026-04-28 14:45:13.651,2026042804011963
HDHPC,57,57,929,224.0,208096.0,2026-04-28 14:45:13.650,2026042804011962
HDHPC,17,57,10,224.1,2241.0,2026-04-28 14:45:13.649,2026042804011961
HDHPC,42,35,90,224.9,20241.0,2026-04-28 14:44:35.834,2026042804011904
HDHPC,17,58,490,224.1,109809.0,2026-04-28 14:44:33.133,2026042804011901
HDHPC,57,36,195,224.0,43680.0,2026-04-28 14:42:57.545,2026042804011724
HDHPC,57,38,876,224.0,196224.0,2026-04-28 14:42:53.208,2026042804011713
HDHPC,42,38,100,224.0,22400.0,2026-04-28 14:42:53.208,2026042804011712
HDHPC,38,38,500,224.0,112000.0,2026-04-28 14:42:53.208,2026042804011711
HDHPC,25,38,400,224.0,89600.0,2026-04-28 14:42:53.207,2026042804011710
HDHPC,42,38,100,224.0,22400.0,2026-04-28 14:42:53.207,2026042804011709
HDHPC,42,38,100,224.0,22400.0,2026-04-28 14:42:53.207,2026042804011708
HDHPC,42,38,10,224.0,2240.0,2026-04-28 14:42:53.207,2026042804011707
HDHPC,83,38,1000,224.0,224000.0,2026-04-28 14:42:53.206,2026042804011706
HDHPC,45,38,80,224.0,17920.0,2026-04-28 14:42:53.206,2026042804011705
HDHPC,58,38,20,224.0,4480.0,2026-04-28 14:42:53.206,2026042804011704
HDHPC,45,38,3000,224.0,672000.0,2026-04-28 14:42:53.206,2026042804011703
HDHPC,17,38,200,224.0,44800.0,2026-04-28 14:42:53.205,2026042804011702
HDHPC,57,38,500,224.0,112000.0,2026-04-28 14:42:53.205,2026042804011701
HDHPC,34,38,200,224.0,44800.0,2026-04-28 14:42:53.205,2026042804011700
HDHPC,44,38,850,224.0,190400.0,2026-04-28 14:42:53.205,2026042804011699
HDHPC,57,38,600,224.0,134400.0,2026-04-28 14:42:53.204,2026042804011698
HDHPC,58,38,15,224.0,3360.0,2026-04-28 14:42:53.204,2026042804011697
HDHPC,34,38,100,224.0,22400.0,2026-04-28 14:42:53.204,2026042804011696
HDHPC,39,38,1000,224.0,224000.0,2026-04-28 14:42:53.204,2026042804011695
HDHPC,38,38,500,224.0,112000.0,2026-04-28 14:42:53.204,2026042804011694
HDHPC,17,38,300,224.1,67230.0,2026-04-28 14:42:53.203,2026042804011693
HDHPC,17,38,500,224.1,112050.0,2026-04-28 14:42:53.203,2026042804011692
HDHPC,99,38,1000,224.1,224100.0,2026-04-28 14:42:53.203,2026042804011691
HDHPC,19,38,30,224.1,6723.0,2026-04-28 14:42:53.202,2026042804011690
HDHPC,14,38,100,224.1,22410.0,2026-04-28 14:42:53.202,2026042804011689
HDHPC,7,38,100,224.1,22410.0,2026-04-28 14:42:53.202,2026042804011688
HDHPC,58,38,227,224.4,50938.8,2026-04-28 14:42:53.202,2026042804011687
HDHPC,41,38,92,224.5,20654.0,2026-04-28 14:42:53.201,2026042804011686
HDHPC,43,4,200,225.0,45000.0,2026-04-28 14:42:48.757,2026042804011672
HDHPC,41,17,108,224.5,24246.0,2026-04-28 14:41:34.198,2026042804011463
HDHPC,17,17,133,224.8,29898.4,2026-04-28 14:41:34.198,2026042804011462
HDHPC,28,17,89,224.9,20016.1,2026-04-28 14:41:34.197,2026042804011461
HDHPC,45,17,50,225.0,11250.0,2026-04-28 14:41:34.197,2026042804011460
HDHPC,58,17,100,225.0,22500.0,2026-04-28 14:41:34.197,2026042804011459
HDHPC,50,17,20,225.0,4500.0,2026-04-28 14:41:34.196,2026042804011458
HDHPC,50,58,20,225.0,4500.0,2026-04-28 14:40:52.407,2026042804011407
HDHPC,50,11,60,225.0,13500.0,2026-04-28 14:40:52.407,2026042804011406
HDHPC,11,11,265,225.0,59625.0,2026-04-28 14:40:38.520,2026042804011392
HDHPC,11,11,200,225.0,45000.0,2026-04-28 14:40:03.247,2026042804011333
HDHPC,58,11,25,225.0,5625.0,2026-04-28 14:40:03.247,2026042804011332
HDHPC,26,11,50,225.0,11250.0,2026-04-28 14:40:03.246,2026042804011331
HDHPC,52,11,500,225.0,112500.0,2026-04-28 14:40:03.246,2026042804011330
HDHPC,28,11,100,225.0,22500.0,2026-04-28 14:40:03.246,2026042804011329
HDHPC,28,11,200,225.0,45000.0,2026-04-28 14:40:03.246,2026042804011328
HDHPC,28,11,100,225.0,22500.0,2026-04-28 14:40:03.245,2026042804011327
HDHPC,28,17,30,225.0,6750.0,2026-04-28 14:39:41.283,2026042804011273
HDHPC,49,1,75,226.9,17017.5,2026-04-28 14:39:38.668,2026042804011271
HDHPC,28,58,70,225.0,15750.0,2026-04-28 14:37:58.442,2026042804011063
HDHPC,49,58,10,225.0,2250.0,2026-04-28 14:37:58.442,2026042804011062
HDHPC,28,58,11,224.9,2473.9,2026-04-28 14:36:14.795,2026042804010970
HDHPC,28,101,900,224.9,202410.0,2026-04-28 14:35:47.646,2026042804010932
HDHPC,38,101,500,225.0,112500.0,2026-04-28 14:35:47.646,2026042804010931
HDHPC,66,101,62,225.0,13950.0,2026-04-28 14:35:47.646,2026042804010930
HDHPC,66,101,10,225.0,2250.0,2026-04-28 14:35:47.646,2026042804010929
HDHPC,58,101,107,225.0,24075.0,2026-04-28 14:35:47.646,2026042804010928
HDHPC,58,101,431,225.0,96975.0,2026-04-28 14:35:47.646,2026042804010927
HDHPC,48,101,500,225.1,112550.0,2026-04-28 14:35:47.646,2026042804010926
HDHPC,22,101,600,225.1,135060.0,2026-04-28 14:35:47.646,2026042804010925
HDHPC,1,101,500,226.0,113000.0,2026-04-28 14:35:47.646,2026042804010924
HDHPC,60,101,3590,226.0,811340.0,2026-04-28 14:35:47.646,2026042804010923
HDHPC,58,49,10,227.4,2274.0,2026-04-28 14:35:15.978,2026042804010888
HDHPC,60,64,2000,226.0,452000.0,2026-04-28 14:34:52.699,2026042804010813
HDHPC,60,26,400,226.0,90400.0,2026-04-28 14:32:43.338,2026042804010691
HDHPC,60,44,10,225.5,2255.0,2026-04-28 14:32:04.451,2026042804010644
HDHPC,58,6,69,225.0,15525.0,2026-04-28 14:32:03.532,2026042804010637
HDHPC,6,6,31,225.0,6975.0,2026-04-28 14:32:03.531,2026042804010636
HDHPC,6,32,69,225.0,15525.0,2026-04-28 14:31:41.412,2026042804010609
HDHPC,66,32,250,225.0,56250.0,2026-04-28 14:31:41.412,2026042804010608
HDHPC,35,32,100,225.0,22500.0,2026-04-28 14:31:41.411,2026042804010607
HDHPC,38,32,5000,225.0,1125000.0,2026-04-28 14:31:41.411,2026042804010606
HDHPC,58,32,500,225.0,112500.0,2026-04-28 14:31:41.411,2026042804010605
HDHPC,52,32,720,225.0,162000.0,2026-04-28 14:31:41.410,2026042804010604
HDHPC,40,32,500,225.0,112500.0,2026-04-28 14:31:41.410,2026042804010603
HDHPC,58,32,861,225.0,193725.0,2026-04-28 14:31:41.410,2026042804010602
HDHPC,58,32,139,225.0,31275.0,2026-04-28 14:31:21.566,2026042804010587
HDHPC,43,32,20,225.0,4500.0,2026-04-28 14:31:21.566,2026042804010586
HDHPC,3,32,50,225.0,11250.0,2026-04-28 14:31:21.566,2026042804010585
HDHPC,53,32,500,225.0,112500.0,2026-04-28 14:31:21.566,2026042804010584
HDHPC,48,32,100,225.0,22500.0,2026-04-28 14:31:21.566,2026042804010583
HDHPC,57,32,300,225.0,67500.0,2026-04-28 14:31:21.566,2026042804010582
HDHPC,59,32,1000,225.0,225000.0,2026-04-28 14:31:21.566,2026042804010581
HDHPC,54,32,220,225.1,49522.0,2026-04-28 14:31:21.565,2026042804010580
HDHPC,70,32,71,225.1,15982.1,2026-04-28 14:31:21.565,2026042804010579
HDHPC,70,57,929,225.1,209117.9,2026-04-28 14:31:13.302,2026042804010570
HDHPC,48,57,54,225.1,12155.4,2026-04-28 14:31:13.302,2026042804010569
HDHPC,41,57,1000,225.1,225100.0,2026-04-28 14:31:13.302,2026042804010568
HDHPC,41,57,50,225.1,11255.0,2026-04-28 14:31:13.301,2026042804010567
HDHPC,59,57,300,225.2,67560.0,2026-04-28 14:31:13.301,2026042804010566
HDHPC,13,57,567,225.2,127688.4,2026-04-28 14:31:13.301,2026042804010565
HDHPC,13,32,433,225.2,97511.6,2026-04-28 14:30:48.460,2026042804010543
HDHPC,38,32,30,225.2,6756.0,2026-04-28 14:30:48.460,2026042804010542
HDHPC,22,32,375,225.2,84450.0,2026-04-28 14:30:48.459,2026042804010541
HDHPC,37,32,1000,225.3,225300.0,2026-04-28 14:30:48.458,2026042804010540
HDHPC,25,32,500,225.3,112650.0,2026-04-28 14:30:48.457,2026042804010539
HDHPC,60,32,1000,225.4,225400.0,2026-04-28 14:30:48.456,2026042804010538
HDHPC,42,32,60,225.4,13524.0,2026-04-28 14:30:48.456,2026042804010537
HDHPC,42,32,100,225.4,22540.0,2026-04-28 14:30:48.455,2026042804010536
HDHPC,35,32,112,225.5,25256.0,2026-04-28 14:30:48.454,2026042804010535
HDHPC,35,42,188,225.5,42394.0,2026-04-28 14:30:32.123,2026042804010509
HDHPC,48,42,65,225.5,14657.5,2026-04-28 14:30:32.123,2026042804010508
HDHPC,4,42,247,225.5,55698.5,2026-04-28 14:30:32.122,2026042804010507
HDHPC,48,74,1000,225.5,225500.0,2026-04-28 14:28:35.082,2026042804010365
HDHPC,22,100,415,225.2,93458.0,2026-04-28 14:27:26.774,2026042804010303
HDHPC,58,100,85,225.3,19150.5,2026-04-28 14:27:26.774,2026042804010302
HDHPC,75,32,193,227.0,43811.0,2026-04-28 14:26:57.608,2026042804010271
HDHPC,75,32,807,227.0,183189.0,2026-04-28 14:26:57.608,2026042804010270
HDHPC,22,22,10,225.2,2252.0,2026-04-28 14:26:43.362,2026042804010248
HDHPC,22,33,200,225.2,45040.0,2026-04-28 14:26:21.138,2026042804010230
HDHPC,42,32,193,227.0,43811.0,2026-04-28 14:25:00.302,2026042804010131
HDHPC,42,39,427,227.0,96929.0,2026-04-28 14:24:42.164,2026042804010102
HDHPC,4,75,18,225.1,4051.8,2026-04-28 14:24:35.740,2026042804010093
HDHPC,22,75,22,225.1,4952.2,2026-04-28 14:24:35.740,2026042804010092
HDHPC,22,44,343,225.1,77209.3,2026-04-28 14:24:13.245,2026042804010060
HDHPC,22,44,10,225.1,2251.0,2026-04-28 14:23:30.077,2026042804010026
HDHPC,22,21,60,225.1,13506.0,2026-04-28 14:23:07.528,2026042804009979
HDHPC,48,48,435,225.1,97918.5,2026-04-28 14:23:01.465,2026042804009968
HDHPC,59,48,465,225.1,104671.5,2026-04-28 14:22:41.376,2026042804009934
HDHPC,34,48,100,225.2,22520.0,2026-04-28 14:22:41.375,2026042804009933
HDHPC,59,22,35,225.1,7878.5,2026-04-28 14:22:37.004,2026042804009926
HDHPC,26,22,190,225.1,42769.0,2026-04-28 14:22:37.003,2026042804009925
HDHPC,26,48,10,225.1,2251.0,2026-04-28 14:21:19.433,2026042804009867
HDHPC,48,48,456,224.3,102280.8,2026-04-28 14:20:59.069,2026042804009841
HDHPC,45,48,100,224.3,22430.0,2026-04-28 14:20:59.069,2026042804009840
HDHPC,34,48,50,224.4,11220.0,2026-04-28 14:20:59.068,2026042804009839
HDHPC,86,48,100,224.4,22440.0,2026-04-28 14:20:59.068,2026042804009838
HDHPC,25,48,100,224.5,22450.0,2026-04-28 14:20:59.068,2026042804009837
HDHPC,21,48,17,224.8,3821.6,2026-04-28 14:20:59.068,2026042804009836
HDHPC,18,48,500,224.9,112450.0,2026-04-28 14:20:59.067,2026042804009835
HDHPC,25,48,200,225.0,45000.0,2026-04-28 14:20:59.067,2026042804009834
HDHPC,65,48,278,225.0,62550.0,2026-04-28 14:20:59.067,2026042804009833
HDHPC,21,48,189,225.0,42525.0,2026-04-28 14:20:59.066,2026042804009832
HDHPC,21,45,161,225.0,36225.0,2026-04-28 14:20:31.000,2026042804009807
HDHPC,59,45,500,225.0,112500.0,2026-04-28 14:20:24.805,2026042804009795
HDHPC,35,45,1000,225.0,225000.0,2026-04-28 14:20:10.609,2026042804009774
HDHPC,35,45,212,225.0,47700.0,2026-04-28 14:20:01.115,2026042804009771
HDHPC,35,44,788,224.9,177221.2,2026-04-28 14:20:01.115,2026042804009770
HDHPC,58,44,177,224.9,39807.3,2026-04-28 14:19:41.065,2026042804009737
HDHPC,49,44,15,224.9,3373.5,2026-04-28 14:19:33.527,2026042804009725
HDHPC,36,44,10,224.9,2249.0,2026-04-28 14:19:27.873,2026042804009714
HDHPC,58,45,12,225.0,2700.0,2026-04-28 14:19:10.379,2026042804009681
HDHPC,51,45,40,225.0,9000.0,2026-04-28 14:18:38.440,2026042804009616
HDHPC,65,49,205,224.3,45981.5,2026-04-28 14:18:08.977,2026042804009555
HDHPC,49,49,70,224.7,15729.0,2026-04-28 14:18:08.977,2026042804009554
HDHPC,58,49,955,224.8,214684.0,2026-04-28 14:18:08.976,2026042804009553
HDHPC,58,94,290,224.8,65192.0,2026-04-28 14:17:58.838,2026042804009524
HDHPC,49,37,10,224.7,2247.0,2026-04-28 14:17:58.297,2026042804009523
HDHPC,49,58,20,224.7,4494.0,2026-04-28 14:17:50.810,2026042804009517
HDHPC,65,86,17,224.3,3813.1,2026-04-28 14:17:40.137,2026042804009503
HDHPC,58,86,50,224.3,11215.0,2026-04-28 14:17:40.137,2026042804009502
HDHPC,71,86,200,224.5,44900.0,2026-04-28 14:17:40.136,2026042804009501
HDHPC,45,86,88,224.6,19764.8,2026-04-28 14:17:40.135,2026042804009500
HDHPC,44,94,400,224.8,89920.0,2026-04-28 14:17:21.674,2026042804009449
HDHPC,44,94,100,224.8,22480.0,2026-04-28 14:17:08.429,2026042804009436
HDHPC,45,86,212,224.6,47615.2,2026-04-28 14:17:05.739,2026042804009433
HDHPC,34,86,100,224.6,22460.0,2026-04-28 14:17:05.739,2026042804009432
HDHPC,86,86,100,224.7,22470.0,2026-04-28 14:17:05.739,2026042804009431
HDHPC,34,94,200,224.8,44960.0,2026-04-28 14:16:52.623,2026042804009410
HDHPC,61,94,10,224.9,2249.0,2026-04-28 14:16:26.974,2026042804009367
HDHPC,64,45,100,225.0,22500.0,2026-04-28 14:15:52.702,2026042804009319
HDHPC,64,38,290,225.0,65250.0,2026-04-28 14:15:51.778,2026042804009310
HDHPC,64,32,67,225.0,15075.0,2026-04-28 14:15:51.777,2026042804009309
HDHPC,50,32,100,225.0,22500.0,2026-04-28 14:15:48.108,2026042804009307
HDHPC,26,32,200,225.0,45000.0,2026-04-28 14:15:28.986,2026042804009294
HDHPC,58,32,50,225.0,11250.0,2026-04-28 14:15:04.685,2026042804009269
HDHPC,40,32,4583,225.0,1031175.0,2026-04-28 14:15:04.684,2026042804009268
HDHPC,40,26,917,225.0,206325.0,2026-04-28 14:14:49.279,2026042804009257
HDHPC,14,26,100,225.0,22500.0,2026-04-28 14:14:19.124,2026042804009224
HDHPC,22,26,675,225.0,151875.0,2026-04-28 14:14:12.538,2026042804009212
HDHPC,19,26,150,225.0,33750.0,2026-04-28 14:14:04.305,2026042804009199
HDHPC,45,26,100,225.0,22500.0,2026-04-28 14:14:04.249,2026042804009198
HDHPC,18,26,20,225.0,4500.0,2026-04-28 14:14:03.392,2026042804009197
HDHPC,58,26,11,225.0,2475.0,2026-04-28 14:14:03.391,2026042804009196
HDHPC,35,26,500,225.0,112500.0,2026-04-28 14:14:03.391,2026042804009195
HDHPC,21,26,200,225.0,45000.0,2026-04-28 14:14:03.390,2026042804009194
HDHPC,32,26,182,225.0,40950.0,2026-04-28 14:14:03.390,2026042804009193
HDHPC,49,26,43,225.2,9683.6,2026-04-28 14:14:03.390,2026042804009192
HDHPC,32,42,18,225.0,4050.0,2026-04-28 14:13:57.381,2026042804009189
HDHPC,21,42,500,225.0,112500.0,2026-04-28 14:13:57.381,2026042804009188
HDHPC,8,42,157,225.0,35325.0,2026-04-28 14:13:57.380,2026042804009187
HDHPC,37,42,25,225.1,5627.5,2026-04-28 14:13:41.956,2026042804009144
HDHPC,37,45,975,225.1,219472.5,2026-04-28 14:13:35.515,2026042804009136
HDHPC,6,45,25,225.2,5630.0,2026-04-28 14:13:35.514,2026042804009135
HDHPC,6,45,475,225.2,106970.0,2026-04-28 14:13:27.939,2026042804009122
HDHPC,35,45,100,225.2,22520.0,2026-04-28 14:13:22.699,2026042804009117
HDHPC,14,45,100,225.2,22520.0,2026-04-28 14:13:05.824,2026042804009080
HDHPC,8,14,883,225.0,198675.0,2026-04-28 14:12:16.766,2026042804009034
HDHPC,8,10,500,225.0,112500.0,2026-04-28 14:12:11.799,2026042804009030
HDHPC,34,45,48,225.4,10819.2,2026-04-28 14:11:57.745,2026042804008978
HDHPC,8,56,410,225.0,92250.0,2026-04-28 14:11:51.606,2026042804008968
HDHPC,38,56,20,225.0,4500.0,2026-04-28 14:11:51.606,2026042804008967
HDHPC,62,56,229,225.0,51525.0,2026-04-28 14:11:51.606,2026042804008966
HDHPC,48,56,510,225.1,114801.0,2026-04-28 14:11:51.606,2026042804008965
HDHPC,81,56,256,225.1,57625.6,2026-04-28 14:11:51.605,2026042804008964
HDHPC,22,56,575,225.2,129490.0,2026-04-28 14:11:51.605,2026042804008963
HDHPC,57,45,22,225.4,4958.8,2026-04-28 14:11:29.887,2026042804008884
HDHPC,57,99,978,225.4,220441.2,2026-04-28 14:10:41.542,2026042804008814
HDHPC,22,32,90,225.2,20268.0,2026-04-28 14:10:10.423,2026042804008775
HDHPC,39,32,10,225.2,2252.0,2026-04-28 14:10:10.422,2026042804008774
HDHPC,81,38,734,225.1,165223.4,2026-04-28 14:09:39.564,2026042804008720
HDHPC,58,38,20,225.2,4504.0,2026-04-28 14:09:39.564,2026042804008719
HDHPC,81,38,10,225.1,2251.0,2026-04-28 14:09:11.383,2026042804008670
HDHPC,62,14,500,225.0,112500.0,2026-04-28 14:08:45.621,2026042804008631
HDHPC,62,38,271,225.0,60975.0,2026-04-28 14:08:37.736,2026042804008613
HDHPC,41,38,65,225.0,14625.0,2026-04-28 14:08:37.735,2026042804008612
HDHPC,88,38,376,225.0,84600.0,2026-04-28 14:08:37.735,2026042804008611
HDHPC,88,59,284,225.0,63900.0,2026-04-28 14:08:25.004,2026042804008587
HDHPC,48,59,1137,225.1,255938.7,2026-04-28 14:08:25.004,2026042804008586
HDHPC,28,59,1000,225.1,225100.0,2026-04-28 14:08:25.004,2026042804008585
HDHPC,25,59,89,225.2,20042.8,2026-04-28 14:08:25.004,2026042804008584
HDHPC,8,59,490,225.5,110495.0,2026-04-28 14:08:25.003,2026042804008583
HDHPC,44,14,1000,225.6,225600.0,2026-04-28 14:08:19.309,2026042804008571
HDHPC,8,14,1000,225.5,225500.0,2026-04-28 14:08:04.742,2026042804008558
HDHPC,8,38,670,225.5,151085.0,2026-04-28 14:07:57.816,2026042804008548
HDHPC,8,48,40,225.5,9020.0,2026-04-28 14:07:57.137,2026042804008547
HDHPC,48,48,260,225.8,58708.0,2026-04-28 14:07:57.136,2026042804008546
HDHPC,8,59,300,225.5,67650.0,2026-04-28 14:07:27.517,2026042804008504
HDHPC,25,38,11,225.2,2477.2,2026-04-28 14:07:16.161,2026042804008484
HDHPC,22,38,500,225.2,112600.0,2026-04-28 14:07:01.454,2026042804008471
HDHPC,48,99,10,225.1,2251.0,2026-04-28 14:06:14.671,2026042804008400
HDHPC,48,58,40,225.1,9004.0,2026-04-28 14:06:05.708,2026042804008393
HDHPC,48,99,213,225.1,47946.3,2026-04-28 14:05:50.916,2026042804008385
HDHPC,22,99,283,225.1,63703.3,2026-04-28 14:05:50.915,2026042804008384
HDHPC,22,50,217,225.1,48846.7,2026-04-28 14:05:29.603,2026042804008352
HDHPC,58,50,240,225.2,54048.0,2026-04-28 14:05:22.516,2026042804008342
HDHPC,51,50,93,225.3,20952.9,2026-04-28 14:05:22.515,2026042804008341
HDHPC,58,99,10,225.2,2252.0,2026-04-28 14:05:16.780,2026042804008338
HDHPC,88,85,148,225.0,33300.0,2026-04-28 14:05:06.584,2026042804008326
HDHPC,41,85,30,225.1,6753.0,2026-04-28 14:05:06.584,2026042804008325
HDHPC,44,85,514,225.1,115701.4,2026-04-28 14:05:06.584,2026042804008324
HDHPC,44,99,186,225.1,41868.6,2026-04-28 14:05:05.384,2026042804008322
HDHPC,38,99,10,225.1,2251.0,2026-04-28 14:05:05.383,2026042804008321
HDHPC,26,99,100,225.1,22510.0,2026-04-28 14:05:05.383,2026042804008320
HDHPC,38,99,30,225.1,6753.0,2026-04-28 14:05:05.382,2026042804008319
HDHPC,59,99,145,225.1,32639.5,2026-04-28 14:05:05.381,2026042804008318
HDHPC,59,85,10,225.1,2251.0,2026-04-28 14:04:41.691,2026042804008302
HDHPC,62,85,990,225.2,222948.0,2026-04-28 14:04:41.690,2026042804008301
HDHPC,62,99,10,225.2,2252.0,2026-04-28 14:04:36.596,2026042804008300
HDHPC,59,99,335,225.1,75408.5,2026-04-28 14:04:25.004,2026042804008269
HDHPC,34,99,100,225.2,22520.0,2026-04-28 14:04:25.004,2026042804008268
HDHPC,59,99,10,225.1,2251.0,2026-04-28 14:03:40.627,2026042804008212
HDHPC,88,99,82,225.0,18450.0,2026-04-28 14:03:27.595,2026042804008206
HDHPC,42,99,30,225.0,6750.0,2026-04-28 14:03:27.594,2026042804008205
HDHPC,58,99,50,225.0,11250.0,2026-04-28 14:03:27.593,2026042804008204
HDHPC,37,99,211,225.1,47496.1,2026-04-28 14:03:16.507,2026042804008182
HDHPC,45,22,35,226.0,7910.0,2026-04-28 14:03:03.305,2026042804008131
HDHPC,37,49,18,225.1,4051.8,2026-04-28 14:02:43.047,2026042804008105
HDHPC,26,49,100,225.2,22520.0,2026-04-28 14:02:43.047,2026042804008104
HDHPC,37,99,361,225.1,81261.09999999999,2026-04-28 14:02:19.332,2026042804008054
HDHPC,37,99,10,225.1,2251.0,2026-04-28 14:01:50.977,2026042804008028
HDHPC,37,38,400,225.1,90040.0,2026-04-28 14:01:18.295,2026042804007975
HDHPC,34,99,496,225.0,111600.0,2026-04-28 14:00:31.287,2026042804007840
HDHPC,64,99,1000,225.0,225000.0,2026-04-28 14:00:23.145,2026042804007833
HDHPC,101,99,500,225.0,112500.0,2026-04-28 14:00:21.805,2026042804007829
HDHPC,35,99,358,225.0,80550.0,2026-04-28 14:00:21.805,2026042804007828
HDHPC,36,99,365,225.2,82198.0,2026-04-28 14:00:21.804,2026042804007827
HDHPC,36,85,10,225.1,2251.0,2026-04-28 14:00:19.861,2026042804007815
HDHPC,37,85,990,225.1,222849.0,2026-04-28 13:59:52.791,2026042804007800
HDHPC,37,64,10,225.1,2251.0,2026-04-28 13:59:41.733,2026042804007790
HDHPC,35,64,1642,225.0,369450.0,2026-04-28 13:59:05.273,2026042804007773
HDHPC,7,64,300,225.0,67500.0,2026-04-28 13:58:58.534,2026042804007765
HDHPC,63,64,800,225.0,180000.0,2026-04-28 13:58:53.687,2026042804007763
HDHPC,1,64,180,225.1,40518.0,2026-04-28 13:58:32.146,2026042804007735
HDHPC,1,64,20,225.1,4502.0,2026-04-28 13:57:59.424,2026042804007693
HDHPC,48,64,760,225.0,171000.0,2026-04-28 13:57:25.402,2026042804007661
HDHPC,48,64,100,225.0,22500.0,2026-04-28 13:57:25.402,2026042804007660
HDHPC,66,64,500,225.0,112500.0,2026-04-28 13:57:25.401,2026042804007659
HDHPC,57,64,300,225.0,67500.0,2026-04-28 13:57:25.401,2026042804007658
HDHPC,38,64,200,225.0,45000.0,2026-04-28 13:57:25.401,2026042804007657
HDHPC,18,64,20,225.0,4500.0,2026-04-28 13:57:25.400,2026042804007656
HDHPC,57,32,1000,225.0,225000.0,2026-04-28 13:56:45.599,2026042804007618
HDHPC,21,32,1000,225.0,225000.0,2026-04-28 13:56:45.599,2026042804007617
HDHPC,58,32,50,225.0,11250.0,2026-04-28 13:56:45.599,2026042804007616
HDHPC,49,32,665,225.0,149625.0,2026-04-28 13:56:45.599,2026042804007615
HDHPC,25,32,300,225.0,67500.0,2026-04-28 13:56:45.598,2026042804007614
HDHPC,35,32,600,225.0,135000.0,2026-04-28 13:56:45.598,2026042804007613
HDHPC,49,32,1500,225.0,337500.0,2026-04-28 13:56:45.598,2026042804007612
HDHPC,29,32,2000,225.0,450000.0,2026-04-28 13:56:45.598,2026042804007611
HDHPC,28,32,500,225.0,112500.0,2026-04-28 13:56:45.597,2026042804007610
HDHPC,41,32,140,225.0,31500.0,2026-04-28 13:56:45.597,2026042804007609
HDHPC,28,32,1000,225.0,225000.0,2026-04-28 13:56:45.596,2026042804007608
HDHPC,17,32,100,225.0,22500.0,2026-04-28 13:56:45.596,2026042804007607
HDHPC,28,32,1000,225.0,225000.0,2026-04-28 13:56:45.596,2026042804007606
HDHPC,14,32,1000,225.0,225000.0,2026-04-28 13:56:45.596,2026042804007605
HDHPC,29,32,65,225.0,14625.0,2026-04-28 13:56:45.596,2026042804007604
HDHPC,22,32,1000,225.0,225000.0,2026-04-28 13:56:45.595,2026042804007603
HDHPC,58,32,11,225.0,2475.0,2026-04-28 13:56:45.595,2026042804007602
HDHPC,49,32,100,225.0,22500.0,2026-04-28 13:56:45.595,2026042804007601
HDHPC,39,32,500,225.0,112500.0,2026-04-28 13:56:45.595,2026042804007600
HDHPC,46,32,150,225.0,33750.0,2026-04-28 13:56:45.595,2026042804007599
HDHPC,59,32,130,225.0,29250.0,2026-04-28 13:56:45.594,2026042804007598
HDHPC,39,32,500,225.0,112500.0,2026-04-28 13:56:45.594,2026042804007597
HDHPC,36,32,85,225.0,19125.0,2026-04-28 13:56:45.594,2026042804007596
HDHPC,36,32,915,225.0,205875.0,2026-04-28 13:56:24.456,2026042804007579
HDHPC,58,32,600,225.0,135000.0,2026-04-28 13:56:24.456,2026042804007578
HDHPC,20,32,50,225.0,11250.0,2026-04-28 13:56:24.456,2026042804007577
HDHPC,35,32,206,225.0,46350.0,2026-04-28 13:56:24.456,2026042804007576
HDHPC,32,32,100,225.0,22500.0,2026-04-28 13:56:24.455,2026042804007575
HDHPC,58,32,200,225.0,45000.0,2026-04-28 13:56:24.455,2026042804007574
HDHPC,53,32,750,225.0,168750.0,2026-04-28 13:56:24.455,2026042804007573
HDHPC,58,32,1000,225.0,225000.0,2026-04-28 13:56:24.455,2026042804007572
HDHPC,38,32,100,225.0,22500.0,2026-04-28 13:56:24.455,2026042804007571
HDHPC,17,32,500,225.0,112500.0,2026-04-28 13:56:24.454,2026042804007570
HDHPC,58,32,50,225.0,11250.0,2026-04-28 13:56:24.454,2026042804007569
HDHPC,39,32,100,225.0,22500.0,2026-04-28 13:56:24.454,2026042804007568
HDHPC,42,32,407,225.0,91575.0,2026-04-28 13:56:24.454,2026042804007567
HDHPC,42,32,2220,225.0,499500.0,2026-04-28 13:56:24.454,2026042804007566
HDHPC,8,32,60,225.0,13500.0,2026-04-28 13:56:24.453,2026042804007565
HDHPC,13,32,100,225.0,22500.0,2026-04-28 13:56:24.453,2026042804007564
HDHPC,16,32,200,225.0,45000.0,2026-04-28 13:56:24.453,2026042804007563
HDHPC,59,32,500,225.0,112500.0,2026-04-28 13:56:24.453,2026042804007562
HDHPC,42,32,1695,225.0,381375.0,2026-04-28 13:56:24.453,2026042804007561
HDHPC,48,32,300,225.0,67500.0,2026-04-28 13:56:24.453,2026042804007560
HDHPC,58,32,40,225.0,9000.0,2026-04-28 13:56:24.452,2026042804007559
HDHPC,34,32,1000,225.0,225000.0,2026-04-28 13:56:24.452,2026042804007558
HDHPC,48,32,1000,225.0,225000.0,2026-04-28 13:56:24.452,2026042804007557
HDHPC,48,32,300,225.0,67500.0,2026-04-28 13:56:24.452,2026042804007556
HDHPC,58,32,30,225.0,6750.0,2026-04-28 13:56:24.452,2026042804007555
HDHPC,49,32,20,225.0,4500.0,2026-04-28 13:56:24.451,2026042804007554
HDHPC,3,32,200,225.0,45000.0,2026-04-28 13:56:24.451,2026042804007553
HDHPC,42,32,200,225.0,45000.0,2026-04-28 13:56:24.451,2026042804007552
HDHPC,41,32,100,225.0,22500.0,2026-04-28 13:56:24.451,2026042804007551
HDHPC,22,32,1110,225.0,249750.0,2026-04-28 13:56:24.451,2026042804007550
HDHPC,16,32,4000,225.1,900400.0,2026-04-28 13:56:24.450,2026042804007549
HDHPC,95,32,50,225.1,11255.0,2026-04-28 13:56:24.450,2026042804007548
HDHPC,19,32,30,225.1,6753.0,2026-04-28 13:56:24.450,2026042804007547
HDHPC,62,32,2000,225.1,450200.0,2026-04-28 13:56:24.449,2026042804007546
HDHPC,50,32,500,225.1,112550.0,2026-04-28 13:56:24.449,2026042804007545
HDHPC,18,32,2000,225.1,450200.0,2026-04-28 13:56:24.448,2026042804007544
HDHPC,41,32,2000,225.1,450200.0,2026-04-28 13:56:24.448,2026042804007543
HDHPC,45,32,1000,225.1,225100.0,2026-04-28 13:56:24.447,2026042804007542
HDHPC,6,32,400,225.1,90040.0,2026-04-28 13:56:24.446,2026042804007541
HDHPC,4,32,170,225.1,38267.0,2026-04-28 13:56:24.446,2026042804007540
HDHPC,11,32,100,225.1,22510.0,2026-04-28 13:56:24.445,2026042804007539
HDHPC,71,32,1500,225.5,338250.0,2026-04-28 13:56:24.445,2026042804007538
HDHPC,52,32,3000,225.8,677400.0,2026-04-28 13:56:24.444,2026042804007537
HDHPC,57,32,2000,225.9,451800.0,2026-04-28 13:56:24.443,2026042804007536
HDHPC,22,32,197,226.0,44522.0,2026-04-28 13:56:24.442,2026042804007535
HDHPC,22,32,138,226.0,31188.0,2026-04-28 13:56:15.906,2026042804007530
HDHPC,7,32,200,226.0,45200.0,2026-04-28 13:55:59.926,2026042804007525
HDHPC,57,32,500,226.0,113000.0,2026-04-28 13:55:43.023,2026042804007512
HDHPC,42,32,470,226.0,106220.0,2026-04-28 13:55:43.022,2026042804007511
HDHPC,57,32,300,226.0,67800.0,2026-04-28 13:55:43.022,2026042804007510
HDHPC,60,32,100,226.0,22600.0,2026-04-28 13:55:43.022,2026042804007509
HDHPC,35,32,200,226.0,45200.0,2026-04-28 13:55:43.022,2026042804007508
HDHPC,39,32,500,226.0,113000.0,2026-04-28 13:55:43.022,2026042804007507
HDHPC,49,32,500,226.0,113000.0,2026-04-28 13:55:43.021,2026042804007506
HDHPC,21,32,700,226.0,158200.0,2026-04-28 13:55:43.021,2026042804007505
HDHPC,48,32,200,226.0,45200.0,2026-04-28 13:55:43.021,2026042804007504
HDHPC,56,32,2000,226.0,452000.0,2026-04-28 13:55:43.021,2026042804007503
HDHPC,52,32,450,226.0,101700.0,2026-04-28 13:55:43.021,2026042804007502
HDHPC,49,32,88,226.0,19888.0,2026-04-28 13:55:43.020,2026042804007501
HDHPC,16,32,100,226.0,22600.0,2026-04-28 13:55:43.020,2026042804007500
HDHPC,47,32,1000,226.0,226000.0,2026-04-28 13:55:43.020,2026042804007499
HDHPC,45,32,50,226.0,11300.0,2026-04-28 13:55:43.020,2026042804007498
HDHPC,16,32,100,226.0,22600.0,2026-04-28 13:55:43.020,2026042804007497
HDHPC,34,32,400,226.0,90400.0,2026-04-28 13:55:43.019,2026042804007496
HDHPC,42,32,100,226.0,22600.0,2026-04-28 13:55:43.019,2026042804007495
HDHPC,43,32,500,226.0,113000.0,2026-04-28 13:55:43.019,2026042804007494
HDHPC,58,32,200,226.0,45200.0,2026-04-28 13:55:43.019,2026042804007493
HDHPC,58,32,50,226.0,11300.0,2026-04-28 13:55:43.019,2026042804007492
HDHPC,39,32,200,226.0,45200.0,2026-04-28 13:55:43.018,2026042804007491
HDHPC,11,32,100,226.0,22600.0,2026-04-28 13:55:43.018,2026042804007490
HDHPC,5,32,400,226.4,90560.0,2026-04-28 13:55:43.018,2026042804007489
HDHPC,19,32,300,226.4,67920.0,2026-04-28 13:55:43.018,2026042804007488
HDHPC,41,32,100,226.4,22640.0,2026-04-28 13:55:43.017,2026042804007487
HDHPC,26,32,1000,226.5,226500.0,2026-04-28 13:55:43.017,2026042804007486
HDHPC,58,32,128,226.5,28992.0,2026-04-28 13:55:43.017,2026042804007485
HDHPC,43,32,1000,226.5,226500.0,2026-04-28 13:55:43.017,2026042804007484
HDHPC,39,32,1690,226.5,382785.0,2026-04-28 13:55:43.017,2026042804007483
HDHPC,57,32,300,227.0,68100.0,2026-04-28 13:55:43.016,2026042804007482
HDHPC,25,32,100,227.0,22700.0,2026-04-28 13:55:43.016,2026042804007481
HDHPC,39,32,134,227.0,30418.0,2026-04-28 13:55:43.016,2026042804007480
HDHPC,57,32,500,227.0,113500.0,2026-04-28 13:55:43.016,2026042804007479
HDHPC,42,32,202,227.0,45854.0,2026-04-28 13:55:43.015,2026042804007478
HDHPC,42,67,1780,227.0,404060.0,2026-04-28 13:55:15.295,2026042804007434
HDHPC,62,67,32,227.0,7264.0,2026-04-28 13:55:15.294,2026042804007433
HDHPC,83,67,1000,227.0,227000.0,2026-04-28 13:55:15.294,2026042804007432
HDHPC,62,67,2000,227.0,454000.0,2026-04-28 13:55:15.294,2026042804007431
HDHPC,11,67,100,227.0,22700.0,2026-04-28 13:55:15.294,2026042804007430
HDHPC,45,67,200,227.0,45400.0,2026-04-28 13:55:15.294,2026042804007429
HDHPC,58,67,50,227.0,11350.0,2026-04-28 13:55:15.293,2026042804007428
HDHPC,42,67,10,227.0,2270.0,2026-04-28 13:55:15.293,2026042804007427
HDHPC,32,67,100,227.0,22700.0,2026-04-28 13:55:15.293,2026042804007426
HDHPC,74,67,142,227.0,32234.0,2026-04-28 13:55:15.293,2026042804007425
HDHPC,35,67,200,227.1,45420.0,2026-04-28 13:55:15.292,2026042804007424
HDHPC,34,67,500,227.1,113550.0,2026-04-28 13:55:15.292,2026042804007423
HDHPC,29,67,220,227.1,49962.0,2026-04-28 13:55:15.292,2026042804007422
HDHPC,81,67,2000,227.1,454200.0,2026-04-28 13:55:15.292,2026042804007421
HDHPC,65,67,500,227.2,113600.0,2026-04-28 13:55:15.291,2026042804007420
HDHPC,85,67,100,227.2,22720.0,2026-04-28 13:55:15.291,2026042804007419
HDHPC,34,67,600,227.3,136380.0,2026-04-28 13:55:15.291,2026042804007418
HDHPC,57,67,48,227.4,10915.2,2026-04-28 13:55:15.291,2026042804007417
HDHPC,57,67,30,227.4,6822.0,2026-04-28 13:55:15.290,2026042804007416
HDHPC,58,67,50,227.5,11375.0,2026-04-28 13:55:15.290,2026042804007415
HDHPC,45,67,108,227.5,24570.0,2026-04-28 13:55:15.290,2026042804007414
HDHPC,45,67,100,227.7,22770.0,2026-04-28 13:55:15.289,2026042804007413
HDHPC,62,67,130,227.7,29601.0,2026-04-28 13:55:15.289,2026042804007412
HDHPC,35,32,1000,228.0,228000.0,2026-04-28 13:51:25.455,2026042804007181
HDHPC,62,59,300,227.7,68310.0,2026-04-28 13:51:13.254,2026042804007177
HDHPC,64,21,2000,227.8,455600.0,2026-04-28 13:51:03.069,2026042804007175
HDHPC,8,32,61,228.0,13908.0,2026-04-28 13:50:46.444,2026042804007169
HDHPC,63,32,500,228.0,114000.0,2026-04-28 13:50:17.201,2026042804007153
HDHPC,35,32,1000,228.0,228000.0,2026-04-28 13:49:16.002,2026042804007084
HDHPC,74,32,400,228.0,91200.0,2026-04-28 13:48:56.893,2026042804007077
HDHPC,60,32,255,228.0,58140.0,2026-04-28 13:48:45.731,2026042804007072
HDHPC,87,57,2200,227.8,501160.0,2026-04-28 13:46:33.785,2026042804006988
HDHPC,22,32,336,228.0,76608.0,2026-04-28 13:45:03.883,2026042804006942
HDHPC,22,32,664,228.0,151392.0,2026-04-28 13:44:54.193,2026042804006933
HDHPC,58,32,1500,228.0,342000.0,2026-04-28 13:44:32.127,2026042804006902
HDHPC,75,32,1000,228.0,228000.0,2026-04-28 13:44:28.472,2026042804006898
HDHPC,87,17,300,227.9,68370.0,2026-04-28 13:43:02.840,2026042804006834
HDHPC,35,32,1836,228.0,418608.0,2026-04-28 13:41:53.538,2026042804006797
HDHPC,35,45,164,228.0,37392.0,2026-04-28 13:41:40.777,2026042804006794
HDHPC,22,45,36,228.0,8208.0,2026-04-28 13:40:43.631,2026042804006722
HDHPC,22,64,464,228.0,105792.0,2026-04-28 13:40:39.096,2026042804006715
HDHPC,75,64,100,228.0,22800.0,2026-04-28 13:38:54.117,2026042804006653
HDHPC,58,64,200,228.0,45600.0,2026-04-28 13:38:16.961,2026042804006607
HDHPC,42,64,236,228.0,53808.0,2026-04-28 13:38:16.960,2026042804006606
HDHPC,42,64,14,228.0,3192.0,2026-04-28 13:37:20.823,2026042804006547
HDHPC,60,64,200,228.0,45600.0,2026-04-28 13:36:44.594,2026042804006498
HDHPC,22,64,20,228.0,4560.0,2026-04-28 13:35:33.939,2026042804006469
HDHPC,35,64,1365,228.0,311220.0,2026-04-28 13:35:33.938,2026042804006468
HDHPC,35,64,17,228.0,3876.0,2026-04-28 13:34:59.427,2026042804006413
HDHPC,35,38,500,228.0,114000.0,2026-04-28 13:34:46.914,2026042804006408
HDHPC,35,48,18,228.0,4104.0,2026-04-28 13:33:43.629,2026042804006350
HDHPC,29,64,100,228.0,22800.0,2026-04-28 13:33:11.953,2026042804006338
HDHPC,62,34,70,227.7,15939.0,2026-04-28 13:32:57.005,2026042804006306
HDHPC,56,34,30,227.8,6834.0,2026-04-28 13:32:57.004,2026042804006305
HDHPC,42,64,250,228.0,57000.0,2026-04-28 13:30:05.942,2026042804006194
HDHPC,34,64,10,228.0,2280.0,2026-04-28 13:30:05.941,2026042804006193
HDHPC,26,64,200,228.1,45620.0,2026-04-28 13:30:05.941,2026042804006192
HDHPC,36,64,12,228.0,2736.0,2026-04-28 13:23:59.938,2026042804005997
HDHPC,38,64,100,228.0,22800.0,2026-04-28 13:23:38.491,2026042804005990
HDHPC,35,64,106,228.0,24168.0,2026-04-28 13:23:38.490,2026042804005989
HDHPC,35,64,10,228.0,2280.0,2026-04-28 13:23:24.022,2026042804005985
HDHPC,35,64,384,228.0,87552.0,2026-04-28 13:23:00.220,2026042804005981
HDHPC,22,64,220,228.0,50160.0,2026-04-28 13:23:00.219,2026042804005980
HDHPC,39,58,66,228.0,15048.0,2026-04-28 13:20:17.444,2026042804005873
HDHPC,5,58,100,228.0,22800.0,2026-04-28 13:20:17.444,2026042804005872
HDHPC,4,58,161,228.0,36708.0,2026-04-28 13:20:17.444,2026042804005871
HDHPC,49,58,2000,228.0,456000.0,2026-04-28 13:20:17.444,2026042804005870
HDHPC,58,58,140,228.0,31920.0,2026-04-28 13:20:17.444,2026042804005869
HDHPC,18,58,100,228.0,22800.0,2026-04-28 13:20:17.444,2026042804005868
HDHPC,58,58,10,228.0,2280.0,2026-04-28 13:20:17.444,2026042804005867
HDHPC,58,58,50,228.0,11400.0,2026-04-28 13:20:17.443,2026042804005866
HDHPC,63,58,400,228.0,91200.0,2026-04-28 13:20:17.443,2026042804005865
HDHPC,58,58,439,228.0,100092.0,2026-04-28 13:20:17.443,2026042804005864
HDHPC,42,58,500,228.0,114000.0,2026-04-28 13:20:17.443,2026042804005863
HDHPC,58,58,34,228.0,7752.0,2026-04-28 13:20:17.443,2026042804005862
HDHPC,58,58,816,228.0,186048.0,2026-04-28 13:19:49.958,2026042804005856
HDHPC,32,58,500,228.2,114100.0,2026-04-28 13:19:49.958,2026042804005855
HDHPC,35,58,20,228.4,4568.0,2026-04-28 13:19:49.958,2026042804005854
HDHPC,26,58,1000,228.5,228500.0,2026-04-28 13:19:49.958,2026042804005853
HDHPC,35,58,1000,228.5,228500.0,2026-04-28 13:19:49.958,2026042804005852
HDHPC,63,58,1000,228.6,228600.0,2026-04-28 13:19:49.958,2026042804005851
HDHPC,58,58,100,228.8,22880.0,2026-04-28 13:19:49.958,2026042804005850
HDHPC,64,58,718,228.8,164278.4,2026-04-28 13:19:49.958,2026042804005849
HDHPC,44,58,846,228.8,193564.8,2026-04-28 13:19:49.958,2026042804005848
HDHPC,44,64,10,228.8,2288.0,2026-04-28 13:19:38.223,2026042804005841
HDHPC,44,64,544,228.8,124467.2,2026-04-28 13:19:17.919,2026042804005826
HDHPC,44,45,50,228.8,11440.0,2026-04-28 13:19:13.105,2026042804005821
HDHPC,44,64,10,228.8,2288.0,2026-04-28 13:18:58.127,2026042804005815
HDHPC,44,64,530,228.8,121264.0,2026-04-28 13:18:44.624,2026042804005786
HDHPC,28,64,410,228.9,93849.0,2026-04-28 13:17:45.821,2026042804005755
HDHPC,28,64,324,228.9,74163.6,2026-04-28 13:17:31.494,2026042804005736
HDHPC,28,64,266,228.9,60887.4,2026-04-28 13:17:18.257,2026042804005730
HDHPC,44,64,10,228.8,2288.0,2026-04-28 13:16:48.209,2026042804005695
HDHPC,45,64,96,229.0,21984.0,2026-04-28 13:16:22.313,2026042804005692
HDHPC,21,64,47,229.0,10763.0,2026-04-28 13:16:22.313,2026042804005691
HDHPC,37,64,112,229.1,25659.2,2026-04-28 13:16:22.312,2026042804005690
HDHPC,37,64,257,229.1,58878.7,2026-04-28 13:15:51.791,2026042804005677
HDHPC,37,46,441,229.1,101033.1,2026-04-28 13:15:45.284,2026042804005676
HDHPC,37,64,190,229.1,43529.0,2026-04-28 13:15:37.540,2026042804005675
HDHPC,21,64,10,229.0,2290.0,2026-04-28 13:14:53.992,2026042804005654
HDHPC,21,46,100,229.0,22900.0,2026-04-28 13:14:47.741,2026042804005639
HDHPC,21,64,169,229.0,38701.0,2026-04-28 13:14:27.556,2026042804005628
HDHPC,21,58,50,229.0,11450.0,2026-04-28 13:14:12.533,2026042804005620
HDHPC,36,46,10,229.3,2293.0,2026-04-28 13:14:06.382,2026042804005613
HDHPC,21,64,10,229.0,2290.0,2026-04-28 13:13:35.047,2026042804005580
HDHPC,21,64,114,229.0,26106.0,2026-04-28 13:13:10.080,2026042804005560
HDHPC,6,64,22,229.1,5040.2,2026-04-28 13:13:10.079,2026042804005559
HDHPC,59,46,300,229.3,68790.0,2026-04-28 13:12:18.742,2026042804005534
HDHPC,13,46,49,229.3,11235.7,2026-04-28 13:12:18.742,2026042804005533
HDHPC,58,56,200,230.0,46000.0,2026-04-28 13:11:59.025,2026042804005524
HDHPC,13,64,121,229.3,27745.300000000003,2026-04-28 13:11:54.637,2026042804005521
HDHPC,6,64,115,229.2,26358.0,2026-04-28 13:11:28.575,2026042804005508
HDHPC,6,64,110,229.2,25212.0,2026-04-28 13:11:09.822,2026042804005504
HDHPC,42,64,100,229.1,22910.0,2026-04-28 13:10:50.510,2026042804005501
HDHPC,42,64,89,229.1,20389.9,2026-04-28 13:10:39.703,2026042804005498
HDHPC,6,64,77,229.0,17633.0,2026-04-28 13:10:07.358,2026042804005480
HDHPC,6,45,100,229.0,22900.0,2026-04-28 13:10:01.521,2026042804005475
HDHPC,6,64,76,229.0,17404.0,2026-04-28 13:09:47.045,2026042804005466
HDHPC,35,56,441,230.0,101430.0,2026-04-28 13:09:40.660,2026042804005464
HDHPC,35,58,10,230.0,2300.0,2026-04-28 13:09:40.660,2026042804005463
HDHPC,35,47,20,230.0,4600.0,2026-04-28 13:09:40.659,2026042804005462
HDHPC,35,42,529,230.0,121670.0,2026-04-28 13:09:40.658,2026042804005461
HDHPC,19,64,67,229.0,15343.0,2026-04-28 13:09:33.861,2026042804005456
HDHPC,19,64,26,229.0,5954.0,2026-04-28 13:09:18.409,2026042804005443
HDHPC,58,64,40,229.0,9160.0,2026-04-28 13:09:10.456,2026042804005433
HDHPC,32,65,6203,228.9,1419866.7,2026-04-28 13:08:45.974,2026042804005419
HDHPC,35,65,297,229.0,68013.0,2026-04-28 13:08:45.974,2026042804005418
HDHPC,35,64,66,229.0,15114.0,2026-04-28 13:08:27.457,2026042804005407
HDHPC,35,64,57,229.0,13053.0,2026-04-28 13:08:16.586,2026042804005401
HDHPC,35,1,1000,229.0,229000.0,2026-04-28 13:07:55.906,2026042804005391
HDHPC,35,64,30,229.0,6870.0,2026-04-28 13:07:55.710,2026042804005390
HDHPC,38,42,100,230.0,23000.0,2026-04-28 13:07:53.491,2026042804005383
HDHPC,58,42,41,230.0,9430.0,2026-04-28 13:07:10.245,2026042804005315
HDHPC,4,99,10,228.7,2287.0,2026-04-28 13:06:01.048,2026042804005240
HDHPC,63,99,1000,228.7,228700.0,2026-04-28 13:06:01.047,2026042804005239
HDHPC,94,99,40,229.1,9164.0,2026-04-28 13:05:50.336,2026042804005234
HDHPC,94,42,10,229.1,2291.0,2026-04-28 13:05:42.598,2026042804005225
HDHPC,58,99,500,229.0,114500.0,2026-04-28 13:05:39.693,2026042804005221
HDHPC,14,38,4,222.0,888.0,2026-04-28 13:05:19.502,2026042804005208
HDHPC,64,38,82,228.6,18745.2,2026-04-28 13:05:07.011,2026042804005203
HDHPC,22,38,248,229.0,56792.0,2026-04-28 13:05:07.011,2026042804005202
HDHPC,63,99,483,231.0,111573.0,2026-04-28 13:02:43.677,2026042804005068
HDHPC,63,41,100,231.0,23100.0,2026-04-28 13:02:23.866,2026042804005037
HDHPC,63,34,1000,230.8,230800.0,2026-04-28 13:02:23.865,2026042804005036
HDHPC,63,49,500,230.7,115350.0,2026-04-28 13:02:23.865,2026042804005035
HDHPC,63,85,1000,230.6,230600.0,2026-04-28 13:02:23.864,2026042804005034
HDHPC,63,85,1000,230.0,230000.0,2026-04-28 13:02:23.864,2026042804005033
HDHPC,63,29,800,230.0,184000.0,2026-04-28 13:02:23.863,2026042804005032
HDHPC,63,22,330,230.0,75900.0,2026-04-28 13:02:23.862,2026042804005031
HDHPC,63,56,1000,229.9,229900.0,2026-04-28 13:02:23.862,2026042804005030
HDHPC,63,35,500,229.9,114950.0,2026-04-28 13:02:23.861,2026042804005029
HDHPC,63,46,162,229.0,37098.0,2026-04-28 13:02:23.861,2026042804005028
HDHPC,63,38,125,229.0,28625.0,2026-04-28 13:02:23.860,2026042804005027
HDHPC,13,10,300,228.4,68520.0,2026-04-28 13:02:17.402,2026042804005023
HDHPC,13,64,30,228.4,6852.0,2026-04-28 13:02:13.852,2026042804005021
HDHPC,58,38,10,229.0,2290.0,2026-04-28 13:01:43.451,2026042804004984
HDHPC,48,38,40,229.0,9160.0,2026-04-28 13:01:43.450,2026042804004983
HDHPC,58,38,113,229.0,25877.0,2026-04-28 13:01:43.450,2026042804004982
HDHPC,58,64,10,229.0,2290.0,2026-04-28 13:00:44.159,2026042804004928
HDHPC,58,49,282,229.0,64578.0,2026-04-28 13:00:15.589,2026042804004906
HDHPC,1,49,218,229.0,49922.0,2026-04-28 13:00:15.588,2026042804004905
HDHPC,1,38,10,229.0,2290.0,2026-04-28 13:00:00.529,2026042804004901
HDHPC,1,38,272,229.0,62288.0,2026-04-28 12:59:46.543,2026042804004860
HDHPC,58,45,3,223.0,669.0,2026-04-28 12:59:27.483,2026042804004835
HDHPC,35,49,294,229.0,67326.0,2026-04-28 12:54:19.145,2026042804004554
HDHPC,42,49,40,229.0,9160.0,2026-04-28 12:54:09.514,2026042804004547
HDHPC,58,49,40,229.0,9160.0,2026-04-28 12:54:09.513,2026042804004546
HDHPC,52,49,215,229.0,49235.0,2026-04-28 12:54:09.513,2026042804004545
HDHPC,34,49,21,229.1,4811.099999999999,2026-04-28 12:54:09.513,2026042804004544
HDHPC,68,22,170,230.0,39100.0,2026-04-28 12:53:49.686,2026042804004529
HDHPC,34,71,79,229.1,18098.9,2026-04-28 12:53:11.666,2026042804004516
HDHPC,50,71,10,229.1,2291.0,2026-04-28 12:53:11.666,2026042804004515
HDHPC,26,71,1200,229.1,274920.0,2026-04-28 12:53:11.665,2026042804004514
HDHPC,45,71,10,229.2,2292.0,2026-04-28 12:53:11.665,2026042804004513
HDHPC,74,71,1500,229.5,344250.0,2026-04-28 12:53:11.665,2026042804004512
HDHPC,26,71,734,229.6,168526.4,2026-04-28 12:53:11.665,2026042804004511
HDHPC,26,71,1262,229.6,289755.2,2026-04-28 12:53:11.665,2026042804004510
HDHPC,49,71,695,229.7,159641.5,2026-04-28 12:53:11.665,2026042804004509
HDHPC,13,71,490,230.0,112700.0,2026-04-28 12:53:11.664,2026042804004508
HDHPC,13,4,10,230.0,2300.0,2026-04-28 12:52:58.910,2026042804004505
HDHPC,44,71,400,231.0,92400.0,2026-04-28 12:52:08.045,2026042804004481
HDHPC,26,38,238,229.6,54644.8,2026-04-28 12:51:30.900,2026042804004449
HDHPC,26,38,500,229.8,114900.0,2026-04-28 12:51:30.900,2026042804004448
HDHPC,13,38,204,230.0,46920.0,2026-04-28 12:51:30.900,2026042804004447
HDHPC,38,38,100,230.1,23010.0,2026-04-28 12:51:30.899,2026042804004446
HDHPC,13,35,296,230.0,68080.0,2026-04-28 12:49:40.215,2026042804004371
HDHPC,13,35,1000,230.0,230000.0,2026-04-28 12:49:40.214,2026042804004370
HDHPC,13,35,154,230.0,35420.0,2026-04-28 12:49:40.213,2026042804004369
HDHPC,13,45,100,230.0,23000.0,2026-04-28 12:49:32.883,2026042804004366
HDHPC,13,38,246,230.0,56580.0,2026-04-28 12:49:11.752,2026042804004345
HDHPC,13,38,636,230.0,146280.0,2026-04-28 12:49:11.752,2026042804004344
HDHPC,26,38,294,230.1,67649.4,2026-04-28 12:49:11.752,2026042804004343
HDHPC,26,38,1206,230.1,277500.6,2026-04-28 12:48:45.893,2026042804004327
HDHPC,58,49,90,231.0,20790.0,2026-04-28 12:48:31.341,2026042804004321
HDHPC,13,38,364,230.0,83720.0,2026-04-28 12:48:19.153,2026042804004318
HDHPC,17,38,935,230.0,215050.0,2026-04-28 12:48:19.153,2026042804004317
HDHPC,58,38,45,230.1,10354.5,2026-04-28 12:48:19.153,2026042804004316
HDHPC,56,38,105,230.2,24171.0,2026-04-28 12:48:19.152,2026042804004315
HDHPC,17,99,65,230.0,14950.0,2026-04-28 12:47:22.855,2026042804004294
HDHPC,26,99,1485,230.1,341698.5,2026-04-28 12:47:22.855,2026042804004293
HDHPC,26,89,15,230.1,3451.5,2026-04-28 12:46:45.053,2026042804004273
HDHPC,17,11,75,232.0,17400.0,2026-04-28 12:46:00.591,2026042804004248
HDHPC,34,11,10,232.0,2320.0,2026-04-28 12:45:12.341,2026042804004223
HDHPC,34,86,140,230.0,32200.0,2026-04-28 12:45:12.341,2026042804004222
HDHPC,26,86,210,230.0,48300.0,2026-04-28 12:44:56.310,2026042804004211
HDHPC,26,32,890,230.0,204700.0,2026-04-28 12:44:48.163,2026042804004207
HDHPC,58,32,10,230.0,2300.0,2026-04-28 12:44:48.163,2026042804004206
HDHPC,26,32,1500,230.0,345000.0,2026-04-28 12:44:48.162,2026042804004205
HDHPC,26,32,1500,230.0,345000.0,2026-04-28 12:44:48.162,2026042804004204
HDHPC,26,32,1500,230.0,345000.0,2026-04-28 12:44:48.162,2026042804004203
HDHPC,26,32,1500,230.0,345000.0,2026-04-28 12:44:48.162,2026042804004202
HDHPC,34,32,1000,230.0,230000.0,2026-04-28 12:44:48.162,2026042804004201
HDHPC,26,32,1500,230.1,345150.0,2026-04-28 12:44:48.162,2026042804004200
HDHPC,18,32,100,230.2,23020.0,2026-04-28 12:44:48.161,2026042804004199
HDHPC,1,32,500,231.0,115500.0,2026-04-28 12:44:48.161,2026042804004198
HDHPC,47,53,200,232.8,46560.0,2026-04-28 12:44:44.407,2026042804004197
HDHPC,49,34,200,234.0,46800.0,2026-04-28 12:43:54.868,2026042804004173
HDHPC,48,34,471,234.0,110214.0,2026-04-28 12:43:54.867,2026042804004172
HDHPC,48,39,19,234.0,4446.0,2026-04-28 12:42:36.880,2026042804004139
HDHPC,48,62,10,234.0,2340.0,2026-04-28 12:42:36.880,2026042804004138
HDHPC,36,62,20,234.0,4680.0,2026-04-28 12:42:16.320,2026042804004123
HDHPC,42,17,10,234.6,2346.0,2026-04-28 12:42:08.671,2026042804004122
HDHPC,32,34,200,233.3,46660.0,2026-04-28 12:41:52.866,2026042804004114
HDHPC,32,10,200,233.3,46660.0,2026-04-28 12:41:47.506,2026042804004110
HDHPC,32,39,200,233.3,46660.0,2026-04-28 12:41:08.311,2026042804004091
HDHPC,34,17,10,234.6,2346.0,2026-04-28 12:40:55.069,2026042804004089
HDHPC,34,44,20,234.1,4682.0,2026-04-28 12:40:55.068,2026042804004088
HDHPC,38,32,8399,234.0,1965366.0,2026-04-28 12:40:54.248,2026042804004087
HDHPC,38,41,100,234.0,23400.0,2026-04-28 12:40:40.187,2026042804004081
HDHPC,38,4,200,234.0,46800.0,2026-04-28 12:40:40.187,2026042804004080
HDHPC,38,22,500,234.0,117000.0,2026-04-28 12:40:40.187,2026042804004079
HDHPC,38,34,350,234.0,81900.0,2026-04-28 12:40:40.187,2026042804004078
HDHPC,38,62,400,234.0,93600.0,2026-04-28 12:40:40.186,2026042804004077
HDHPC,38,17,269,233.9,62919.1,2026-04-28 12:40:40.186,2026042804004076
HDHPC,38,84,1500,233.9,350850.0,2026-04-28 12:40:40.186,2026042804004075
HDHPC,38,32,782,233.9,182909.8,2026-04-28 12:40:40.186,2026042804004074
HDHPC,48,32,218,233.9,50990.2,2026-04-28 12:40:10.584,2026042804004067
HDHPC,48,42,300,233.9,70170.0,2026-04-28 12:40:10.584,2026042804004066
HDHPC,48,35,482,233.9,112739.8,2026-04-28 12:40:10.584,2026042804004065
HDHPC,26,58,500,233.8,116900.0,2026-04-28 12:39:55.641,2026042804004058
HDHPC,32,50,190,233.3,44327.0,2026-04-28 12:39:46.509,2026042804004050
HDHPC,58,50,10,233.4,2334.0,2026-04-28 12:39:46.509,2026042804004049
HDHPC,58,45,10,233.4,2334.0,2026-04-28 12:39:41.499,2026042804004045
HDHPC,34,35,10,233.9,2339.0,2026-04-28 12:39:35.397,2026042804004039
HDHPC,32,57,1475,233.3,344117.5,2026-04-28 12:39:22.832,2026042804004038
HDHPC,58,57,100,233.4,23340.0,2026-04-28 12:39:22.831,2026042804004037
HDHPC,58,45,10,233.0,2330.0,2026-04-28 12:38:06.566,2026042804003987
HDHPC,63,35,1000,233.9,233900.0,2026-04-28 12:37:44.844,2026042804003974
HDHPC,58,35,150,233.9,35085.0,2026-04-28 12:37:38.330,2026042804003972
HDHPC,38,45,10,232.9,2329.0,2026-04-28 12:37:33.609,2026042804003968
HDHPC,8,35,295,233.9,69000.5,2026-04-28 12:37:33.359,2026042804003967
HDHPC,8,86,355,233.8,82999.0,2026-04-28 12:37:33.358,2026042804003966
HDHPC,8,60,1000,233.7,233700.0,2026-04-28 12:37:33.358,2026042804003965
HDHPC,8,85,1000,233.6,233600.0,2026-04-28 12:37:33.358,2026042804003964
HDHPC,8,86,385,233.5,89897.5,2026-04-28 12:37:33.358,2026042804003963
HDHPC,8,18,1000,233.5,233500.0,2026-04-28 12:37:33.358,2026042804003962
HDHPC,8,85,1000,233.5,233500.0,2026-04-28 12:37:33.358,2026042804003961
HDHPC,8,86,345,233.4,80523.0,2026-04-28 12:37:33.358,2026042804003960
HDHPC,8,58,100,233.4,23340.0,2026-04-28 12:37:33.357,2026042804003959
HDHPC,8,48,1470,233.0,342510.0,2026-04-28 12:37:33.357,2026042804003958
HDHPC,8,50,100,233.0,23300.0,2026-04-28 12:37:33.357,2026042804003957
HDHPC,8,14,2950,233.0,687350.0,2026-04-28 12:37:33.357,2026042804003956
HDHPC,48,14,500,233.0,116500.0,2026-04-28 12:37:29.430,2026042804003954
HDHPC,38,6,20,232.9,4658.0,2026-04-28 12:37:29.322,2026042804003953
HDHPC,63,14,1550,233.0,361150.0,2026-04-28 12:37:22.322,2026042804003944
HDHPC,63,45,150,233.0,34950.0,2026-04-28 12:37:22.322,2026042804003943
HDHPC,63,1,10,233.0,2330.0,2026-04-28 12:37:22.322,2026042804003942
HDHPC,63,74,1290,233.0,300570.0,2026-04-28 12:37:22.322,2026042804003941
HDHPC,38,38,200,232.9,46580.0,2026-04-28 12:37:15.808,2026042804003938
HDHPC,38,34,200,232.9,46580.0,2026-04-28 12:37:15.808,2026042804003937
HDHPC,58,58,50,232.8,11640.0,2026-04-28 12:37:14.329,2026042804003936
HDHPC,6,58,1990,232.8,463272.0,2026-04-28 12:37:05.218,2026042804003930
HDHPC,6,61,10,232.8,2328.0,2026-04-28 12:37:05.218,2026042804003929
HDHPC,32,33,80,232.0,18560.0,2026-04-28 12:36:56.555,2026042804003926
HDHPC,32,58,50,231.0,11550.0,2026-04-28 12:36:14.191,2026042804003908
HDHPC,32,62,670,230.0,154100.0,2026-04-28 12:34:38.285,2026042804003867
HDHPC,26,11,1000,229.2,229200.0,2026-04-28 12:34:29.995,2026042804003865
HDHPC,58,74,10,233.0,2330.0,2026-04-28 12:34:18.362,2026042804003860
HDHPC,4,74,200,233.0,46600.0,2026-04-28 12:34:00.817,2026042804003850
HDHPC,32,35,3063,233.9,716435.7000000001,2026-04-28 12:31:54.834,2026042804003779
HDHPC,32,97,500,233.6,116800.0,2026-04-28 12:31:54.834,2026042804003778
HDHPC,32,97,500,233.6,116800.0,2026-04-28 12:31:54.834,2026042804003777
HDHPC,32,18,500,233.5,116750.0,2026-04-28 12:31:54.834,2026042804003776
HDHPC,32,97,500,233.5,116750.0,2026-04-28 12:31:54.834,2026042804003775
HDHPC,32,36,500,233.2,116600.0,2026-04-28 12:31:54.834,2026042804003774
HDHPC,32,97,500,233.2,116600.0,2026-04-28 12:31:54.834,2026042804003773
HDHPC,32,71,1500,233.1,349650.0,2026-04-28 12:31:54.834,2026042804003772
HDHPC,32,45,200,233.0,46600.0,2026-04-28 12:31:54.834,2026042804003771
HDHPC,32,34,1000,233.0,233000.0,2026-04-28 12:31:54.834,2026042804003770
HDHPC,32,49,1500,233.0,349500.0,2026-04-28 12:31:54.834,2026042804003769
HDHPC,32,40,1000,233.0,233000.0,2026-04-28 12:31:54.834,2026042804003768
HDHPC,32,34,300,233.0,69900.0,2026-04-28 12:31:54.834,2026042804003767
HDHPC,32,57,20,233.0,4660.0,2026-04-28 12:31:54.834,2026042804003766
HDHPC,32,48,994,233.0,231602.0,2026-04-28 12:31:54.834,2026042804003765
HDHPC,32,97,500,233.0,116500.0,2026-04-28 12:31:54.834,2026042804003764
HDHPC,32,22,50,232.5,11625.0,2026-04-28 12:31:54.834,2026042804003763
HDHPC,32,4,200,232.0,46400.0,2026-04-28 12:31:54.834,2026042804003762
HDHPC,32,57,90,232.0,20880.0,2026-04-28 12:31:54.834,2026042804003761
HDHPC,32,35,475,232.0,110200.0,2026-04-28 12:31:54.834,2026042804003760
HDHPC,32,45,2000,231.9,463800.0,2026-04-28 12:31:54.834,2026042804003759
HDHPC,32,53,500,231.8,115900.0,2026-04-28 12:31:54.834,2026042804003758
HDHPC,32,85,1000,231.7,231700.0,2026-04-28 12:31:54.834,2026042804003757
HDHPC,32,60,60,231.6,13896.0,2026-04-28 12:31:54.834,2026042804003756
HDHPC,32,85,1000,231.6,231600.0,2026-04-28 12:31:54.834,2026042804003755
HDHPC,32,49,876,231.0,202356.0,2026-04-28 12:31:54.834,2026042804003754
HDHPC,32,49,2500,231.0,577500.0,2026-04-28 12:31:54.834,2026042804003753
HDHPC,32,34,500,231.0,115500.0,2026-04-28 12:31:54.834,2026042804003752
HDHPC,32,16,1000,230.5,230500.0,2026-04-28 12:31:54.833,2026042804003751
HDHPC,32,21,190,230.0,43700.0,2026-04-28 12:31:54.833,2026042804003750
HDHPC,32,57,4000,230.0,920000.0,2026-04-28 12:31:54.833,2026042804003749
HDHPC,32,58,230,230.0,52900.0,2026-04-28 12:31:54.833,2026042804003748
HDHPC,32,94,1000,230.0,230000.0,2026-04-28 12:31:54.833,2026042804003747
HDHPC,32,100,500,230.0,115000.0,2026-04-28 12:31:54.833,2026042804003746
HDHPC,32,32,500,230.0,115000.0,2026-04-28 12:31:54.833,2026042804003745
HDHPC,32,32,500,230.0,115000.0,2026-04-28 12:31:54.833,2026042804003744
HDHPC,32,22,15,230.0,3450.0,2026-04-28 12:31:54.833,2026042804003743
HDHPC,32,45,3000,230.0,690000.0,2026-04-28 12:31:54.833,2026042804003742
HDHPC,32,41,1000,230.0,230000.0,2026-04-28 12:31:54.833,2026042804003741
HDHPC,32,11,115,230.0,26450.0,2026-04-28 12:31:54.833,2026042804003740
HDHPC,32,39,1900,230.0,437000.0,2026-04-28 12:31:54.833,2026042804003739
HDHPC,32,26,10,230.0,2300.0,2026-04-28 12:31:54.833,2026042804003738
HDHPC,32,58,5000,230.0,1150000.0,2026-04-28 12:31:54.833,2026042804003737
HDHPC,32,17,598,230.0,137540.0,2026-04-28 12:31:54.833,2026042804003736
HDHPC,32,60,6500,229.9,1494350.0,2026-04-28 12:31:54.833,2026042804003735
HDHPC,32,86,355,229.8,81579.0,2026-04-28 12:31:54.833,2026042804003734
HDHPC,32,49,50,229.5,11475.0,2026-04-28 12:31:54.833,2026042804003733
HDHPC,32,98,500,229.0,114500.0,2026-04-28 12:31:54.833,2026042804003732
HDHPC,32,4,554,229.0,126866.0,2026-04-28 12:31:54.833,2026042804003731
HDHPC,32,86,155,228.9,35479.5,2026-04-28 12:31:54.833,2026042804003730
HDHPC,58,49,100,228.1,22810.0,2026-04-28 12:31:21.877,2026042804003715
HDHPC,32,4,19,229.0,4351.0,2026-04-28 12:30:41.489,2026042804003695
HDHPC,58,38,80,228.1,18248.0,2026-04-28 12:30:13.742,2026042804003676
HDHPC,58,45,10,228.1,2281.0,2026-04-28 12:30:08.762,2026042804003673
HDHPC,32,45,10,228.0,2280.0,2026-04-28 12:29:22.636,2026042804003641
HDHPC,32,14,2000,228.0,456000.0,2026-04-28 12:28:45.026,2026042804003627
HDHPC,32,38,270,228.0,61560.0,2026-04-28 12:28:27.636,2026042804003622
HDHPC,32,38,236,228.0,53808.0,2026-04-28 12:28:27.412,2026042804003621
HDHPC,32,38,243,228.0,55404.0,2026-04-28 12:28:25.894,2026042804003620
HDHPC,32,38,20,228.0,4560.0,2026-04-28 12:28:25.815,2026042804003619
HDHPC,45,38,250,228.1,57025.0,2026-04-28 12:28:25.814,2026042804003618
HDHPC,32,99,230,228.0,52440.0,2026-04-28 12:28:22.294,2026042804003616
HDHPC,32,52,480,228.0,109440.0,2026-04-28 12:26:47.208,2026042804003568
HDHPC,32,6,2000,228.0,456000.0,2026-04-28 12:26:24.738,2026042804003563
HDHPC,32,44,9310,228.0,2122680.0,2026-04-28 12:26:15.597,2026042804003554
HDHPC,32,38,164,228.0,37392.0,2026-04-28 12:26:03.690,2026042804003547
HDHPC,32,99,222,228.0,50616.0,2026-04-28 12:26:03.411,2026042804003546
HDHPC,32,38,162,228.0,36936.0,2026-04-28 12:26:03.015,2026042804003544
HDHPC,32,38,197,228.0,44916.0,2026-04-28 12:26:02.916,2026042804003543
HDHPC,32,38,208,228.0,47424.0,2026-04-28 12:26:02.777,2026042804003542
HDHPC,32,38,206,228.0,46968.0,2026-04-28 12:26:02.661,2026042804003541
HDHPC,32,38,207,228.0,47196.0,2026-04-28 12:26:02.651,2026042804003540
HDHPC,32,38,207,228.0,47196.0,2026-04-28 12:26:02.572,2026042804003539
HDHPC,32,38,155,228.0,35340.0,2026-04-28 12:26:02.478,2026042804003538
HDHPC,32,99,190,228.0,43320.0,2026-04-28 12:26:01.954,2026042804003537
HDHPC,32,99,206,228.0,46968.0,2026-04-28 12:26:01.942,2026042804003536
HDHPC,58,4,427,229.0,97783.0,2026-04-28 12:24:34.246,2026042804003491
HDHPC,58,89,73,229.0,16717.0,2026-04-28 12:24:34.245,2026042804003490
HDHPC,32,58,410,228.0,93480.0,2026-04-28 12:23:54.489,2026042804003450
HDHPC,32,36,100,228.0,22800.0,2026-04-28 12:23:52.394,2026042804003448
HDHPC,32,58,500,228.0,114000.0,2026-04-28 12:23:52.394,2026042804003447
HDHPC,32,54,18,228.0,4104.0,2026-04-28 12:23:52.393,2026042804003446
HDHPC,84,63,322,227.8,73351.6,2026-04-28 12:21:36.266,2026042804003362
HDHPC,64,63,78,227.8,17768.4,2026-04-28 12:21:24.417,2026042804003336
HDHPC,84,50,250,228.0,57000.0,2026-04-28 12:20:54.193,2026042804003304
HDHPC,84,58,20,228.0,4560.0,2026-04-28 12:20:54.193,2026042804003303
HDHPC,84,49,500,228.0,114000.0,2026-04-28 12:20:54.193,2026042804003302
HDHPC,84,48,265,228.0,60420.0,2026-04-28 12:20:54.193,2026042804003301
HDHPC,58,48,20,228.0,4560.0,2026-04-28 12:20:26.474,2026042804003263
HDHPC,64,38,151,227.8,34397.8,2026-04-28 12:19:24.969,2026042804003220
HDHPC,64,38,136,227.8,30980.800000000003,2026-04-28 12:19:24.564,2026042804003219
HDHPC,64,38,151,227.8,34397.8,2026-04-28 12:19:23.415,2026042804003218
HDHPC,64,38,140,227.8,31892.0,2026-04-28 12:19:23.132,2026042804003216
HDHPC,64,38,124,227.8,28247.2,2026-04-28 12:19:23.119,2026042804003215
HDHPC,49,48,38,228.0,8664.0,2026-04-28 12:18:41.833,2026042804003191
HDHPC,41,48,10,228.0,2280.0,2026-04-28 12:17:30.577,2026042804003149
HDHPC,58,48,10,228.0,2280.0,2026-04-28 12:15:47.417,2026042804003098
HDHPC,32,49,1300,227.7,296010.0,2026-04-28 12:14:43.218,2026042804003069
HDHPC,34,48,100,228.0,22800.0,2026-04-28 12:14:41.959,2026042804003068
HDHPC,32,45,3000,227.7,683100.0,2026-04-28 12:14:31.493,2026042804003065
HDHPC,32,49,1500,227.7,341550.0,2026-04-28 12:14:30.480,2026042804003063
HDHPC,32,4,300,227.7,68310.0,2026-04-28 12:14:10.553,2026042804003043
HDHPC,32,36,930,227.7,211761.0,2026-04-28 12:14:08.326,2026042804003042
HDHPC,26,58,766,227.3,174111.80000000002,2026-04-28 12:14:04.869,2026042804003041
HDHPC,52,58,34,227.3,7728.200000000001,2026-04-28 12:14:04.869,2026042804003040
HDHPC,38,58,200,227.6,45520.0,2026-04-28 12:14:04.868,2026042804003039
HDHPC,49,36,70,227.7,15939.0,2026-04-28 12:14:01.845,2026042804003038
HDHPC,32,36,25000,227.7,5692500.0,2026-04-28 12:13:32.769,2026042804003021
HDHPC,49,38,109,228.0,24852.0,2026-04-28 12:13:07.191,2026042804003004
HDHPC,49,38,116,228.0,26448.0,2026-04-28 12:13:06.967,2026042804003003
HDHPC,49,38,119,228.0,27132.0,2026-04-28 12:13:06.770,2026042804003002
HDHPC,49,38,121,228.0,27588.0,2026-04-28 12:13:06.666,2026042804003000
HDHPC,49,38,112,228.0,25536.0,2026-04-28 12:13:06.558,2026042804002999
HDHPC,49,38,123,228.0,28044.0,2026-04-28 12:13:06.537,2026042804002998
HDHPC,64,89,15,229.0,3435.0,2026-04-28 12:11:59.887,2026042804002971
HDHPC,64,42,25,229.0,5725.0,2026-04-28 12:11:59.887,2026042804002970
HDHPC,64,18,100,229.0,22900.0,2026-04-28 12:11:59.887,2026042804002969
HDHPC,64,42,30,229.0,6870.0,2026-04-28 12:11:59.887,2026042804002968
HDHPC,64,58,630,228.9,144207.0,2026-04-28 12:11:59.887,2026042804002967
HDHPC,64,58,200,228.9,45780.0,2026-04-28 12:11:59.887,2026042804002966
HDHPC,49,57,500,228.0,114000.0,2026-04-28 12:11:58.115,2026042804002962
HDHPC,49,13,300,228.0,68400.0,2026-04-28 12:11:27.013,2026042804002951
HDHPC,38,57,300,227.6,68280.0,2026-04-28 12:11:16.288,2026042804002941
HDHPC,52,38,110,227.3,25003.0,2026-04-28 12:11:04.618,2026042804002929
HDHPC,52,38,101,227.3,22957.300000000003,2026-04-28 12:11:03.487,2026042804002927
HDHPC,52,38,105,227.3,23866.5,2026-04-28 12:11:03.437,2026042804002926
HDHPC,52,38,103,227.3,23411.9,2026-04-28 12:11:03.414,2026042804002925
HDHPC,52,38,105,227.3,23866.5,2026-04-28 12:11:03.314,2026042804002924
HDHPC,52,99,97,227.3,22048.1,2026-04-28 12:11:02.730,2026042804002923
HDHPC,18,99,20,227.4,4548.0,2026-04-28 12:10:54.802,2026042804002911
HDHPC,84,99,90,227.4,20466.0,2026-04-28 12:10:54.802,2026042804002910
HDHPC,36,99,11,227.5,2502.5,2026-04-28 12:10:54.801,2026042804002909
HDHPC,84,38,86,227.4,19556.4,2026-04-28 12:07:33.504,2026042804002798
HDHPC,84,38,85,227.4,19329.0,2026-04-28 12:07:33.345,2026042804002797
HDHPC,84,38,86,227.4,19556.4,2026-04-28 12:07:33.148,2026042804002796
HDHPC,84,38,97,227.4,22057.8,2026-04-28 12:07:33.113,2026042804002795
HDHPC,84,38,81,227.4,18419.4,2026-04-28 12:07:33.110,2026042804002794
HDHPC,84,38,83,227.4,18874.2,2026-04-28 12:07:33.088,2026042804002793
HDHPC,84,99,72,227.4,16372.8,2026-04-28 12:07:32.179,2026042804002792
HDHPC,42,99,10,227.5,2275.0,2026-04-28 12:07:32.179,2026042804002791
HDHPC,58,99,10,227.5,2275.0,2026-04-28 12:07:32.179,2026042804002790
HDHPC,84,38,200,228.0,45600.0,2026-04-28 12:06:26.357,2026042804002749
HDHPC,84,58,10,228.0,2280.0,2026-04-28 12:06:26.357,2026042804002748
HDHPC,84,49,32,228.0,7296.0,2026-04-28 12:06:26.357,2026042804002747
HDHPC,52,44,10,227.3,2273.0,2026-04-28 12:06:11.711,2026042804002727
HDHPC,52,48,335,227.3,76145.5,2026-04-28 12:05:22.359,2026042804002709
HDHPC,18,48,50,227.3,11365.0,2026-04-28 12:05:22.359,2026042804002708
HDHPC,62,48,15,227.5,3412.5,2026-04-28 12:05:22.358,2026042804002707
HDHPC,84,42,78,227.1,17713.8,2026-04-28 12:03:48.113,2026042804002660
HDHPC,81,42,33,227.1,7494.3,2026-04-28 12:02:39.569,2026042804002625
HDHPC,58,99,200,227.5,45500.0,2026-04-28 12:02:05.084,2026042804002585
HDHPC,81,58,55,227.1,12490.5,2026-04-28 12:01:33.838,2026042804002566
HDHPC,81,38,60,227.1,13626.0,2026-04-28 12:01:20.800,2026042804002557
HDHPC,81,38,60,227.1,13626.0,2026-04-28 12:01:18.829,2026042804002555
HDHPC,81,38,70,227.1,15897.0,2026-04-28 12:01:18.817,2026042804002554
HDHPC,81,38,72,227.1,16351.2,2026-04-28 12:01:18.661,2026042804002553
HDHPC,81,38,59,227.1,13398.9,2026-04-28 12:01:18.145,2026042804002552
HDHPC,81,38,72,227.1,16351.2,2026-04-28 12:01:18.106,2026042804002551
HDHPC,81,38,61,227.1,13853.1,2026-04-28 12:01:18.049,2026042804002550
HDHPC,81,38,78,227.1,17713.8,2026-04-28 12:01:18.046,2026042804002549
HDHPC,81,38,64,227.1,14534.4,2026-04-28 12:01:18.030,2026042804002548
HDHPC,81,38,58,227.1,13171.8,2026-04-28 12:01:17.990,2026042804002547
HDHPC,81,38,65,227.1,14761.5,2026-04-28 12:01:17.941,2026042804002546
HDHPC,81,38,69,227.1,15669.9,2026-04-28 12:01:17.937,2026042804002545
HDHPC,81,38,60,227.1,13626.0,2026-04-28 12:01:17.879,2026042804002544
HDHPC,81,38,60,227.1,13626.0,2026-04-28 12:01:17.807,2026042804002543
HDHPC,81,38,67,227.1,15215.7,2026-04-28 12:01:17.719,2026042804002542
HDHPC,81,38,58,227.1,13171.8,2026-04-28 12:01:17.673,2026042804002541
HDHPC,81,38,69,227.1,15669.9,2026-04-28 12:01:17.651,2026042804002540
HDHPC,81,38,77,227.1,17486.7,2026-04-28 12:01:17.644,2026042804002539
HDHPC,81,38,75,227.1,17032.5,2026-04-28 12:01:17.552,2026042804002538
HDHPC,81,38,74,227.1,16805.399999999998,2026-04-28 12:01:17.530,2026042804002537
HDHPC,81,38,69,227.1,15669.9,2026-04-28 12:01:17.524,2026042804002536
HDHPC,81,38,69,227.1,15669.9,2026-04-28 12:01:17.455,2026042804002535
HDHPC,81,38,63,227.1,14307.3,2026-04-28 12:01:17.289,2026042804002534
HDHPC,81,38,61,227.1,13853.1,2026-04-28 12:01:17.285,2026042804002533
HDHPC,81,38,68,227.1,15442.8,2026-04-28 12:01:16.892,2026042804002532
HDHPC,81,99,59,227.1,13398.9,2026-04-28 12:01:16.838,2026042804002531
HDHPC,81,99,77,227.1,17486.7,2026-04-28 12:01:16.802,2026042804002530
HDHPC,81,38,60,227.1,13626.0,2026-04-28 12:01:16.770,2026042804002529
HDHPC,81,38,58,227.1,13171.8,2026-04-28 12:01:16.629,2026042804002528
HDHPC,58,99,250,227.2,56800.0,2026-04-28 12:01:07.742,2026042804002522
HDHPC,42,49,218,228.0,49704.0,2026-04-28 12:00:32.180,2026042804002492
HDHPC,63,49,300,228.0,68400.0,2026-04-28 11:58:10.682,2026042804002433
HDHPC,74,35,10,227.0,2270.0,2026-04-28 11:57:35.295,2026042804002391
HDHPC,74,38,57,227.0,12939.0,2026-04-28 11:57:19.195,2026042804002378
HDHPC,74,38,58,227.0,13166.0,2026-04-28 11:57:19.150,2026042804002377
HDHPC,74,38,58,227.0,13166.0,2026-04-28 11:57:17.807,2026042804002375
HDHPC,74,38,58,227.0,13166.0,2026-04-28 11:57:17.755,2026042804002374
HDHPC,74,99,57,227.0,12939.0,2026-04-28 11:57:17.382,2026042804002373
HDHPC,63,49,500,228.0,114000.0,2026-04-28 11:57:15.666,2026042804002372
HDHPC,65,57,30,227.0,6810.0,2026-04-28 11:56:42.622,2026042804002351
HDHPC,39,62,310,226.5,70215.0,2026-04-28 11:53:53.953,2026042804002203
HDHPC,18,62,2000,226.6,453200.0,2026-04-28 11:53:53.953,2026042804002202
HDHPC,8,62,1000,227.0,227000.0,2026-04-28 11:53:37.207,2026042804002174
HDHPC,41,62,10,227.0,2270.0,2026-04-28 11:53:35.863,2026042804002173
HDHPC,34,62,1000,227.0,227000.0,2026-04-28 11:53:19.947,2026042804002164
HDHPC,58,62,20,227.0,4540.0,2026-04-28 11:53:19.947,2026042804002163
HDHPC,38,62,50,227.0,11350.0,2026-04-28 11:53:19.947,2026042804002162
HDHPC,5,62,200,227.0,45400.0,2026-04-28 11:53:19.947,2026042804002161
HDHPC,52,62,100,227.0,22700.0,2026-04-28 11:53:19.947,2026042804002160
HDHPC,48,62,200,227.0,45400.0,2026-04-28 11:53:19.947,2026042804002159
HDHPC,57,62,300,227.0,68100.0,2026-04-28 11:53:19.946,2026042804002158
HDHPC,62,62,200,227.0,45400.0,2026-04-28 11:53:19.946,2026042804002157
HDHPC,19,62,400,227.0,90800.0,2026-04-28 11:53:19.946,2026042804002156
HDHPC,48,62,500,227.1,113550.0,2026-04-28 11:53:19.945,2026042804002155
HDHPC,17,62,500,227.2,113600.0,2026-04-28 11:53:19.945,2026042804002154
HDHPC,18,62,1190,227.4,270606.0,2026-04-28 11:53:19.945,2026042804002153
HDHPC,17,62,400,227.7,91080.0,2026-04-28 11:53:19.944,2026042804002152
HDHPC,45,62,100,227.8,22780.0,2026-04-28 11:53:19.944,2026042804002151
HDHPC,17,17,100,227.7,22770.0,2026-04-28 11:52:39.142,2026042804002125
HDHPC,61,17,10,228.0,2280.0,2026-04-28 11:52:39.142,2026042804002124
HDHPC,58,17,42,228.0,9576.0,2026-04-28 11:52:39.142,2026042804002123
HDHPC,58,17,92,228.0,20976.0,2026-04-28 11:52:39.142,2026042804002122
HDHPC,58,17,100,228.0,22800.0,2026-04-28 11:52:39.142,2026042804002121
HDHPC,58,17,54,228.0,12312.0,2026-04-28 11:52:39.142,2026042804002120
HDHPC,57,17,50,228.0,11400.0,2026-04-28 11:52:39.142,2026042804002119
HDHPC,57,17,100,228.0,22800.0,2026-04-28 11:52:39.142,2026042804002118
HDHPC,48,17,452,228.1,103101.2,2026-04-28 11:52:39.142,2026042804002117
HDHPC,48,38,56,228.1,12773.6,2026-04-28 11:52:07.581,2026042804002076
HDHPC,48,38,50,228.1,11405.0,2026-04-28 11:52:05.852,2026042804002075
HDHPC,48,38,57,228.1,13001.7,2026-04-28 11:52:05.698,2026042804002074
HDHPC,48,38,54,228.1,12317.4,2026-04-28 11:52:05.688,2026042804002073
HDHPC,48,38,56,228.1,12773.6,2026-04-28 11:52:05.619,2026042804002072
HDHPC,48,58,275,228.1,62727.5,2026-04-28 11:49:14.991,2026042804001924
HDHPC,57,58,20,228.0,4560.0,2026-04-28 11:47:59.239,2026042804001871
HDHPC,58,42,20,229.0,4580.0,2026-04-28 11:47:42.162,2026042804001852
HDHPC,16,19,2000,228.0,456000.0,2026-04-28 11:45:28.604,2026042804001735
HDHPC,45,62,250,228.2,57050.0,2026-04-28 11:45:23.442,2026042804001731
HDHPC,58,19,20,229.9,4598.0,2026-04-28 11:45:17.129,2026042804001730
HDHPC,81,4,100,228.1,22810.0,2026-04-28 11:42:34.234,2026042804001555
HDHPC,58,62,20,228.2,4564.0,2026-04-28 11:41:39.891,2026042804001517
HDHPC,81,34,122,228.1,27828.2,2026-04-28 11:37:46.167,2026042804001350
HDHPC,81,77,75,228.1,17107.5,2026-04-28 11:36:36.947,2026042804001314
HDHPC,49,77,925,228.2,211085.0,2026-04-28 11:36:36.947,2026042804001313
HDHPC,35,17,22,230.0,5060.0,2026-04-28 11:35:47.291,2026042804001279
HDHPC,58,17,30,230.0,6900.0,2026-04-28 11:33:14.182,2026042804001188
HDHPC,58,17,10,230.0,2300.0,2026-04-28 11:32:50.847,2026042804001163
HDHPC,58,17,100,230.0,23000.0,2026-04-28 11:32:28.793,2026042804001146
HDHPC,58,17,240,230.0,55200.0,2026-04-28 11:31:33.998,2026042804001103
HDHPC,58,58,100,230.0,23000.0,2026-04-28 11:31:33.997,2026042804001102
HDHPC,58,77,10,230.0,2300.0,2026-04-28 11:31:33.997,2026042804001101
HDHPC,58,58,10,230.0,2300.0,2026-04-28 11:31:33.997,2026042804001100
HDHPC,58,58,40,229.8,9192.0,2026-04-28 11:31:33.997,2026042804001099
HDHPC,58,14,100,228.9,22890.0,2026-04-28 11:31:33.997,2026042804001098
HDHPC,49,58,200,229.0,45800.0,2026-04-28 11:31:13.922,2026042804001083
HDHPC,49,58,4400,229.0,1007600.0,2026-04-28 11:31:13.922,2026042804001082
HDHPC,18,58,10,227.4,2274.0,2026-04-28 11:29:47.049,2026042804001021
HDHPC,36,58,400,229.0,91600.0,2026-04-28 11:29:24.731,2026042804001008
HDHPC,58,58,200,229.0,45800.0,2026-04-28 11:27:45.168,2026042804000957
HDHPC,58,77,342,227.0,77634.0,2026-04-28 11:26:45.024,2026042804000936
HDHPC,45,77,50,227.0,11350.0,2026-04-28 11:26:45.024,2026042804000935
HDHPC,7,77,100,227.0,22700.0,2026-04-28 11:26:45.024,2026042804000934
HDHPC,45,77,300,227.0,68100.0,2026-04-28 11:26:45.024,2026042804000933
HDHPC,58,77,50,227.1,11355.0,2026-04-28 11:26:45.024,2026042804000932
HDHPC,22,77,50,227.1,11355.0,2026-04-28 11:26:45.024,2026042804000931
HDHPC,58,77,108,228.0,24624.0,2026-04-28 11:26:45.024,2026042804000930
HDHPC,58,77,331,228.0,75468.0,2026-04-28 11:26:31.962,2026042804000920
HDHPC,57,77,200,228.0,45600.0,2026-04-28 11:26:31.962,2026042804000919
HDHPC,32,77,500,228.0,114000.0,2026-04-28 11:26:31.962,2026042804000918
HDHPC,49,77,569,228.0,129732.0,2026-04-28 11:26:31.962,2026042804000917
HDHPC,49,77,1431,228.0,326268.0,2026-04-28 11:26:12.968,2026042804000909
HDHPC,57,77,69,228.0,15732.0,2026-04-28 11:26:12.968,2026042804000908
HDHPC,57,4,31,228.0,7068.0,2026-04-28 11:25:50.304,2026042804000900
HDHPC,88,4,1000,228.0,228000.0,2026-04-28 11:25:50.304,2026042804000899
HDHPC,90,4,50,228.0,11400.0,2026-04-28 11:25:50.304,2026042804000898
HDHPC,49,4,1000,228.0,228000.0,2026-04-28 11:25:50.304,2026042804000897
HDHPC,60,4,6500,228.1,1482650.0,2026-04-28 11:25:50.304,2026042804000896
HDHPC,45,4,500,228.2,114100.0,2026-04-28 11:25:50.304,2026042804000895
HDHPC,18,4,100,228.3,22830.0,2026-04-28 11:25:50.303,2026042804000894
HDHPC,48,4,771,228.3,176019.30000000002,2026-04-28 11:25:50.303,2026042804000893
HDHPC,58,4,48,228.4,10963.2,2026-04-28 11:25:50.303,2026042804000892
HDHPC,48,77,229,228.3,52280.7,2026-04-28 11:22:55.798,2026042804000783
HDHPC,58,77,10,228.5,2285.0,2026-04-28 11:22:55.798,2026042804000782
HDHPC,41,77,655,229.0,149995.0,2026-04-28 11:22:55.798,2026042804000781
HDHPC,58,77,606,229.0,138774.0,2026-04-28 11:22:55.798,2026042804000780
HDHPC,58,58,10,229.8,2298.0,2026-04-28 11:22:30.472,2026042804000749
HDHPC,58,77,264,229.0,60456.0,2026-04-28 11:22:27.977,2026042804000748
HDHPC,42,77,236,229.0,54044.0,2026-04-28 11:22:27.977,2026042804000747
HDHPC,48,77,500,229.1,114550.0,2026-04-28 11:22:11.525,2026042804000738
HDHPC,58,6,42,229.8,9651.6,2026-04-28 11:21:25.053,2026042804000711
HDHPC,42,58,164,229.0,37556.0,2026-04-28 11:18:58.112,2026042804000633
HDHPC,45,6,50,229.8,11490.0,2026-04-28 11:18:44.356,2026042804000616
HDHPC,42,58,100,229.0,22900.0,2026-04-28 11:17:33.927,2026042804000567
HDHPC,65,6,108,229.8,24818.4,2026-04-28 11:16:46.668,2026042804000531
HDHPC,58,58,17,230.0,3910.0,2026-04-28 11:16:26.787,2026042804000520
HDHPC,45,58,100,230.0,23000.0,2026-04-28 11:15:28.116,2026042804000486
HDHPC,42,58,20,230.0,4600.0,2026-04-28 11:15:28.116,2026042804000485
HDHPC,38,44,690,232.0,160080.0,2026-04-28 11:14:08.191,2026042804000427
HDHPC,38,45,50,232.0,11600.0,2026-04-28 11:13:53.671,2026042804000411
HDHPC,38,92,100,232.0,23200.0,2026-04-28 11:13:49.077,2026042804000406
HDHPC,38,39,500,232.0,116000.0,2026-04-28 11:13:43.958,2026042804000404
HDHPC,38,35,3000,232.0,696000.0,2026-04-28 11:13:39.348,2026042804000401
HDHPC,38,4,100,232.0,23200.0,2026-04-28 11:13:21.070,2026042804000388
HDHPC,38,5,560,232.0,129920.0,2026-04-28 11:13:21.070,2026042804000387
HDHPC,38,5,4440,232.0,1030080.0,2026-04-28 11:12:59.047,2026042804000369
HDHPC,38,45,2000,231.9,463800.0,2026-04-28 11:12:59.047,2026042804000368
HDHPC,4,19,368,233.3,85854.40000000001,2026-04-28 11:05:18.228,2026042804000133
HDHPC,4,19,50,233.0,11650.0,2026-04-28 11:05:18.228,2026042804000132
HDHPC,4,62,300,232.0,69600.0,2026-04-28 11:05:18.228,2026042804000131
HDHPC,4,62,282,230.0,64860.0,2026-04-28 11:05:18.228,2026042804000130
HDHPC,14,62,18,230.0,4140.0,2026-04-28 11:04:34.601,2026042804000122
