Symbol,buyerMemberId,sellerMemberId,volume,rate,amount,transaction_time,Contract ID
KBL,57,38,50,221.0,11050.0,"2026-04-28, 2:59:59:680 PM",2026042801111043
KBL,32,38,61,221.0,13481.0,"2026-04-28, 2:59:58:026 PM",2026042801110989
KBL,32,64,39,221.0,8619.0,"2026-04-28, 2:59:58:024 PM",2026042801110988
KBL,49,64,10,221.0,2210.0,"2026-04-28, 2:59:54:534 PM",2026042801110718
KBL,49,64,10,221.0,2210.0,"2026-04-28, 2:59:52:262 PM",2026042801110658
KBL,57,64,41,221.0,9061.0,"2026-04-28, 2:59:49:649 PM",2026042801110542
KBL,57,34,59,221.0,13039.0,"2026-04-28, 2:59:49:647 PM",2026042801110541
KBL,22,59,1000,220.5,220500.0,"2026-04-28, 2:59:38:173 PM",2026042801110280
KBL,57,16,100,220.8,22080.0,"2026-04-28, 2:59:31:239 PM",2026042801110137
KBL,22,34,10,221.0,2210.0,"2026-04-28, 2:59:21:590 PM",2026042801109810
KBL,58,74,1000,220.8,220800.0,"2026-04-28, 2:59:12:834 PM",2026042801109573
KBL,58,58,50,220.0,11000.0,"2026-04-28, 2:59:12:833 PM",2026042801109572
KBL,58,21,661,220.0,145420.0,"2026-04-28, 2:59:12:831 PM",2026042801109571
KBL,92,21,450,220.0,99000.0,"2026-04-28, 2:59:10:568 PM",2026042801109538
KBL,49,21,250,220.0,55000.0,"2026-04-28, 2:59:09:071 PM",2026042801109499
KBL,45,21,1639,220.0,360580.0,"2026-04-28, 2:59:09:070 PM",2026042801109498
KBL,45,42,361,220.0,79420.0,"2026-04-28, 2:59:08:563 PM",2026042801109492
KBL,19,42,45,220.0,9900.0,"2026-04-28, 2:59:08:561 PM",2026042801109491
KBL,38,42,40,220.0,8800.0,"2026-04-28, 2:59:08:560 PM",2026042801109490
KBL,8,42,54,220.2,11890.8,"2026-04-28, 2:59:08:558 PM",2026042801109489
KBL,58,6,4,220.0,880.0,"2026-04-28, 2:58:50:654 PM",2026042801109197
KBL,58,48,76,220.0,16720.0,"2026-04-28, 2:58:50:654 PM",2026042801109196
KBL,58,48,15,220.0,3300.0,"2026-04-28, 2:58:50:653 PM",2026042801109195
KBL,51,48,1000,220.0,220000.0,"2026-04-28, 2:58:50:652 PM",2026042801109194
KBL,13,48,100,220.0,22000.0,"2026-04-28, 2:58:50:651 PM",2026042801109193
KBL,19,48,2000,220.0,440000.0,"2026-04-28, 2:58:50:650 PM",2026042801109192
KBL,43,48,189,220.0,41580.0,"2026-04-28, 2:58:50:648 PM",2026042801109191
KBL,16,48,1000,220.1,220100.0,"2026-04-28, 2:58:50:647 PM",2026042801109190
KBL,57,48,500,220.1,110050.0,"2026-04-28, 2:58:50:645 PM",2026042801109189
KBL,36,48,110,220.5,24255.0,"2026-04-28, 2:58:50:644 PM",2026042801109188
KBL,89,94,92,220.8,20313.6,"2026-04-28, 2:58:40:094 PM",2026042801109042
KBL,57,94,80,220.8,17664.0,"2026-04-28, 2:58:22:107 PM",2026042801108805
KBL,14,94,28,220.8,6182.400000000001,"2026-04-28, 2:58:08:583 PM",2026042801108619
KBL,43,7,100,220.0,22000.0,"2026-04-28, 2:56:56:907 PM",2026042801107597
KBL,43,45,10,220.0,2200.0,"2026-04-28, 2:56:55:153 PM",2026042801107571
KBL,43,14,201,220.0,44220.0,"2026-04-28, 2:56:43:633 PM",2026042801107437
KBL,8,34,131,221.0,28951.0,"2026-04-28, 2:56:17:190 PM",2026042801107095
KBL,8,17,500,220.0,110000.0,"2026-04-28, 2:56:17:190 PM",2026042801107094
KBL,8,52,11,220.0,2420.0,"2026-04-28, 2:56:17:190 PM",2026042801107093
KBL,8,64,100,220.0,22000.0,"2026-04-28, 2:56:17:190 PM",2026042801107092
KBL,8,49,40,220.0,8800.0,"2026-04-28, 2:56:17:190 PM",2026042801107091
KBL,8,58,3000,220.0,660000.0,"2026-04-28, 2:56:17:190 PM",2026042801107090
KBL,8,58,2000,220.0,440000.0,"2026-04-28, 2:56:17:190 PM",2026042801107089
KBL,8,58,550,220.0,121000.0,"2026-04-28, 2:56:17:190 PM",2026042801107088
KBL,8,45,140,219.9,30786.0,"2026-04-28, 2:56:17:190 PM",2026042801107087
KBL,8,21,771,219.7,169388.69999999998,"2026-04-28, 2:56:17:190 PM",2026042801107086
KBL,8,49,757,219.6,166237.19999999998,"2026-04-28, 2:56:17:190 PM",2026042801107085
KBL,34,49,200,219.6,43920.0,"2026-04-28, 2:56:09:729 PM",2026042801106974
KBL,58,49,43,219.6,9442.8,"2026-04-28, 2:56:07:436 PM",2026042801106951
KBL,39,95,120,219.0,26280.0,"2026-04-28, 2:55:27:224 PM",2026042801106418
KBL,39,22,289,219.0,63291.0,"2026-04-28, 2:55:13:095 PM",2026042801106270
KBL,39,21,452,219.0,98988.0,"2026-04-28, 2:55:13:095 PM",2026042801106269
KBL,39,50,177,219.0,38763.0,"2026-04-28, 2:55:13:094 PM",2026042801106268
KBL,39,50,200,219.0,43800.0,"2026-04-28, 2:55:07:961 PM",2026042801106176
KBL,29,50,123,219.0,26937.0,"2026-04-28, 2:54:53:013 PM",2026042801106059
KBL,29,49,20,219.0,4380.0,"2026-04-28, 2:54:53:012 PM",2026042801106058
KBL,29,13,357,219.0,78183.0,"2026-04-28, 2:54:53:011 PM",2026042801106057
KBL,49,13,40,219.0,8760.0,"2026-04-28, 2:54:43:955 PM",2026042801105945
KBL,50,13,10,219.0,2190.0,"2026-04-28, 2:54:13:565 PM",2026042801105658
KBL,50,45,20,218.7,4374.0,"2026-04-28, 2:54:13:563 PM",2026042801105657
KBL,59,45,10,218.7,2187.0,"2026-04-28, 2:53:59:125 PM",2026042801105483
KBL,3,58,59,218.5,12891.5,"2026-04-28, 2:53:48:577 PM",2026042801105352
KBL,38,58,15,218.5,3277.5,"2026-04-28, 2:53:47:897 PM",2026042801105345
KBL,14,58,200,218.5,43700.0,"2026-04-28, 2:53:47:897 PM",2026042801105344
KBL,8,58,51,218.5,11143.5,"2026-04-28, 2:53:47:896 PM",2026042801105343
KBL,57,58,75,218.6,16395.0,"2026-04-28, 2:53:47:895 PM",2026042801105342
KBL,57,58,25,218.6,5465.0,"2026-04-28, 2:53:40:589 PM",2026042801105262
KBL,36,13,93,219.0,20367.0,"2026-04-28, 2:52:24:506 PM",2026042801104449
KBL,36,1,500,219.0,109500.0,"2026-04-28, 2:52:24:506 PM",2026042801104448
KBL,36,85,907,219.0,198633.0,"2026-04-28, 2:52:24:505 PM",2026042801104447
KBL,42,85,100,219.0,21900.0,"2026-04-28, 2:52:18:013 PM",2026042801104323
KBL,32,58,100,218.3,21830.0,"2026-04-28, 2:51:47:930 PM",2026042801103982
KBL,16,96,290,218.0,63220.0,"2026-04-28, 2:51:25:292 PM",2026042801103748
KBL,58,96,10,218.0,2180.0,"2026-04-28, 2:51:25:292 PM",2026042801103747
KBL,39,96,200,218.0,43600.0,"2026-04-28, 2:51:25:292 PM",2026042801103746
KBL,14,96,94,218.0,20492.0,"2026-04-28, 2:51:25:292 PM",2026042801103745
KBL,50,96,400,218.0,87200.0,"2026-04-28, 2:51:25:292 PM",2026042801103744
KBL,58,96,300,218.0,65400.0,"2026-04-28, 2:51:25:292 PM",2026042801103743
KBL,58,96,365,218.0,79570.0,"2026-04-28, 2:51:25:292 PM",2026042801103742
KBL,42,96,1375,218.0,299750.0,"2026-04-28, 2:51:25:292 PM",2026042801103741
KBL,51,96,1000,218.0,218000.0,"2026-04-28, 2:51:25:292 PM",2026042801103740
KBL,57,96,1000,218.0,218000.0,"2026-04-28, 2:51:25:292 PM",2026042801103739
KBL,26,96,50,218.0,10900.0,"2026-04-28, 2:51:25:292 PM",2026042801103738
KBL,14,96,40,218.0,8720.0,"2026-04-28, 2:51:25:292 PM",2026042801103737
KBL,62,96,274,218.0,59732.0,"2026-04-28, 2:51:25:291 PM",2026042801103736
KBL,21,96,30,218.0,6540.0,"2026-04-28, 2:51:25:291 PM",2026042801103735
KBL,38,96,72,218.0,15696.0,"2026-04-28, 2:51:25:291 PM",2026042801103734
KBL,34,96,500,218.1,109050.0,"2026-04-28, 2:51:25:291 PM",2026042801103733
KBL,88,96,500,218.1,109050.0,"2026-04-28, 2:51:25:291 PM",2026042801103732
KBL,38,96,500,218.2,109100.0,"2026-04-28, 2:51:25:291 PM",2026042801103731
KBL,45,85,174,219.0,38106.0,"2026-04-28, 2:51:20:164 PM",2026042801103689
KBL,45,1,76,218.9,16636.4,"2026-04-28, 2:51:20:163 PM",2026042801103688
KBL,16,1,10,218.9,2189.0,"2026-04-28, 2:51:18:056 PM",2026042801103676
KBL,3,1,64,218.9,14009.6,"2026-04-28, 2:50:46:697 PM",2026042801103373
KBL,38,13,18,218.0,3924.0,"2026-04-28, 2:49:50:715 PM",2026042801102848
KBL,32,13,200,218.0,43600.0,"2026-04-28, 2:49:50:714 PM",2026042801102847
KBL,58,13,100,218.0,21800.0,"2026-04-28, 2:49:50:712 PM",2026042801102846
KBL,57,13,182,218.0,39676.0,"2026-04-28, 2:49:50:711 PM",2026042801102845
KBL,87,42,4,216.9,867.6,"2026-04-28, 2:48:42:368 PM",2026042801102362
KBL,57,19,318,218.0,69324.0,"2026-04-28, 2:48:34:729 PM",2026042801102289
KBL,50,19,182,218.0,39676.0,"2026-04-28, 2:48:32:980 PM",2026042801102260
KBL,50,58,318,218.0,69324.0,"2026-04-28, 2:48:32:979 PM",2026042801102259
KBL,41,58,300,218.0,65400.0,"2026-04-28, 2:48:32:809 PM",2026042801102257
KBL,17,58,2000,218.0,436000.0,"2026-04-28, 2:48:29:873 PM",2026042801102231
KBL,38,58,40,218.0,8720.0,"2026-04-28, 2:48:07:363 PM",2026042801102030
KBL,14,58,50,218.0,10900.0,"2026-04-28, 2:48:05:943 PM",2026042801102018
KBL,36,58,2244,218.0,489192.0,"2026-04-28, 2:47:55:249 PM",2026042801101914
KBL,57,58,450,218.0,98100.0,"2026-04-28, 2:47:47:792 PM",2026042801101866
KBL,17,58,2000,218.0,436000.0,"2026-04-28, 2:47:17:423 PM",2026042801101619
KBL,57,58,200,218.0,43600.0,"2026-04-28, 2:47:17:159 PM",2026042801101616
KBL,57,42,200,217.9,43580.0,"2026-04-28, 2:47:17:158 PM",2026042801101615
KBL,41,58,15,218.0,3270.0,"2026-04-28, 2:46:58:627 PM",2026042801101403
KBL,11,58,500,218.0,109000.0,"2026-04-28, 2:46:50:425 PM",2026042801101332
KBL,45,58,200,218.0,43600.0,"2026-04-28, 2:46:49:481 PM",2026042801101313
KBL,50,58,100,218.0,21800.0,"2026-04-28, 2:46:34:810 PM",2026042801101194
KBL,58,58,1200,218.0,261600.0,"2026-04-28, 2:46:32:578 PM",2026042801101176
KBL,1,58,300,218.0,65400.0,"2026-04-28, 2:46:21:268 PM",2026042801101064
KBL,36,29,506,217.6,110105.6,"2026-04-28, 2:46:19:909 PM",2026042801101040
KBL,42,29,39,217.6,8486.4,"2026-04-28, 2:46:19:909 PM",2026042801101039
KBL,58,29,455,217.9,99144.5,"2026-04-28, 2:46:19:908 PM",2026042801101038
KBL,1,58,300,218.0,65400.0,"2026-04-28, 2:46:05:208 PM",2026042801100938
KBL,32,58,500,218.0,109000.0,"2026-04-28, 2:45:49:774 PM",2026042801100782
KBL,13,58,200,218.0,43600.0,"2026-04-28, 2:45:44:673 PM",2026042801100744
KBL,42,58,800,218.0,174400.0,"2026-04-28, 2:45:37:693 PM",2026042801100675
KBL,32,58,500,218.0,109000.0,"2026-04-28, 2:45:30:341 PM",2026042801100596
KBL,42,43,111,217.6,24153.6,"2026-04-28, 2:45:24:395 PM",2026042801100545
KBL,46,43,62,217.6,13491.2,"2026-04-28, 2:45:00:195 PM",2026042801100267
KBL,25,43,917,217.6,199539.2,"2026-04-28, 2:44:38:623 PM",2026042801100133
KBL,25,11,83,217.6,18060.8,"2026-04-28, 2:44:19:327 PM",2026042801099946
KBL,80,42,145,217.3,31508.5,"2026-04-28, 2:44:16:127 PM",2026042801099858
KBL,80,42,400,217.3,86920.0,"2026-04-28, 2:44:16:126 PM",2026042801099857
KBL,42,42,500,217.3,108650.0,"2026-04-28, 2:44:16:124 PM",2026042801099856
KBL,26,42,20,217.3,4346.0,"2026-04-28, 2:44:16:123 PM",2026042801099855
KBL,36,42,175,217.3,38027.5,"2026-04-28, 2:44:16:122 PM",2026042801099854
KBL,58,42,20,217.5,4350.0,"2026-04-28, 2:44:16:121 PM",2026042801099853
KBL,42,42,60,217.5,13050.0,"2026-04-28, 2:44:16:120 PM",2026042801099852
KBL,80,42,400,217.5,87000.0,"2026-04-28, 2:44:16:119 PM",2026042801099851
KBL,42,11,917,217.6,199539.2,"2026-04-28, 2:44:05:378 PM",2026042801099792
KBL,16,58,50,218.0,10900.0,"2026-04-28, 2:44:01:369 PM",2026042801099753
KBL,45,58,200,218.0,43600.0,"2026-04-28, 2:43:59:856 PM",2026042801099745
KBL,34,58,210,218.0,45780.0,"2026-04-28, 2:43:56:583 PM",2026042801099723
KBL,43,58,200,218.0,43600.0,"2026-04-28, 2:43:36:169 PM",2026042801099426
KBL,71,58,5000,218.0,1090000.0,"2026-04-28, 2:43:34:309 PM",2026042801099408
KBL,80,45,200,217.5,43500.0,"2026-04-28, 2:43:33:563 PM",2026042801099404
KBL,80,45,400,217.5,87000.0,"2026-04-28, 2:43:33:563 PM",2026042801099403
KBL,33,45,1000,217.5,217500.0,"2026-04-28, 2:43:33:563 PM",2026042801099402
KBL,80,45,400,217.7,87080.0,"2026-04-28, 2:43:33:563 PM",2026042801099401
KBL,14,45,1000,217.9,217900.0,"2026-04-28, 2:43:33:563 PM",2026042801099400
KBL,53,58,100,218.0,21800.0,"2026-04-28, 2:43:27:200 PM",2026042801099288
KBL,17,58,380,218.0,82840.0,"2026-04-28, 2:43:19:820 PM",2026042801099193
KBL,19,58,999,218.0,217782.0,"2026-04-28, 2:43:19:819 PM",2026042801099192
KBL,88,58,500,218.0,109000.0,"2026-04-28, 2:43:19:819 PM",2026042801099191
KBL,42,58,50,218.0,10900.0,"2026-04-28, 2:43:19:819 PM",2026042801099190
KBL,58,58,165,218.0,35970.0,"2026-04-28, 2:43:19:818 PM",2026042801099189
KBL,42,58,100,218.0,21800.0,"2026-04-28, 2:43:19:818 PM",2026042801099188
KBL,25,58,200,218.0,43600.0,"2026-04-28, 2:43:19:818 PM",2026042801099187
KBL,14,58,1000,218.0,218000.0,"2026-04-28, 2:43:19:817 PM",2026042801099186
KBL,13,58,1000,218.0,218000.0,"2026-04-28, 2:43:19:817 PM",2026042801099185
KBL,34,58,10,218.0,2180.0,"2026-04-28, 2:43:19:816 PM",2026042801099184
KBL,42,58,1000,218.0,218000.0,"2026-04-28, 2:43:19:816 PM",2026042801099183
KBL,49,58,500,218.0,109000.0,"2026-04-28, 2:43:19:816 PM",2026042801099182
KBL,45,58,40,218.0,8720.0,"2026-04-28, 2:43:19:815 PM",2026042801099181
KBL,52,58,10000,218.0,2180000.0,"2026-04-28, 2:43:19:815 PM",2026042801099180
KBL,47,58,10,218.0,2180.0,"2026-04-28, 2:43:19:815 PM",2026042801099179
KBL,90,58,500,218.0,109000.0,"2026-04-28, 2:43:19:814 PM",2026042801099178
KBL,11,58,25,218.0,5450.0,"2026-04-28, 2:43:19:814 PM",2026042801099177
KBL,35,58,458,218.0,99844.0,"2026-04-28, 2:43:19:814 PM",2026042801099176
KBL,58,58,60,218.0,13080.0,"2026-04-28, 2:43:19:813 PM",2026042801099175
KBL,80,58,600,218.0,130800.0,"2026-04-28, 2:43:19:813 PM",2026042801099174
KBL,28,58,300,218.0,65400.0,"2026-04-28, 2:43:19:812 PM",2026042801099173
KBL,10,58,200,218.0,43600.0,"2026-04-28, 2:43:19:812 PM",2026042801099172
KBL,1,58,100,218.0,21800.0,"2026-04-28, 2:43:19:812 PM",2026042801099171
KBL,58,58,440,218.0,95920.0,"2026-04-28, 2:43:19:811 PM",2026042801099170
KBL,52,58,300,218.0,65400.0,"2026-04-28, 2:43:19:811 PM",2026042801099169
KBL,57,58,50,218.0,10900.0,"2026-04-28, 2:43:19:811 PM",2026042801099168
KBL,39,58,300,218.0,65400.0,"2026-04-28, 2:43:19:810 PM",2026042801099167
KBL,11,58,100,218.0,21800.0,"2026-04-28, 2:43:19:810 PM",2026042801099166
KBL,7,58,100,218.0,21800.0,"2026-04-28, 2:43:19:809 PM",2026042801099165
KBL,45,58,450,218.0,98100.0,"2026-04-28, 2:43:19:809 PM",2026042801099164
KBL,80,58,400,218.0,87200.0,"2026-04-28, 2:43:19:809 PM",2026042801099163
KBL,59,58,500,218.0,109000.0,"2026-04-28, 2:43:19:808 PM",2026042801099162
KBL,62,58,10,218.0,2180.0,"2026-04-28, 2:43:19:808 PM",2026042801099161
KBL,53,58,3000,218.0,654000.0,"2026-04-28, 2:43:19:807 PM",2026042801099160
KBL,16,58,40,218.0,8720.0,"2026-04-28, 2:43:19:807 PM",2026042801099159
KBL,1,58,100,218.0,21800.0,"2026-04-28, 2:43:19:807 PM",2026042801099158
KBL,45,58,450,218.0,98100.0,"2026-04-28, 2:43:19:806 PM",2026042801099157
KBL,22,58,1000,218.0,218000.0,"2026-04-28, 2:43:19:806 PM",2026042801099156
KBL,26,58,10,218.0,2180.0,"2026-04-28, 2:43:19:805 PM",2026042801099155
KBL,58,58,180,218.0,39240.0,"2026-04-28, 2:43:19:805 PM",2026042801099154
KBL,42,58,1000,218.0,218000.0,"2026-04-28, 2:43:19:805 PM",2026042801099153
KBL,44,58,450,218.0,98100.0,"2026-04-28, 2:43:19:804 PM",2026042801099152
KBL,34,58,1000,218.0,218000.0,"2026-04-28, 2:43:19:804 PM",2026042801099151
KBL,57,58,200,218.0,43600.0,"2026-04-28, 2:43:19:804 PM",2026042801099150
KBL,80,58,400,218.0,87200.0,"2026-04-28, 2:43:19:803 PM",2026042801099149
KBL,74,58,500,218.0,109000.0,"2026-04-28, 2:43:19:803 PM",2026042801099148
KBL,42,58,50,218.0,10900.0,"2026-04-28, 2:43:19:802 PM",2026042801099147
KBL,64,58,210,218.0,45780.0,"2026-04-28, 2:43:19:802 PM",2026042801099146
KBL,58,58,10,218.0,2180.0,"2026-04-28, 2:43:19:802 PM",2026042801099145
KBL,6,58,10,218.0,2180.0,"2026-04-28, 2:43:19:801 PM",2026042801099144
KBL,34,58,47,218.0,10246.0,"2026-04-28, 2:43:19:801 PM",2026042801099143
KBL,58,58,100,218.0,21800.0,"2026-04-28, 2:43:19:800 PM",2026042801099142
KBL,54,58,50,218.0,10900.0,"2026-04-28, 2:43:19:800 PM",2026042801099141
KBL,14,58,100,218.0,21800.0,"2026-04-28, 2:43:19:800 PM",2026042801099140
KBL,52,58,50,218.0,10900.0,"2026-04-28, 2:43:19:799 PM",2026042801099139
KBL,58,58,17,218.0,3706.0,"2026-04-28, 2:43:19:799 PM",2026042801099138
KBL,21,58,150,218.0,32700.0,"2026-04-28, 2:43:19:798 PM",2026042801099137
KBL,58,58,250,218.0,54500.0,"2026-04-28, 2:43:19:798 PM",2026042801099136
KBL,6,58,1000,218.0,218000.0,"2026-04-28, 2:43:19:798 PM",2026042801099135
KBL,58,58,100,218.0,21800.0,"2026-04-28, 2:43:19:797 PM",2026042801099134
KBL,29,58,5000,218.0,1090000.0,"2026-04-28, 2:43:19:797 PM",2026042801099133
KBL,43,58,100,218.0,21800.0,"2026-04-28, 2:43:19:796 PM",2026042801099132
KBL,26,58,100,218.0,21800.0,"2026-04-28, 2:43:19:796 PM",2026042801099131
KBL,28,58,300,218.0,65400.0,"2026-04-28, 2:43:19:796 PM",2026042801099130
KBL,53,58,800,218.0,174400.0,"2026-04-28, 2:43:19:795 PM",2026042801099129
KBL,52,58,10,218.0,2180.0,"2026-04-28, 2:43:19:795 PM",2026042801099128
KBL,6,58,1000,218.0,218000.0,"2026-04-28, 2:43:19:794 PM",2026042801099127
KBL,3,58,150,218.0,32700.0,"2026-04-28, 2:43:19:794 PM",2026042801099126
KBL,38,58,100,218.0,21800.0,"2026-04-28, 2:43:19:794 PM",2026042801099125
KBL,41,58,200,218.0,43600.0,"2026-04-28, 2:43:19:793 PM",2026042801099124
KBL,34,58,300,218.0,65400.0,"2026-04-28, 2:43:19:793 PM",2026042801099123
KBL,40,58,500,218.0,109000.0,"2026-04-28, 2:43:19:792 PM",2026042801099122
KBL,4,58,1500,218.0,327000.0,"2026-04-28, 2:43:19:792 PM",2026042801099121
KBL,42,58,200,218.0,43600.0,"2026-04-28, 2:43:19:791 PM",2026042801099120
KBL,21,58,300,218.0,65400.0,"2026-04-28, 2:43:19:791 PM",2026042801099119
KBL,1,58,100,218.0,21800.0,"2026-04-28, 2:43:19:791 PM",2026042801099118
KBL,34,58,10,218.0,2180.0,"2026-04-28, 2:43:19:790 PM",2026042801099117
KBL,38,58,100,218.0,21800.0,"2026-04-28, 2:43:19:790 PM",2026042801099116
KBL,53,58,500,218.0,109000.0,"2026-04-28, 2:43:19:789 PM",2026042801099115
KBL,28,58,100,218.0,21800.0,"2026-04-28, 2:43:19:789 PM",2026042801099114
KBL,4,58,2000,218.0,436000.0,"2026-04-28, 2:43:19:788 PM",2026042801099113
KBL,58,58,20,218.0,4360.0,"2026-04-28, 2:43:19:788 PM",2026042801099112
KBL,49,58,150,218.0,32700.0,"2026-04-28, 2:43:19:788 PM",2026042801099111
KBL,4,58,100,218.0,21800.0,"2026-04-28, 2:43:19:787 PM",2026042801099110
KBL,41,58,1000,218.0,218000.0,"2026-04-28, 2:43:19:787 PM",2026042801099109
KBL,69,58,500,218.0,109000.0,"2026-04-28, 2:43:19:786 PM",2026042801099108
KBL,42,58,40,218.0,8720.0,"2026-04-28, 2:43:19:786 PM",2026042801099107
KBL,52,58,15,218.0,3270.0,"2026-04-28, 2:43:19:785 PM",2026042801099106
KBL,14,58,200,218.0,43600.0,"2026-04-28, 2:43:19:785 PM",2026042801099105
KBL,25,58,250,218.0,54500.0,"2026-04-28, 2:43:19:784 PM",2026042801099104
KBL,57,58,100,218.0,21800.0,"2026-04-28, 2:43:19:784 PM",2026042801099103
KBL,36,58,230,218.0,50140.0,"2026-04-28, 2:43:19:783 PM",2026042801099102
KBL,32,58,300,218.0,65400.0,"2026-04-28, 2:43:19:783 PM",2026042801099101
KBL,43,58,250,218.0,54500.0,"2026-04-28, 2:43:19:782 PM",2026042801099100
KBL,57,58,100,218.0,21800.0,"2026-04-28, 2:43:19:781 PM",2026042801099099
KBL,13,58,750,218.0,163500.0,"2026-04-28, 2:43:19:781 PM",2026042801099098
KBL,58,58,1000,218.0,218000.0,"2026-04-28, 2:43:19:780 PM",2026042801099097
KBL,48,58,200,218.0,43600.0,"2026-04-28, 2:43:19:780 PM",2026042801099096
KBL,52,58,10,218.0,2180.0,"2026-04-28, 2:43:19:779 PM",2026042801099095
KBL,47,58,500,218.0,109000.0,"2026-04-28, 2:43:19:779 PM",2026042801099094
KBL,34,58,200,218.0,43600.0,"2026-04-28, 2:43:19:778 PM",2026042801099093
KBL,48,58,50,218.0,10900.0,"2026-04-28, 2:43:19:778 PM",2026042801099092
KBL,37,58,2000,218.0,436000.0,"2026-04-28, 2:43:19:777 PM",2026042801099091
KBL,25,58,500,218.0,109000.0,"2026-04-28, 2:43:19:777 PM",2026042801099090
KBL,51,58,50,218.0,10900.0,"2026-04-28, 2:43:19:776 PM",2026042801099089
KBL,49,58,10,218.0,2180.0,"2026-04-28, 2:43:19:776 PM",2026042801099088
KBL,71,58,200,218.0,43600.0,"2026-04-28, 2:43:19:775 PM",2026042801099087
KBL,25,58,20,218.0,4360.0,"2026-04-28, 2:43:19:775 PM",2026042801099086
KBL,49,58,100,218.0,21800.0,"2026-04-28, 2:43:19:774 PM",2026042801099085
KBL,44,58,500,218.1,109050.0,"2026-04-28, 2:43:19:774 PM",2026042801099084
KBL,46,58,2000,218.1,436200.0,"2026-04-28, 2:43:19:773 PM",2026042801099083
KBL,62,58,5000,218.1,1090500.0,"2026-04-28, 2:43:19:773 PM",2026042801099082
KBL,80,58,400,218.2,87280.0,"2026-04-28, 2:43:19:772 PM",2026042801099081
KBL,83,58,3000,218.2,654600.0,"2026-04-28, 2:43:19:771 PM",2026042801099080
KBL,80,58,400,218.3,87320.0,"2026-04-28, 2:43:19:771 PM",2026042801099079
KBL,39,58,50,218.3,10915.0,"2026-04-28, 2:43:19:770 PM",2026042801099078
KBL,13,58,1000,218.3,218300.0,"2026-04-28, 2:43:19:770 PM",2026042801099077
KBL,49,58,2000,218.3,436600.0,"2026-04-28, 2:43:19:769 PM",2026042801099076
KBL,41,58,100,218.3,21830.0,"2026-04-28, 2:43:19:769 PM",2026042801099075
KBL,17,58,1000,218.4,218400.0,"2026-04-28, 2:43:19:768 PM",2026042801099074
KBL,80,58,400,218.4,87360.0,"2026-04-28, 2:43:19:768 PM",2026042801099073
KBL,80,58,400,218.4,87360.0,"2026-04-28, 2:43:19:767 PM",2026042801099072
KBL,42,58,100,218.4,21840.0,"2026-04-28, 2:43:19:766 PM",2026042801099071
KBL,34,58,300,218.4,65520.0,"2026-04-28, 2:43:19:766 PM",2026042801099070
KBL,28,58,20,218.5,4370.0,"2026-04-28, 2:43:19:765 PM",2026042801099069
KBL,45,58,50,218.5,10925.0,"2026-04-28, 2:43:19:765 PM",2026042801099068
KBL,22,58,200,218.5,43700.0,"2026-04-28, 2:43:19:764 PM",2026042801099067
KBL,58,58,15,218.5,3277.5,"2026-04-28, 2:43:19:764 PM",2026042801099066
KBL,58,58,800,218.5,174800.0,"2026-04-28, 2:43:19:763 PM",2026042801099065
KBL,80,58,300,218.5,65550.0,"2026-04-28, 2:43:19:763 PM",2026042801099064
KBL,80,58,400,218.5,87400.0,"2026-04-28, 2:43:19:762 PM",2026042801099063
KBL,56,58,3000,218.5,655500.0,"2026-04-28, 2:43:19:762 PM",2026042801099062
KBL,13,58,50,218.5,10925.0,"2026-04-28, 2:43:19:761 PM",2026042801099061
KBL,58,58,10,218.5,2185.0,"2026-04-28, 2:43:19:761 PM",2026042801099060
KBL,53,58,50,218.6,10930.0,"2026-04-28, 2:43:19:760 PM",2026042801099059
KBL,49,58,92,218.6,20111.2,"2026-04-28, 2:43:19:760 PM",2026042801099058
KBL,51,58,50,218.6,10930.0,"2026-04-28, 2:43:19:759 PM",2026042801099057
KBL,51,58,100,218.6,21860.0,"2026-04-28, 2:43:19:759 PM",2026042801099056
KBL,5,58,100,218.6,21860.0,"2026-04-28, 2:43:19:758 PM",2026042801099055
KBL,33,58,1000,218.7,218700.0,"2026-04-28, 2:43:19:758 PM",2026042801099054
KBL,4,58,100,218.7,21870.0,"2026-04-28, 2:43:19:757 PM",2026042801099053
KBL,48,58,200,218.7,43740.0,"2026-04-28, 2:43:19:757 PM",2026042801099052
KBL,53,58,50,218.8,10940.0,"2026-04-28, 2:43:19:756 PM",2026042801099051
KBL,28,58,150,218.8,32820.0,"2026-04-28, 2:43:19:756 PM",2026042801099050
KBL,45,58,1000,218.9,218900.0,"2026-04-28, 2:43:19:755 PM",2026042801099049
KBL,58,58,230,218.9,50347.0,"2026-04-28, 2:43:19:755 PM",2026042801099048
KBL,57,58,1000,218.9,218900.0,"2026-04-28, 2:43:19:755 PM",2026042801099047
KBL,32,58,200,218.9,43780.0,"2026-04-28, 2:43:19:754 PM",2026042801099046
KBL,65,58,1000,218.9,218900.0,"2026-04-28, 2:43:19:754 PM",2026042801099045
KBL,17,58,386,219.0,84534.0,"2026-04-28, 2:43:19:753 PM",2026042801099044
KBL,48,58,150,219.0,32850.0,"2026-04-28, 2:43:19:753 PM",2026042801099043
KBL,80,58,300,219.0,65700.0,"2026-04-28, 2:43:19:752 PM",2026042801099042
KBL,44,58,53,219.0,11607.0,"2026-04-28, 2:43:19:750 PM",2026042801099041
KBL,35,58,100,219.0,21900.0,"2026-04-28, 2:43:19:749 PM",2026042801099040
KBL,1,58,500,219.0,109500.0,"2026-04-28, 2:43:19:747 PM",2026042801099039
KBL,43,58,25,219.0,5475.0,"2026-04-28, 2:43:19:746 PM",2026042801099038
KBL,25,58,156,219.0,34164.0,"2026-04-28, 2:43:19:744 PM",2026042801099037
KBL,25,67,1844,219.0,403836.0,"2026-04-28, 2:42:39:532 PM",2026042801098590
KBL,50,67,100,219.0,21900.0,"2026-04-28, 2:42:39:532 PM",2026042801098589
KBL,52,67,100,219.0,21900.0,"2026-04-28, 2:42:39:531 PM",2026042801098588
KBL,48,67,10,219.0,2190.0,"2026-04-28, 2:42:39:531 PM",2026042801098587
KBL,52,67,100,219.0,21900.0,"2026-04-28, 2:42:39:530 PM",2026042801098586
KBL,25,67,100,219.0,21900.0,"2026-04-28, 2:42:39:530 PM",2026042801098585
KBL,58,67,20,219.0,4380.0,"2026-04-28, 2:42:39:529 PM",2026042801098584
KBL,47,67,150,219.0,32850.0,"2026-04-28, 2:42:39:529 PM",2026042801098583
KBL,52,67,10,219.0,2190.0,"2026-04-28, 2:42:39:528 PM",2026042801098582
KBL,57,67,2566,219.0,561954.0,"2026-04-28, 2:42:39:527 PM",2026042801098581
KBL,57,94,2185,219.0,478515.0,"2026-04-28, 2:42:15:631 PM",2026042801098382
KBL,10,94,10,219.1,2191.0,"2026-04-28, 2:42:15:630 PM",2026042801098381
KBL,52,94,500,219.1,109550.0,"2026-04-28, 2:42:15:630 PM",2026042801098380
KBL,42,94,45,219.1,9859.5,"2026-04-28, 2:42:15:629 PM",2026042801098379
KBL,40,94,40,219.2,8768.0,"2026-04-28, 2:42:15:629 PM",2026042801098378
KBL,49,43,10,219.6,2196.0,"2026-04-28, 2:41:08:540 PM",2026042801097693
KBL,42,65,55,219.1,12050.5,"2026-04-28, 2:41:03:755 PM",2026042801097605
KBL,49,21,1150,219.7,252655.0,"2026-04-28, 2:40:54:178 PM",2026042801097521
KBL,58,21,79,219.7,17356.3,"2026-04-28, 2:40:50:092 PM",2026042801097469
KBL,57,45,106,219.0,23214.0,"2026-04-28, 2:40:41:432 PM",2026042801097368
KBL,53,11,800,219.6,175680.0,"2026-04-28, 2:40:36:126 PM",2026042801097301
KBL,57,65,143,219.0,31317.0,"2026-04-28, 2:40:05:775 PM",2026042801096964
KBL,58,65,20,219.0,4380.0,"2026-04-28, 2:40:05:775 PM",2026042801096963
KBL,35,65,137,219.0,30003.0,"2026-04-28, 2:40:05:775 PM",2026042801096962
KBL,35,1,90,219.0,19710.0,"2026-04-28, 2:39:57:989 PM",2026042801096879
KBL,58,1,10,219.5,2195.0,"2026-04-28, 2:39:57:987 PM",2026042801096878
KBL,35,65,773,219.0,169287.0,"2026-04-28, 2:38:38:186 PM",2026042801096133
KBL,32,65,127,219.0,27813.0,"2026-04-28, 2:38:38:184 PM",2026042801096132
KBL,43,65,100,219.1,21910.0,"2026-04-28, 2:38:38:182 PM",2026042801096131
KBL,32,65,73,219.0,15987.0,"2026-04-28, 2:38:17:527 PM",2026042801095985
KBL,45,65,450,219.0,98550.0,"2026-04-28, 2:38:17:525 PM",2026042801095984
KBL,26,65,477,219.0,104463.0,"2026-04-28, 2:38:17:524 PM",2026042801095983
KBL,26,65,523,219.0,114537.0,"2026-04-28, 2:38:00:480 PM",2026042801095807
KBL,49,65,100,219.0,21900.0,"2026-04-28, 2:38:00:479 PM",2026042801095806
KBL,53,65,50,219.0,10950.0,"2026-04-28, 2:38:00:478 PM",2026042801095805
KBL,58,65,91,219.0,19929.0,"2026-04-28, 2:38:00:477 PM",2026042801095804
KBL,16,65,100,219.0,21900.0,"2026-04-28, 2:38:00:476 PM",2026042801095803
KBL,62,65,92,219.0,20148.0,"2026-04-28, 2:38:00:474 PM",2026042801095802
KBL,34,65,44,219.8,9671.2,"2026-04-28, 2:38:00:472 PM",2026042801095801
KBL,58,58,40,220.0,8800.0,"2026-04-28, 2:37:54:844 PM",2026042801095747
KBL,62,74,108,219.0,23652.0,"2026-04-28, 2:37:42:369 PM",2026042801095629
KBL,16,74,892,219.0,195348.0,"2026-04-28, 2:37:42:368 PM",2026042801095628
KBL,60,58,900,220.0,198000.0,"2026-04-28, 2:37:40:060 PM",2026042801095607
KBL,60,44,100,219.8,21980.0,"2026-04-28, 2:37:40:058 PM",2026042801095606
KBL,16,65,108,219.0,23652.0,"2026-04-28, 2:37:24:270 PM",2026042801095477
KBL,51,65,692,219.0,151548.0,"2026-04-28, 2:37:24:269 PM",2026042801095476
KBL,51,65,1008,219.0,220752.0,"2026-04-28, 2:37:10:956 PM",2026042801095360
KBL,42,65,317,219.0,69423.0,"2026-04-28, 2:37:10:954 PM",2026042801095359
KBL,49,65,205,219.5,44997.5,"2026-04-28, 2:37:10:953 PM",2026042801095358
KBL,42,65,470,219.6,103212.0,"2026-04-28, 2:37:10:951 PM",2026042801095357
KBL,42,44,2183,219.0,478077.0,"2026-04-28, 2:36:52:875 PM",2026042801095223
KBL,38,44,286,219.0,62634.0,"2026-04-28, 2:36:52:873 PM",2026042801095222
KBL,51,44,400,219.8,87920.0,"2026-04-28, 2:36:47:610 PM",2026042801095193
KBL,38,44,64,219.0,14016.0,"2026-04-28, 2:36:39:867 PM",2026042801095148
KBL,58,44,15,219.0,3285.0,"2026-04-28, 2:36:39:866 PM",2026042801095147
KBL,77,44,100,219.0,21900.0,"2026-04-28, 2:36:39:866 PM",2026042801095146
KBL,33,44,100,219.0,21900.0,"2026-04-28, 2:36:39:865 PM",2026042801095145
KBL,52,44,300,219.0,65700.0,"2026-04-28, 2:36:39:864 PM",2026042801095144
KBL,41,44,50,219.0,10950.0,"2026-04-28, 2:36:39:864 PM",2026042801095143
KBL,32,44,150,219.0,32850.0,"2026-04-28, 2:36:39:863 PM",2026042801095142
KBL,45,44,200,219.0,43800.0,"2026-04-28, 2:36:39:863 PM",2026042801095141
KBL,16,44,300,219.0,65700.0,"2026-04-28, 2:36:39:862 PM",2026042801095140
KBL,42,44,12,219.0,2628.0,"2026-04-28, 2:36:39:862 PM",2026042801095139
KBL,43,44,50,219.0,10950.0,"2026-04-28, 2:36:39:861 PM",2026042801095138
KBL,45,44,50,219.0,10950.0,"2026-04-28, 2:36:39:861 PM",2026042801095137
KBL,43,44,50,219.0,10950.0,"2026-04-28, 2:36:39:860 PM",2026042801095136
KBL,52,44,19,219.0,4161.0,"2026-04-28, 2:36:39:860 PM",2026042801095135
KBL,38,44,500,219.0,109500.0,"2026-04-28, 2:36:39:859 PM",2026042801095134
KBL,42,44,100,219.0,21900.0,"2026-04-28, 2:36:39:859 PM",2026042801095133
KBL,74,44,410,219.0,89790.0,"2026-04-28, 2:36:39:858 PM",2026042801095132
KBL,16,44,500,219.2,109600.0,"2026-04-28, 2:36:39:857 PM",2026042801095131
KBL,39,44,200,219.2,43840.0,"2026-04-28, 2:36:39:856 PM",2026042801095130
KBL,45,44,50,219.2,10960.0,"2026-04-28, 2:36:39:854 PM",2026042801095129
KBL,41,44,1000,219.2,219200.0,"2026-04-28, 2:36:39:853 PM",2026042801095128
KBL,57,44,30,219.3,6579.0,"2026-04-28, 2:36:39:852 PM",2026042801095127
KBL,25,44,500,219.5,109750.0,"2026-04-28, 2:36:39:850 PM",2026042801095126
KBL,58,44,230,219.5,50485.0,"2026-04-28, 2:36:39:849 PM",2026042801095125
KBL,51,44,20,219.5,4390.0,"2026-04-28, 2:36:39:847 PM",2026042801095124
KBL,49,65,100,219.9,21990.0,"2026-04-28, 2:35:28:576 PM",2026042801094525
KBL,45,65,1000,219.9,219900.0,"2026-04-28, 2:35:00:882 PM",2026042801094311
KBL,49,65,100,219.9,21990.0,"2026-04-28, 2:34:29:214 PM",2026042801094075
KBL,35,58,10,220.0,2200.0,"2026-04-28, 2:33:48:318 PM",2026042801093765
KBL,74,58,90,219.0,19710.0,"2026-04-28, 2:31:40:566 PM",2026042801092776
KBL,1,58,500,219.0,109500.0,"2026-04-28, 2:31:32:889 PM",2026042801092709
KBL,35,58,55,219.0,12045.0,"2026-04-28, 2:31:29:147 PM",2026042801092680
KBL,49,58,500,219.0,109500.0,"2026-04-28, 2:31:22:068 PM",2026042801092635
KBL,11,58,100,219.0,21900.0,"2026-04-28, 2:31:15:566 PM",2026042801092598
KBL,13,58,50,219.0,10950.0,"2026-04-28, 2:31:14:205 PM",2026042801092594
KBL,50,58,200,219.0,43800.0,"2026-04-28, 2:31:05:623 PM",2026042801092529
KBL,58,58,90,219.0,19710.0,"2026-04-28, 2:31:00:270 PM",2026042801092488
KBL,11,58,1000,219.0,219000.0,"2026-04-28, 2:30:47:364 PM",2026042801092388
KBL,47,58,500,219.0,109500.0,"2026-04-28, 2:30:45:349 PM",2026042801092379
KBL,74,58,2000,219.0,438000.0,"2026-04-28, 2:30:32:582 PM",2026042801092287
KBL,42,58,10,219.0,2190.0,"2026-04-28, 2:30:26:639 PM",2026042801092235
KBL,65,58,300,219.0,65700.0,"2026-04-28, 2:30:25:583 PM",2026042801092234
KBL,36,58,500,219.0,109500.0,"2026-04-28, 2:30:22:437 PM",2026042801092217
KBL,52,58,900,219.0,197100.0,"2026-04-28, 2:30:18:969 PM",2026042801092196
KBL,11,58,25,219.0,5475.0,"2026-04-28, 2:30:11:073 PM",2026042801092136
KBL,53,58,250,219.0,54750.0,"2026-04-28, 2:30:10:768 PM",2026042801092132
KBL,16,58,2000,219.0,438000.0,"2026-04-28, 2:30:08:528 PM",2026042801092127
KBL,17,58,500,219.0,109500.0,"2026-04-28, 2:29:54:906 PM",2026042801092010
KBL,1,58,500,219.0,109500.0,"2026-04-28, 2:29:47:137 PM",2026042801091952
KBL,58,58,155,219.0,33945.0,"2026-04-28, 2:29:35:112 PM",2026042801091892
KBL,21,58,50,219.0,10950.0,"2026-04-28, 2:29:30:314 PM",2026042801091858
KBL,58,58,500,219.0,109500.0,"2026-04-28, 2:29:27:867 PM",2026042801091841
KBL,49,58,40,219.0,8760.0,"2026-04-28, 2:29:19:269 PM",2026042801091788
KBL,22,58,52,219.0,11388.0,"2026-04-28, 2:29:08:130 PM",2026042801091738
KBL,58,58,1000,219.0,219000.0,"2026-04-28, 2:28:48:456 PM",2026042801091618
KBL,21,58,483,219.0,105777.0,"2026-04-28, 2:28:44:030 PM",2026042801091604
KBL,58,58,1610,219.0,352590.0,"2026-04-28, 2:28:28:658 PM",2026042801091485
KBL,25,58,500,219.0,109500.0,"2026-04-28, 2:28:12:565 PM",2026042801091384
KBL,22,58,300,219.0,65700.0,"2026-04-28, 2:28:12:362 PM",2026042801091382
KBL,45,58,200,219.0,43800.0,"2026-04-28, 2:28:02:704 PM",2026042801091314
KBL,58,58,150,219.0,32850.0,"2026-04-28, 2:28:00:720 PM",2026042801091294
KBL,6,58,200,219.0,43800.0,"2026-04-28, 2:27:52:912 PM",2026042801091241
KBL,36,58,20,219.0,4380.0,"2026-04-28, 2:27:51:133 PM",2026042801091224
KBL,58,58,450,219.0,98550.0,"2026-04-28, 2:27:50:105 PM",2026042801091215
KBL,50,58,200,219.0,43800.0,"2026-04-28, 2:27:44:870 PM",2026042801091193
KBL,22,58,300,219.0,65700.0,"2026-04-28, 2:27:38:792 PM",2026042801091149
KBL,17,58,500,219.0,109500.0,"2026-04-28, 2:27:35:577 PM",2026042801091118
KBL,59,58,180,219.0,39420.0,"2026-04-28, 2:27:18:706 PM",2026042801091030
KBL,90,58,500,219.0,109500.0,"2026-04-28, 2:27:16:954 PM",2026042801091021
KBL,4,58,10,219.0,2190.0,"2026-04-28, 2:27:16:954 PM",2026042801091020
KBL,25,58,300,219.0,65700.0,"2026-04-28, 2:27:16:953 PM",2026042801091019
KBL,57,58,500,219.0,109500.0,"2026-04-28, 2:27:16:953 PM",2026042801091018
KBL,33,58,2000,219.0,438000.0,"2026-04-28, 2:27:16:953 PM",2026042801091017
KBL,46,58,300,219.0,65700.0,"2026-04-28, 2:27:16:952 PM",2026042801091016
KBL,88,58,1000,219.0,219000.0,"2026-04-28, 2:27:16:952 PM",2026042801091015
KBL,42,58,120,219.0,26280.0,"2026-04-28, 2:27:16:951 PM",2026042801091014
KBL,45,58,20,219.0,4380.0,"2026-04-28, 2:27:16:951 PM",2026042801091013
KBL,16,58,281,219.0,61539.0,"2026-04-28, 2:27:16:950 PM",2026042801091012
KBL,43,58,50,219.0,10950.0,"2026-04-28, 2:27:16:950 PM",2026042801091011
KBL,94,58,200,219.0,43800.0,"2026-04-28, 2:27:16:950 PM",2026042801091010
KBL,92,58,65,219.0,14235.0,"2026-04-28, 2:27:16:949 PM",2026042801091009
KBL,28,58,200,219.0,43800.0,"2026-04-28, 2:27:16:949 PM",2026042801091008
KBL,43,58,228,219.0,49932.0,"2026-04-28, 2:27:16:948 PM",2026042801091007
KBL,42,58,10,219.0,2190.0,"2026-04-28, 2:27:16:948 PM",2026042801091006
KBL,54,58,1565,219.0,342735.0,"2026-04-28, 2:27:16:947 PM",2026042801091005
KBL,34,58,20,219.0,4380.0,"2026-04-28, 2:27:16:947 PM",2026042801091004
KBL,18,58,500,219.0,109500.0,"2026-04-28, 2:27:16:946 PM",2026042801091003
KBL,57,58,50,219.0,10950.0,"2026-04-28, 2:27:16:946 PM",2026042801091002
KBL,48,58,90,219.0,19710.0,"2026-04-28, 2:27:16:946 PM",2026042801091001
KBL,51,58,2000,219.0,438000.0,"2026-04-28, 2:27:16:945 PM",2026042801091000
KBL,43,58,50,219.0,10950.0,"2026-04-28, 2:27:16:945 PM",2026042801090999
KBL,16,58,40,219.0,8760.0,"2026-04-28, 2:27:16:944 PM",2026042801090998
KBL,57,58,200,219.0,43800.0,"2026-04-28, 2:27:16:944 PM",2026042801090997
KBL,75,58,80,219.0,17520.0,"2026-04-28, 2:27:16:943 PM",2026042801090996
KBL,45,58,100,219.0,21900.0,"2026-04-28, 2:27:16:943 PM",2026042801090995
KBL,57,58,100,219.0,21900.0,"2026-04-28, 2:27:16:943 PM",2026042801090994
KBL,71,58,215,219.0,47085.0,"2026-04-28, 2:27:16:942 PM",2026042801090993
KBL,39,58,219,219.0,47961.0,"2026-04-28, 2:27:16:942 PM",2026042801090992
KBL,54,58,3000,219.0,657000.0,"2026-04-28, 2:27:16:941 PM",2026042801090991
KBL,49,58,20,219.0,4380.0,"2026-04-28, 2:27:16:941 PM",2026042801090990
KBL,48,58,100,219.0,21900.0,"2026-04-28, 2:27:16:940 PM",2026042801090989
KBL,16,58,2000,219.0,438000.0,"2026-04-28, 2:27:16:940 PM",2026042801090988
KBL,90,58,500,219.0,109500.0,"2026-04-28, 2:27:16:939 PM",2026042801090987
KBL,51,58,100,219.0,21900.0,"2026-04-28, 2:27:16:939 PM",2026042801090986
KBL,45,58,500,219.0,109500.0,"2026-04-28, 2:27:16:939 PM",2026042801090985
KBL,94,58,500,219.0,109500.0,"2026-04-28, 2:27:16:938 PM",2026042801090984
KBL,19,58,100,219.0,21900.0,"2026-04-28, 2:27:16:938 PM",2026042801090983
KBL,45,58,50,219.0,10950.0,"2026-04-28, 2:27:16:937 PM",2026042801090982
KBL,8,58,83,219.0,18177.0,"2026-04-28, 2:27:16:937 PM",2026042801090981
KBL,45,58,1000,219.0,219000.0,"2026-04-28, 2:27:16:936 PM",2026042801090980
KBL,33,58,275,219.0,60225.0,"2026-04-28, 2:27:16:936 PM",2026042801090979
KBL,11,58,50,219.0,10950.0,"2026-04-28, 2:27:16:935 PM",2026042801090978
KBL,3,58,1000,219.0,219000.0,"2026-04-28, 2:27:16:935 PM",2026042801090977
KBL,57,58,90,219.0,19710.0,"2026-04-28, 2:27:16:934 PM",2026042801090976
KBL,10,58,30,219.0,6570.0,"2026-04-28, 2:27:16:934 PM",2026042801090975
KBL,32,58,100,219.0,21900.0,"2026-04-28, 2:27:16:934 PM",2026042801090974
KBL,49,58,465,219.0,101835.0,"2026-04-28, 2:27:16:933 PM",2026042801090973
KBL,57,58,100,219.0,21900.0,"2026-04-28, 2:27:16:933 PM",2026042801090972
KBL,57,58,2000,219.0,438000.0,"2026-04-28, 2:27:16:932 PM",2026042801090971
KBL,7,58,100,219.0,21900.0,"2026-04-28, 2:27:16:932 PM",2026042801090970
KBL,17,58,200,219.0,43800.0,"2026-04-28, 2:27:16:931 PM",2026042801090969
KBL,22,58,200,219.0,43800.0,"2026-04-28, 2:27:16:931 PM",2026042801090968
KBL,48,58,500,219.0,109500.0,"2026-04-28, 2:27:16:930 PM",2026042801090967
KBL,50,58,100,219.0,21900.0,"2026-04-28, 2:27:16:930 PM",2026042801090966
KBL,52,58,10,219.0,2190.0,"2026-04-28, 2:27:16:929 PM",2026042801090965
KBL,52,58,10,219.0,2190.0,"2026-04-28, 2:27:16:929 PM",2026042801090964
KBL,14,58,500,219.0,109500.0,"2026-04-28, 2:27:16:928 PM",2026042801090963
KBL,7,58,500,219.0,109500.0,"2026-04-28, 2:27:16:928 PM",2026042801090962
KBL,41,58,50,219.0,10950.0,"2026-04-28, 2:27:16:928 PM",2026042801090961
KBL,29,58,4000,219.0,876000.0,"2026-04-28, 2:27:16:927 PM",2026042801090960
KBL,4,58,300,219.0,65700.0,"2026-04-28, 2:27:16:927 PM",2026042801090959
KBL,7,58,178,219.0,38982.0,"2026-04-28, 2:27:16:926 PM",2026042801090958
KBL,45,58,1500,219.1,328650.0,"2026-04-28, 2:27:16:926 PM",2026042801090957
KBL,45,58,1000,219.1,219100.0,"2026-04-28, 2:27:16:925 PM",2026042801090956
KBL,22,58,100,219.1,21910.0,"2026-04-28, 2:27:16:925 PM",2026042801090955
KBL,32,58,200,219.1,43820.0,"2026-04-28, 2:27:16:924 PM",2026042801090954
KBL,80,58,200,219.1,43820.0,"2026-04-28, 2:27:16:924 PM",2026042801090953
KBL,58,58,27,219.1,5915.7,"2026-04-28, 2:27:16:923 PM",2026042801090952
KBL,57,58,289,219.1,63319.9,"2026-04-28, 2:27:16:922 PM",2026042801090951
KBL,32,65,3000,219.5,658500.0,"2026-04-28, 2:26:32:973 PM",2026042801090681
KBL,42,65,600,219.5,131700.0,"2026-04-28, 2:26:32:971 PM",2026042801090680
KBL,58,65,43,219.8,9451.4,"2026-04-28, 2:26:32:970 PM",2026042801090679
KBL,62,58,190,220.0,41800.0,"2026-04-28, 2:26:30:031 PM",2026042801090657
KBL,14,58,2000,220.0,440000.0,"2026-04-28, 2:26:23:340 PM",2026042801090606
KBL,13,58,300,220.0,66000.0,"2026-04-28, 2:26:22:555 PM",2026042801090597
KBL,17,58,1000,220.0,220000.0,"2026-04-28, 2:26:17:847 PM",2026042801090521
KBL,52,58,10,220.0,2200.0,"2026-04-28, 2:26:08:296 PM",2026042801090467
KBL,50,85,10,221.0,2210.0,"2026-04-28, 2:26:06:350 PM",2026042801090451
KBL,3,94,440,220.0,96800.0,"2026-04-28, 2:25:48:343 PM",2026042801090286
KBL,34,94,420,220.0,92400.0,"2026-04-28, 2:25:39:775 PM",2026042801090237
KBL,34,58,580,220.0,127600.0,"2026-04-28, 2:25:39:773 PM",2026042801090236
KBL,57,58,4711,219.1,1032180.1,"2026-04-28, 2:25:30:025 PM",2026042801090179
KBL,52,58,10,219.1,2191.0,"2026-04-28, 2:25:30:025 PM",2026042801090178
KBL,42,58,10,219.1,2191.0,"2026-04-28, 2:25:30:024 PM",2026042801090177
KBL,6,58,500,219.1,109550.0,"2026-04-28, 2:25:30:024 PM",2026042801090176
KBL,52,58,10,219.2,2192.0,"2026-04-28, 2:25:30:023 PM",2026042801090175
KBL,43,58,100,219.2,21920.0,"2026-04-28, 2:25:30:023 PM",2026042801090174
KBL,32,58,1000,219.2,219200.0,"2026-04-28, 2:25:30:022 PM",2026042801090173
KBL,34,58,74,219.2,16220.8,"2026-04-28, 2:25:30:022 PM",2026042801090172
KBL,13,58,50,219.3,10965.0,"2026-04-28, 2:25:30:021 PM",2026042801090171
KBL,13,58,10,219.3,2193.0,"2026-04-28, 2:25:30:021 PM",2026042801090170
KBL,52,58,10,219.3,2193.0,"2026-04-28, 2:25:30:021 PM",2026042801090169
KBL,52,58,10,219.4,2194.0,"2026-04-28, 2:25:30:020 PM",2026042801090168
KBL,50,58,100,219.5,21950.0,"2026-04-28, 2:25:30:019 PM",2026042801090167
KBL,58,58,581,219.5,127529.5,"2026-04-28, 2:25:30:018 PM",2026042801090166
KBL,50,58,310,219.6,68076.0,"2026-04-28, 2:25:30:017 PM",2026042801090165
KBL,90,58,500,219.7,109850.0,"2026-04-28, 2:25:30:015 PM",2026042801090164
KBL,25,58,500,219.8,109900.0,"2026-04-28, 2:25:30:014 PM",2026042801090163
KBL,13,58,250,219.9,54975.0,"2026-04-28, 2:25:30:012 PM",2026042801090162
KBL,13,58,50,220.0,11000.0,"2026-04-28, 2:25:17:840 PM",2026042801090022
KBL,50,58,5000,220.0,1100000.0,"2026-04-28, 2:24:56:767 PM",2026042801089895
KBL,42,58,20,220.0,4400.0,"2026-04-28, 2:24:19:016 PM",2026042801089641
KBL,25,58,1500,220.0,330000.0,"2026-04-28, 2:24:13:677 PM",2026042801089598
KBL,32,58,100,220.0,22000.0,"2026-04-28, 2:23:48:853 PM",2026042801089437
KBL,42,58,55,220.0,12100.0,"2026-04-28, 2:23:48:852 PM",2026042801089436
KBL,58,58,500,220.0,110000.0,"2026-04-28, 2:23:48:852 PM",2026042801089435
KBL,43,58,50,220.0,11000.0,"2026-04-28, 2:23:48:851 PM",2026042801089434
KBL,58,58,1945,220.0,427900.0,"2026-04-28, 2:23:48:851 PM",2026042801089433
KBL,25,58,200,220.1,44020.0,"2026-04-28, 2:23:48:850 PM",2026042801089432
KBL,42,85,10,221.0,2210.0,"2026-04-28, 2:23:33:183 PM",2026042801089310
KBL,74,85,86,221.0,19006.0,"2026-04-28, 2:23:31:391 PM",2026042801089303
KBL,91,85,500,221.0,110500.0,"2026-04-28, 2:23:06:061 PM",2026042801089094
KBL,58,82,55,220.0,12100.0,"2026-04-28, 2:22:50:011 PM",2026042801088971
KBL,58,65,419,219.5,91970.5,"2026-04-28, 2:21:54:147 PM",2026042801088602
KBL,35,65,20,219.5,4390.0,"2026-04-28, 2:21:54:146 PM",2026042801088601
KBL,50,65,1561,219.5,342639.5,"2026-04-28, 2:21:54:144 PM",2026042801088600
KBL,50,38,689,219.5,151235.5,"2026-04-28, 2:21:40:477 PM",2026042801088513
KBL,52,38,10,219.5,2195.0,"2026-04-28, 2:21:40:475 PM",2026042801088512
KBL,44,38,801,219.5,175819.5,"2026-04-28, 2:21:40:474 PM",2026042801088511
KBL,17,65,1000,219.6,219600.0,"2026-04-28, 2:21:40:123 PM",2026042801088509
KBL,44,65,1199,219.5,263180.5,"2026-04-28, 2:21:15:191 PM",2026042801088316
KBL,5,65,100,219.6,21960.0,"2026-04-28, 2:21:15:191 PM",2026042801088315
KBL,52,65,10,219.6,2196.0,"2026-04-28, 2:21:15:190 PM",2026042801088314
KBL,47,65,130,219.6,28548.0,"2026-04-28, 2:21:15:190 PM",2026042801088313
KBL,42,65,20,219.7,4394.0,"2026-04-28, 2:21:15:190 PM",2026042801088312
KBL,52,65,10,219.7,2197.0,"2026-04-28, 2:21:15:189 PM",2026042801088311
KBL,51,65,1800,219.7,395460.0,"2026-04-28, 2:21:15:189 PM",2026042801088310
KBL,6,65,200,219.7,43940.0,"2026-04-28, 2:21:15:188 PM",2026042801088309
KBL,88,65,50,219.8,10990.0,"2026-04-28, 2:21:15:188 PM",2026042801088308
KBL,52,65,10,219.8,2198.0,"2026-04-28, 2:21:15:187 PM",2026042801088307
KBL,58,65,71,219.8,15605.8,"2026-04-28, 2:21:15:187 PM",2026042801088306
KBL,14,65,20,219.8,4396.0,"2026-04-28, 2:21:15:186 PM",2026042801088305
KBL,14,65,500,219.8,109900.0,"2026-04-28, 2:21:15:186 PM",2026042801088304
KBL,47,65,500,219.8,109900.0,"2026-04-28, 2:21:15:185 PM",2026042801088303
KBL,57,65,70,219.8,15386.0,"2026-04-28, 2:21:15:185 PM",2026042801088302
KBL,22,65,100,219.9,21990.0,"2026-04-28, 2:21:15:184 PM",2026042801088301
KBL,74,65,1210,219.9,266079.0,"2026-04-28, 2:21:15:184 PM",2026042801088300
KBL,17,82,100,220.0,22000.0,"2026-04-28, 2:20:57:470 PM",2026042801088192
KBL,57,82,450,220.0,99000.0,"2026-04-28, 2:20:50:353 PM",2026042801088138
KBL,74,34,790,219.9,173721.0,"2026-04-28, 2:20:49:474 PM",2026042801088109
KBL,36,34,100,219.9,21990.0,"2026-04-28, 2:20:49:473 PM",2026042801088108
KBL,14,34,20,219.9,4398.0,"2026-04-28, 2:20:49:471 PM",2026042801088107
KBL,74,34,90,219.9,19791.0,"2026-04-28, 2:20:49:470 PM",2026042801088106
KBL,58,82,10,220.0,2200.0,"2026-04-28, 2:20:31:106 PM",2026042801087957
KBL,3,82,700,220.0,154000.0,"2026-04-28, 2:20:25:029 PM",2026042801087927
KBL,74,58,10,219.9,2199.0,"2026-04-28, 2:20:19:455 PM",2026042801087892
KBL,17,82,1000,220.0,220000.0,"2026-04-28, 2:20:16:865 PM",2026042801087879
KBL,21,82,400,220.0,88000.0,"2026-04-28, 2:20:04:617 PM",2026042801087817
KBL,74,6,200,219.9,43980.0,"2026-04-28, 2:19:53:252 PM",2026042801087735
KBL,58,82,50,220.0,11000.0,"2026-04-28, 2:19:42:401 PM",2026042801087626
KBL,58,82,20,220.0,4400.0,"2026-04-28, 2:19:14:238 PM",2026042801087438
KBL,50,82,500,220.0,110000.0,"2026-04-28, 2:18:58:047 PM",2026042801087342
KBL,44,82,1000,220.0,220000.0,"2026-04-28, 2:18:52:504 PM",2026042801087306
KBL,74,38,1500,219.9,329850.0,"2026-04-28, 2:18:50:145 PM",2026042801087291
KBL,74,34,200,219.9,43980.0,"2026-04-28, 2:18:38:209 PM",2026042801087216
KBL,49,82,715,220.0,157300.0,"2026-04-28, 2:17:47:365 PM",2026042801086825
KBL,49,82,285,220.0,62700.0,"2026-04-28, 2:17:47:363 PM",2026042801086824
KBL,58,82,100,220.0,22000.0,"2026-04-28, 2:17:28:926 PM",2026042801086674
KBL,57,1,80,219.8,17584.0,"2026-04-28, 2:17:18:601 PM",2026042801086602
KBL,68,1,100,219.8,21980.0,"2026-04-28, 2:17:18:601 PM",2026042801086601
KBL,6,1,20,219.9,4398.0,"2026-04-28, 2:17:18:599 PM",2026042801086600
KBL,44,82,1000,220.0,220000.0,"2026-04-28, 2:16:51:428 PM",2026042801086397
KBL,45,82,1000,220.0,220000.0,"2026-04-28, 2:16:46:773 PM",2026042801086345
KBL,22,82,100,220.0,22000.0,"2026-04-28, 2:16:18:626 PM",2026042801086147
KBL,84,82,500,220.0,110000.0,"2026-04-28, 2:16:03:571 PM",2026042801086025
KBL,68,49,400,219.8,87920.0,"2026-04-28, 2:15:45:695 PM",2026042801085916
KBL,7,49,500,219.8,109900.0,"2026-04-28, 2:15:45:693 PM",2026042801085915
KBL,96,82,25,220.0,5500.0,"2026-04-28, 2:15:39:754 PM",2026042801085839
KBL,56,82,50,220.0,11000.0,"2026-04-28, 2:15:05:164 PM",2026042801085575
KBL,34,82,200,220.0,44000.0,"2026-04-28, 2:14:44:411 PM",2026042801085461
KBL,47,82,1000,220.0,220000.0,"2026-04-28, 2:14:28:368 PM",2026042801085312
KBL,4,82,100,220.0,22000.0,"2026-04-28, 2:14:04:207 PM",2026042801085137
KBL,35,82,40,220.0,8800.0,"2026-04-28, 2:13:08:457 PM",2026042801084675
KBL,58,82,20,220.0,4400.0,"2026-04-28, 2:12:20:023 PM",2026042801084326
KBL,21,82,50,220.0,11000.0,"2026-04-28, 2:11:54:921 PM",2026042801084152
KBL,58,82,450,220.0,99000.0,"2026-04-28, 2:11:18:380 PM",2026042801083911
KBL,45,58,1000,219.7,219700.0,"2026-04-28, 2:11:15:096 PM",2026042801083896
KBL,50,82,80,220.0,17600.0,"2026-04-28, 2:10:59:058 PM",2026042801083748
KBL,50,48,420,220.0,92400.0,"2026-04-28, 2:10:59:057 PM",2026042801083747
KBL,58,48,80,220.0,17600.0,"2026-04-28, 2:10:17:799 PM",2026042801083488
KBL,58,63,165,220.0,36300.0,"2026-04-28, 2:10:17:799 PM",2026042801083487
KBL,58,63,60,220.0,13200.0,"2026-04-28, 2:10:13:852 PM",2026042801083466
KBL,39,63,10,220.0,2200.0,"2026-04-28, 2:10:02:261 PM",2026042801083355
KBL,34,35,26,219.2,5699.2,"2026-04-28, 2:08:42:757 PM",2026042801082655
KBL,52,35,10,219.2,2192.0,"2026-04-28, 2:08:42:757 PM",2026042801082654
KBL,71,35,1000,219.2,219200.0,"2026-04-28, 2:08:42:756 PM",2026042801082653
KBL,50,35,100,219.3,21930.0,"2026-04-28, 2:08:42:756 PM",2026042801082652
KBL,45,35,1000,219.3,219300.0,"2026-04-28, 2:08:42:756 PM",2026042801082651
KBL,51,35,100,219.3,21930.0,"2026-04-28, 2:08:42:755 PM",2026042801082650
KBL,50,35,2000,219.3,438600.0,"2026-04-28, 2:08:42:755 PM",2026042801082649
KBL,52,35,10,219.3,2193.0,"2026-04-28, 2:08:42:754 PM",2026042801082648
KBL,58,35,1354,219.3,296932.2,"2026-04-28, 2:08:42:754 PM",2026042801082647
KBL,52,35,10,219.4,2194.0,"2026-04-28, 2:08:42:753 PM",2026042801082646
KBL,32,35,1000,219.4,219400.0,"2026-04-28, 2:08:42:753 PM",2026042801082645
KBL,53,35,300,219.4,65820.0,"2026-04-28, 2:08:42:753 PM",2026042801082644
KBL,38,35,40,219.4,8776.0,"2026-04-28, 2:08:42:752 PM",2026042801082643
KBL,59,35,1000,219.5,219500.0,"2026-04-28, 2:08:42:752 PM",2026042801082642
KBL,32,35,1000,219.5,219500.0,"2026-04-28, 2:08:42:751 PM",2026042801082641
KBL,33,35,1000,219.5,219500.0,"2026-04-28, 2:08:42:751 PM",2026042801082640
KBL,68,35,300,219.6,65880.0,"2026-04-28, 2:08:42:750 PM",2026042801082639
KBL,5,35,100,219.6,21960.0,"2026-04-28, 2:08:42:750 PM",2026042801082638
KBL,45,35,150,219.6,32940.0,"2026-04-28, 2:08:42:750 PM",2026042801082637
KBL,32,35,1000,219.7,219700.0,"2026-04-28, 2:08:42:749 PM",2026042801082636
KBL,33,63,100,220.0,22000.0,"2026-04-28, 2:08:41:920 PM",2026042801082624
KBL,42,63,100,220.0,22000.0,"2026-04-28, 2:08:28:005 PM",2026042801082503
KBL,58,63,50,220.0,11000.0,"2026-04-28, 2:08:26:657 PM",2026042801082499
KBL,34,63,388,220.0,85360.0,"2026-04-28, 2:08:18:808 PM",2026042801082445
KBL,34,58,10,220.0,2200.0,"2026-04-28, 2:08:18:808 PM",2026042801082444
KBL,34,41,50,220.0,11000.0,"2026-04-28, 2:08:18:807 PM",2026042801082443
KBL,34,82,552,220.0,121440.0,"2026-04-28, 2:08:18:807 PM",2026042801082442
KBL,34,82,35,220.0,7700.0,"2026-04-28, 2:08:10:369 PM",2026042801082363
KBL,25,82,100,220.0,22000.0,"2026-04-28, 2:07:52:098 PM",2026042801082223
KBL,52,82,100,220.0,22000.0,"2026-04-28, 2:07:48:434 PM",2026042801082197
KBL,42,82,200,220.0,44000.0,"2026-04-28, 2:07:18:898 PM",2026042801081976
KBL,45,82,25,220.0,5500.0,"2026-04-28, 2:07:05:780 PM",2026042801081890
KBL,26,82,100,220.0,22000.0,"2026-04-28, 2:06:53:832 PM",2026042801081813
KBL,45,82,50,220.0,11000.0,"2026-04-28, 2:06:51:041 PM",2026042801081789
KBL,32,82,1000,220.0,220000.0,"2026-04-28, 2:06:37:989 PM",2026042801081677
KBL,62,82,247,220.0,54340.0,"2026-04-28, 2:06:23:851 PM",2026042801081610
KBL,62,11,1000,220.0,220000.0,"2026-04-28, 2:06:23:849 PM",2026042801081609
KBL,62,35,205,220.0,45100.0,"2026-04-28, 2:06:23:848 PM",2026042801081608
KBL,62,1,25,220.0,5500.0,"2026-04-28, 2:06:23:847 PM",2026042801081607
KBL,62,10,523,219.9,115007.7,"2026-04-28, 2:06:23:845 PM",2026042801081606
KBL,58,10,100,219.9,21990.0,"2026-04-28, 2:05:54:572 PM",2026042801081463
KBL,58,10,200,219.9,43980.0,"2026-04-28, 2:05:17:444 PM",2026042801081247
KBL,48,10,177,219.9,38922.3,"2026-04-28, 2:05:07:481 PM",2026042801081173
KBL,48,10,123,219.9,27047.7,"2026-04-28, 2:05:07:479 PM",2026042801081172
KBL,75,10,85,219.9,18691.5,"2026-04-28, 2:04:52:087 PM",2026042801081081
KBL,38,83,60,219.4,13164.0,"2026-04-28, 2:04:35:444 PM",2026042801080874
KBL,42,83,20,219.5,4390.0,"2026-04-28, 2:04:35:443 PM",2026042801080873
KBL,58,83,20,219.5,4390.0,"2026-04-28, 2:04:35:441 PM",2026042801080872
KBL,33,10,10,219.9,2199.0,"2026-04-28, 2:04:09:601 PM",2026042801080716
KBL,58,58,146,219.3,32017.800000000003,"2026-04-28, 2:03:54:197 PM",2026042801080581
KBL,58,48,500,219.3,109650.0,"2026-04-28, 2:03:22:902 PM",2026042801080385
KBL,3,1,100,220.0,22000.0,"2026-04-28, 2:03:13:968 PM",2026042801080324
KBL,74,1,290,220.0,63800.0,"2026-04-28, 2:03:08:670 PM",2026042801080271
KBL,33,1,1000,220.0,220000.0,"2026-04-28, 2:02:23:632 PM",2026042801079943
KBL,11,3,95,219.1,20814.5,"2026-04-28, 2:00:16:728 PM",2026042801079177
KBL,74,3,75,219.1,16432.5,"2026-04-28, 2:00:16:728 PM",2026042801079176
KBL,52,3,10,219.2,2192.0,"2026-04-28, 2:00:16:727 PM",2026042801079175
KBL,52,3,200,219.2,43840.0,"2026-04-28, 2:00:16:727 PM",2026042801079174
KBL,45,3,30,219.2,6576.0,"2026-04-28, 2:00:16:726 PM",2026042801079173
KBL,17,3,490,219.3,107457.0,"2026-04-28, 2:00:16:726 PM",2026042801079172
KBL,74,3,100,219.8,21980.0,"2026-04-28, 2:00:16:725 PM",2026042801079171
KBL,45,48,400,219.2,87680.0,"2026-04-28, 1:58:02:799 PM",2026042801078231
KBL,5,48,100,219.7,21970.0,"2026-04-28, 1:58:02:797 PM",2026042801078230
KBL,58,58,390,219.8,85722.0,"2026-04-28, 1:57:59:726 PM",2026042801078207
KBL,21,58,100,219.8,21980.0,"2026-04-28, 1:57:47:072 PM",2026042801078139
KBL,45,3,70,219.2,15344.0,"2026-04-28, 1:57:41:261 PM",2026042801078100
KBL,11,3,50,219.5,10975.0,"2026-04-28, 1:57:41:259 PM",2026042801078099
KBL,36,3,50,219.5,10975.0,"2026-04-28, 1:57:41:258 PM",2026042801078098
KBL,57,3,100,219.5,21950.0,"2026-04-28, 1:57:41:257 PM",2026042801078097
KBL,13,3,200,219.5,43900.0,"2026-04-28, 1:57:41:256 PM",2026042801078096
KBL,53,3,50,219.7,10985.0,"2026-04-28, 1:57:41:254 PM",2026042801078095
KBL,52,3,10,219.7,2197.0,"2026-04-28, 1:57:41:253 PM",2026042801078094
KBL,29,3,70,219.7,15379.0,"2026-04-28, 1:57:41:252 PM",2026042801078093
KBL,52,58,10,219.8,2198.0,"2026-04-28, 1:57:14:203 PM",2026042801077932
KBL,1,58,500,219.8,109900.0,"2026-04-28, 1:57:14:202 PM",2026042801077931
KBL,49,1,25,220.0,5500.0,"2026-04-28, 1:57:05:386 PM",2026042801077862
KBL,6,1,20,220.0,4400.0,"2026-04-28, 1:56:44:213 PM",2026042801077721
KBL,81,1,40,220.0,8800.0,"2026-04-28, 1:56:43:332 PM",2026042801077718
KBL,13,82,1000,220.0,220000.0,"2026-04-28, 1:56:20:003 PM",2026042801077592
KBL,13,82,200,220.0,44000.0,"2026-04-28, 1:55:47:011 PM",2026042801077312
KBL,75,82,102,220.0,22440.0,"2026-04-28, 1:54:57:087 PM",2026042801076983
KBL,45,82,250,220.0,55000.0,"2026-04-28, 1:54:52:856 PM",2026042801076964
KBL,89,82,10,220.0,2200.0,"2026-04-28, 1:54:52:567 PM",2026042801076961
KBL,58,82,60,220.0,13200.0,"2026-04-28, 1:54:49:452 PM",2026042801076942
KBL,13,82,100,220.0,22000.0,"2026-04-28, 1:54:18:878 PM",2026042801076680
KBL,33,82,1000,220.0,220000.0,"2026-04-28, 1:54:18:876 PM",2026042801076679
KBL,65,82,3172,220.0,697840.0,"2026-04-28, 1:53:53:139 PM",2026042801076576
KBL,65,42,786,220.0,172920.0,"2026-04-28, 1:53:53:138 PM",2026042801076575
KBL,65,42,42,220.0,9240.0,"2026-04-28, 1:53:53:137 PM",2026042801076574
KBL,33,42,11,220.0,2420.0,"2026-04-28, 1:53:25:143 PM",2026042801076410
KBL,29,49,30,219.7,6591.0,"2026-04-28, 1:53:01:821 PM",2026042801076315
KBL,58,42,60,220.0,13200.0,"2026-04-28, 1:52:53:886 PM",2026042801076272
KBL,33,42,1000,220.0,220000.0,"2026-04-28, 1:51:28:765 PM",2026042801075683
KBL,11,42,50,220.0,11000.0,"2026-04-28, 1:51:14:242 PM",2026042801075603
KBL,8,42,200,220.0,44000.0,"2026-04-28, 1:51:01:669 PM",2026042801075535
KBL,65,42,500,220.0,110000.0,"2026-04-28, 1:50:44:194 PM",2026042801075433
KBL,13,42,200,220.0,44000.0,"2026-04-28, 1:50:11:060 PM",2026042801075279
KBL,16,42,179,220.0,39380.0,"2026-04-28, 1:49:02:864 PM",2026042801074906
KBL,7,35,622,219.0,136218.0,"2026-04-28, 1:48:13:094 PM",2026042801074665
KBL,33,35,200,219.0,43800.0,"2026-04-28, 1:48:13:094 PM",2026042801074664
KBL,49,35,46,219.0,10074.0,"2026-04-28, 1:48:13:094 PM",2026042801074663
KBL,60,35,200,219.0,43800.0,"2026-04-28, 1:48:13:093 PM",2026042801074662
KBL,17,35,100,219.0,21900.0,"2026-04-28, 1:48:13:093 PM",2026042801074661
KBL,46,35,777,219.0,170163.0,"2026-04-28, 1:48:13:093 PM",2026042801074660
KBL,101,35,1000,219.0,219000.0,"2026-04-28, 1:48:13:092 PM",2026042801074659
KBL,67,35,1000,219.0,219000.0,"2026-04-28, 1:48:13:092 PM",2026042801074658
KBL,39,35,120,219.0,26280.0,"2026-04-28, 1:48:13:092 PM",2026042801074657
KBL,34,35,800,219.0,175200.0,"2026-04-28, 1:48:13:091 PM",2026042801074656
KBL,16,35,200,219.0,43800.0,"2026-04-28, 1:48:13:091 PM",2026042801074655
KBL,44,35,20,219.0,4380.0,"2026-04-28, 1:48:13:090 PM",2026042801074654
KBL,37,35,500,219.0,109500.0,"2026-04-28, 1:48:13:090 PM",2026042801074653
KBL,53,35,100,219.0,21900.0,"2026-04-28, 1:48:13:090 PM",2026042801074652
KBL,53,35,505,219.0,110595.0,"2026-04-28, 1:48:13:089 PM",2026042801074651
KBL,13,35,100,219.0,21900.0,"2026-04-28, 1:48:13:089 PM",2026042801074650
KBL,58,35,2000,219.0,438000.0,"2026-04-28, 1:48:13:089 PM",2026042801074649
KBL,45,35,2000,219.0,438000.0,"2026-04-28, 1:48:13:088 PM",2026042801074648
KBL,44,35,2000,219.1,438200.0,"2026-04-28, 1:48:13:088 PM",2026042801074647
KBL,53,35,50,219.1,10955.0,"2026-04-28, 1:48:13:088 PM",2026042801074646
KBL,58,35,500,219.1,109550.0,"2026-04-28, 1:48:13:087 PM",2026042801074645
KBL,5,35,300,219.1,65730.0,"2026-04-28, 1:48:13:087 PM",2026042801074644
KBL,53,35,50,219.1,10955.0,"2026-04-28, 1:48:13:086 PM",2026042801074643
KBL,18,35,300,219.1,65730.0,"2026-04-28, 1:48:13:086 PM",2026042801074642
KBL,52,35,10,219.1,2191.0,"2026-04-28, 1:48:13:086 PM",2026042801074641
KBL,52,35,100,219.1,21910.0,"2026-04-28, 1:48:13:085 PM",2026042801074640
KBL,21,35,255,219.1,55870.5,"2026-04-28, 1:48:13:084 PM",2026042801074639
KBL,34,35,25,219.1,5477.5,"2026-04-28, 1:48:13:083 PM",2026042801074638
KBL,38,35,225,219.2,49320.0,"2026-04-28, 1:48:13:081 PM",2026042801074637
KBL,38,35,500,219.2,109600.0,"2026-04-28, 1:48:13:080 PM",2026042801074636
KBL,21,35,5000,219.5,1097500.0,"2026-04-28, 1:48:13:079 PM",2026042801074635
KBL,46,35,45,219.5,9877.5,"2026-04-28, 1:48:13:078 PM",2026042801074634
KBL,89,35,300,219.6,65880.0,"2026-04-28, 1:48:13:077 PM",2026042801074633
KBL,41,35,10,219.6,2196.0,"2026-04-28, 1:48:13:076 PM",2026042801074632
KBL,13,35,40,219.6,8784.0,"2026-04-28, 1:48:13:074 PM",2026042801074631
KBL,94,42,20,220.0,4400.0,"2026-04-28, 1:47:09:849 PM",2026042801074300
KBL,58,42,90,220.0,19800.0,"2026-04-28, 1:47:09:654 PM",2026042801074299
KBL,17,42,1511,220.0,332420.0,"2026-04-28, 1:46:46:359 PM",2026042801074167
KBL,17,34,489,219.9,107531.1,"2026-04-28, 1:46:46:357 PM",2026042801074166
KBL,57,42,100,220.0,22000.0,"2026-04-28, 1:46:33:826 PM",2026042801074114
KBL,42,42,50,220.0,11000.0,"2026-04-28, 1:46:19:605 PM",2026042801074035
KBL,13,42,20,220.0,4400.0,"2026-04-28, 1:46:19:604 PM",2026042801074034
KBL,32,42,100,220.0,22000.0,"2026-04-28, 1:46:19:603 PM",2026042801074033
KBL,38,42,50,220.0,11000.0,"2026-04-28, 1:46:19:602 PM",2026042801074032
KBL,13,42,50,220.0,11000.0,"2026-04-28, 1:46:19:601 PM",2026042801074031
KBL,34,42,1000,220.0,220000.0,"2026-04-28, 1:46:19:600 PM",2026042801074030
KBL,42,42,767,220.0,168740.0,"2026-04-28, 1:46:19:598 PM",2026042801074029
KBL,42,62,233,220.0,51260.0,"2026-04-28, 1:46:02:332 PM",2026042801073955
KBL,42,62,100,220.0,22000.0,"2026-04-28, 1:46:02:331 PM",2026042801073954
KBL,37,62,636,220.0,139920.0,"2026-04-28, 1:46:02:330 PM",2026042801073953
KBL,11,62,200,220.1,44020.0,"2026-04-28, 1:46:02:329 PM",2026042801073952
KBL,38,34,11,220.4,2424.4,"2026-04-28, 1:45:21:582 PM",2026042801073728
KBL,17,54,455,220.2,100191.0,"2026-04-28, 1:45:01:853 PM",2026042801073640
KBL,37,48,464,220.0,102080.0,"2026-04-28, 1:44:45:800 PM",2026042801073562
KBL,56,48,26,220.1,5722.599999999999,"2026-04-28, 1:44:45:799 PM",2026042801073561
KBL,28,54,35,220.2,7707.0,"2026-04-28, 1:44:39:234 PM",2026042801073533
KBL,13,54,10,220.2,2202.0,"2026-04-28, 1:44:06:266 PM",2026042801073349
KBL,75,82,1000,220.5,220500.0,"2026-04-28, 1:43:11:699 PM",2026042801073027
KBL,32,82,20,220.5,4410.0,"2026-04-28, 1:43:05:163 PM",2026042801073003
KBL,32,82,20,220.5,4410.0,"2026-04-28, 1:42:52:912 PM",2026042801072959
KBL,32,82,20,220.5,4410.0,"2026-04-28, 1:42:40:214 PM",2026042801072909
KBL,26,82,20,220.5,4410.0,"2026-04-28, 1:42:24:413 PM",2026042801072835
KBL,37,48,900,220.0,198000.0,"2026-04-28, 1:42:00:411 PM",2026042801072668
KBL,57,48,100,220.1,22010.0,"2026-04-28, 1:42:00:410 PM",2026042801072667
KBL,32,82,400,220.5,88200.0,"2026-04-28, 1:41:47:332 PM",2026042801072606
KBL,38,82,300,220.5,66150.0,"2026-04-28, 1:41:37:545 PM",2026042801072578
KBL,14,82,44,220.5,9702.0,"2026-04-28, 1:40:58:831 PM",2026042801072411
KBL,25,85,100,221.0,22100.0,"2026-04-28, 1:40:06:690 PM",2026042801072194
KBL,34,4,475,219.1,104072.5,"2026-04-28, 1:39:58:670 PM",2026042801072165
KBL,74,4,2000,219.1,438200.0,"2026-04-28, 1:39:58:670 PM",2026042801072164
KBL,58,4,100,219.1,21910.0,"2026-04-28, 1:39:58:669 PM",2026042801072163
KBL,87,4,2000,219.3,438600.0,"2026-04-28, 1:39:58:669 PM",2026042801072162
KBL,57,4,5000,219.4,1097000.0,"2026-04-28, 1:39:58:668 PM",2026042801072161
KBL,57,4,30,219.5,6585.0,"2026-04-28, 1:39:58:667 PM",2026042801072160
KBL,53,4,50,219.5,10975.0,"2026-04-28, 1:39:58:666 PM",2026042801072159
KBL,32,4,100,219.5,21950.0,"2026-04-28, 1:39:58:665 PM",2026042801072158
KBL,38,4,200,219.5,43900.0,"2026-04-28, 1:39:58:664 PM",2026042801072157
KBL,51,4,250,219.5,54875.0,"2026-04-28, 1:39:58:663 PM",2026042801072156
KBL,57,4,500,220.0,110000.0,"2026-04-28, 1:39:58:662 PM",2026042801072155
KBL,43,4,50,220.0,11000.0,"2026-04-28, 1:39:58:661 PM",2026042801072154
KBL,94,4,245,220.0,53900.0,"2026-04-28, 1:39:58:660 PM",2026042801072153
KBL,3,85,217,221.0,47957.0,"2026-04-28, 1:39:40:680 PM",2026042801072097
KBL,94,82,255,220.0,56100.0,"2026-04-28, 1:39:30:657 PM",2026042801072059
KBL,25,82,100,220.0,22000.0,"2026-04-28, 1:39:30:656 PM",2026042801072058
KBL,57,82,1000,220.0,220000.0,"2026-04-28, 1:39:30:655 PM",2026042801072057
KBL,57,82,50,220.0,11000.0,"2026-04-28, 1:39:30:654 PM",2026042801072056
KBL,45,82,215,220.0,47300.0,"2026-04-28, 1:39:30:653 PM",2026042801072055
KBL,44,82,2000,220.0,440000.0,"2026-04-28, 1:39:30:652 PM",2026042801072054
KBL,13,82,390,220.0,85800.0,"2026-04-28, 1:39:30:651 PM",2026042801072053
KBL,22,82,900,220.1,198090.0,"2026-04-28, 1:39:30:650 PM",2026042801072052
KBL,21,82,90,220.1,19809.0,"2026-04-28, 1:39:30:649 PM",2026042801072051
KBL,13,49,500,220.0,110000.0,"2026-04-28, 1:38:46:582 PM",2026042801071885
KBL,13,42,110,220.0,24200.0,"2026-04-28, 1:38:20:718 PM",2026042801071749
KBL,57,82,5000,220.0,1100000.0,"2026-04-28, 1:37:25:013 PM",2026042801071467
KBL,35,82,18,220.0,3960.0,"2026-04-28, 1:36:54:444 PM",2026042801071284
KBL,58,82,10,220.0,2200.0,"2026-04-28, 1:36:44:762 PM",2026042801071248
KBL,17,82,20,220.0,4400.0,"2026-04-28, 1:36:29:785 PM",2026042801071167
KBL,50,82,100,220.0,22000.0,"2026-04-28, 1:36:26:727 PM",2026042801071156
KBL,52,82,10,220.0,2200.0,"2026-04-28, 1:36:26:712 PM",2026042801071155
KBL,94,82,1000,220.0,220000.0,"2026-04-28, 1:36:16:813 PM",2026042801071105
KBL,58,82,100,220.0,22000.0,"2026-04-28, 1:36:16:812 PM",2026042801071104
KBL,45,82,200,220.0,44000.0,"2026-04-28, 1:36:16:812 PM",2026042801071103
KBL,16,82,100,220.0,22000.0,"2026-04-28, 1:36:16:812 PM",2026042801071102
KBL,42,82,40,220.0,8800.0,"2026-04-28, 1:36:16:811 PM",2026042801071101
KBL,65,82,300,220.0,66000.0,"2026-04-28, 1:36:16:811 PM",2026042801071100
KBL,58,82,360,220.0,79200.0,"2026-04-28, 1:36:16:811 PM",2026042801071099
KBL,52,82,90,220.0,19800.0,"2026-04-28, 1:36:16:810 PM",2026042801071098
KBL,94,82,20,220.0,4400.0,"2026-04-28, 1:36:16:810 PM",2026042801071097
KBL,32,82,100,220.0,22000.0,"2026-04-28, 1:36:16:810 PM",2026042801071096
KBL,32,82,7000,220.0,1540000.0,"2026-04-28, 1:36:16:809 PM",2026042801071095
KBL,11,82,50,220.0,11000.0,"2026-04-28, 1:36:16:809 PM",2026042801071094
KBL,90,82,100,220.0,22000.0,"2026-04-28, 1:36:16:809 PM",2026042801071093
KBL,32,82,50,220.0,11000.0,"2026-04-28, 1:36:16:808 PM",2026042801071092
KBL,58,82,358,220.0,78760.0,"2026-04-28, 1:36:16:808 PM",2026042801071091
KBL,58,82,40,220.0,8800.0,"2026-04-28, 1:36:16:808 PM",2026042801071090
KBL,45,82,30,220.0,6600.0,"2026-04-28, 1:36:16:807 PM",2026042801071089
KBL,65,82,2000,220.0,440000.0,"2026-04-28, 1:36:16:807 PM",2026042801071088
KBL,50,82,2000,220.0,440000.0,"2026-04-28, 1:36:16:807 PM",2026042801071087
KBL,57,82,500,220.0,110000.0,"2026-04-28, 1:36:16:806 PM",2026042801071086
KBL,4,82,26,220.0,5720.0,"2026-04-28, 1:36:16:806 PM",2026042801071085
KBL,34,82,300,220.0,66000.0,"2026-04-28, 1:36:16:806 PM",2026042801071084
KBL,4,82,14,220.0,3080.0,"2026-04-28, 1:36:16:805 PM",2026042801071083
KBL,58,82,10,220.0,2200.0,"2026-04-28, 1:36:16:805 PM",2026042801071082
KBL,8,82,10,220.0,2200.0,"2026-04-28, 1:36:16:805 PM",2026042801071081
KBL,41,82,250,220.0,55000.0,"2026-04-28, 1:36:16:804 PM",2026042801071080
KBL,47,82,680,220.0,149600.0,"2026-04-28, 1:36:16:804 PM",2026042801071079
KBL,58,82,22,220.0,4840.0,"2026-04-28, 1:36:16:803 PM",2026042801071078
KBL,72,82,1000,220.0,220000.0,"2026-04-28, 1:36:16:803 PM",2026042801071077
KBL,3,82,50,220.0,11000.0,"2026-04-28, 1:36:16:803 PM",2026042801071076
KBL,32,82,250,220.0,55000.0,"2026-04-28, 1:36:16:802 PM",2026042801071075
KBL,17,82,20,220.0,4400.0,"2026-04-28, 1:36:16:802 PM",2026042801071074
KBL,34,82,500,220.0,110000.0,"2026-04-28, 1:36:16:802 PM",2026042801071073
KBL,22,82,1000,220.0,220000.0,"2026-04-28, 1:36:16:801 PM",2026042801071072
KBL,57,82,100,220.0,22000.0,"2026-04-28, 1:36:16:801 PM",2026042801071071
KBL,74,82,500,220.0,110000.0,"2026-04-28, 1:36:16:801 PM",2026042801071070
KBL,74,82,500,220.0,110000.0,"2026-04-28, 1:36:16:800 PM",2026042801071069
KBL,43,82,100,220.0,22000.0,"2026-04-28, 1:36:16:800 PM",2026042801071068
KBL,58,82,10,220.0,2200.0,"2026-04-28, 1:36:16:800 PM",2026042801071067
KBL,83,82,500,220.0,110000.0,"2026-04-28, 1:36:16:799 PM",2026042801071066
KBL,49,82,200,220.0,44000.0,"2026-04-28, 1:36:16:799 PM",2026042801071065
KBL,16,82,1000,220.0,220000.0,"2026-04-28, 1:36:16:799 PM",2026042801071064
KBL,58,82,10,220.0,2200.0,"2026-04-28, 1:36:16:798 PM",2026042801071063
KBL,59,82,10,220.0,2200.0,"2026-04-28, 1:36:16:798 PM",2026042801071062
KBL,42,82,550,220.0,121000.0,"2026-04-28, 1:36:16:797 PM",2026042801071061
KBL,42,82,200,220.0,44000.0,"2026-04-28, 1:36:16:797 PM",2026042801071060
KBL,35,82,225,220.0,49500.0,"2026-04-28, 1:36:16:797 PM",2026042801071059
KBL,34,82,50,220.0,11000.0,"2026-04-28, 1:36:16:796 PM",2026042801071058
KBL,39,82,220,220.0,48400.0,"2026-04-28, 1:36:16:796 PM",2026042801071057
KBL,94,82,100,220.0,22000.0,"2026-04-28, 1:36:16:796 PM",2026042801071056
KBL,57,82,1000,220.0,220000.0,"2026-04-28, 1:36:16:795 PM",2026042801071055
KBL,26,82,1000,220.0,220000.0,"2026-04-28, 1:36:16:795 PM",2026042801071054
KBL,36,82,50,220.0,11000.0,"2026-04-28, 1:36:16:795 PM",2026042801071053
KBL,17,82,35,220.0,7700.0,"2026-04-28, 1:36:16:794 PM",2026042801071052
KBL,11,82,50,220.0,11000.0,"2026-04-28, 1:36:16:794 PM",2026042801071051
KBL,70,82,1000,220.0,220000.0,"2026-04-28, 1:36:16:793 PM",2026042801071050
KBL,48,82,100,220.0,22000.0,"2026-04-28, 1:36:16:793 PM",2026042801071049
KBL,42,82,300,220.0,66000.0,"2026-04-28, 1:36:16:793 PM",2026042801071048
KBL,39,82,250,220.0,55000.0,"2026-04-28, 1:36:16:792 PM",2026042801071047
KBL,89,82,200,220.0,44000.0,"2026-04-28, 1:36:16:792 PM",2026042801071046
KBL,58,82,500,220.0,110000.0,"2026-04-28, 1:36:16:792 PM",2026042801071045
KBL,58,82,130,220.0,28600.0,"2026-04-28, 1:36:16:791 PM",2026042801071044
KBL,58,82,33,220.0,7260.0,"2026-04-28, 1:36:16:791 PM",2026042801071043
KBL,53,82,100,220.0,22000.0,"2026-04-28, 1:36:16:790 PM",2026042801071042
KBL,58,82,100,220.0,22000.0,"2026-04-28, 1:36:16:790 PM",2026042801071041
KBL,35,82,50,220.0,11000.0,"2026-04-28, 1:36:16:790 PM",2026042801071040
KBL,58,82,500,220.0,110000.0,"2026-04-28, 1:36:16:789 PM",2026042801071039
KBL,59,82,1000,220.0,220000.0,"2026-04-28, 1:36:16:789 PM",2026042801071038
KBL,90,82,20,220.0,4400.0,"2026-04-28, 1:36:16:788 PM",2026042801071037
KBL,56,82,500,220.0,110000.0,"2026-04-28, 1:36:16:788 PM",2026042801071036
KBL,58,82,225,220.0,49500.0,"2026-04-28, 1:36:16:788 PM",2026042801071035
KBL,52,82,500,220.0,110000.0,"2026-04-28, 1:36:16:787 PM",2026042801071034
KBL,16,82,25,220.0,5500.0,"2026-04-28, 1:36:16:787 PM",2026042801071033
KBL,39,82,100,220.0,22000.0,"2026-04-28, 1:36:16:786 PM",2026042801071032
KBL,68,82,500,220.0,110000.0,"2026-04-28, 1:36:16:786 PM",2026042801071031
KBL,60,82,200,220.0,44000.0,"2026-04-28, 1:36:16:786 PM",2026042801071030
KBL,17,82,50,220.0,11000.0,"2026-04-28, 1:36:16:785 PM",2026042801071029
KBL,8,82,500,220.0,110000.0,"2026-04-28, 1:36:16:785 PM",2026042801071028
KBL,58,82,30,220.0,6600.0,"2026-04-28, 1:36:16:784 PM",2026042801071027
KBL,58,82,10,220.0,2200.0,"2026-04-28, 1:36:16:784 PM",2026042801071026
KBL,44,82,10,220.0,2200.0,"2026-04-28, 1:36:16:784 PM",2026042801071025
KBL,52,82,100,220.0,22000.0,"2026-04-28, 1:36:16:783 PM",2026042801071024
KBL,42,82,100,220.0,22000.0,"2026-04-28, 1:36:16:783 PM",2026042801071023
KBL,101,82,2000,220.0,440000.0,"2026-04-28, 1:36:16:782 PM",2026042801071022
KBL,16,82,1000,220.0,220000.0,"2026-04-28, 1:36:16:782 PM",2026042801071021
KBL,44,82,10,220.0,2200.0,"2026-04-28, 1:36:16:782 PM",2026042801071020
KBL,57,82,1000,220.0,220000.0,"2026-04-28, 1:36:16:781 PM",2026042801071019
KBL,52,82,10,220.0,2200.0,"2026-04-28, 1:36:16:781 PM",2026042801071018
KBL,7,82,500,220.0,110000.0,"2026-04-28, 1:36:16:780 PM",2026042801071017
KBL,59,82,70,220.0,15400.0,"2026-04-28, 1:36:16:780 PM",2026042801071016
KBL,26,82,200,220.0,44000.0,"2026-04-28, 1:36:16:779 PM",2026042801071015
KBL,44,82,500,220.0,110000.0,"2026-04-28, 1:36:16:779 PM",2026042801071014
KBL,52,82,30,220.0,6600.0,"2026-04-28, 1:36:16:779 PM",2026042801071013
KBL,49,82,50,220.0,11000.0,"2026-04-28, 1:36:16:778 PM",2026042801071012
KBL,11,82,100,220.0,22000.0,"2026-04-28, 1:36:16:778 PM",2026042801071011
KBL,10,82,2000,220.0,440000.0,"2026-04-28, 1:36:16:777 PM",2026042801071010
KBL,50,82,909,220.0,199980.0,"2026-04-28, 1:36:16:777 PM",2026042801071009
KBL,58,82,40,220.0,8800.0,"2026-04-28, 1:36:16:776 PM",2026042801071008
KBL,34,82,10,220.0,2200.0,"2026-04-28, 1:36:16:776 PM",2026042801071007
KBL,58,82,100,220.0,22000.0,"2026-04-28, 1:36:16:775 PM",2026042801071006
KBL,43,82,100,220.0,22000.0,"2026-04-28, 1:36:16:775 PM",2026042801071005
KBL,34,82,1000,220.0,220000.0,"2026-04-28, 1:36:16:775 PM",2026042801071004
KBL,45,82,200,220.0,44000.0,"2026-04-28, 1:36:16:774 PM",2026042801071003
KBL,16,82,1000,220.0,220000.0,"2026-04-28, 1:36:16:774 PM",2026042801071002
KBL,57,82,500,220.0,110000.0,"2026-04-28, 1:36:16:773 PM",2026042801071001
KBL,16,82,230,220.0,50600.0,"2026-04-28, 1:36:16:773 PM",2026042801071000
KBL,58,82,50,220.0,11000.0,"2026-04-28, 1:36:16:772 PM",2026042801070999
KBL,17,82,200,220.0,44000.0,"2026-04-28, 1:36:16:772 PM",2026042801070998
KBL,36,82,200,220.1,44020.0,"2026-04-28, 1:36:16:771 PM",2026042801070997
KBL,96,82,25,220.1,5502.5,"2026-04-28, 1:36:16:771 PM",2026042801070996
KBL,74,82,300,220.1,66030.0,"2026-04-28, 1:36:16:770 PM",2026042801070995
KBL,74,82,1000,220.1,220100.0,"2026-04-28, 1:36:16:770 PM",2026042801070994
KBL,34,82,50,220.1,11005.0,"2026-04-28, 1:36:16:770 PM",2026042801070993
KBL,74,82,1000,220.1,220100.0,"2026-04-28, 1:36:16:769 PM",2026042801070992
KBL,87,82,1000,220.1,220100.0,"2026-04-28, 1:36:16:769 PM",2026042801070991
KBL,99,82,1000,220.1,220100.0,"2026-04-28, 1:36:16:768 PM",2026042801070990
KBL,42,82,100,220.1,22010.0,"2026-04-28, 1:36:16:768 PM",2026042801070989
KBL,34,82,50,220.2,11010.0,"2026-04-28, 1:36:16:767 PM",2026042801070988
KBL,48,82,500,220.2,110100.0,"2026-04-28, 1:36:16:767 PM",2026042801070987
KBL,58,82,2000,220.2,440400.0,"2026-04-28, 1:36:16:766 PM",2026042801070986
KBL,58,82,1000,220.3,220300.0,"2026-04-28, 1:36:16:764 PM",2026042801070985
KBL,57,82,5000,220.3,1101500.0,"2026-04-28, 1:36:16:763 PM",2026042801070984
KBL,46,82,30,220.6,6618.0,"2026-04-28, 1:36:16:762 PM",2026042801070983
KBL,34,82,50,220.6,11030.0,"2026-04-28, 1:36:16:760 PM",2026042801070982
KBL,52,85,10,221.0,2210.0,"2026-04-28, 1:35:59:516 PM",2026042801070920
KBL,45,85,10,221.0,2210.0,"2026-04-28, 1:35:59:515 PM",2026042801070919
KBL,87,85,250,221.0,55250.0,"2026-04-28, 1:35:59:515 PM",2026042801070918
KBL,6,85,586,221.0,129506.0,"2026-04-28, 1:35:59:514 PM",2026042801070917
KBL,71,85,40,221.1,8844.0,"2026-04-28, 1:35:59:513 PM",2026042801070916
KBL,54,3,400,221.8,88720.0,"2026-04-28, 1:35:58:115 PM",2026042801070910
KBL,54,40,100,221.8,22180.0,"2026-04-28, 1:35:51:595 PM",2026042801070891
KBL,6,54,10,221.0,2210.0,"2026-04-28, 1:35:45:893 PM",2026042801070864
KBL,48,82,1800,221.9,399420.0,"2026-04-28, 1:35:25:646 PM",2026042801070783
KBL,48,38,200,221.9,44380.0,"2026-04-28, 1:35:09:544 PM",2026042801070735
KBL,25,94,100,222.0,22200.0,"2026-04-28, 1:34:49:128 PM",2026042801070639
KBL,6,89,404,221.0,89284.0,"2026-04-28, 1:34:40:290 PM",2026042801070605
KBL,13,89,1000,221.0,221000.0,"2026-04-28, 1:34:40:290 PM",2026042801070604
KBL,49,89,300,221.0,66300.0,"2026-04-28, 1:34:40:289 PM",2026042801070603
KBL,33,89,2000,221.0,442000.0,"2026-04-28, 1:34:40:289 PM",2026042801070602
KBL,63,89,50,221.0,11050.0,"2026-04-28, 1:34:40:288 PM",2026042801070601
KBL,42,89,200,221.0,44200.0,"2026-04-28, 1:34:40:288 PM",2026042801070600
KBL,42,89,1000,221.0,221000.0,"2026-04-28, 1:34:40:287 PM",2026042801070599
KBL,51,89,200,221.0,44200.0,"2026-04-28, 1:34:40:287 PM",2026042801070598
KBL,3,89,1000,221.0,221000.0,"2026-04-28, 1:34:40:286 PM",2026042801070597
KBL,57,89,1000,221.0,221000.0,"2026-04-28, 1:34:40:286 PM",2026042801070596
KBL,58,89,500,221.0,110500.0,"2026-04-28, 1:34:40:286 PM",2026042801070595
KBL,6,89,200,221.0,44200.0,"2026-04-28, 1:34:40:285 PM",2026042801070594
KBL,6,89,300,221.0,66300.0,"2026-04-28, 1:34:40:285 PM",2026042801070593
KBL,42,89,200,221.0,44200.0,"2026-04-28, 1:34:40:284 PM",2026042801070592
KBL,35,89,100,221.0,22100.0,"2026-04-28, 1:34:40:284 PM",2026042801070591
KBL,45,89,100,221.0,22100.0,"2026-04-28, 1:34:40:283 PM",2026042801070590
KBL,57,89,1000,221.0,221000.0,"2026-04-28, 1:34:40:283 PM",2026042801070589
KBL,54,89,100,221.0,22100.0,"2026-04-28, 1:34:40:282 PM",2026042801070588
KBL,14,89,100,221.0,22100.0,"2026-04-28, 1:34:40:282 PM",2026042801070587
KBL,1,89,2000,221.0,442000.0,"2026-04-28, 1:34:40:281 PM",2026042801070586
KBL,54,89,362,221.0,80002.0,"2026-04-28, 1:34:40:281 PM",2026042801070585
KBL,11,89,50,221.0,11050.0,"2026-04-28, 1:34:40:280 PM",2026042801070584
KBL,32,89,250,221.0,55250.0,"2026-04-28, 1:34:40:280 PM",2026042801070583
KBL,43,89,100,221.0,22100.0,"2026-04-28, 1:34:40:280 PM",2026042801070582
KBL,53,89,100,221.0,22100.0,"2026-04-28, 1:34:40:279 PM",2026042801070581
KBL,48,89,20,221.0,4420.0,"2026-04-28, 1:34:40:279 PM",2026042801070580
KBL,22,89,100,221.0,22100.0,"2026-04-28, 1:34:40:278 PM",2026042801070579
KBL,11,89,2000,221.0,442000.0,"2026-04-28, 1:34:40:278 PM",2026042801070578
KBL,57,89,20,221.0,4420.0,"2026-04-28, 1:34:40:277 PM",2026042801070577
KBL,50,89,100,221.0,22100.0,"2026-04-28, 1:34:40:277 PM",2026042801070576
KBL,16,89,500,221.0,110500.0,"2026-04-28, 1:34:40:276 PM",2026042801070575
KBL,26,89,216,221.0,47736.0,"2026-04-28, 1:34:40:276 PM",2026042801070574
KBL,10,89,100,221.0,22100.0,"2026-04-28, 1:34:40:275 PM",2026042801070573
KBL,11,89,50,221.0,11050.0,"2026-04-28, 1:34:40:275 PM",2026042801070572
KBL,47,89,10,221.0,2210.0,"2026-04-28, 1:34:40:274 PM",2026042801070571
KBL,49,89,300,221.0,66300.0,"2026-04-28, 1:34:40:274 PM",2026042801070570
KBL,57,89,1000,221.0,221000.0,"2026-04-28, 1:34:40:273 PM",2026042801070569
KBL,69,89,500,221.0,110500.0,"2026-04-28, 1:34:40:273 PM",2026042801070568
KBL,35,89,50,221.0,11050.0,"2026-04-28, 1:34:40:272 PM",2026042801070567
KBL,43,89,500,221.0,110500.0,"2026-04-28, 1:34:40:272 PM",2026042801070566
KBL,1,89,453,221.0,100113.0,"2026-04-28, 1:34:40:271 PM",2026042801070565
KBL,35,89,100,221.0,22100.0,"2026-04-28, 1:34:40:271 PM",2026042801070564
KBL,42,89,105,221.0,23205.0,"2026-04-28, 1:34:40:270 PM",2026042801070563
KBL,52,89,10,221.0,2210.0,"2026-04-28, 1:34:40:270 PM",2026042801070562
KBL,57,89,1000,221.0,221000.0,"2026-04-28, 1:34:40:270 PM",2026042801070561
KBL,29,89,150,221.0,33150.0,"2026-04-28, 1:34:40:269 PM",2026042801070560
KBL,1,89,200,221.0,44200.0,"2026-04-28, 1:34:40:269 PM",2026042801070559
KBL,57,89,222,221.0,49062.0,"2026-04-28, 1:34:40:268 PM",2026042801070558
KBL,50,89,200,221.0,44200.0,"2026-04-28, 1:34:40:268 PM",2026042801070557
KBL,26,89,50,221.1,11055.0,"2026-04-28, 1:34:40:267 PM",2026042801070556
KBL,4,89,500,221.2,110600.0,"2026-04-28, 1:34:40:267 PM",2026042801070555
KBL,48,89,500,221.2,110600.0,"2026-04-28, 1:34:40:266 PM",2026042801070554
KBL,52,89,10,221.3,2213.0,"2026-04-28, 1:34:40:266 PM",2026042801070553
KBL,58,89,250,221.3,55325.0,"2026-04-28, 1:34:40:265 PM",2026042801070552
KBL,32,89,250,221.4,55350.0,"2026-04-28, 1:34:40:265 PM",2026042801070551
KBL,52,89,10,221.4,2214.0,"2026-04-28, 1:34:40:264 PM",2026042801070550
KBL,57,89,50,221.4,11070.0,"2026-04-28, 1:34:40:264 PM",2026042801070549
KBL,72,89,1000,221.4,221400.0,"2026-04-28, 1:34:40:263 PM",2026042801070548
KBL,72,89,1000,221.4,221400.0,"2026-04-28, 1:34:40:263 PM",2026042801070547
KBL,25,89,100,221.5,22150.0,"2026-04-28, 1:34:40:262 PM",2026042801070546
KBL,49,89,135,221.5,29902.5,"2026-04-28, 1:34:40:262 PM",2026042801070545
KBL,94,89,70,221.5,15505.0,"2026-04-28, 1:34:40:261 PM",2026042801070544
KBL,53,89,50,221.5,11075.0,"2026-04-28, 1:34:40:261 PM",2026042801070543
KBL,52,89,10,221.5,2215.0,"2026-04-28, 1:34:40:260 PM",2026042801070542
KBL,34,89,100,221.5,22150.0,"2026-04-28, 1:34:40:260 PM",2026042801070541
KBL,47,89,2000,221.5,443000.0,"2026-04-28, 1:34:40:259 PM",2026042801070540
KBL,57,89,1000,221.5,221500.0,"2026-04-28, 1:34:40:259 PM",2026042801070539
KBL,58,89,20,221.5,4430.0,"2026-04-28, 1:34:40:258 PM",2026042801070538
KBL,34,89,20,221.5,4430.0,"2026-04-28, 1:34:40:258 PM",2026042801070537
KBL,53,89,50,221.6,11080.0,"2026-04-28, 1:34:40:257 PM",2026042801070536
KBL,48,89,500,221.6,110800.0,"2026-04-28, 1:34:40:257 PM",2026042801070535
KBL,34,89,322,221.6,71355.2,"2026-04-28, 1:34:40:256 PM",2026042801070534
KBL,34,89,50,221.6,11080.0,"2026-04-28, 1:34:40:256 PM",2026042801070533
KBL,52,89,10,221.6,2216.0,"2026-04-28, 1:34:40:255 PM",2026042801070532
KBL,42,89,211,221.6,46757.6,"2026-04-28, 1:34:40:255 PM",2026042801070531
KBL,44,89,2000,221.7,443400.0,"2026-04-28, 1:34:40:253 PM",2026042801070530
KBL,42,89,20,221.7,4434.0,"2026-04-28, 1:34:40:252 PM",2026042801070529
KBL,41,89,500,221.8,110900.0,"2026-04-28, 1:34:40:250 PM",2026042801070528
KBL,39,89,200,221.8,44360.0,"2026-04-28, 1:34:40:249 PM",2026042801070527
KBL,84,89,140,221.8,31052.0,"2026-04-28, 1:34:40:247 PM",2026042801070526
KBL,38,89,20,221.9,4438.0,"2026-04-28, 1:34:40:245 PM",2026042801070525
KBL,45,94,40,222.0,8880.0,"2026-04-28, 1:34:24:541 PM",2026042801070481
KBL,45,71,20,222.0,4440.0,"2026-04-28, 1:34:24:539 PM",2026042801070480
KBL,38,64,10,221.9,2219.0,"2026-04-28, 1:33:36:872 PM",2026042801070279
KBL,84,8,175,221.8,38815.0,"2026-04-28, 1:31:35:791 PM",2026042801069778
KBL,13,89,100,222.0,22200.0,"2026-04-28, 1:30:59:218 PM",2026042801069629
KBL,38,89,130,222.0,28860.0,"2026-04-28, 1:30:39:681 PM",2026042801069557
KBL,38,38,56,222.0,12432.0,"2026-04-28, 1:30:11:104 PM",2026042801069437
KBL,38,82,685,222.0,152070.0,"2026-04-28, 1:30:11:104 PM",2026042801069436
KBL,1,82,130,222.0,28860.0,"2026-04-28, 1:30:08:752 PM",2026042801069425
KBL,94,82,2000,222.0,444000.0,"2026-04-28, 1:29:51:210 PM",2026042801069343
KBL,84,35,23,221.8,5101.400000000001,"2026-04-28, 1:29:50:464 PM",2026042801069338
KBL,38,82,500,222.0,111000.0,"2026-04-28, 1:29:34:613 PM",2026042801069238
KBL,58,82,98,222.0,21756.0,"2026-04-28, 1:29:31:254 PM",2026042801069216
KBL,50,82,100,222.0,22200.0,"2026-04-28, 1:29:28:198 PM",2026042801069203
KBL,34,82,500,222.0,111000.0,"2026-04-28, 1:29:23:408 PM",2026042801069193
KBL,38,36,100,221.9,22190.0,"2026-04-28, 1:29:19:029 PM",2026042801069172
KBL,42,82,100,222.0,22200.0,"2026-04-28, 1:27:42:157 PM",2026042801068831
KBL,49,82,500,222.0,111000.0,"2026-04-28, 1:27:03:153 PM",2026042801068685
KBL,45,82,100,222.0,22200.0,"2026-04-28, 1:26:41:849 PM",2026042801068591
KBL,51,82,200,222.0,44400.0,"2026-04-28, 1:26:08:571 PM",2026042801068496
KBL,42,82,50,222.0,11100.0,"2026-04-28, 1:25:54:372 PM",2026042801068435
KBL,51,82,12,222.0,2664.0,"2026-04-28, 1:25:03:560 PM",2026042801068303
KBL,84,43,45,221.8,9981.0,"2026-04-28, 1:24:22:062 PM",2026042801068160
KBL,32,82,100,222.0,22200.0,"2026-04-28, 1:23:24:592 PM",2026042801067930
KBL,42,82,415,222.0,92130.0,"2026-04-28, 1:22:43:581 PM",2026042801067711
KBL,28,82,551,222.0,122322.0,"2026-04-28, 1:22:24:589 PM",2026042801067664
KBL,84,5,117,221.7,25938.9,"2026-04-28, 1:21:48:047 PM",2026042801067519
KBL,58,5,22,221.7,4877.4,"2026-04-28, 1:21:48:045 PM",2026042801067518
KBL,28,5,61,221.7,13523.7,"2026-04-28, 1:21:48:043 PM",2026042801067517
KBL,28,58,100,221.7,22170.0,"2026-04-28, 1:21:35:538 PM",2026042801067463
KBL,42,45,50,221.6,11080.0,"2026-04-28, 1:19:46:920 PM",2026042801067066
KBL,45,82,182,222.0,40404.0,"2026-04-28, 1:18:41:073 PM",2026042801066777
KBL,45,41,29,222.0,6438.0,"2026-04-28, 1:18:41:071 PM",2026042801066776
KBL,45,58,189,222.0,41958.0,"2026-04-28, 1:18:41:069 PM",2026042801066775
KBL,57,58,200,222.0,44400.0,"2026-04-28, 1:18:30:930 PM",2026042801066684
KBL,21,58,900,222.0,199800.0,"2026-04-28, 1:17:50:851 PM",2026042801066548
KBL,42,34,239,221.6,52962.4,"2026-04-28, 1:17:39:861 PM",2026042801066520
KBL,58,34,200,221.6,44320.0,"2026-04-28, 1:17:39:859 PM",2026042801066519
KBL,62,34,1561,221.6,345917.6,"2026-04-28, 1:17:39:858 PM",2026042801066518
KBL,62,34,439,221.6,97282.4,"2026-04-28, 1:17:16:368 PM",2026042801066444
KBL,5,34,50,221.6,11080.0,"2026-04-28, 1:17:16:367 PM",2026042801066443
KBL,25,34,100,221.6,22160.0,"2026-04-28, 1:17:16:365 PM",2026042801066442
KBL,58,34,291,221.6,64485.6,"2026-04-28, 1:17:16:363 PM",2026042801066441
KBL,43,58,60,222.0,13320.0,"2026-04-28, 1:17:15:269 PM",2026042801066434
KBL,43,41,40,221.7,8868.0,"2026-04-28, 1:17:15:267 PM",2026042801066433
KBL,45,41,150,221.7,33255.0,"2026-04-28, 1:16:54:695 PM",2026042801066343
KBL,52,41,10,221.7,2217.0,"2026-04-28, 1:16:54:693 PM",2026042801066342
KBL,37,58,651,222.0,144522.0,"2026-04-28, 1:15:37:503 PM",2026042801066030
KBL,37,58,2349,222.0,521478.0,"2026-04-28, 1:15:26:621 PM",2026042801065983
KBL,39,58,151,222.0,33522.0,"2026-04-28, 1:14:58:750 PM",2026042801065833
KBL,39,89,849,222.0,188478.0,"2026-04-28, 1:14:46:565 PM",2026042801065789
KBL,58,89,228,222.0,50616.0,"2026-04-28, 1:14:42:732 PM",2026042801065773
KBL,42,89,108,222.0,23976.0,"2026-04-28, 1:14:39:069 PM",2026042801065763
KBL,58,89,2000,222.0,444000.0,"2026-04-28, 1:14:29:668 PM",2026042801065732
KBL,14,89,1000,222.0,222000.0,"2026-04-28, 1:13:35:645 PM",2026042801065491
KBL,42,89,675,222.0,149850.0,"2026-04-28, 1:13:31:304 PM",2026042801065480
KBL,26,89,30,222.0,6660.0,"2026-04-28, 1:13:06:534 PM",2026042801065273
KBL,1,89,10,222.0,2220.0,"2026-04-28, 1:12:48:797 PM",2026042801065227
KBL,58,41,587,221.6,130079.2,"2026-04-28, 1:12:25:246 PM",2026042801065128
KBL,34,41,181,221.8,40145.8,"2026-04-28, 1:12:25:244 PM",2026042801065127
KBL,58,89,100,222.0,22200.0,"2026-04-28, 1:12:18:503 PM",2026042801065107
KBL,96,7,2000,222.0,444000.0,"2026-04-28, 1:11:51:064 PM",2026042801064988
KBL,96,58,1852,222.0,411144.0,"2026-04-28, 1:11:51:062 PM",2026042801064987
KBL,8,58,50,222.0,11100.0,"2026-04-28, 1:11:27:836 PM",2026042801064906
KBL,58,58,100,222.0,22200.0,"2026-04-28, 1:11:22:942 PM",2026042801064879
KBL,17,58,300,222.0,66600.0,"2026-04-28, 1:10:12:263 PM",2026042801064607
KBL,6,89,5000,221.7,1108500.0,"2026-04-28, 1:09:52:490 PM",2026042801064537
KBL,6,58,2698,222.0,598956.0,"2026-04-28, 1:09:37:448 PM",2026042801064478
KBL,6,58,2302,222.0,511044.0,"2026-04-28, 1:09:30:519 PM",2026042801064406
KBL,49,58,200,222.0,44400.0,"2026-04-28, 1:08:01:962 PM",2026042801063938
KBL,21,58,1000,222.0,222000.0,"2026-04-28, 1:07:33:536 PM",2026042801063799
KBL,58,44,16,221.6,3545.6,"2026-04-28, 1:07:03:856 PM",2026042801063676
KBL,58,34,16,221.6,3545.6,"2026-04-28, 1:06:15:549 PM",2026042801063485
KBL,57,34,484,221.7,107302.8,"2026-04-28, 1:06:15:548 PM",2026042801063484
KBL,1,58,60,222.0,13320.0,"2026-04-28, 1:06:08:628 PM",2026042801063466
KBL,57,49,16,221.7,3547.2,"2026-04-28, 1:05:57:000 PM",2026042801063419
KBL,58,49,34,221.7,7537.799999999999,"2026-04-28, 1:05:56:998 PM",2026042801063418
KBL,1,58,20,222.0,4440.0,"2026-04-28, 1:05:38:188 PM",2026042801063360
KBL,16,58,15,222.0,3330.0,"2026-04-28, 1:05:25:696 PM",2026042801063279
KBL,36,58,275,222.0,61050.0,"2026-04-28, 1:04:49:764 PM",2026042801063093
KBL,58,45,90,221.6,19944.0,"2026-04-28, 1:04:28:332 PM",2026042801063001
KBL,84,45,760,221.6,168416.0,"2026-04-28, 1:04:28:332 PM",2026042801063000
KBL,5,45,50,221.7,11085.0,"2026-04-28, 1:04:28:331 PM",2026042801062999
KBL,11,58,750,222.0,166500.0,"2026-04-28, 1:03:59:372 PM",2026042801062855
KBL,84,45,1080,221.6,239328.0,"2026-04-28, 1:03:11:055 PM",2026042801062599
KBL,22,45,20,221.7,4434.0,"2026-04-28, 1:03:11:055 PM",2026042801062598
KBL,42,45,900,221.7,199530.0,"2026-04-28, 1:03:11:054 PM",2026042801062597
KBL,42,25,100,221.7,22170.0,"2026-04-28, 1:03:05:435 PM",2026042801062556
KBL,45,58,2000,222.0,444000.0,"2026-04-28, 1:02:56:693 PM",2026042801062503
KBL,39,58,30,222.0,6660.0,"2026-04-28, 1:02:27:884 PM",2026042801062365
KBL,21,58,50,222.0,11100.0,"2026-04-28, 1:02:21:252 PM",2026042801062340
KBL,42,58,10,222.0,2220.0,"2026-04-28, 1:02:12:289 PM",2026042801062315
KBL,45,58,500,222.0,111000.0,"2026-04-28, 1:00:49:615 PM",2026042801061984
KBL,58,58,2,222.0,444.0,"2026-04-28, 1:00:22:545 PM",2026042801061875
KBL,84,44,3160,221.6,700256.0,"2026-04-28, 1:00:21:819 PM",2026042801061873
KBL,38,44,1000,221.6,221600.0,"2026-04-28, 1:00:21:819 PM",2026042801061872
KBL,34,44,200,221.6,44320.0,"2026-04-28, 1:00:21:818 PM",2026042801061871
KBL,57,44,640,221.6,141824.0,"2026-04-28, 1:00:21:817 PM",2026042801061870
KBL,45,58,188,222.0,41736.0,"2026-04-28, 1:00:11:904 PM",2026042801061823
KBL,58,58,1,215.4,215.4,"2026-04-28, 1:00:07:945 PM",2026042801061797
KBL,45,58,1812,222.0,402264.0,"2026-04-28, 1:00:07:022 PM",2026042801061791
KBL,57,44,4360,221.6,966176.0,"2026-04-28, 1:00:05:518 PM",2026042801061787
KBL,88,44,180,221.6,39888.0,"2026-04-28, 1:00:05:517 PM",2026042801061786
KBL,29,44,150,221.6,33240.0,"2026-04-28, 1:00:05:516 PM",2026042801061785
KBL,42,44,310,221.7,68727.0,"2026-04-28, 1:00:05:514 PM",2026042801061784
KBL,42,82,1690,221.7,374673.0,"2026-04-28, 12:59:56:760 PM",2026042801061758
KBL,51,82,20,221.7,4434.0,"2026-04-28, 12:59:47:582 PM",2026042801061711
KBL,35,82,650,221.7,144105.0,"2026-04-28, 12:59:23:487 PM",2026042801061599
KBL,75,82,56,221.7,12415.2,"2026-04-28, 12:59:12:663 PM",2026042801061561
KBL,57,82,1000,221.7,221700.0,"2026-04-28, 12:59:10:960 PM",2026042801061557
KBL,72,82,1000,221.7,221700.0,"2026-04-28, 12:59:10:959 PM",2026042801061556
KBL,53,82,50,221.7,11085.0,"2026-04-28, 12:59:10:959 PM",2026042801061555
KBL,58,82,14,221.7,3103.8,"2026-04-28, 12:59:10:958 PM",2026042801061554
KBL,34,82,20,221.7,4434.0,"2026-04-28, 12:59:10:957 PM",2026042801061553
KBL,21,82,500,221.8,110900.0,"2026-04-28, 12:59:10:957 PM",2026042801061552
KBL,45,58,188,222.0,41736.0,"2026-04-28, 12:59:10:653 PM",2026042801061551
KBL,34,48,10,222.9,2229.0,"2026-04-28, 12:59:02:032 PM",2026042801061476
KBL,45,82,1812,222.0,402264.0,"2026-04-28, 12:59:01:714 PM",2026042801061475
KBL,35,82,992,221.8,220025.6,"2026-04-28, 12:58:48:671 PM",2026042801061429
KBL,74,82,50,221.8,11090.0,"2026-04-28, 12:58:48:670 PM",2026042801061428
KBL,49,82,100,221.8,22180.0,"2026-04-28, 12:58:48:669 PM",2026042801061427
KBL,56,82,2758,221.8,611724.4,"2026-04-28, 12:58:48:667 PM",2026042801061426
KBL,38,82,1000,221.9,221900.0,"2026-04-28, 12:58:48:666 PM",2026042801061425
KBL,57,82,100,221.9,22190.0,"2026-04-28, 12:58:48:664 PM",2026042801061424
KBL,91,82,45,222.0,9990.0,"2026-04-28, 12:57:43:941 PM",2026042801061124
KBL,58,82,120,222.0,26640.0,"2026-04-28, 12:57:38:857 PM",2026042801061095
KBL,44,82,50,222.0,11100.0,"2026-04-28, 12:57:38:857 PM",2026042801061094
KBL,59,82,100,222.0,22200.0,"2026-04-28, 12:57:38:856 PM",2026042801061093
KBL,58,82,10,222.0,2220.0,"2026-04-28, 12:57:38:856 PM",2026042801061092
KBL,11,82,29,222.0,6438.0,"2026-04-28, 12:57:38:855 PM",2026042801061091
KBL,45,82,100,222.5,22250.0,"2026-04-28, 12:57:38:855 PM",2026042801061090
KBL,5,82,74,222.5,16465.0,"2026-04-28, 12:57:38:854 PM",2026042801061089
KBL,5,49,26,222.5,5785.0,"2026-04-28, 12:57:31:977 PM",2026042801061031
KBL,5,58,50,222.5,11125.0,"2026-04-28, 12:57:12:628 PM",2026042801060928
KBL,11,58,50,222.5,11125.0,"2026-04-28, 12:57:12:628 PM",2026042801060927
KBL,43,82,500,223.0,111500.0,"2026-04-28, 12:56:30:663 PM",2026042801060741
KBL,49,82,46,223.0,10258.0,"2026-04-28, 12:54:52:108 PM",2026042801060294
KBL,21,82,10,223.0,2230.0,"2026-04-28, 12:53:52:630 PM",2026042801060050
KBL,58,44,1,216.9,216.9,"2026-04-28, 12:53:52:224 PM",2026042801060046
KBL,11,58,21,222.0,4662.0,"2026-04-28, 12:53:34:641 PM",2026042801059923
KBL,89,58,12,222.0,2664.0,"2026-04-28, 12:53:34:640 PM",2026042801059922
KBL,34,58,20,222.0,4440.0,"2026-04-28, 12:53:34:640 PM",2026042801059921
KBL,50,58,500,222.0,111000.0,"2026-04-28, 12:53:34:639 PM",2026042801059920
KBL,22,58,40,222.0,8880.0,"2026-04-28, 12:53:34:639 PM",2026042801059919
KBL,49,58,58,222.0,12876.0,"2026-04-28, 12:53:34:638 PM",2026042801059918
KBL,32,58,100,222.0,22200.0,"2026-04-28, 12:53:34:638 PM",2026042801059917
KBL,45,58,135,222.0,29970.0,"2026-04-28, 12:53:34:637 PM",2026042801059916
KBL,49,58,60,222.0,13320.0,"2026-04-28, 12:53:34:637 PM",2026042801059915
KBL,4,58,1500,222.0,333000.0,"2026-04-28, 12:53:34:636 PM",2026042801059914
KBL,53,58,100,222.0,22200.0,"2026-04-28, 12:53:34:636 PM",2026042801059913
KBL,5,58,40,222.0,8880.0,"2026-04-28, 12:53:34:636 PM",2026042801059912
KBL,47,58,20,222.0,4440.0,"2026-04-28, 12:53:34:635 PM",2026042801059911
KBL,34,58,94,222.0,20868.0,"2026-04-28, 12:53:34:635 PM",2026042801059910
KBL,52,58,300,222.5,66750.0,"2026-04-28, 12:53:34:634 PM",2026042801059909
KBL,21,82,34,223.0,7582.0,"2026-04-28, 12:53:32:787 PM",2026042801059903
KBL,34,82,10,223.0,2230.0,"2026-04-28, 12:52:20:582 PM",2026042801059448
KBL,4,82,500,223.0,111500.0,"2026-04-28, 12:52:08:039 PM",2026042801059381
KBL,52,22,100,222.5,22250.0,"2026-04-28, 12:51:45:917 PM",2026042801059270
KBL,56,82,560,223.0,124880.0,"2026-04-28, 12:51:14:210 PM",2026042801059129
KBL,52,58,5000,222.5,1112500.0,"2026-04-28, 12:50:23:518 PM",2026042801058868
KBL,52,48,24300,222.5,5406750.0,"2026-04-28, 12:50:16:565 PM",2026042801058831
KBL,52,34,1000,222.9,222900.0,"2026-04-28, 12:49:35:182 PM",2026042801058649
KBL,52,82,2300,222.9,512670.0,"2026-04-28, 12:49:35:182 PM",2026042801058648
KBL,49,82,200,222.9,44580.0,"2026-04-28, 12:47:11:900 PM",2026042801057988
KBL,52,49,44,223.0,9812.0,"2026-04-28, 12:45:33:463 PM",2026042801057542
KBL,52,82,2500,223.0,557500.0,"2026-04-28, 12:45:33:463 PM",2026042801057541
KBL,52,58,4500,223.0,1003500.0,"2026-04-28, 12:45:33:462 PM",2026042801057540
KBL,52,41,10,223.0,2230.0,"2026-04-28, 12:44:33:055 PM",2026042801057230
KBL,51,41,14,223.0,3122.0,"2026-04-28, 12:42:49:398 PM",2026042801056705
KBL,52,82,2490,223.0,555270.0,"2026-04-28, 12:41:16:681 PM",2026042801055998
KBL,34,58,406,222.0,90132.0,"2026-04-28, 12:41:13:700 PM",2026042801055992
KBL,52,58,100,222.0,22200.0,"2026-04-28, 12:41:13:699 PM",2026042801055991
KBL,58,82,10,223.0,2230.0,"2026-04-28, 12:40:48:907 PM",2026042801055854
KBL,52,42,20,223.0,4460.0,"2026-04-28, 12:39:52:658 PM",2026042801055424
KBL,52,82,2500,223.0,557500.0,"2026-04-28, 12:39:52:657 PM",2026042801055423
KBL,52,82,2500,223.0,557500.0,"2026-04-28, 12:39:52:657 PM",2026042801055422
KBL,52,41,85,222.9,18946.5,"2026-04-28, 12:39:45:189 PM",2026042801055387
KBL,52,7,116,222.9,25856.4,"2026-04-28, 12:39:45:187 PM",2026042801055386
KBL,52,89,624,222.9,139089.6,"2026-04-28, 12:39:45:186 PM",2026042801055385
KBL,42,89,10,222.9,2229.0,"2026-04-28, 12:39:32:646 PM",2026042801055324
KBL,32,89,500,222.9,111450.0,"2026-04-28, 12:39:12:158 PM",2026042801055137
KBL,35,89,10,222.9,2229.0,"2026-04-28, 12:38:41:286 PM",2026042801054867
KBL,56,40,242,221.8,53675.600000000006,"2026-04-28, 12:38:11:247 PM",2026042801054605
KBL,58,40,50,221.8,11090.0,"2026-04-28, 12:38:11:246 PM",2026042801054604
KBL,58,40,20,221.9,4438.0,"2026-04-28, 12:38:11:245 PM",2026042801054603
KBL,41,40,50,221.9,11095.0,"2026-04-28, 12:38:11:243 PM",2026042801054602
KBL,38,40,189,221.9,41939.1,"2026-04-28, 12:38:11:242 PM",2026042801054601
KBL,21,40,10,222.0,2220.0,"2026-04-28, 12:38:11:240 PM",2026042801054600
KBL,1,58,200,222.0,44400.0,"2026-04-28, 12:37:40:827 PM",2026042801054467
KBL,35,58,10,222.0,2220.0,"2026-04-28, 12:37:30:627 PM",2026042801054422
KBL,38,52,811,221.9,179960.9,"2026-04-28, 12:37:07:187 PM",2026042801054248
KBL,57,52,150,221.9,33285.0,"2026-04-28, 12:37:07:186 PM",2026042801054247
KBL,56,52,39,221.9,8654.1,"2026-04-28, 12:37:07:184 PM",2026042801054246
KBL,57,58,2000,222.0,444000.0,"2026-04-28, 12:36:47:077 PM",2026042801053952
KBL,29,58,500,222.0,111000.0,"2026-04-28, 12:36:26:155 PM",2026042801053830
KBL,56,58,10,221.9,2219.0,"2026-04-28, 12:36:14:567 PM",2026042801053778
KBL,37,58,2000,222.0,444000.0,"2026-04-28, 12:35:42:247 PM",2026042801053333
KBL,58,58,500,222.0,111000.0,"2026-04-28, 12:35:34:966 PM",2026042801053277
KBL,56,34,1000,221.9,221900.0,"2026-04-28, 12:35:25:469 PM",2026042801053215
KBL,4,58,1190,222.0,264180.0,"2026-04-28, 12:35:03:788 PM",2026042801053063
KBL,56,58,26,221.9,5769.400000000001,"2026-04-28, 12:34:55:916 PM",2026042801052905
KBL,48,58,1000,222.0,222000.0,"2026-04-28, 12:34:48:202 PM",2026042801052850
KBL,33,58,400,222.0,88800.0,"2026-04-28, 12:34:48:202 PM",2026042801052849
KBL,45,58,200,222.0,44400.0,"2026-04-28, 12:34:48:201 PM",2026042801052848
KBL,58,58,82,222.0,18204.0,"2026-04-28, 12:34:48:199 PM",2026042801052847
KBL,13,58,900,222.0,199800.0,"2026-04-28, 12:34:48:198 PM",2026042801052846
KBL,39,58,250,222.0,55500.0,"2026-04-28, 12:34:48:197 PM",2026042801052845
KBL,19,58,100,222.0,22200.0,"2026-04-28, 12:34:48:196 PM",2026042801052844
KBL,34,58,100,222.0,22200.0,"2026-04-28, 12:34:48:194 PM",2026042801052843
KBL,94,58,70,222.0,15540.0,"2026-04-28, 12:34:48:193 PM",2026042801052842
KBL,28,58,492,222.0,109224.0,"2026-04-28, 12:34:48:192 PM",2026042801052841
KBL,28,58,508,222.0,112776.0,"2026-04-28, 12:34:39:983 PM",2026042801052783
KBL,71,58,1000,222.1,222100.0,"2026-04-28, 12:34:39:983 PM",2026042801052782
KBL,57,58,5000,222.3,1111500.0,"2026-04-28, 12:34:39:982 PM",2026042801052781
KBL,58,58,334,222.3,74248.2,"2026-04-28, 12:34:39:982 PM",2026042801052780
KBL,59,58,385,222.3,85585.5,"2026-04-28, 12:34:39:980 PM",2026042801052779
KBL,58,58,50,222.4,11120.0,"2026-04-28, 12:34:39:979 PM",2026042801052778
KBL,58,58,35,222.5,7787.5,"2026-04-28, 12:34:39:978 PM",2026042801052777
KBL,58,58,44,222.6,9794.4,"2026-04-28, 12:34:39:976 PM",2026042801052776
KBL,58,89,42,222.9,9361.8,"2026-04-28, 12:34:29:512 PM",2026042801052545
KBL,66,89,20,222.9,4458.0,"2026-04-28, 12:34:28:375 PM",2026042801052542
KBL,13,89,500,222.9,111450.0,"2026-04-28, 12:34:02:327 PM",2026042801052425
KBL,22,89,100,222.9,22290.0,"2026-04-28, 12:33:44:383 PM",2026042801052330
KBL,26,89,174,222.9,38784.6,"2026-04-28, 12:32:49:090 PM",2026042801051956
KBL,26,6,26,222.7,5790.2,"2026-04-28, 12:32:49:089 PM",2026042801051955
KBL,58,36,25,222.5,5562.5,"2026-04-28, 12:32:45:561 PM",2026042801051939
KBL,58,58,200,222.4,44480.0,"2026-04-28, 12:32:29:229 PM",2026042801051816
KBL,59,58,15,222.3,3334.5,"2026-04-28, 12:31:03:972 PM",2026042801051193
KBL,5,49,300,222.1,66630.0,"2026-04-28, 12:30:01:776 PM",2026042801050768
KBL,58,49,200,222.1,44420.0,"2026-04-28, 12:29:43:685 PM",2026042801050659
KBL,8,49,500,222.1,111050.0,"2026-04-28, 12:29:43:684 PM",2026042801050658
KBL,49,36,15,222.5,3337.5,"2026-04-28, 12:28:58:831 PM",2026042801050303
KBL,22,6,274,222.7,61019.8,"2026-04-28, 12:28:43:418 PM",2026042801050188
KBL,36,58,10,222.0,2220.0,"2026-04-28, 12:26:52:170 PM",2026042801049349
KBL,32,58,500,222.0,111000.0,"2026-04-28, 12:26:47:390 PM",2026042801049312
KBL,44,58,100,222.0,22200.0,"2026-04-28, 12:26:37:650 PM",2026042801049252
KBL,56,34,925,221.9,205257.5,"2026-04-28, 12:25:29:109 PM",2026042801048737
KBL,5,44,1,216.9,216.9,"2026-04-28, 12:25:25:139 PM",2026042801048711
KBL,40,48,1,222.0,222.0,"2026-04-28, 12:25:23:334 PM",2026042801048700
KBL,34,58,100,222.0,22200.0,"2026-04-28, 12:24:34:414 PM",2026042801048337
KBL,58,58,1934,222.0,429348.0,"2026-04-28, 12:24:26:851 PM",2026042801048273
KBL,58,58,66,222.0,14652.0,"2026-04-28, 12:24:25:020 PM",2026042801048264
KBL,62,58,434,222.0,96348.0,"2026-04-28, 12:24:25:019 PM",2026042801048263
KBL,62,58,6766,222.0,1502052.0,"2026-04-28, 12:24:10:790 PM",2026042801048156
KBL,58,44,1,224.0,224.0,"2026-04-28, 12:23:52:754 PM",2026042801048050
KBL,28,58,130,222.0,28860.0,"2026-04-28, 12:23:42:635 PM",2026042801047984
KBL,25,44,5,222.0,1110.0,"2026-04-28, 12:23:32:827 PM",2026042801047910
KBL,34,58,300,222.0,66600.0,"2026-04-28, 12:23:29:733 PM",2026042801047894
KBL,52,58,10,222.0,2220.0,"2026-04-28, 12:23:17:692 PM",2026042801047832
KBL,45,58,20,222.0,4440.0,"2026-04-28, 12:21:31:094 PM",2026042801046942
KBL,20,58,1000,222.0,222000.0,"2026-04-28, 12:21:29:959 PM",2026042801046938
KBL,51,58,50,222.0,11100.0,"2026-04-28, 12:21:18:263 PM",2026042801046854
KBL,47,58,270,222.0,59940.0,"2026-04-28, 12:21:13:139 PM",2026042801046833
KBL,58,58,500,222.0,111000.0,"2026-04-28, 12:20:43:105 PM",2026042801046596
KBL,58,58,20,222.0,4440.0,"2026-04-28, 12:20:24:991 PM",2026042801046471
KBL,38,58,100,222.0,22200.0,"2026-04-28, 12:20:24:990 PM",2026042801046470
KBL,1,58,100,222.0,22200.0,"2026-04-28, 12:20:24:989 PM",2026042801046469
KBL,48,58,40,222.0,8880.0,"2026-04-28, 12:20:24:988 PM",2026042801046468
KBL,13,58,100,222.0,22200.0,"2026-04-28, 12:20:24:986 PM",2026042801046467
KBL,35,58,40,222.0,8880.0,"2026-04-28, 12:20:24:985 PM",2026042801046466
KBL,89,58,25,222.0,5550.0,"2026-04-28, 12:20:24:984 PM",2026042801046465
KBL,56,58,39,222.0,8658.0,"2026-04-28, 12:20:24:983 PM",2026042801046464
KBL,34,58,490,222.1,108829.0,"2026-04-28, 12:20:24:981 PM",2026042801046463
KBL,56,17,10,222.0,2220.0,"2026-04-28, 12:18:21:769 PM",2026042801045597
KBL,56,17,60,222.0,13320.0,"2026-04-28, 12:17:49:667 PM",2026042801045318
KBL,56,58,2891,222.0,641802.0,"2026-04-28, 12:17:19:132 PM",2026042801045117
KBL,17,58,100,222.0,22200.0,"2026-04-28, 12:17:19:132 PM",2026042801045116
KBL,22,58,20,222.0,4440.0,"2026-04-28, 12:17:19:132 PM",2026042801045115
KBL,17,58,1000,222.0,222000.0,"2026-04-28, 12:17:19:131 PM",2026042801045114
KBL,42,58,120,222.0,26640.0,"2026-04-28, 12:17:19:131 PM",2026042801045113
KBL,49,58,500,222.0,111000.0,"2026-04-28, 12:17:19:131 PM",2026042801045112
KBL,38,58,170,222.1,37757.0,"2026-04-28, 12:17:19:130 PM",2026042801045111
KBL,57,58,500,222.1,111050.0,"2026-04-28, 12:17:19:129 PM",2026042801045110
KBL,28,58,79,222.1,17545.899999999998,"2026-04-28, 12:17:19:128 PM",2026042801045109
KBL,58,58,200,222.2,44440.0,"2026-04-28, 12:17:19:127 PM",2026042801045108
KBL,6,58,100,222.2,22220.0,"2026-04-28, 12:17:19:126 PM",2026042801045107
KBL,58,58,2000,222.2,444400.0,"2026-04-28, 12:17:19:125 PM",2026042801045106
KBL,52,58,100,222.2,22220.0,"2026-04-28, 12:17:19:124 PM",2026042801045105
KBL,48,58,70,222.3,15561.0,"2026-04-28, 12:17:19:123 PM",2026042801045104
KBL,94,58,2000,222.5,445000.0,"2026-04-28, 12:17:19:122 PM",2026042801045103
KBL,51,58,50,222.5,11125.0,"2026-04-28, 12:17:19:120 PM",2026042801045102
KBL,32,58,100,222.6,22260.0,"2026-04-28, 12:17:19:119 PM",2026042801045101
KBL,32,1,100,222.6,22260.0,"2026-04-28, 12:17:14:557 PM",2026042801045078
KBL,51,34,65,222.8,14482.0,"2026-04-28, 12:16:59:872 PM",2026042801044959
KBL,35,34,10,222.8,2228.0,"2026-04-28, 12:16:13:563 PM",2026042801044646
KBL,28,48,21,222.1,4664.099999999999,"2026-04-28, 12:14:06:366 PM",2026042801043811
KBL,35,89,10,222.9,2229.0,"2026-04-28, 12:13:31:482 PM",2026042801043546
KBL,42,51,10,222.8,2228.0,"2026-04-28, 12:13:18:651 PM",2026042801043443
KBL,89,44,10,222.0,2220.0,"2026-04-28, 12:12:47:075 PM",2026042801043245
KBL,38,44,20,222.0,4440.0,"2026-04-28, 12:12:47:074 PM",2026042801043244
KBL,35,51,10,222.8,2228.0,"2026-04-28, 12:12:35:596 PM",2026042801043174
KBL,35,89,10,222.9,2229.0,"2026-04-28, 12:11:50:221 PM",2026042801042925
KBL,42,45,11,222.0,2442.0,"2026-04-28, 12:11:31:603 PM",2026042801042734
KBL,52,45,100,222.0,22200.0,"2026-04-28, 12:11:31:602 PM",2026042801042733
KBL,52,58,424,222.0,94128.0,"2026-04-28, 12:09:27:191 PM",2026042801041933
KBL,43,58,100,222.0,22200.0,"2026-04-28, 12:09:25:984 PM",2026042801041923
KBL,62,58,1100,222.0,244200.0,"2026-04-28, 12:09:04:135 PM",2026042801041845
KBL,34,58,500,222.0,111000.0,"2026-04-28, 12:09:03:138 PM",2026042801041836
KBL,11,58,50,222.0,11100.0,"2026-04-28, 12:08:50:484 PM",2026042801041732
KBL,58,58,10,222.0,2220.0,"2026-04-28, 12:08:44:211 PM",2026042801041695
KBL,87,58,250,222.0,55500.0,"2026-04-28, 12:08:10:914 PM",2026042801041512
KBL,26,37,100,221.9,22190.0,"2026-04-28, 12:07:59:597 PM",2026042801041420
KBL,45,58,500,222.0,111000.0,"2026-04-28, 12:07:53:715 PM",2026042801041388
KBL,26,58,100,222.0,22200.0,"2026-04-28, 12:07:33:670 PM",2026042801041263
KBL,37,58,1000,222.0,222000.0,"2026-04-28, 12:07:12:341 PM",2026042801041093
KBL,62,58,1500,222.0,333000.0,"2026-04-28, 12:07:06:866 PM",2026042801041056
KBL,62,58,1500,222.0,333000.0,"2026-04-28, 12:07:02:867 PM",2026042801041029
KBL,42,58,55,222.0,12210.0,"2026-04-28, 12:07:02:866 PM",2026042801041028
KBL,49,58,100,222.0,22200.0,"2026-04-28, 12:07:02:866 PM",2026042801041027
KBL,51,58,50,222.0,11100.0,"2026-04-28, 12:07:02:866 PM",2026042801041026
KBL,96,58,350,222.0,77700.0,"2026-04-28, 12:07:02:865 PM",2026042801041025
KBL,38,58,410,222.0,91020.0,"2026-04-28, 12:07:02:865 PM",2026042801041024
KBL,57,58,2000,222.0,444000.0,"2026-04-28, 12:07:02:865 PM",2026042801041023
KBL,45,58,200,222.0,44400.0,"2026-04-28, 12:07:02:864 PM",2026042801041022
KBL,57,58,1000,222.0,222000.0,"2026-04-28, 12:07:02:864 PM",2026042801041021
KBL,57,58,311,222.0,69042.0,"2026-04-28, 12:07:02:864 PM",2026042801041020
KBL,52,58,900,222.0,199800.0,"2026-04-28, 12:07:02:863 PM",2026042801041019
KBL,45,58,400,222.0,88800.0,"2026-04-28, 12:07:02:863 PM",2026042801041018
KBL,62,58,114,222.0,25308.0,"2026-04-28, 12:07:02:863 PM",2026042801041017
KBL,32,58,5000,222.1,1110500.0,"2026-04-28, 12:07:02:862 PM",2026042801041016
KBL,38,58,1000,222.2,222200.0,"2026-04-28, 12:07:02:862 PM",2026042801041015
KBL,58,58,10,222.3,2223.0,"2026-04-28, 12:07:02:862 PM",2026042801041014
KBL,10,58,100,222.3,22230.0,"2026-04-28, 12:07:02:861 PM",2026042801041013
KBL,21,58,32,222.5,7120.0,"2026-04-28, 12:07:02:861 PM",2026042801041012
