Symbol,buyerMemberId,sellerMemberId,volume,rate,amount,transaction_time,Contract ID
MMKJL,96,57,10,515.0,5150.0,"2026-04-28, 2:59:37:681 PM",2026042805016300
MMKJL,48,16,10,514.0,5140.0,"2026-04-28, 2:59:16:658 PM",2026042805016134
MMKJL,34,52,10,510.1,5101.0,"2026-04-28, 2:57:51:024 PM",2026042805015834
MMKJL,34,96,285,510.1,145378.5,"2026-04-28, 2:56:52:549 PM",2026042805015615
MMKJL,54,96,20,510.2,10204.0,"2026-04-28, 2:56:52:549 PM",2026042805015614
MMKJL,22,96,195,511.0,99645.0,"2026-04-28, 2:56:52:549 PM",2026042805015613
MMKJL,34,58,10,510.1,5101.0,"2026-04-28, 2:51:10:577 PM",2026042805014634
MMKJL,51,42,18,511.0,9198.0,"2026-04-28, 2:50:49:863 PM",2026042805014579
MMKJL,34,32,50,510.1,25505.0,"2026-04-28, 2:34:04:082 PM",2026042805012549
MMKJL,34,34,10,510.1,5101.0,"2026-04-28, 2:22:33:653 PM",2026042805011795
MMKJL,50,91,10,510.0,5100.0,"2026-04-28, 2:20:13:695 PM",2026042805011626
MMKJL,50,32,293,510.0,149430.0,"2026-04-28, 2:12:27:712 PM",2026042805010988
MMKJL,34,32,500,510.0,255000.0,"2026-04-28, 2:12:27:712 PM",2026042805010987
MMKJL,58,32,15,510.0,7650.0,"2026-04-28, 2:12:27:712 PM",2026042805010986
MMKJL,56,32,30,510.0,15300.0,"2026-04-28, 2:12:27:711 PM",2026042805010985
MMKJL,34,32,42,510.0,21420.0,"2026-04-28, 2:12:27:711 PM",2026042805010984
MMKJL,96,32,10,510.0,5100.0,"2026-04-28, 2:12:27:711 PM",2026042805010983
MMKJL,19,32,50,510.1,25505.0,"2026-04-28, 2:12:27:711 PM",2026042805010982
MMKJL,13,32,60,510.2,30612.0,"2026-04-28, 2:12:27:711 PM",2026042805010981
MMKJL,96,48,10,511.0,5110.0,"2026-04-28, 2:07:10:709 PM",2026042805010463
MMKJL,96,58,10,511.0,5110.0,"2026-04-28, 1:54:47:247 PM",2026042805009638
MMKJL,42,62,20,515.0,10300.0,"2026-04-28, 1:54:06:607 PM",2026042805009577
MMKJL,13,58,10,512.1,5121.0,"2026-04-28, 1:42:08:349 PM",2026042805008927
MMKJL,34,62,70,515.0,36050.0,"2026-04-28, 1:39:41:445 PM",2026042805008788
MMKJL,34,58,10,515.0,5150.0,"2026-04-28, 1:39:41:445 PM",2026042805008787
MMKJL,34,38,10,513.0,5130.0,"2026-04-28, 1:36:44:105 PM",2026042805008657
MMKJL,34,34,10,513.0,5130.0,"2026-04-28, 1:36:27:368 PM",2026042805008635
MMKJL,13,57,10,512.1,5121.0,"2026-04-28, 1:24:02:637 PM",2026042805008047
MMKJL,13,81,20,512.1,10242.0,"2026-04-28, 1:12:44:755 PM",2026042805007524
MMKJL,16,81,130,512.2,66586.0,"2026-04-28, 1:12:44:755 PM",2026042805007523
MMKJL,16,66,10,512.2,5122.0,"2026-04-28, 1:07:44:432 PM",2026042805007266
MMKJL,16,42,10,512.2,5122.0,"2026-04-28, 1:05:51:835 PM",2026042805007148
MMKJL,42,72,10,512.0,5120.0,"2026-04-28, 12:47:12:937 PM",2026042805006085
MMKJL,58,35,97,512.0,49664.0,"2026-04-28, 12:42:16:092 PM",2026042805005844
MMKJL,26,42,10,512.0,5120.0,"2026-04-28, 12:36:20:684 PM",2026042805005515
MMKJL,96,96,10,510.0,5100.0,"2026-04-28, 12:20:01:463 PM",2026042805004642
MMKJL,96,25,50,515.0,25750.0,"2026-04-28, 12:19:37:901 PM",2026042805004627
MMKJL,96,58,10,515.0,5150.0,"2026-04-28, 12:18:56:414 PM",2026042805004579
MMKJL,96,60,18,509.0,9162.0,"2026-04-28, 12:17:37:733 PM",2026042805004511
MMKJL,96,60,50,510.1,25505.0,"2026-04-28, 12:17:12:253 PM",2026042805004476
MMKJL,19,60,30,510.2,15306.0,"2026-04-28, 12:17:12:253 PM",2026042805004475
MMKJL,19,60,50,510.3,25515.0,"2026-04-28, 12:17:12:253 PM",2026042805004474
MMKJL,57,60,50,510.3,25515.0,"2026-04-28, 12:17:12:253 PM",2026042805004473
MMKJL,26,60,10,510.4,5104.0,"2026-04-28, 12:17:12:253 PM",2026042805004472
MMKJL,34,60,500,510.5,255250.0,"2026-04-28, 12:17:12:252 PM",2026042805004471
MMKJL,52,60,100,511.0,51100.0,"2026-04-28, 12:17:12:252 PM",2026042805004470
MMKJL,42,60,20,511.1,10222.0,"2026-04-28, 12:17:12:252 PM",2026042805004469
MMKJL,96,60,10,512.0,5120.0,"2026-04-28, 12:17:12:252 PM",2026042805004468
MMKJL,14,60,32,515.0,16480.0,"2026-04-28, 12:17:12:252 PM",2026042805004467
MMKJL,14,51,10,515.0,5150.0,"2026-04-28, 12:16:06:631 PM",2026042805004422
MMKJL,14,49,158,515.0,81370.0,"2026-04-28, 12:15:57:061 PM",2026042805004405
MMKJL,96,54,10,512.0,5120.0,"2026-04-28, 12:15:07:203 PM",2026042805004367
MMKJL,96,49,20,515.0,10300.0,"2026-04-28, 12:09:57:759 PM",2026042805004083
MMKJL,19,42,10,510.2,5102.0,"2026-04-28, 11:53:42:638 AM",2026042805003178
MMKJL,19,53,10,509.1,5091.0,"2026-04-28, 11:46:02:528 AM",2026042805002496
MMKJL,58,80,103,508.3,52354.9,"2026-04-28, 11:38:32:749 AM",2026042805001981
MMKJL,58,80,100,509.0,50900.0,"2026-04-28, 11:38:32:749 AM",2026042805001980
MMKJL,41,80,50,509.0,25450.0,"2026-04-28, 11:38:32:749 AM",2026042805001979
MMKJL,22,80,50,509.0,25450.0,"2026-04-28, 11:38:32:749 AM",2026042805001978
MMKJL,85,80,500,509.0,254500.0,"2026-04-28, 11:38:32:749 AM",2026042805001977
MMKJL,96,80,50,509.0,25450.0,"2026-04-28, 11:38:32:749 AM",2026042805001976
MMKJL,45,80,100,510.0,51000.0,"2026-04-28, 11:38:32:749 AM",2026042805001975
MMKJL,48,80,20,510.0,10200.0,"2026-04-28, 11:38:32:749 AM",2026042805001974
MMKJL,26,80,157,510.1,80085.7,"2026-04-28, 11:38:32:749 AM",2026042805001973
MMKJL,32,80,400,510.3,204120.0,"2026-04-28, 11:38:32:749 AM",2026042805001972
MMKJL,57,80,200,510.3,102060.0,"2026-04-28, 11:38:32:749 AM",2026042805001971
MMKJL,45,80,50,515.0,25750.0,"2026-04-28, 11:38:32:749 AM",2026042805001970
MMKJL,54,80,10,518.0,5180.0,"2026-04-28, 11:38:32:749 AM",2026042805001969
MMKJL,54,26,10,518.0,5180.0,"2026-04-28, 11:37:06:572 AM",2026042805001876
MMKJL,96,42,10,519.0,5190.0,"2026-04-28, 11:36:01:430 AM",2026042805001805
MMKJL,44,51,18,524.0,9432.0,"2026-04-28, 11:25:46:069 AM",2026042805001242
MMKJL,96,34,10,517.0,5170.0,"2026-04-28, 11:23:41:843 AM",2026042805001123
MMKJL,14,96,50,509.0,25450.0,"2026-04-28, 11:09:55:255 AM",2026042805000329
