stockSymbol,buyerMemberId,sellerMemberId,quantity,rate,amount,transaction_time,contractId
RIDI,94,21,500,348.0,174000.0,2026-04-28 14:59:59.849,2026042804015074
RIDI,51,34,79,347.3,27436.7,2026-04-28 14:59:58.971,2026042804015048
RIDI,51,34,271,347.4,94145.4,2026-04-28 14:59:58.971,2026042804015047
RIDI,56,34,50,347.4,17370.0,2026-04-28 14:59:58.970,2026042804015046
RIDI,91,34,100,347.5,34750.0,2026-04-28 14:59:58.969,2026042804015045
RIDI,72,21,10,348.0,3480.0,2026-04-28 14:59:58.530,2026042804015037
RIDI,29,21,50,348.0,17400.0,2026-04-28 14:59:58.193,2026042804015035
RIDI,35,21,10,348.0,3480.0,2026-04-28 14:59:57.313,2026042804015019
RIDI,56,41,50,347.4,17370.0,2026-04-28 14:59:53.574,2026042804014976
RIDI,41,71,50,348.8,17440.0,2026-04-28 14:59:46.739,2026042804014922
RIDI,41,65,50,348.0,17400.0,2026-04-28 14:59:46.739,2026042804014921
RIDI,42,71,50,348.8,17440.0,2026-04-28 14:59:37.079,2026042804014829
RIDI,11,71,1000,348.8,348800.0,2026-04-28 14:59:31.287,2026042804014732
RIDI,41,71,100,348.8,34880.0,2026-04-28 14:59:30.655,2026042804014720
RIDI,44,38,1200,347.1,416520.0,2026-04-28 14:59:27.899,2026042804014704
RIDI,44,97,856,347.1,297117.60000000003,2026-04-28 14:59:25.663,2026042804014693
RIDI,35,97,2000,347.1,694200.0,2026-04-28 14:59:25.663,2026042804014692
RIDI,56,97,1000,347.2,347200.0,2026-04-28 14:59:25.663,2026042804014691
RIDI,3,97,1000,347.2,347200.0,2026-04-28 14:59:25.663,2026042804014690
RIDI,52,97,544,347.3,188931.2,2026-04-28 14:59:25.662,2026042804014689
RIDI,42,97,50,348.0,17400.0,2026-04-28 14:59:25.662,2026042804014688
RIDI,42,8,50,348.0,17400.0,2026-04-28 14:59:16.693,2026042804014611
RIDI,52,38,425,347.3,147602.5,2026-04-28 14:59:06.585,2026042804014574
RIDI,38,38,500,347.4,173700.0,2026-04-28 14:59:06.585,2026042804014573
RIDI,52,38,250,347.5,86875.0,2026-04-28 14:59:06.584,2026042804014572
RIDI,3,38,25,348.0,8700.0,2026-04-28 14:59:06.584,2026042804014571
RIDI,66,97,3150,348.9,1099035.0,2026-04-28 14:59:02.628,2026042804014521
RIDI,66,38,1200,348.9,418680.0,2026-04-28 14:59:02.627,2026042804014520
RIDI,66,52,500,348.7,174350.0,2026-04-28 14:59:02.627,2026042804014519
RIDI,66,6,2700,348.1,939870.0,2026-04-28 14:59:02.627,2026042804014518
RIDI,66,21,2450,348.0,852600.0,2026-04-28 14:59:02.627,2026042804014517
RIDI,45,21,1000,348.0,348000.0,2026-04-28 14:59:01.394,2026042804014487
RIDI,58,21,100,348.0,34800.0,2026-04-28 14:58:58.939,2026042804014479
RIDI,41,21,100,348.0,34800.0,2026-04-28 14:58:54.855,2026042804014451
RIDI,52,38,31,347.3,10766.3,2026-04-28 14:58:53.063,2026042804014449
RIDI,71,38,975,347.3,338617.5,2026-04-28 14:58:53.063,2026042804014448
RIDI,58,38,164,347.5,56990.0,2026-04-28 14:58:53.063,2026042804014447
RIDI,66,21,350,348.0,121800.0,2026-04-28 14:58:48.372,2026042804014431
RIDI,66,89,4650,348.0,1618200.0,2026-04-28 14:58:48.372,2026042804014430
RIDI,42,89,100,348.0,34800.0,2026-04-28 14:58:46.693,2026042804014428
RIDI,71,7,25,347.3,8682.5,2026-04-28 14:58:40.525,2026042804014399
RIDI,42,89,100,348.0,34800.0,2026-04-28 14:58:39.924,2026042804014398
RIDI,29,89,150,348.0,52200.0,2026-04-28 14:58:29.447,2026042804014334
RIDI,29,7,50,348.0,17400.0,2026-04-28 14:58:24.162,2026042804014311
RIDI,29,56,300,348.0,104400.0,2026-04-28 14:58:24.161,2026042804014310
RIDI,10,56,180,348.0,62640.0,2026-04-28 14:58:15.800,2026042804014281
RIDI,91,56,20,348.0,6960.0,2026-04-28 14:58:15.800,2026042804014280
RIDI,91,21,80,348.0,27840.0,2026-04-28 14:58:15.128,2026042804014277
RIDI,80,21,920,348.0,320160.0,2026-04-28 14:58:15.128,2026042804014276
RIDI,80,58,80,348.0,27840.0,2026-04-28 14:57:58.709,2026042804014206
RIDI,42,58,70,348.0,24360.0,2026-04-28 14:57:56.569,2026042804014186
RIDI,42,47,30,348.0,10440.0,2026-04-28 14:57:56.569,2026042804014185
RIDI,10,47,200,348.0,69600.0,2026-04-28 14:57:52.660,2026042804014173
RIDI,46,47,50,348.0,17400.0,2026-04-28 14:57:52.618,2026042804014172
RIDI,94,33,50,347.0,17350.0,2026-04-28 14:57:47.323,2026042804014125
RIDI,94,25,100,347.0,34700.0,2026-04-28 14:57:37.097,2026042804014096
RIDI,51,42,300,346.5,103950.0,2026-04-28 14:57:22.900,2026042804014042
RIDI,58,47,20,348.0,6960.0,2026-04-28 14:57:21.450,2026042804014038
RIDI,58,38,30,348.8,10464.0,2026-04-28 14:56:47.556,2026042804013955
RIDI,42,56,92,347.0,31924.0,2026-04-28 14:56:32.530,2026042804013933
RIDI,26,51,50,346.0,17300.0,2026-04-28 14:56:31.291,2026042804013928
RIDI,33,51,50,346.1,17305.0,2026-04-28 14:56:31.291,2026042804013927
RIDI,83,56,408,347.0,141576.0,2026-04-28 14:56:29.340,2026042804013925
RIDI,83,77,292,347.0,101324.0,2026-04-28 14:56:22.802,2026042804013884
RIDI,1,77,90,347.0,31230.0,2026-04-28 14:56:08.503,2026042804013855
RIDI,34,60,547,345.5,188988.5,2026-04-28 14:56:04.973,2026042804013845
RIDI,84,60,153,345.5,52861.5,2026-04-28 14:56:04.973,2026042804013844
RIDI,22,60,200,345.6,69120.0,2026-04-28 14:56:04.972,2026042804013843
RIDI,34,60,100,345.7,34570.0,2026-04-28 14:56:04.972,2026042804013842
RIDI,58,60,500,346.0,173000.0,2026-04-28 14:56:04.972,2026042804013841
RIDI,57,77,285,347.0,98895.0,2026-04-28 14:56:02.207,2026042804013833
RIDI,41,77,100,347.0,34700.0,2026-04-28 14:55:45.383,2026042804013779
RIDI,40,77,733,347.0,254351.0,2026-04-28 14:55:22.897,2026042804013681
RIDI,38,77,500,347.0,173500.0,2026-04-28 14:54:49.066,2026042804013554
RIDI,84,82,147,345.5,50788.5,2026-04-28 14:54:46.525,2026042804013543
RIDI,58,82,200,345.5,69100.0,2026-04-28 14:54:46.525,2026042804013542
RIDI,42,82,400,345.5,138200.0,2026-04-28 14:54:46.525,2026042804013541
RIDI,49,82,90,346.0,31140.0,2026-04-28 14:54:46.525,2026042804013540
RIDI,95,82,20,346.0,6920.0,2026-04-28 14:54:46.525,2026042804013539
RIDI,34,82,100,346.0,34600.0,2026-04-28 14:54:46.525,2026042804013538
RIDI,65,82,100,346.0,34600.0,2026-04-28 14:54:46.525,2026042804013537
RIDI,49,82,80,346.0,27680.0,2026-04-28 14:54:46.525,2026042804013536
RIDI,49,82,2000,346.0,692000.0,2026-04-28 14:54:46.525,2026042804013535
RIDI,22,82,1000,346.0,346000.0,2026-04-28 14:54:46.525,2026042804013534
RIDI,101,82,200,346.0,69200.0,2026-04-28 14:54:46.525,2026042804013533
RIDI,58,82,20,346.0,6920.0,2026-04-28 14:54:46.525,2026042804013532
RIDI,17,82,125,346.0,43250.0,2026-04-28 14:54:46.525,2026042804013531
RIDI,22,82,100,346.0,34600.0,2026-04-28 14:54:46.525,2026042804013530
RIDI,48,82,418,346.0,144628.0,2026-04-28 14:54:46.525,2026042804013529
RIDI,48,83,82,346.0,28372.0,2026-04-28 14:54:46.261,2026042804013519
RIDI,38,83,500,346.0,173000.0,2026-04-28 14:54:46.261,2026042804013518
RIDI,10,83,50,346.0,17300.0,2026-04-28 14:54:46.261,2026042804013517
RIDI,62,83,5000,346.3,1731500.0,2026-04-28 14:54:46.261,2026042804013516
RIDI,62,83,500,346.3,173150.0,2026-04-28 14:54:46.261,2026042804013515
RIDI,50,83,300,346.3,103890.0,2026-04-28 14:54:46.261,2026042804013514
RIDI,32,83,10,346.4,3464.0,2026-04-28 14:54:46.261,2026042804013513
RIDI,58,83,28,346.5,9702.0,2026-04-28 14:54:46.261,2026042804013512
RIDI,48,83,100,347.0,34700.0,2026-04-28 14:54:46.261,2026042804013511
RIDI,53,83,500,347.0,173500.0,2026-04-28 14:54:46.261,2026042804013510
RIDI,48,83,1000,347.0,347000.0,2026-04-28 14:54:46.261,2026042804013509
RIDI,41,83,300,347.0,104100.0,2026-04-28 14:54:46.260,2026042804013508
RIDI,58,83,35,347.0,12145.0,2026-04-28 14:54:46.260,2026042804013507
RIDI,56,83,287,347.0,99589.0,2026-04-28 14:54:46.260,2026042804013506
RIDI,58,83,45,347.0,15615.0,2026-04-28 14:54:46.260,2026042804013505
RIDI,58,83,90,347.0,31230.0,2026-04-28 14:54:46.260,2026042804013504
RIDI,29,83,173,347.0,60031.0,2026-04-28 14:54:46.260,2026042804013503
RIDI,45,83,1000,348.0,348000.0,2026-04-28 14:54:46.260,2026042804013502
RIDI,45,77,1000,348.0,348000.0,2026-04-28 14:54:39.714,2026042804013425
RIDI,29,60,827,347.0,286969.0,2026-04-28 14:54:37.901,2026042804013418
RIDI,83,60,399,347.0,138453.0,2026-04-28 14:54:37.900,2026042804013417
RIDI,41,60,20,347.1,6942.0,2026-04-28 14:54:37.900,2026042804013416
RIDI,49,60,500,347.1,173550.0,2026-04-28 14:54:37.900,2026042804013415
RIDI,17,60,870,347.4,302238.0,2026-04-28 14:54:37.900,2026042804013414
RIDI,53,60,50,347.5,17375.0,2026-04-28 14:54:37.900,2026042804013413
RIDI,50,60,500,348.0,174000.0,2026-04-28 14:54:37.899,2026042804013412
RIDI,13,60,100,348.0,34800.0,2026-04-28 14:54:37.899,2026042804013411
RIDI,99,60,234,348.0,81432.0,2026-04-28 14:54:37.899,2026042804013410
RIDI,20,60,1000,348.3,348300.0,2026-04-28 14:54:37.898,2026042804013409
RIDI,99,71,66,348.0,22968.0,2026-04-28 14:54:24.640,2026042804013352
RIDI,49,71,35,348.0,12180.0,2026-04-28 14:54:24.639,2026042804013351
RIDI,21,71,200,348.0,69600.0,2026-04-28 14:54:24.639,2026042804013350
RIDI,45,71,500,348.0,174000.0,2026-04-28 14:54:24.639,2026042804013349
RIDI,39,71,1000,348.0,348000.0,2026-04-28 14:54:24.639,2026042804013348
RIDI,38,71,10,348.0,3480.0,2026-04-28 14:54:24.638,2026042804013347
RIDI,58,71,500,348.0,174000.0,2026-04-28 14:54:24.638,2026042804013346
RIDI,58,71,200,348.0,69600.0,2026-04-28 14:54:24.638,2026042804013345
RIDI,53,71,200,348.0,69600.0,2026-04-28 14:54:24.638,2026042804013344
RIDI,34,71,563,348.0,195924.0,2026-04-28 14:54:24.637,2026042804013343
RIDI,57,71,1000,348.0,348000.0,2026-04-28 14:54:24.637,2026042804013342
RIDI,67,71,700,348.0,243600.0,2026-04-28 14:54:24.637,2026042804013341
RIDI,45,71,20,348.0,6960.0,2026-04-28 14:54:24.637,2026042804013340
RIDI,45,71,10,348.0,3480.0,2026-04-28 14:54:24.636,2026042804013339
RIDI,45,71,1000,348.2,348200.0,2026-04-28 14:54:24.636,2026042804013338
RIDI,44,71,685,348.5,238722.5,2026-04-28 14:54:24.636,2026042804013337
RIDI,63,71,1400,348.6,488040.00000000006,2026-04-28 14:54:24.635,2026042804013336
RIDI,52,71,100,348.8,34880.0,2026-04-28 14:54:24.635,2026042804013335
RIDI,41,71,300,349.0,104700.0,2026-04-28 14:54:21.213,2026042804013330
RIDI,32,71,300,349.0,104700.0,2026-04-28 14:53:58.483,2026042804013249
RIDI,45,71,10,349.0,3490.0,2026-04-28 14:53:57.772,2026042804013246
RIDI,52,38,1100,348.8,383680.0,2026-04-28 14:53:55.893,2026042804013237
RIDI,44,38,100,348.9,34890.0,2026-04-28 14:53:55.893,2026042804013236
RIDI,34,71,1000,349.0,349000.0,2026-04-28 14:53:39.673,2026042804013201
RIDI,13,71,200,349.0,69800.0,2026-04-28 14:53:21.790,2026042804013176
RIDI,58,71,72,349.0,25128.0,2026-04-28 14:53:21.790,2026042804013175
RIDI,17,71,50,349.0,17450.0,2026-04-28 14:53:21.789,2026042804013174
RIDI,17,71,20,349.0,6980.0,2026-04-28 14:53:21.789,2026042804013173
RIDI,49,71,500,349.0,174500.0,2026-04-28 14:53:21.789,2026042804013172
RIDI,56,71,500,349.3,174650.0,2026-04-28 14:53:21.789,2026042804013171
RIDI,4,71,370,349.4,129278.0,2026-04-28 14:53:21.788,2026042804013170
RIDI,80,97,500,350.0,175000.0,2026-04-28 14:53:19.531,2026042804013167
RIDI,4,45,520,349.4,181688.0,2026-04-28 14:52:57.246,2026042804013117
RIDI,45,45,500,349.5,174750.0,2026-04-28 14:52:57.245,2026042804013116
RIDI,53,45,10,349.5,3495.0,2026-04-28 14:52:57.244,2026042804013115
RIDI,44,45,5000,349.5,1747500.0,2026-04-28 14:52:57.244,2026042804013114
RIDI,1,45,1000,349.7,349700.0,2026-04-28 14:52:57.243,2026042804013113
RIDI,42,45,500,349.7,174850.0,2026-04-28 14:52:57.243,2026042804013112
RIDI,38,45,285,349.7,99664.5,2026-04-28 14:52:57.242,2026042804013111
RIDI,19,45,185,349.7,64694.5,2026-04-28 14:52:57.241,2026042804013110
RIDI,58,97,190,350.0,66500.0,2026-04-28 14:52:47.387,2026042804013041
RIDI,58,97,300,350.0,105000.0,2026-04-28 14:52:24.668,2026042804012922
RIDI,19,22,1900,349.7,664430.0,2026-04-28 14:51:47.029,2026042804012793
RIDI,29,22,100,349.8,34980.0,2026-04-28 14:51:47.028,2026042804012792
RIDI,101,97,600,350.0,210000.0,2026-04-28 14:51:40.899,2026042804012782
RIDI,19,99,2900,349.7,1014130.0,2026-04-28 14:51:21.748,2026042804012765
RIDI,38,99,500,349.8,174900.0,2026-04-28 14:51:21.748,2026042804012764
RIDI,32,99,100,349.8,34980.0,2026-04-28 14:51:21.748,2026042804012763
RIDI,43,97,30,350.0,10500.0,2026-04-28 14:51:13.400,2026042804012748
RIDI,36,97,100,350.0,35000.0,2026-04-28 14:51:03.469,2026042804012717
RIDI,53,97,500,350.0,175000.0,2026-04-28 14:50:51.305,2026042804012657
RIDI,22,97,50,350.0,17500.0,2026-04-28 14:50:50.514,2026042804012654
RIDI,45,97,250,350.0,87500.0,2026-04-28 14:50:47.724,2026042804012646
RIDI,45,65,50,350.0,17500.0,2026-04-28 14:50:47.723,2026042804012645
RIDI,5,71,58,350.0,20300.0,2026-04-28 14:50:35.620,2026042804012625
RIDI,58,71,159,350.0,55650.0,2026-04-28 14:50:07.684,2026042804012575
RIDI,57,71,150,350.0,52500.0,2026-04-28 14:50:07.332,2026042804012573
RIDI,17,71,100,350.0,35000.0,2026-04-28 14:50:07.332,2026042804012572
RIDI,101,71,1400,350.0,490000.0,2026-04-28 14:50:07.332,2026042804012571
RIDI,5,71,100,350.0,35000.0,2026-04-28 14:50:07.332,2026042804012570
RIDI,44,71,2933,350.0,1026550.0,2026-04-28 14:50:07.332,2026042804012569
RIDI,56,71,100,350.1,35010.0,2026-04-28 14:50:07.331,2026042804012568
RIDI,44,6,47,350.0,16450.0,2026-04-28 14:49:31.333,2026042804012456
RIDI,44,19,20,350.0,7000.0,2026-04-28 14:49:31.109,2026042804012454
RIDI,44,42,10,350.0,3500.0,2026-04-28 14:49:31.108,2026042804012453
RIDI,44,49,10,350.0,3500.0,2026-04-28 14:49:31.107,2026042804012452
RIDI,44,66,200,350.0,70000.0,2026-04-28 14:49:31.107,2026042804012451
RIDI,44,97,1208,350.0,422800.0,2026-04-28 14:49:31.106,2026042804012450
RIDI,36,97,3000,350.0,1050000.0,2026-04-28 14:49:30.979,2026042804012449
RIDI,19,32,15,349.7,5245.5,2026-04-28 14:49:24.672,2026042804012441
RIDI,44,97,792,350.0,277200.0,2026-04-28 14:49:24.280,2026042804012440
RIDI,44,97,4208,350.0,1472800.0,2026-04-28 14:49:24.279,2026042804012439
RIDI,82,97,792,350.0,277200.0,2026-04-28 14:49:05.468,2026042804012412
RIDI,82,8,100,350.0,35000.0,2026-04-28 14:49:05.467,2026042804012411
RIDI,82,65,398,350.0,139300.0,2026-04-28 14:49:05.467,2026042804012410
RIDI,58,65,100,350.0,35000.0,2026-04-28 14:48:47.330,2026042804012360
RIDI,21,65,142,350.0,49700.0,2026-04-28 14:48:45.692,2026042804012353
RIDI,21,57,127,350.0,44450.0,2026-04-28 14:48:45.691,2026042804012352
RIDI,58,57,100,350.0,35000.0,2026-04-28 14:48:41.081,2026042804012346
RIDI,58,57,100,350.0,35000.0,2026-04-28 14:48:36.920,2026042804012334
RIDI,58,57,100,350.0,35000.0,2026-04-28 14:48:31.764,2026042804012314
RIDI,58,57,100,350.0,35000.0,2026-04-28 14:48:26.978,2026042804012301
RIDI,58,57,100,350.0,35000.0,2026-04-28 14:48:21.984,2026042804012297
RIDI,4,58,10,349.4,3494.0,2026-04-28 14:48:15.873,2026042804012292
RIDI,83,57,30,350.0,10500.0,2026-04-28 14:48:14.462,2026042804012289
RIDI,5,57,100,350.0,35000.0,2026-04-28 14:48:13.587,2026042804012287
RIDI,4,74,100,349.4,34940.0,2026-04-28 14:48:10.697,2026042804012286
RIDI,58,57,100,350.0,35000.0,2026-04-28 14:48:05.672,2026042804012273
RIDI,58,57,93,350.0,32550.0,2026-04-28 14:48:00.552,2026042804012264
RIDI,58,56,1790,349.9,626321.0,2026-04-28 14:48:00.552,2026042804012263
RIDI,58,11,117,349.7,40914.9,2026-04-28 14:48:00.552,2026042804012262
RIDI,82,32,10,349.2,3492.0,2026-04-28 14:47:04.122,2026042804012141
RIDI,64,56,210,349.9,73479.0,2026-04-28 14:46:55.094,2026042804012123
RIDI,19,56,40,349.8,13992.0,2026-04-28 14:44:35.345,2026042804011903
RIDI,45,57,15,350.0,5250.0,2026-04-28 14:43:10.666,2026042804011745
RIDI,38,57,20,350.0,7000.0,2026-04-28 14:43:09.165,2026042804011740
RIDI,44,94,1513,348.5,527280.5,2026-04-28 14:43:06.854,2026042804011733
RIDI,44,51,2802,348.5,976497.0,2026-04-28 14:42:38.918,2026042804011643
RIDI,21,51,898,348.5,312953.0,2026-04-28 14:42:14.669,2026042804011590
RIDI,11,51,1000,348.5,348500.0,2026-04-28 14:41:34.943,2026042804011465
RIDI,6,51,1000,348.5,348500.0,2026-04-28 14:41:16.355,2026042804011435
RIDI,82,34,10,348.0,3480.0,2026-04-28 14:40:43.783,2026042804011395
RIDI,58,14,720,347.5,250200.0,2026-04-28 14:40:10.275,2026042804011351
RIDI,77,57,4015,350.0,1405250.0,2026-04-28 14:40:10.183,2026042804011350
RIDI,77,97,6413,350.0,2244550.0,2026-04-28 14:40:10.182,2026042804011349
RIDI,77,57,1200,350.0,420000.0,2026-04-28 14:40:10.181,2026042804011348
RIDI,77,57,1400,350.0,490000.0,2026-04-28 14:40:10.180,2026042804011347
RIDI,77,41,50,349.0,17450.0,2026-04-28 14:40:10.179,2026042804011346
RIDI,77,16,1100,349.0,383900.0,2026-04-28 14:40:10.179,2026042804011345
RIDI,77,26,322,349.0,112378.0,2026-04-28 14:40:10.178,2026042804011344
RIDI,77,34,500,348.0,174000.0,2026-04-28 14:40:10.177,2026042804011343
RIDI,58,58,16,347.5,5560.0,2026-04-28 14:40:01.184,2026042804011318
RIDI,58,34,500,348.0,174000.0,2026-04-28 14:39:55.952,2026042804011313
RIDI,35,26,28,349.0,9772.0,2026-04-28 14:39:35.609,2026042804011262
RIDI,58,62,100,347.5,34750.0,2026-04-28 14:39:13.355,2026042804011230
RIDI,17,58,130,347.4,45162.0,2026-04-28 14:38:57.264,2026042804011187
RIDI,63,58,200,347.5,69500.0,2026-04-28 14:38:57.264,2026042804011186
RIDI,54,58,40,347.5,13900.0,2026-04-28 14:38:57.264,2026042804011185
RIDI,75,26,150,349.0,52350.0,2026-04-28 14:38:43.195,2026042804011160
RIDI,75,57,1400,349.0,488600.0,2026-04-28 14:38:43.195,2026042804011159
RIDI,75,1,950,348.9,331455.0,2026-04-28 14:38:43.195,2026042804011158
RIDI,83,58,401,347.0,139147.0,2026-04-28 14:38:13.277,2026042804011084
RIDI,83,77,600,347.0,208200.0,2026-04-28 14:38:10.514,2026042804011080
RIDI,1,77,100,347.1,34710.0,2026-04-28 14:38:10.513,2026042804011079
RIDI,101,77,4600,347.2,1597120.0,2026-04-28 14:38:10.513,2026042804011078
RIDI,92,77,1000,347.3,347300.0,2026-04-28 14:38:10.512,2026042804011077
RIDI,83,36,100,347.0,34700.0,2026-04-28 14:37:05.108,2026042804011005
RIDI,83,101,381,347.0,132207.0,2026-04-28 14:37:05.108,2026042804011004
RIDI,29,101,1400,347.0,485800.0,2026-04-28 14:37:04.978,2026042804011003
RIDI,62,101,5000,347.0,1735000.0,2026-04-28 14:36:52.653,2026042804010995
RIDI,22,101,500,347.0,173500.0,2026-04-28 14:36:51.851,2026042804010990
RIDI,8,101,1150,347.0,399050.0,2026-04-28 14:36:45.131,2026042804010986
RIDI,101,101,12000,347.0,4164000.0,2026-04-28 14:36:38.515,2026042804010981
RIDI,22,101,500,347.0,173500.0,2026-04-28 14:36:36.427,2026042804010978
RIDI,58,101,55,347.0,19085.0,2026-04-28 14:36:20.885,2026042804010971
RIDI,80,101,100,347.0,34700.0,2026-04-28 14:36:09.602,2026042804010967
RIDI,22,101,500,347.0,173500.0,2026-04-28 14:36:05.079,2026042804010955
RIDI,22,101,500,347.0,173500.0,2026-04-28 14:35:45.458,2026042804010922
RIDI,58,101,54,347.0,18738.0,2026-04-28 14:35:37.636,2026042804010920
RIDI,34,101,50,347.0,17350.0,2026-04-28 14:35:08.310,2026042804010874
RIDI,48,101,1000,347.0,347000.0,2026-04-28 14:35:08.310,2026042804010873
RIDI,49,101,1000,347.0,347000.0,2026-04-28 14:35:08.310,2026042804010872
RIDI,49,101,3000,347.0,1041000.0,2026-04-28 14:35:08.310,2026042804010871
RIDI,74,101,500,347.0,173500.0,2026-04-28 14:35:08.309,2026042804010870
RIDI,49,101,100,347.0,34700.0,2026-04-28 14:35:08.309,2026042804010869
RIDI,7,101,500,347.0,173500.0,2026-04-28 14:35:08.309,2026042804010868
RIDI,42,101,100,347.0,34700.0,2026-04-28 14:35:08.309,2026042804010867
RIDI,52,101,50,347.0,17350.0,2026-04-28 14:35:08.309,2026042804010866
RIDI,41,101,15,347.0,5205.0,2026-04-28 14:35:08.309,2026042804010865
RIDI,25,101,500,347.0,173500.0,2026-04-28 14:35:08.308,2026042804010864
RIDI,20,101,500,347.0,173500.0,2026-04-28 14:35:08.308,2026042804010863
RIDI,57,101,100,347.0,34700.0,2026-04-28 14:35:08.308,2026042804010862
RIDI,34,101,100,347.0,34700.0,2026-04-28 14:35:08.308,2026042804010861
RIDI,34,101,500,347.0,173500.0,2026-04-28 14:35:08.308,2026042804010860
RIDI,95,101,50,347.2,17360.0,2026-04-28 14:35:08.308,2026042804010859
RIDI,39,101,2000,347.3,694600.0,2026-04-28 14:35:08.307,2026042804010858
RIDI,38,101,1000,347.4,347400.0,2026-04-28 14:35:08.307,2026042804010857
RIDI,22,101,30,347.5,10425.0,2026-04-28 14:35:08.307,2026042804010856
RIDI,11,101,100,347.7,34770.0,2026-04-28 14:35:08.307,2026042804010855
RIDI,40,101,150,347.9,52185.0,2026-04-28 14:35:08.307,2026042804010854
RIDI,58,101,700,348.0,243600.0,2026-04-28 14:35:08.307,2026042804010853
RIDI,45,101,500,348.0,174000.0,2026-04-28 14:35:08.306,2026042804010852
RIDI,53,101,20,348.0,6960.0,2026-04-28 14:35:08.306,2026042804010851
RIDI,49,101,1000,348.0,348000.0,2026-04-28 14:35:08.306,2026042804010850
RIDI,38,101,500,348.0,174000.0,2026-04-28 14:35:08.306,2026042804010849
RIDI,35,101,100,348.0,34800.0,2026-04-28 14:35:08.306,2026042804010848
RIDI,26,101,200,348.0,69600.0,2026-04-28 14:35:08.305,2026042804010847
RIDI,6,101,50,348.0,17400.0,2026-04-28 14:35:08.305,2026042804010846
RIDI,58,101,100,348.0,34800.0,2026-04-28 14:35:08.304,2026042804010845
RIDI,40,101,338,348.0,117624.0,2026-04-28 14:35:08.303,2026042804010844
RIDI,6,101,20,348.2,6964.0,2026-04-28 14:35:08.302,2026042804010843
RIDI,34,101,100,348.2,34820.0,2026-04-28 14:35:08.302,2026042804010842
RIDI,14,101,1500,348.2,522300.0,2026-04-28 14:35:08.301,2026042804010841
RIDI,60,101,150,348.2,52230.0,2026-04-28 14:35:08.301,2026042804010840
RIDI,8,101,50,348.2,17410.0,2026-04-28 14:35:08.300,2026042804010839
RIDI,22,101,300,348.3,104490.0,2026-04-28 14:35:08.299,2026042804010838
RIDI,52,101,887,348.4,309030.8,2026-04-28 14:35:08.299,2026042804010837
RIDI,52,34,413,348.4,143889.19999999998,2026-04-28 14:35:06.974,2026042804010836
RIDI,92,34,37,348.5,12894.5,2026-04-28 14:35:06.973,2026042804010835
RIDI,92,44,610,348.5,212585.0,2026-04-28 14:34:48.816,2026042804010811
RIDI,92,94,1353,348.5,471520.5,2026-04-28 14:34:40.470,2026042804010805
RIDI,32,94,300,348.5,104550.0,2026-04-28 14:34:40.258,2026042804010804
RIDI,47,94,200,348.5,69700.0,2026-04-28 14:34:29.617,2026042804010798
RIDI,34,94,147,348.5,51229.5,2026-04-28 14:34:20.671,2026042804010795
RIDI,34,58,253,348.5,88170.5,2026-04-28 14:34:19.119,2026042804010794
RIDI,20,58,148,348.5,51578.0,2026-04-28 14:34:19.119,2026042804010793
RIDI,20,58,401,348.5,139748.5,2026-04-28 14:34:13.580,2026042804010790
RIDI,20,58,401,348.5,139748.5,2026-04-28 14:34:09.556,2026042804010780
RIDI,45,42,1000,349.0,349000.0,2026-04-28 14:33:58.439,2026042804010753
RIDI,20,19,50,348.5,17425.0,2026-04-28 14:32:50.382,2026042804010696
RIDI,36,101,790,349.0,275710.0,2026-04-28 14:31:47.212,2026042804010618
RIDI,38,101,350,349.0,122150.0,2026-04-28 14:31:19.159,2026042804010577
RIDI,65,101,300,349.0,104700.0,2026-04-28 14:30:46.729,2026042804010531
RIDI,32,101,1000,349.0,349000.0,2026-04-28 14:30:42.704,2026042804010529
RIDI,44,101,1000,349.0,349000.0,2026-04-28 14:30:42.704,2026042804010528
RIDI,49,101,200,349.0,69800.0,2026-04-28 14:30:42.704,2026042804010527
RIDI,54,101,500,349.0,174500.0,2026-04-28 14:30:42.704,2026042804010526
RIDI,6,101,150,349.0,52350.0,2026-04-28 14:30:42.703,2026042804010525
RIDI,80,101,200,349.1,69820.0,2026-04-28 14:30:42.703,2026042804010524
RIDI,33,101,50,349.1,17455.0,2026-04-28 14:30:42.703,2026042804010523
RIDI,5,101,100,349.2,34920.0,2026-04-28 14:30:42.703,2026042804010522
RIDI,29,101,474,349.9,165852.59999999998,2026-04-28 14:30:42.702,2026042804010521
RIDI,94,97,500,350.0,175000.0,2026-04-28 14:30:30.577,2026042804010505
RIDI,38,97,500,350.0,175000.0,2026-04-28 14:30:21.461,2026042804010501
RIDI,88,97,2000,350.0,700000.0,2026-04-28 14:30:16.345,2026042804010472
RIDI,65,97,157,350.0,54950.0,2026-04-28 14:30:11.808,2026042804010461
RIDI,29,60,26,349.9,9097.4,2026-04-28 14:30:02.845,2026042804010448
RIDI,18,97,100,350.0,35000.0,2026-04-28 14:29:46.823,2026042804010425
RIDI,45,97,330,350.0,115500.0,2026-04-28 14:29:29.214,2026042804010408
RIDI,38,60,345,349.8,120681.0,2026-04-28 14:28:53.708,2026042804010376
RIDI,33,45,150,349.1,52365.0,2026-04-28 14:28:24.080,2026042804010347
RIDI,60,60,155,349.9,54234.5,2026-04-28 14:28:12.064,2026042804010337
RIDI,45,101,1000,349.0,349000.0,2026-04-28 14:27:26.324,2026042804010301
RIDI,8,101,12,349.0,4188.0,2026-04-28 14:27:03.913,2026042804010282
RIDI,40,45,327,348.0,113796.0,2026-04-28 14:26:59.754,2026042804010275
RIDI,34,45,100,348.1,34810.0,2026-04-28 14:26:59.754,2026042804010274
RIDI,92,45,100,348.1,34810.0,2026-04-28 14:26:59.753,2026042804010273
RIDI,92,100,900,348.1,313290.0,2026-04-28 14:26:56.779,2026042804010268
RIDI,28,100,100,348.1,34810.0,2026-04-28 14:26:56.778,2026042804010267
RIDI,8,101,1150,349.0,401350.0,2026-04-28 14:26:33.970,2026042804010241
RIDI,39,101,1000,349.0,349000.0,2026-04-28 14:26:18.324,2026042804010225
RIDI,40,99,335,348.0,116580.0,2026-04-28 14:26:15.068,2026042804010224
RIDI,17,99,100,348.0,34800.0,2026-04-28 14:26:15.068,2026042804010223
RIDI,62,99,150,348.0,52200.0,2026-04-28 14:26:15.068,2026042804010222
RIDI,19,99,500,348.0,174000.0,2026-04-28 14:26:15.067,2026042804010221
RIDI,32,99,2000,348.0,696000.0,2026-04-28 14:26:15.067,2026042804010220
RIDI,58,99,10,348.0,3480.0,2026-04-28 14:26:15.067,2026042804010219
RIDI,19,99,100,348.0,34800.0,2026-04-28 14:26:15.067,2026042804010218
RIDI,58,99,30,348.0,10440.0,2026-04-28 14:26:15.067,2026042804010217
RIDI,6,99,2000,348.0,696000.0,2026-04-28 14:26:15.067,2026042804010216
RIDI,41,99,100,348.0,34800.0,2026-04-28 14:26:15.066,2026042804010215
RIDI,14,99,500,348.0,174000.0,2026-04-28 14:26:15.066,2026042804010214
RIDI,63,99,20,348.0,6960.0,2026-04-28 14:26:15.066,2026042804010213
RIDI,38,99,100,348.0,34800.0,2026-04-28 14:26:15.066,2026042804010212
RIDI,34,99,50,348.0,17400.0,2026-04-28 14:26:15.066,2026042804010211
RIDI,6,99,700,348.1,243670.00000000003,2026-04-28 14:26:15.065,2026042804010210
RIDI,8,99,500,348.1,174050.0,2026-04-28 14:26:15.065,2026042804010209
RIDI,16,99,1000,348.5,348500.0,2026-04-28 14:26:15.065,2026042804010208
RIDI,66,99,500,348.6,174300.0,2026-04-28 14:26:15.065,2026042804010207
RIDI,21,99,2000,348.6,697200.0,2026-04-28 14:26:15.065,2026042804010206
RIDI,34,99,500,348.6,174300.0,2026-04-28 14:26:15.065,2026042804010205
RIDI,52,99,1300,348.7,453310.0,2026-04-28 14:26:15.064,2026042804010204
RIDI,85,99,1000,348.9,348900.0,2026-04-28 14:26:15.064,2026042804010203
RIDI,63,99,505,348.9,176194.5,2026-04-28 14:26:15.064,2026042804010202
RIDI,63,62,495,348.9,172705.5,2026-04-28 14:26:05.384,2026042804010191
RIDI,22,101,500,349.0,174500.0,2026-04-28 14:25:44.939,2026042804010178
RIDI,48,101,200,349.0,69800.0,2026-04-28 14:25:08.670,2026042804010151
RIDI,57,101,100,349.0,34900.0,2026-04-28 14:25:02.119,2026042804010145
RIDI,22,101,50,349.0,17450.0,2026-04-28 14:25:02.119,2026042804010144
RIDI,38,101,10,349.0,3490.0,2026-04-28 14:25:02.119,2026042804010143
RIDI,38,101,200,349.0,69800.0,2026-04-28 14:25:02.118,2026042804010142
RIDI,4,101,200,349.0,69800.0,2026-04-28 14:25:02.118,2026042804010141
RIDI,34,101,50,349.0,17450.0,2026-04-28 14:25:02.117,2026042804010140
RIDI,16,101,100,349.0,34900.0,2026-04-28 14:25:02.116,2026042804010139
RIDI,13,101,500,349.0,174500.0,2026-04-28 14:25:02.116,2026042804010138
RIDI,34,101,800,349.0,279200.0,2026-04-28 14:25:02.115,2026042804010137
RIDI,32,101,300,349.0,104700.0,2026-04-28 14:25:02.115,2026042804010136
RIDI,58,101,500,349.0,174500.0,2026-04-28 14:25:02.114,2026042804010135
RIDI,38,101,15,349.0,5235.0,2026-04-28 14:25:02.114,2026042804010134
RIDI,48,101,2533,349.0,884017.0,2026-04-28 14:25:02.113,2026042804010133
RIDI,92,101,780,349.7,272766.0,2026-04-28 14:25:02.112,2026042804010132
RIDI,48,101,1467,349.0,511983.0,2026-04-28 14:24:56.335,2026042804010130
RIDI,58,101,500,349.1,174550.0,2026-04-28 14:24:56.335,2026042804010129
RIDI,83,101,1000,349.2,349200.0,2026-04-28 14:24:56.335,2026042804010128
RIDI,32,101,10,349.3,3493.0,2026-04-28 14:24:56.335,2026042804010127
RIDI,99,101,200,349.4,69880.0,2026-04-28 14:24:56.335,2026042804010126
RIDI,28,101,50,349.5,17475.0,2026-04-28 14:24:56.334,2026042804010125
RIDI,99,101,5000,349.5,1747500.0,2026-04-28 14:24:56.334,2026042804010124
RIDI,6,101,2400,349.6,839040.0,2026-04-28 14:24:56.333,2026042804010123
RIDI,20,101,1000,349.6,349600.0,2026-04-28 14:24:56.333,2026042804010122
RIDI,17,101,535,349.6,187036.0,2026-04-28 14:24:56.332,2026042804010121
RIDI,34,101,250,349.6,87400.0,2026-04-28 14:24:56.332,2026042804010120
RIDI,22,101,100,349.6,34960.0,2026-04-28 14:24:56.331,2026042804010119
RIDI,49,101,1000,350.0,350000.0,2026-04-28 14:24:47.359,2026042804010112
RIDI,92,101,1000,350.0,350000.0,2026-04-28 14:24:39.886,2026042804010101
RIDI,89,101,488,350.0,170800.0,2026-04-28 14:24:34.794,2026042804010089
RIDI,89,25,100,350.0,35000.0,2026-04-28 14:24:21.489,2026042804010073
RIDI,89,66,1598,350.0,559300.0,2026-04-28 14:24:21.488,2026042804010072
RIDI,57,66,800,350.0,280000.0,2026-04-28 14:24:20.856,2026042804010071
RIDI,25,66,2000,350.0,700000.0,2026-04-28 14:23:57.113,2026042804010049
RIDI,89,66,1700,349.3,593810.0,2026-04-28 14:23:30.352,2026042804010027
RIDI,83,60,1000,349.9,349900.0,2026-04-28 14:23:28.635,2026042804010013
RIDI,89,22,153,349.3,53442.9,2026-04-28 14:23:22.810,2026042804010001
RIDI,25,25,180,349.5,62910.0,2026-04-28 14:23:12.427,2026042804009985
RIDI,89,58,961,349.3,335677.3,2026-04-28 14:22:34.634,2026042804009924
RIDI,6,58,2699,349.4,943030.6,2026-04-28 14:22:34.634,2026042804009923
RIDI,32,58,10,349.4,3494.0,2026-04-28 14:22:34.633,2026042804009922
RIDI,56,58,500,349.5,174750.0,2026-04-28 14:22:34.633,2026042804009921
RIDI,80,58,500,349.5,174750.0,2026-04-28 14:22:34.632,2026042804009920
RIDI,74,58,100,349.5,34950.0,2026-04-28 14:22:34.632,2026042804009919
RIDI,22,58,180,349.5,62910.0,2026-04-28 14:22:34.631,2026042804009918
RIDI,41,58,50,349.6,17480.0,2026-04-28 14:22:34.630,2026042804009917
RIDI,22,34,10,349.5,3495.0,2026-04-28 14:21:38.021,2026042804009888
RIDI,80,66,500,350.0,175000.0,2026-04-28 14:21:29.893,2026042804009883
RIDI,22,34,10,349.5,3495.0,2026-04-28 14:21:28.865,2026042804009877
RIDI,46,66,102,350.0,35700.0,2026-04-28 14:21:00.397,2026042804009843
RIDI,6,34,2400,350.0,840000.0,2026-04-28 14:20:37.467,2026042804009810
RIDI,6,28,40,349.3,13972.0,2026-04-28 14:20:35.436,2026042804009809
RIDI,49,34,1000,350.0,350000.0,2026-04-28 14:20:26.775,2026042804009798
RIDI,14,34,500,350.0,175000.0,2026-04-28 14:20:21.883,2026042804009794
RIDI,35,34,1000,350.0,350000.0,2026-04-28 14:20:21.883,2026042804009793
RIDI,22,34,100,350.3,35030.0,2026-04-28 14:20:21.883,2026042804009792
RIDI,14,34,50,350.5,17525.0,2026-04-28 14:19:36.703,2026042804009730
RIDI,6,58,1261,349.2,440341.2,2026-04-28 14:18:54.553,2026042804009673
RIDI,32,58,10,349.2,3492.0,2026-04-28 14:18:54.553,2026042804009672
RIDI,34,58,300,349.5,104850.0,2026-04-28 14:18:54.553,2026042804009671
RIDI,14,58,11,349.8,3847.8,2026-04-28 14:18:54.553,2026042804009670
RIDI,49,58,150,350.0,52500.0,2026-04-28 14:18:54.553,2026042804009669
RIDI,29,58,500,350.0,175000.0,2026-04-28 14:18:54.553,2026042804009668
RIDI,39,58,20,350.0,7000.0,2026-04-28 14:18:54.553,2026042804009667
RIDI,45,58,248,350.0,86800.0,2026-04-28 14:18:54.553,2026042804009666
RIDI,58,58,500,350.1,175050.0,2026-04-28 14:18:54.553,2026042804009665
RIDI,58,34,500,350.1,175050.0,2026-04-28 14:17:47.941,2026042804009514
RIDI,45,97,252,350.0,88200.0,2026-04-28 14:17:34.688,2026042804009494
RIDI,8,97,200,350.0,70000.0,2026-04-28 14:17:34.688,2026042804009493
RIDI,38,97,1000,350.0,350000.0,2026-04-28 14:17:34.688,2026042804009492
RIDI,36,97,100,350.0,35000.0,2026-04-28 14:17:34.688,2026042804009491
RIDI,33,97,1000,350.0,350000.0,2026-04-28 14:17:34.687,2026042804009490
RIDI,58,97,200,350.0,70000.0,2026-04-28 14:17:34.687,2026042804009489
RIDI,49,97,100,350.0,35000.0,2026-04-28 14:17:34.687,2026042804009488
RIDI,14,97,300,350.0,105000.0,2026-04-28 14:17:34.687,2026042804009487
RIDI,58,97,30,350.0,10500.0,2026-04-28 14:17:34.687,2026042804009486
RIDI,58,97,300,350.0,105000.0,2026-04-28 14:17:34.687,2026042804009485
RIDI,101,97,80,350.0,28000.0,2026-04-28 14:17:34.686,2026042804009484
RIDI,65,97,2000,350.0,700000.0,2026-04-28 14:17:34.686,2026042804009483
RIDI,60,97,500,350.0,175000.0,2026-04-28 14:17:34.686,2026042804009482
RIDI,42,97,18,350.0,6300.0,2026-04-28 14:17:34.686,2026042804009481
RIDI,42,97,500,350.0,175000.0,2026-04-28 14:17:34.685,2026042804009480
RIDI,52,97,50,350.0,17500.0,2026-04-28 14:17:34.685,2026042804009479
RIDI,38,97,1000,350.0,350000.0,2026-04-28 14:17:34.685,2026042804009478
RIDI,25,97,500,350.0,175000.0,2026-04-28 14:17:34.685,2026042804009477
RIDI,101,97,200,350.0,70000.0,2026-04-28 14:17:34.684,2026042804009476
RIDI,49,97,280,350.0,98000.0,2026-04-28 14:17:34.684,2026042804009475
RIDI,42,97,57,350.0,19950.0,2026-04-28 14:17:34.684,2026042804009474
RIDI,7,97,1000,350.0,350000.0,2026-04-28 14:17:34.683,2026042804009473
RIDI,3,97,1140,350.0,399000.0,2026-04-28 14:17:34.683,2026042804009472
RIDI,58,97,350,350.0,122500.0,2026-04-28 14:17:34.683,2026042804009471
RIDI,11,97,50,350.0,17500.0,2026-04-28 14:17:34.683,2026042804009470
RIDI,16,97,100,350.0,35000.0,2026-04-28 14:17:34.682,2026042804009469
RIDI,39,97,693,350.0,242550.0,2026-04-28 14:17:34.682,2026042804009468
RIDI,39,6,9307,350.0,3257450.0,2026-04-28 14:17:02.290,2026042804009426
RIDI,39,6,193,350.0,67550.0,2026-04-28 14:17:02.290,2026042804009425
RIDI,39,53,807,350.0,282450.0,2026-04-28 14:16:55.990,2026042804009420
RIDI,58,53,50,350.0,17500.0,2026-04-28 14:16:55.990,2026042804009419
RIDI,6,53,500,350.0,175000.0,2026-04-28 14:16:55.990,2026042804009418
RIDI,35,53,20,350.0,7000.0,2026-04-28 14:16:55.989,2026042804009417
RIDI,48,53,1000,350.0,350000.0,2026-04-28 14:16:55.989,2026042804009416
RIDI,84,53,200,350.0,70000.0,2026-04-28 14:16:55.989,2026042804009415
RIDI,26,53,423,350.0,148050.0,2026-04-28 14:16:55.988,2026042804009414
RIDI,26,66,577,350.0,201950.0,2026-04-28 14:16:44.302,2026042804009403
RIDI,16,66,500,350.0,175000.0,2026-04-28 14:16:44.302,2026042804009402
RIDI,52,66,112,350.0,39200.0,2026-04-28 14:16:44.302,2026042804009401
RIDI,34,66,25,350.0,8750.0,2026-04-28 14:16:44.302,2026042804009400
RIDI,64,66,500,350.0,175000.0,2026-04-28 14:16:44.302,2026042804009399
RIDI,38,66,20,350.0,7000.0,2026-04-28 14:16:44.302,2026042804009398
RIDI,21,66,50,350.0,17500.0,2026-04-28 14:16:44.302,2026042804009397
RIDI,41,66,200,350.0,70000.0,2026-04-28 14:16:44.302,2026042804009396
RIDI,58,66,500,350.0,175000.0,2026-04-28 14:16:44.302,2026042804009395
RIDI,57,66,70,350.0,24500.0,2026-04-28 14:16:44.302,2026042804009394
RIDI,32,66,446,350.0,156100.0,2026-04-28 14:16:44.302,2026042804009393
RIDI,32,1,54,350.0,18900.0,2026-04-28 14:16:32.947,2026042804009386
RIDI,77,1,300,350.0,105000.0,2026-04-28 14:16:32.947,2026042804009385
RIDI,60,1,146,350.0,51100.0,2026-04-28 14:16:32.946,2026042804009384
RIDI,60,81,1854,350.0,648900.0,2026-04-28 14:16:19.465,2026042804009365
RIDI,49,81,1000,350.1,350100.0,2026-04-28 14:16:19.465,2026042804009364
RIDI,8,81,2500,350.1,875250.0,2026-04-28 14:16:19.465,2026042804009363
RIDI,53,81,1000,350.1,350100.0,2026-04-28 14:16:19.465,2026042804009362
RIDI,56,81,200,350.1,70020.0,2026-04-28 14:16:19.465,2026042804009361
RIDI,64,81,100,350.1,35010.0,2026-04-28 14:16:19.465,2026042804009360
RIDI,58,81,30,350.1,10503.0,2026-04-28 14:16:19.465,2026042804009359
RIDI,36,81,1000,350.1,350100.0,2026-04-28 14:16:19.465,2026042804009358
RIDI,29,81,2000,350.2,700400.0,2026-04-28 14:16:19.465,2026042804009357
RIDI,39,81,1000,350.5,350500.0,2026-04-28 14:16:19.465,2026042804009356
RIDI,22,81,100,350.5,35050.0,2026-04-28 14:16:19.465,2026042804009355
RIDI,60,81,150,350.5,52575.0,2026-04-28 14:16:19.465,2026042804009354
RIDI,44,81,4066,350.6,1425539.6,2026-04-28 14:16:19.465,2026042804009353
RIDI,42,1,50,351.0,17550.0,2026-04-28 14:15:55.031,2026042804009330
RIDI,6,4,20,351.7,7034.0,2026-04-28 14:15:34.108,2026042804009299
RIDI,44,26,934,350.6,327460.4,2026-04-28 14:15:30.535,2026042804009296
RIDI,20,26,2066,350.7,724546.2,2026-04-28 14:15:30.535,2026042804009295
RIDI,20,47,934,350.7,327553.8,2026-04-28 14:15:10.195,2026042804009277
RIDI,77,47,586,350.7,205510.2,2026-04-28 14:15:10.195,2026042804009276
RIDI,62,47,980,351.0,343980.0,2026-04-28 14:15:10.194,2026042804009275
RIDI,62,74,20,351.0,7020.0,2026-04-28 14:13:56.773,2026042804009184
RIDI,62,99,500,351.0,175500.0,2026-04-28 14:13:31.538,2026042804009133
RIDI,33,1,1000,351.0,351000.0,2026-04-28 14:12:25.344,2026042804009043
RIDI,77,77,414,350.7,145189.8,2026-04-28 14:11:08.879,2026042804008860
RIDI,33,77,1516,351.0,532116.0,2026-04-28 14:11:08.879,2026042804008859
RIDI,34,77,70,351.1,24577.0,2026-04-28 14:11:08.878,2026042804008858
RIDI,34,34,10,351.1,3511.0,2026-04-28 14:10:53.074,2026042804008842
RIDI,34,59,20,351.1,7022.0,2026-04-28 14:10:49.802,2026042804008839
RIDI,80,59,180,351.2,63216.0,2026-04-28 14:10:49.802,2026042804008838
RIDI,33,75,484,351.0,169884.0,2026-04-28 14:10:02.580,2026042804008748
RIDI,58,21,1,343.4,343.4,2026-04-28 14:09:58.268,2026042804008744
RIDI,83,75,1000,351.0,351000.0,2026-04-28 14:09:46.048,2026042804008730
RIDI,34,75,16,351.0,5616.0,2026-04-28 14:09:23.036,2026042804008695
RIDI,34,34,34,351.0,11934.0,2026-04-28 14:08:51.390,2026042804008637
RIDI,49,34,1000,351.0,351000.0,2026-04-28 14:08:51.390,2026042804008636
RIDI,42,34,40,351.0,14040.0,2026-04-28 14:08:51.389,2026042804008635
RIDI,49,34,50,351.0,17550.0,2026-04-28 14:08:51.389,2026042804008634
RIDI,66,34,176,351.0,61776.0,2026-04-28 14:08:51.388,2026042804008633
RIDI,66,1,229,351.0,80379.0,2026-04-28 14:08:39.150,2026042804008617
RIDI,52,1,50,351.0,17550.0,2026-04-28 14:08:39.150,2026042804008616
RIDI,49,1,29,351.0,10179.0,2026-04-28 14:08:39.150,2026042804008615
RIDI,74,1,500,351.2,175600.0,2026-04-28 14:08:39.149,2026042804008614
RIDI,49,1,971,351.0,340821.0,2026-04-28 14:08:27.466,2026042804008593
RIDI,49,1,29,351.0,10179.0,2026-04-28 14:08:27.465,2026042804008592
RIDI,49,75,751,351.0,263601.0,2026-04-28 14:08:20.976,2026042804008579
RIDI,58,75,500,351.1,175550.0,2026-04-28 14:08:20.975,2026042804008578
RIDI,20,75,4000,351.4,1405600.0,2026-04-28 14:08:20.974,2026042804008577
RIDI,84,75,10,351.4,3514.0,2026-04-28 14:08:20.974,2026042804008576
RIDI,40,75,1000,351.5,351500.0,2026-04-28 14:08:20.973,2026042804008575
RIDI,48,75,1000,351.6,351600.0,2026-04-28 14:08:20.972,2026042804008574
RIDI,50,75,1000,351.7,351700.0,2026-04-28 14:08:20.972,2026042804008573
RIDI,42,75,850,351.7,298945.0,2026-04-28 14:08:20.971,2026042804008572
RIDI,42,6,50,351.7,17585.0,2026-04-28 14:08:03.023,2026042804008553
RIDI,42,57,100,351.7,35170.0,2026-04-28 14:07:50.956,2026042804008543
RIDI,101,57,500,351.8,175900.0,2026-04-28 14:07:50.956,2026042804008542
RIDI,43,75,1000,351.9,351900.0,2026-04-28 14:07:45.686,2026042804008539
RIDI,5,43,52,352.0,18304.0,2026-04-28 14:06:52.705,2026042804008466
RIDI,50,43,158,352.0,55616.0,2026-04-28 14:06:00.522,2026042804008388
RIDI,50,59,42,352.0,14784.0,2026-04-28 14:06:00.521,2026042804008387
RIDI,101,22,60,351.8,21108.0,2026-04-28 14:05:48.185,2026042804008379
RIDI,45,59,50,352.0,17600.0,2026-04-28 14:05:47.296,2026042804008374
RIDI,101,17,500,351.8,175900.0,2026-04-28 14:05:43.657,2026042804008372
RIDI,4,59,28,352.0,9856.0,2026-04-28 14:04:42.376,2026042804008304
RIDI,101,17,210,351.8,73878.0,2026-04-28 14:04:01.725,2026042804008248
RIDI,45,17,790,351.8,277922.0,2026-04-28 14:02:43.350,2026042804008106
RIDI,45,38,100,351.8,35180.0,2026-04-28 14:02:42.955,2026042804008103
RIDI,45,44,100,351.8,35180.0,2026-04-28 14:02:42.669,2026042804008102
RIDI,45,58,10,351.8,3518.0,2026-04-28 14:02:36.654,2026042804008084
RIDI,36,59,100,352.0,35200.0,2026-04-28 14:02:01.834,2026042804008036
RIDI,32,59,280,352.0,98560.0,2026-04-28 14:01:34.527,2026042804008010
RIDI,32,77,220,352.0,77440.0,2026-04-28 14:01:34.526,2026042804008009
RIDI,40,77,1000,352.0,352000.0,2026-04-28 13:59:33.767,2026042804007789
RIDI,50,77,500,352.0,176000.0,2026-04-28 13:59:33.287,2026042804007784
RIDI,45,77,250,352.0,88000.0,2026-04-28 13:59:07.619,2026042804007775
RIDI,39,77,20,352.0,7040.0,2026-04-28 13:58:29.258,2026042804007728
RIDI,42,77,10,352.0,3520.0,2026-04-28 13:57:18.508,2026042804007646
RIDI,29,1,1,352.0,352.0,2026-04-28 13:56:02.925,2026042804007526
RIDI,45,34,250,351.1,87775.0,2026-04-28 13:55:23.463,2026042804007461
RIDI,22,34,100,351.1,35110.0,2026-04-28 13:55:23.463,2026042804007460
RIDI,22,34,100,351.2,35120.0,2026-04-28 13:55:23.462,2026042804007459
RIDI,62,34,50,352.0,17600.0,2026-04-28 13:55:23.461,2026042804007458
RIDI,29,58,120,352.0,42240.0,2026-04-28 13:53:42.004,2026042804007297
RIDI,29,39,1879,352.0,661408.0,2026-04-28 13:51:52.779,2026042804007209
RIDI,14,39,121,352.0,42592.0,2026-04-28 13:51:52.143,2026042804007208
RIDI,14,38,1879,352.0,661408.0,2026-04-28 13:51:52.143,2026042804007207
RIDI,62,38,1300,352.0,457600.0,2026-04-28 13:51:36.702,2026042804007188
RIDI,34,38,1000,352.0,352000.0,2026-04-28 13:51:07.770,2026042804007176
RIDI,45,38,12,352.0,4224.0,2026-04-28 13:50:26.832,2026042804007159
RIDI,42,38,380,352.0,133760.0,2026-04-28 13:50:16.113,2026042804007152
RIDI,49,83,220,351.0,77220.0,2026-04-28 13:49:50.667,2026042804007114
RIDI,91,83,1000,351.0,351000.0,2026-04-28 13:49:50.666,2026042804007113
RIDI,49,83,580,351.0,203580.0,2026-04-28 13:49:50.665,2026042804007112
RIDI,49,99,420,351.0,147420.0,2026-04-28 13:49:28.891,2026042804007101
RIDI,38,99,60,351.0,21060.0,2026-04-28 13:49:28.890,2026042804007100
RIDI,45,99,500,351.1,175550.0,2026-04-28 13:49:28.889,2026042804007099
RIDI,38,14,17,351.0,5967.0,2026-04-28 13:47:31.119,2026042804007039
RIDI,26,14,20,351.1,7022.0,2026-04-28 13:47:31.118,2026042804007038
RIDI,38,66,223,351.0,78273.0,2026-04-28 13:46:18.758,2026042804006987
RIDI,99,66,400,351.0,140400.0,2026-04-28 13:46:18.758,2026042804006986
RIDI,77,66,294,351.0,103194.0,2026-04-28 13:46:18.758,2026042804006985
RIDI,4,66,83,351.1,29141.300000000003,2026-04-28 13:46:18.757,2026042804006984
RIDI,4,45,86,351.1,30194.6,2026-04-28 13:45:19.385,2026042804006959
RIDI,4,66,500,351.1,175550.0,2026-04-28 13:43:43.736,2026042804006857
RIDI,4,66,331,351.1,116214.1,2026-04-28 13:43:37.814,2026042804006852
RIDI,77,66,2500,351.0,877500.0,2026-04-28 13:43:20.750,2026042804006846
RIDI,77,66,12206,351.0,4284306.0,2026-04-28 13:43:11.645,2026042804006840
RIDI,8,66,754,351.0,264654.0,2026-04-28 13:43:11.645,2026042804006839
RIDI,32,66,50,351.0,17550.0,2026-04-28 13:43:11.644,2026042804006838
RIDI,51,66,10,351.0,3510.0,2026-04-28 13:43:11.643,2026042804006837
RIDI,64,66,1500,351.1,526650.0,2026-04-28 13:43:11.643,2026042804006836
RIDI,99,66,480,351.3,168624.0,2026-04-28 13:43:11.642,2026042804006835
RIDI,99,49,520,351.3,182676.0,2026-04-28 13:42:21.224,2026042804006808
RIDI,58,49,500,351.4,175700.0,2026-04-28 13:42:21.224,2026042804006807
RIDI,32,49,480,351.4,168672.0,2026-04-28 13:42:21.223,2026042804006806
RIDI,32,58,20,351.2,7024.0,2026-04-28 13:41:32.607,2026042804006762
RIDI,64,49,500,351.1,175550.0,2026-04-28 13:41:05.433,2026042804006734
RIDI,8,49,686,351.0,240786.0,2026-04-28 13:39:37.751,2026042804006680
RIDI,35,49,214,351.0,75114.0,2026-04-28 13:39:37.751,2026042804006679
RIDI,41,49,100,351.1,35110.0,2026-04-28 13:39:37.750,2026042804006678
RIDI,35,49,286,351.0,100386.0,2026-04-28 13:38:43.264,2026042804006647
RIDI,49,49,230,351.0,80730.0,2026-04-28 13:38:43.264,2026042804006646
RIDI,29,49,484,351.0,169884.0,2026-04-28 13:38:43.264,2026042804006645
RIDI,29,49,1500,351.0,526500.0,2026-04-28 13:37:36.952,2026042804006579
RIDI,51,66,169,353.5,59741.5,2026-04-28 13:37:10.358,2026042804006532
RIDI,51,66,340,353.5,120190.0,2026-04-28 13:37:01.037,2026042804006519
RIDI,32,66,160,353.5,56560.0,2026-04-28 13:37:01.036,2026042804006518
RIDI,32,58,100,353.5,35350.0,2026-04-28 13:36:46.072,2026042804006501
RIDI,32,74,300,353.5,106050.0,2026-04-28 13:36:26.104,2026042804006489
RIDI,32,42,400,353.5,141400.0,2026-04-28 13:34:52.232,2026042804006411
RIDI,32,45,40,353.5,14140.0,2026-04-28 13:34:51.196,2026042804006410
RIDI,29,29,16,351.0,5616.0,2026-04-28 13:34:25.239,2026042804006387
RIDI,32,29,20,351.0,7020.0,2026-04-28 13:34:25.239,2026042804006386
RIDI,42,29,333,351.0,116883.0,2026-04-28 13:34:25.239,2026042804006385
RIDI,36,29,80,351.0,28080.0,2026-04-28 13:34:25.239,2026042804006384
RIDI,57,29,31,351.0,10881.0,2026-04-28 13:34:25.239,2026042804006383
RIDI,22,29,90,351.1,31599.000000000004,2026-04-28 13:34:25.239,2026042804006382
RIDI,59,29,500,351.2,175600.0,2026-04-28 13:34:25.239,2026042804006381
RIDI,42,29,130,351.2,45656.0,2026-04-28 13:34:25.238,2026042804006380
RIDI,17,29,100,351.2,35120.0,2026-04-28 13:34:25.238,2026042804006379
RIDI,22,29,100,351.2,35120.0,2026-04-28 13:34:25.238,2026042804006378
RIDI,58,29,50,352.0,17600.0,2026-04-28 13:34:25.238,2026042804006377
RIDI,56,49,100,352.0,35200.0,2026-04-28 13:32:25.542,2026042804006283
RIDI,22,77,910,351.1,319501.0,2026-04-28 13:31:15.676,2026042804006245
RIDI,34,77,500,351.2,175600.0,2026-04-28 13:31:15.675,2026042804006244
RIDI,56,77,90,351.2,31608.0,2026-04-28 13:31:15.675,2026042804006243
RIDI,58,77,1500,351.3,526950.0,2026-04-28 13:31:15.675,2026042804006242
RIDI,57,36,69,351.0,24219.0,2026-04-28 13:28:39.992,2026042804006152
RIDI,47,36,250,351.0,87750.0,2026-04-28 13:28:39.992,2026042804006151
RIDI,101,36,500,351.0,175500.0,2026-04-28 13:28:39.991,2026042804006150
RIDI,56,36,100,351.0,35100.0,2026-04-28 13:28:39.991,2026042804006149
RIDI,52,36,2130,351.0,747630.0,2026-04-28 13:28:39.990,2026042804006148
RIDI,14,36,1000,351.0,351000.0,2026-04-28 13:28:39.990,2026042804006147
RIDI,16,36,3000,351.0,1053000.0,2026-04-28 13:28:39.989,2026042804006146
RIDI,4,36,200,351.0,70200.0,2026-04-28 13:28:39.989,2026042804006145
RIDI,14,36,2000,351.0,702000.0,2026-04-28 13:28:39.988,2026042804006144
RIDI,99,36,5000,351.1,1755500.0,2026-04-28 13:28:39.988,2026042804006143
RIDI,77,36,1000,351.2,351200.0,2026-04-28 13:28:39.987,2026042804006142
RIDI,56,36,150,351.3,52695.0,2026-04-28 13:28:39.987,2026042804006141
RIDI,22,36,15,351.6,5274.0,2026-04-28 13:28:39.986,2026042804006140
RIDI,14,36,500,351.9,175950.0,2026-04-28 13:28:39.985,2026042804006139
RIDI,22,50,10,351.6,3516.0,2026-04-28 13:28:18.137,2026042804006124
RIDI,22,45,75,351.6,26370.0,2026-04-28 13:27:33.456,2026042804006099
RIDI,17,45,125,351.7,43962.5,2026-04-28 13:27:33.455,2026042804006098
RIDI,22,45,100,351.8,35180.0,2026-04-28 13:27:33.454,2026042804006097
RIDI,41,45,200,351.9,70380.0,2026-04-28 13:27:33.453,2026042804006096
RIDI,64,36,2000,352.0,704000.0,2026-04-28 13:25:35.964,2026042804006046
RIDI,68,36,150,352.0,52800.0,2026-04-28 13:22:45.393,2026042804005978
RIDI,34,36,200,352.0,70400.0,2026-04-28 13:22:45.393,2026042804005977
RIDI,13,36,100,352.0,35200.0,2026-04-28 13:22:45.393,2026042804005976
RIDI,25,36,400,352.0,140800.0,2026-04-28 13:22:45.393,2026042804005975
RIDI,35,36,1000,352.0,352000.0,2026-04-28 13:22:45.392,2026042804005974
RIDI,60,36,100,352.0,35200.0,2026-04-28 13:22:45.392,2026042804005973
RIDI,48,36,400,352.0,140800.0,2026-04-28 13:22:45.391,2026042804005972
RIDI,48,36,9000,352.0,3168000.0,2026-04-28 13:22:45.390,2026042804005971
RIDI,43,36,300,352.0,105600.0,2026-04-28 13:22:45.390,2026042804005970
RIDI,35,36,50,352.0,17600.0,2026-04-28 13:22:45.389,2026042804005969
RIDI,66,36,1000,352.0,352000.0,2026-04-28 13:22:45.389,2026042804005968
RIDI,49,36,120,352.1,42252.0,2026-04-28 13:22:45.388,2026042804005967
RIDI,99,36,5000,352.1,1760500.0,2026-04-28 13:22:45.388,2026042804005966
RIDI,14,36,50,352.1,17605.0,2026-04-28 13:22:45.387,2026042804005965
RIDI,54,36,50,352.2,17610.0,2026-04-28 13:22:45.386,2026042804005964
RIDI,45,36,2000,352.2,704400.0,2026-04-28 13:22:45.386,2026042804005963
RIDI,52,36,3080,352.4,1085392.0,2026-04-28 13:22:45.386,2026042804005962
RIDI,13,36,200,352.5,70500.0,2026-04-28 13:22:45.386,2026042804005961
RIDI,28,36,200,352.5,70500.0,2026-04-28 13:22:45.385,2026042804005960
RIDI,22,36,286,352.5,100815.0,2026-04-28 13:22:45.385,2026042804005959
RIDI,96,36,1000,352.6,352600.0,2026-04-28 13:22:45.385,2026042804005958
RIDI,29,36,800,352.6,282080.0,2026-04-28 13:22:45.385,2026042804005957
RIDI,22,36,100,352.6,35260.0,2026-04-28 13:22:45.384,2026042804005956
RIDI,22,25,28,352.5,9870.0,2026-04-28 13:19:50.337,2026042804005857
RIDI,22,28,1686,352.5,594315.0,2026-04-28 13:18:54.140,2026042804005813
RIDI,44,28,500,352.5,176250.0,2026-04-28 13:18:54.140,2026042804005812
RIDI,101,28,200,353.0,70600.0,2026-04-28 13:18:54.139,2026042804005811
RIDI,6,28,100,353.0,35300.0,2026-04-28 13:18:54.139,2026042804005810
RIDI,65,28,145,353.0,51185.0,2026-04-28 13:18:54.138,2026042804005809
RIDI,47,28,200,353.1,70620.0,2026-04-28 13:18:54.138,2026042804005808
RIDI,57,28,50,353.2,17660.0,2026-04-28 13:18:54.137,2026042804005807
RIDI,22,28,69,353.3,24377.7,2026-04-28 13:18:54.137,2026042804005806
RIDI,8,28,50,353.4,17670.0,2026-04-28 13:18:54.136,2026042804005805
RIDI,58,99,20,354.4,7088.0,2026-04-28 13:18:28.496,2026042804005769
RIDI,58,5,10,354.5,3545.0,2026-04-28 13:17:17.609,2026042804005729
RIDI,63,52,400,354.0,141600.0,2026-04-28 13:14:33.611,2026042804005636
RIDI,22,58,31,353.3,10952.3,2026-04-28 13:14:24.138,2026042804005626
RIDI,29,92,24,354.0,8496.0,2026-04-28 13:13:13.120,2026042804005565
RIDI,29,4,1000,354.0,354000.0,2026-04-28 13:13:13.119,2026042804005564
RIDI,29,42,200,354.0,70800.0,2026-04-28 13:13:13.119,2026042804005563
RIDI,29,29,976,354.0,345504.0,2026-04-28 13:13:13.118,2026042804005562
RIDI,83,29,100,354.0,35400.0,2026-04-28 13:12:25.647,2026042804005538
RIDI,83,29,2700,354.0,955800.0,2026-04-28 13:11:58.353,2026042804005522
RIDI,38,29,1000,354.0,354000.0,2026-04-28 13:10:47.056,2026042804005500
RIDI,65,69,75,353.0,26475.0,2026-04-28 13:08:59.417,2026042804005430
RIDI,25,69,125,353.0,44125.0,2026-04-28 13:08:59.416,2026042804005429
RIDI,74,69,100,353.1,35310.0,2026-04-28 13:08:44.175,2026042804005415
RIDI,74,69,200,353.1,70620.0,2026-04-28 13:08:44.174,2026042804005414
RIDI,41,29,100,354.0,35400.0,2026-04-28 13:08:30.538,2026042804005409
RIDI,42,29,20,354.0,7080.0,2026-04-28 13:08:14.441,2026042804005400
RIDI,83,47,10000,353.9,3539000.0,2026-04-28 13:07:16.831,2026042804005327
RIDI,25,35,75,353.0,26475.0,2026-04-28 13:04:51.282,2026042804005190
RIDI,44,35,1000,353.0,353000.0,2026-04-28 13:04:51.282,2026042804005189
RIDI,42,35,70,353.0,24710.0,2026-04-28 13:04:51.282,2026042804005188
RIDI,49,35,500,353.0,176500.0,2026-04-28 13:04:51.282,2026042804005187
RIDI,58,35,200,353.0,70600.0,2026-04-28 13:04:51.282,2026042804005186
RIDI,57,35,155,353.0,54715.0,2026-04-28 13:04:51.281,2026042804005185
RIDI,57,52,845,353.0,298285.0,2026-04-28 13:03:32.773,2026042804005131
RIDI,56,52,155,353.0,54715.0,2026-04-28 13:03:32.773,2026042804005130
RIDI,56,39,500,353.0,176500.0,2026-04-28 13:03:31.372,2026042804005129
RIDI,56,33,325,353.0,114725.0,2026-04-28 13:02:47.626,2026042804005085
RIDI,36,33,100,353.1,35310.0,2026-04-28 13:02:47.626,2026042804005084
RIDI,25,33,200,353.1,70620.0,2026-04-28 13:02:47.626,2026042804005083
RIDI,49,33,75,353.5,26512.5,2026-04-28 13:02:47.626,2026042804005082
RIDI,65,33,300,353.6,106080.0,2026-04-28 13:02:47.625,2026042804005081
RIDI,1,29,10,354.0,3540.0,2026-04-28 13:01:40.640,2026042804004980
RIDI,83,63,4986,353.7,1763548.2,2026-04-28 13:01:13.020,2026042804004955
RIDI,58,63,14,353.8,4953.2,2026-04-28 13:00:37.192,2026042804004922
RIDI,5,29,150,354.0,53100.0,2026-04-28 13:00:14.722,2026042804004904
RIDI,38,29,17,354.0,6018.0,2026-04-28 12:59:59.235,2026042804004898
RIDI,45,29,20,354.0,7080.0,2026-04-28 12:59:59.235,2026042804004897
RIDI,4,29,350,354.0,123900.0,2026-04-28 12:59:59.235,2026042804004896
RIDI,40,29,57,354.0,20178.0,2026-04-28 12:59:59.234,2026042804004895
RIDI,40,82,43,354.0,15222.0,2026-04-28 12:59:51.663,2026042804004870
RIDI,49,82,140,354.0,49560.0,2026-04-28 12:59:51.663,2026042804004869
RIDI,50,82,50,354.0,17700.0,2026-04-28 12:59:51.663,2026042804004868
RIDI,32,82,500,354.0,177000.0,2026-04-28 12:59:51.663,2026042804004867
RIDI,11,82,750,354.0,265500.0,2026-04-28 12:59:51.663,2026042804004866
RIDI,58,82,20,354.0,7080.0,2026-04-28 12:59:51.663,2026042804004865
RIDI,58,82,300,354.0,106200.0,2026-04-28 12:59:51.662,2026042804004864
RIDI,17,82,100,354.0,35400.0,2026-04-28 12:59:51.662,2026042804004863
RIDI,58,82,577,354.0,204258.0,2026-04-28 12:59:51.662,2026042804004862
RIDI,74,82,20,354.2,7084.0,2026-04-28 12:59:51.661,2026042804004861
RIDI,63,35,1,350.0,350.0,2026-04-28 12:58:45.536,2026042804004802
RIDI,74,49,10,354.2,3542.0,2026-04-28 12:58:05.738,2026042804004771
RIDI,63,37,1,350.0,350.0,2026-04-28 12:58:01.156,2026042804004770
RIDI,52,49,1920,354.1,679872.0,2026-04-28 12:57:17.731,2026042804004743
RIDI,22,49,100,354.1,35410.0,2026-04-28 12:57:17.730,2026042804004742
RIDI,6,49,500,354.2,177100.0,2026-04-28 12:57:17.730,2026042804004741
RIDI,6,49,30,354.2,10626.0,2026-04-28 12:57:17.730,2026042804004740
RIDI,58,49,100,354.2,35420.0,2026-04-28 12:57:17.730,2026042804004739
RIDI,59,49,350,354.4,124040.0,2026-04-28 12:57:17.729,2026042804004738
RIDI,59,32,650,354.4,230360.0,2026-04-28 12:57:00.938,2026042804004694
RIDI,63,32,1000,354.6,354600.0,2026-04-28 12:57:00.937,2026042804004693
RIDI,74,32,300,354.7,106410.0,2026-04-28 12:57:00.937,2026042804004692
RIDI,36,32,50,354.7,17735.0,2026-04-28 12:57:00.936,2026042804004691
RIDI,42,5,50,355.0,17750.0,2026-04-28 12:56:42.176,2026042804004682
RIDI,59,5,28,355.0,9940.0,2026-04-28 12:56:10.640,2026042804004667
RIDI,59,49,662,355.0,235010.0,2026-04-28 12:55:58.057,2026042804004651
RIDI,57,49,200,355.0,71000.0,2026-04-28 12:55:58.056,2026042804004650
RIDI,58,49,282,355.0,100110.0,2026-04-28 12:55:58.055,2026042804004649
RIDI,39,49,856,355.0,303880.0,2026-04-28 12:55:58.054,2026042804004648
RIDI,39,45,1144,355.0,406120.0,2026-04-28 12:55:43.260,2026042804004631
RIDI,58,45,14,355.2,4972.8,2026-04-28 12:55:43.260,2026042804004630
RIDI,67,45,100,355.2,35520.0,2026-04-28 12:55:43.260,2026042804004629
RIDI,58,45,500,356.0,178000.0,2026-04-28 12:55:22.126,2026042804004621
RIDI,96,45,842,356.0,299752.0,2026-04-28 12:54:49.008,2026042804004572
RIDI,96,69,21,356.0,7476.0,2026-04-28 12:54:49.008,2026042804004571
RIDI,96,101,137,356.0,48772.0,2026-04-28 12:54:49.008,2026042804004570
RIDI,67,47,100,355.2,35520.0,2026-04-28 12:51:08.979,2026042804004434
RIDI,72,47,100,355.2,35520.0,2026-04-28 12:51:08.978,2026042804004433
RIDI,32,101,30,356.0,10680.0,2026-04-28 12:47:54.982,2026042804004307
RIDI,56,101,10,356.0,3560.0,2026-04-28 12:47:05.328,2026042804004288
RIDI,41,101,100,356.0,35600.0,2026-04-28 12:46:12.897,2026042804004255
RIDI,45,101,3400,356.0,1210400.0,2026-04-28 12:45:50.803,2026042804004243
RIDI,99,71,580,355.0,205900.0,2026-04-28 12:45:21.889,2026042804004231
RIDI,6,71,2920,355.1,1036892.0,2026-04-28 12:45:21.888,2026042804004230
RIDI,6,21,50,355.1,17755.0,2026-04-28 12:45:14.184,2026042804004224
RIDI,6,58,30,355.1,10653.0,2026-04-28 12:42:29.597,2026042804004127
RIDI,42,101,10,356.0,3560.0,2026-04-28 12:40:43.414,2026042804004082
RIDI,72,5,100,355.1,35510.0,2026-04-28 12:40:03.460,2026042804004060
RIDI,8,5,900,355.1,319590.0,2026-04-28 12:40:03.460,2026042804004059
RIDI,3,101,100,356.0,35600.0,2026-04-28 12:38:45.189,2026042804004018
RIDI,99,101,188,356.0,66928.0,2026-04-28 12:37:26.589,2026042804003949
RIDI,72,101,200,356.1,71220.0,2026-04-28 12:37:26.589,2026042804003948
RIDI,63,101,665,356.4,237006.0,2026-04-28 12:37:26.588,2026042804003947
RIDI,47,101,160,356.5,57040.0,2026-04-28 12:37:26.588,2026042804003946
RIDI,57,42,50,357.0,17850.0,2026-04-28 12:36:12.428,2026042804003907
RIDI,99,58,132,356.0,46992.0,2026-04-28 12:35:58.703,2026042804003900
RIDI,99,56,500,356.0,178000.0,2026-04-28 12:35:58.702,2026042804003899
RIDI,99,57,180,356.0,64080.0,2026-04-28 12:35:58.701,2026042804003898
RIDI,47,8,20,355.1,7102.0,2026-04-28 12:35:26.226,2026042804003876
RIDI,28,42,500,355.5,177750.0,2026-04-28 12:33:55.630,2026042804003846
RIDI,28,57,11,355.5,3910.5,2026-04-28 12:33:55.630,2026042804003845
RIDI,47,6,20,354.8,7096.0,2026-04-28 12:32:39.941,2026042804003806
RIDI,56,57,20,356.0,7120.0,2026-04-28 12:31:21.999,2026042804003717
RIDI,56,6,20,356.0,7120.0,2026-04-28 12:31:21.999,2026042804003716
RIDI,56,58,20,355.0,7100.0,2026-04-28 12:29:12.747,2026042804003639
RIDI,25,58,480,355.0,170400.0,2026-04-28 12:28:53.753,2026042804003630
RIDI,25,58,20,355.0,7100.0,2026-04-28 12:28:53.752,2026042804003629
RIDI,58,101,27,355.0,9585.0,2026-04-28 12:26:17.512,2026042804003556
RIDI,99,101,5000,355.0,1775000.0,2026-04-28 12:24:11.687,2026042804003471
RIDI,58,101,200,355.0,71000.0,2026-04-28 12:24:11.686,2026042804003470
RIDI,45,101,550,355.0,195250.0,2026-04-28 12:24:11.686,2026042804003469
RIDI,42,101,62,355.0,22010.0,2026-04-28 12:24:11.686,2026042804003468
RIDI,16,101,161,355.0,57155.0,2026-04-28 12:24:11.686,2026042804003467
RIDI,65,25,210,358.5,75285.0,2026-04-28 12:24:07.979,2026042804003460
RIDI,65,25,100,357.7,35770.0,2026-04-28 12:24:07.979,2026042804003459
RIDI,65,25,100,357.0,35700.0,2026-04-28 12:24:07.979,2026042804003458
RIDI,65,35,190,356.0,67640.0,2026-04-28 12:24:07.979,2026042804003457
RIDI,49,35,10,356.0,3560.0,2026-04-28 12:23:57.955,2026042804003454
RIDI,16,41,20,355.0,7100.0,2026-04-28 12:23:45.279,2026042804003441
RIDI,16,25,1819,355.0,645745.0,2026-04-28 12:23:42.605,2026042804003439
RIDI,58,25,181,355.0,64255.0,2026-04-28 12:23:42.604,2026042804003438
RIDI,58,58,519,355.0,184245.0,2026-04-28 12:23:34.948,2026042804003436
RIDI,22,58,81,355.0,28755.0,2026-04-28 12:23:34.948,2026042804003435
RIDI,22,47,119,355.0,42245.0,2026-04-28 12:21:49.414,2026042804003376
RIDI,4,47,381,355.0,135255.0,2026-04-28 12:21:49.413,2026042804003375
RIDI,4,81,619,355.0,219745.0,2026-04-28 12:21:35.598,2026042804003361
RIDI,56,81,390,355.0,138450.0,2026-04-28 12:21:35.597,2026042804003360
RIDI,38,81,100,355.0,35500.0,2026-04-28 12:21:35.596,2026042804003359
RIDI,33,81,50,355.1,17755.0,2026-04-28 12:21:35.596,2026042804003358
RIDI,35,81,335,355.1,118958.5,2026-04-28 12:21:35.595,2026042804003357
RIDI,47,81,176,355.2,62515.2,2026-04-28 12:21:35.594,2026042804003356
RIDI,47,58,24,355.2,8524.8,2026-04-28 12:21:22.498,2026042804003335
RIDI,45,35,300,356.0,106800.0,2026-04-28 12:21:02.957,2026042804003308
RIDI,65,4,1000,356.0,356000.0,2026-04-28 12:16:44.236,2026042804003133
RIDI,65,22,400,356.0,142400.0,2026-04-28 12:16:44.236,2026042804003132
RIDI,45,64,200,355.9,71180.0,2026-04-28 12:15:02.833,2026042804003076
RIDI,45,21,500,355.9,177950.0,2026-04-28 12:14:54.418,2026042804003073
RIDI,35,58,665,355.1,236141.50000000003,2026-04-28 12:13:34.075,2026042804003023
RIDI,6,58,185,355.7,65804.5,2026-04-28 12:13:34.075,2026042804003022
RIDI,6,89,10,355.7,3557.0,2026-04-28 12:13:25.498,2026042804003016
RIDI,8,22,500,356.0,178000.0,2026-04-28 12:12:26.687,2026042804002984
RIDI,8,101,500,356.0,178000.0,2026-04-28 12:12:26.686,2026042804002983
RIDI,6,64,225,355.7,80032.5,2026-04-28 12:12:03.813,2026042804002974
RIDI,6,11,10,355.7,3557.0,2026-04-28 12:12:03.568,2026042804002973
RIDI,13,101,1000,356.0,356000.0,2026-04-28 12:11:50.310,2026042804002959
RIDI,6,52,950,355.7,337915.0,2026-04-28 12:09:46.111,2026042804002860
RIDI,64,52,50,355.9,17795.0,2026-04-28 12:09:14.187,2026042804002848
RIDI,65,101,1000,356.0,356000.0,2026-04-28 12:07:52.759,2026042804002805
RIDI,92,101,500,356.0,178000.0,2026-04-28 12:07:17.123,2026042804002787
RIDI,38,42,1000,356.1,356100.0,2026-04-28 12:06:32.432,2026042804002752
RIDI,64,42,100,356.1,35610.0,2026-04-28 12:06:32.432,2026042804002751
RIDI,58,42,20,356.8,7136.0,2026-04-28 12:06:23.007,2026042804002745
RIDI,42,42,80,356.8,28544.0,2026-04-28 12:05:55.901,2026042804002718
RIDI,42,42,275,356.8,98120.0,2026-04-28 12:04:47.867,2026042804002689
RIDI,42,64,25,356.5,8912.5,2026-04-28 12:04:47.867,2026042804002688
RIDI,42,25,10,356.8,3568.0,2026-04-28 12:03:48.405,2026042804002661
RIDI,42,25,100,356.5,35650.0,2026-04-28 12:03:26.209,2026042804002650
RIDI,42,74,16,356.2,5699.2,2026-04-28 12:03:01.880,2026042804002638
RIDI,42,101,100,356.0,35600.0,2026-04-28 12:02:10.936,2026042804002592
RIDI,42,101,100,356.0,35600.0,2026-04-28 12:01:31.005,2026042804002565
RIDI,63,101,2000,356.0,712000.0,2026-04-28 12:01:15.254,2026042804002527
RIDI,17,101,1400,356.0,498400.0,2026-04-28 12:00:36.138,2026042804002500
RIDI,17,101,1400,356.0,498400.0,2026-04-28 12:00:36.137,2026042804002499
RIDI,58,74,10,356.2,3562.0,2026-04-28 11:59:02.332,2026042804002454
RIDI,37,49,100,355.9,35590.0,2026-04-28 11:57:14.973,2026042804002371
RIDI,51,49,10,356.0,3560.0,2026-04-28 11:57:14.972,2026042804002370
RIDI,77,49,10,356.0,3560.0,2026-04-28 11:57:14.971,2026042804002369
RIDI,63,74,400,356.2,142480.0,2026-04-28 11:55:28.240,2026042804002281
RIDI,63,74,79,356.2,28139.8,2026-04-28 11:55:11.198,2026042804002274
RIDI,36,74,100,356.2,35620.0,2026-04-28 11:55:10.547,2026042804002272
RIDI,21,48,50,356.0,17800.0,2026-04-28 11:54:36.468,2026042804002255
RIDI,42,74,150,356.2,53430.0,2026-04-28 11:54:33.851,2026042804002251
RIDI,64,25,200,356.8,71360.0,2026-04-28 11:54:06.572,2026042804002215
RIDI,64,25,200,356.8,71360.0,2026-04-28 11:53:27.791,2026042804002168
RIDI,63,38,10,355.8,3558.0,2026-04-28 11:53:00.437,2026042804002137
RIDI,28,25,140,356.8,49952.0,2026-04-28 11:52:53.175,2026042804002135
RIDI,48,39,1,356.5,356.5,2026-04-28 11:52:36.252,2026042804002116
RIDI,63,48,5,356.0,1780.0,2026-04-28 11:50:39.867,2026042804002002
RIDI,63,58,6,355.0,2130.0,2026-04-28 11:50:02.652,2026042804001967
RIDI,45,25,230,356.8,82064.0,2026-04-28 11:49:30.931,2026042804001937
RIDI,45,54,20,356.0,7120.0,2026-04-28 11:49:30.931,2026042804001936
RIDI,28,17,60,355.6,21336.0,2026-04-28 11:49:24.867,2026042804001934
RIDI,28,17,740,355.6,263144.0,2026-04-28 11:49:24.866,2026042804001933
RIDI,63,54,30,356.0,10680.0,2026-04-28 11:49:15.181,2026042804001926
RIDI,63,49,170,356.0,60520.0,2026-04-28 11:49:15.181,2026042804001925
RIDI,49,58,10,356.0,3560.0,2026-04-28 11:48:18.698,2026042804001892
RIDI,28,77,260,355.6,92456.0,2026-04-28 11:48:08.298,2026042804001886
RIDI,25,77,500,355.7,177850.0,2026-04-28 11:47:54.259,2026042804001869
RIDI,8,77,50,355.8,17790.0,2026-04-28 11:47:54.259,2026042804001868
RIDI,17,77,41,355.8,14587.8,2026-04-28 11:47:54.259,2026042804001867
RIDI,17,34,10,355.8,3558.0,2026-04-28 11:47:24.141,2026042804001835
RIDI,17,34,100,355.8,35580.0,2026-04-28 11:46:31.754,2026042804001766
RIDI,17,4,13,355.8,4625.400000000001,2026-04-28 11:46:18.736,2026042804001764
RIDI,49,58,100,356.0,35600.0,2026-04-28 11:45:06.725,2026042804001717
RIDI,65,77,949,357.0,338793.0,2026-04-28 11:42:46.973,2026042804001563
RIDI,65,58,16,357.0,5712.0,2026-04-28 11:42:46.973,2026042804001562
RIDI,65,101,35,357.0,12495.0,2026-04-28 11:42:46.973,2026042804001561
RIDI,17,26,36,355.8,12808.8,2026-04-28 11:41:52.820,2026042804001522
RIDI,34,26,70,355.9,24913.0,2026-04-28 11:41:52.820,2026042804001521
RIDI,18,68,100,356.0,35600.0,2026-04-28 11:40:47.001,2026042804001483
RIDI,38,68,20,356.0,7120.0,2026-04-28 11:40:47.001,2026042804001482
RIDI,49,68,110,356.0,39160.0,2026-04-28 11:40:47.000,2026042804001481
RIDI,49,68,500,356.0,178000.0,2026-04-28 11:40:47.000,2026042804001480
RIDI,72,68,250,356.0,89000.0,2026-04-28 11:40:47.000,2026042804001479
RIDI,58,68,20,356.5,7130.0,2026-04-28 11:40:47.000,2026042804001478
RIDI,49,101,1900,357.0,678300.0,2026-04-28 11:40:02.742,2026042804001447
RIDI,72,94,350,356.0,124600.0,2026-04-28 11:39:49.859,2026042804001437
RIDI,72,36,100,356.0,35600.0,2026-04-28 11:37:46.823,2026042804001351
RIDI,62,48,30,356.0,10680.0,2026-04-28 11:36:28.380,2026042804001306
RIDI,8,48,80,356.1,28488.0,2026-04-28 11:36:28.380,2026042804001305
RIDI,42,48,70,356.5,24955.0,2026-04-28 11:36:28.379,2026042804001304
RIDI,62,34,220,356.0,78320.0,2026-04-28 11:35:26.642,2026042804001265
RIDI,94,34,20,356.0,7120.0,2026-04-28 11:35:26.641,2026042804001264
RIDI,17,101,65,357.0,23205.0,2026-04-28 11:35:09.391,2026042804001251
RIDI,17,44,235,357.0,83895.0,2026-04-28 11:33:33.211,2026042804001204
RIDI,49,44,265,357.0,94605.0,2026-04-28 11:33:33.210,2026042804001203
RIDI,49,101,735,357.0,262395.0,2026-04-28 11:32:33.292,2026042804001147
RIDI,58,101,205,357.0,73185.0,2026-04-28 11:32:16.714,2026042804001135
RIDI,71,101,100,357.0,35700.0,2026-04-28 11:31:54.908,2026042804001113
RIDI,71,101,200,357.0,71400.0,2026-04-28 11:31:35.641,2026042804001104
RIDI,71,101,500,357.0,178500.0,2026-04-28 11:31:17.366,2026042804001086
RIDI,38,101,80,357.0,28560.0,2026-04-28 11:30:26.542,2026042804001051
RIDI,58,101,30,357.0,10710.0,2026-04-28 11:28:15.770,2026042804000973
RIDI,42,101,150,357.0,53550.0,2026-04-28 11:28:15.769,2026042804000972
RIDI,42,25,50,357.0,17850.0,2026-04-28 11:25:31.864,2026042804000887
RIDI,69,42,200,357.0,71400.0,2026-04-28 11:24:43.667,2026042804000850
RIDI,69,42,100,357.0,35700.0,2026-04-28 11:24:06.615,2026042804000826
RIDI,84,5,100,356.0,35600.0,2026-04-28 11:23:38.349,2026042804000817
RIDI,56,101,200,355.0,71000.0,2026-04-28 11:23:03.703,2026042804000788
RIDI,7,101,1000,355.0,355000.0,2026-04-28 11:22:51.066,2026042804000776
RIDI,49,101,19,355.0,6745.0,2026-04-28 11:22:51.066,2026042804000775
RIDI,48,101,1000,355.0,355000.0,2026-04-28 11:22:51.066,2026042804000774
RIDI,34,101,1000,355.0,355000.0,2026-04-28 11:22:51.066,2026042804000773
RIDI,42,101,100,355.0,35500.0,2026-04-28 11:22:51.065,2026042804000772
RIDI,35,101,2000,355.1,710200.0,2026-04-28 11:22:51.065,2026042804000771
RIDI,85,101,2000,355.1,710200.0,2026-04-28 11:22:51.065,2026042804000770
RIDI,38,101,500,355.7,177850.0,2026-04-28 11:22:51.065,2026042804000769
RIDI,21,101,20,356.0,7120.0,2026-04-28 11:22:51.065,2026042804000768
RIDI,49,101,250,356.0,89000.0,2026-04-28 11:22:51.065,2026042804000767
RIDI,77,101,280,356.0,99680.0,2026-04-28 11:22:51.065,2026042804000766
RIDI,62,101,20,356.0,7120.0,2026-04-28 11:22:51.065,2026042804000765
RIDI,42,101,100,356.0,35600.0,2026-04-28 11:22:51.064,2026042804000764
RIDI,57,101,500,356.0,178000.0,2026-04-28 11:22:51.064,2026042804000763
RIDI,42,101,100,356.0,35600.0,2026-04-28 11:22:51.064,2026042804000762
RIDI,82,101,5000,356.1,1780500.0,2026-04-28 11:22:51.064,2026042804000761
RIDI,28,101,1000,356.2,356200.0,2026-04-28 11:22:51.063,2026042804000760
RIDI,62,101,500,356.3,178150.0,2026-04-28 11:22:51.063,2026042804000759
RIDI,16,101,30,356.3,10689.0,2026-04-28 11:22:51.062,2026042804000758
RIDI,84,101,200,357.0,71400.0,2026-04-28 11:22:43.987,2026042804000755
RIDI,35,101,500,357.0,178500.0,2026-04-28 11:22:32.029,2026042804000751
RIDI,16,38,470,356.3,167461.0,2026-04-28 11:21:22.607,2026042804000710
RIDI,14,38,30,356.3,10689.0,2026-04-28 11:21:22.607,2026042804000709
RIDI,42,101,150,357.0,53550.0,2026-04-28 11:21:17.019,2026042804000707
RIDI,68,101,500,357.0,178500.0,2026-04-28 11:20:55.042,2026042804000698
RIDI,38,101,100,357.0,35700.0,2026-04-28 11:20:38.442,2026042804000686
RIDI,28,101,71,357.0,25347.0,2026-04-28 11:20:28.075,2026042804000682
RIDI,28,101,929,357.0,331653.0,2026-04-28 11:19:48.878,2026042804000664
RIDI,4,4,1,346.9,346.9,2026-04-28 11:19:30.555,2026042804000657
RIDI,38,101,1000,357.0,357000.0,2026-04-28 11:19:01.402,2026042804000642
RIDI,62,101,1000,357.0,357000.0,2026-04-28 11:18:55.463,2026042804000632
RIDI,28,101,15,357.0,5355.0,2026-04-28 11:18:55.463,2026042804000631
RIDI,52,101,300,357.0,107100.0,2026-04-28 11:18:55.462,2026042804000630
RIDI,35,101,285,357.0,101745.0,2026-04-28 11:18:55.462,2026042804000629
RIDI,71,101,3000,357.2,1071600.0,2026-04-28 11:18:55.462,2026042804000628
RIDI,71,101,2850,358.0,1020300.0,2026-04-28 11:18:55.462,2026042804000627
RIDI,71,101,521,358.0,186518.0,2026-04-28 11:18:55.462,2026042804000626
RIDI,19,101,100,358.1,35810.0,2026-04-28 11:18:55.462,2026042804000625
RIDI,71,101,1214,358.0,434612.0,2026-04-28 11:17:05.001,2026042804000548
RIDI,71,52,265,357.9,94843.5,2026-04-28 11:17:05.001,2026042804000547
RIDI,35,58,100,357.0,35700.0,2026-04-28 11:14:42.890,2026042804000461
RIDI,35,34,115,357.0,41055.0,2026-04-28 11:14:34.277,2026042804000455
RIDI,42,101,19,358.0,6802.0,2026-04-28 11:14:02.108,2026042804000426
RIDI,17,101,20,358.0,7160.0,2026-04-28 11:13:59.963,2026042804000423
RIDI,34,101,100,358.0,35800.0,2026-04-28 11:13:59.963,2026042804000422
RIDI,59,101,500,358.0,179000.0,2026-04-28 11:13:59.963,2026042804000421
RIDI,48,101,1000,358.0,358000.0,2026-04-28 11:13:59.963,2026042804000420
RIDI,35,101,145,358.0,51910.0,2026-04-28 11:13:59.963,2026042804000419
RIDI,45,101,225,358.0,80550.0,2026-04-28 11:13:59.963,2026042804000418
RIDI,42,101,100,358.0,35800.0,2026-04-28 11:13:59.963,2026042804000417
RIDI,56,101,1000,358.0,358000.0,2026-04-28 11:13:59.963,2026042804000416
RIDI,63,101,477,358.4,170956.8,2026-04-28 11:13:59.962,2026042804000415
RIDI,19,101,200,358.5,71700.0,2026-04-28 11:13:59.962,2026042804000414
RIDI,45,74,490,359.0,175910.0,2026-04-28 11:13:53.170,2026042804000410
RIDI,45,1,500,359.0,179500.0,2026-04-28 11:13:53.160,2026042804000409
RIDI,45,34,50,359.0,17950.0,2026-04-28 11:13:08.871,2026042804000380
RIDI,19,77,200,360.1,72020.0,2026-04-28 11:12:42.147,2026042804000364
RIDI,45,18,1960,359.0,703640.0,2026-04-28 11:12:10.522,2026042804000346
RIDI,62,18,40,360.0,14400.0,2026-04-28 11:12:10.522,2026042804000345
RIDI,62,34,960,360.0,345600.0,2026-04-28 11:12:10.288,2026042804000344
RIDI,48,34,40,360.0,14400.0,2026-04-28 11:12:10.288,2026042804000343
RIDI,48,49,10,360.0,3600.0,2026-04-28 11:09:23.737,2026042804000241
RIDI,68,52,850,360.9,306765.0,2026-04-28 11:08:12.956,2026042804000207
RIDI,68,43,150,360.8,54120.0,2026-04-28 11:08:12.955,2026042804000206
RIDI,48,83,30,360.0,10800.0,2026-04-28 11:08:05.860,2026042804000202
RIDI,68,43,1000,360.8,360800.0,2026-04-28 11:07:58.305,2026042804000199
RIDI,48,19,10,360.0,3600.0,2026-04-28 11:07:56.686,2026042804000198
RIDI,28,19,30,360.0,10800.0,2026-04-28 11:07:56.685,2026042804000197
RIDI,28,48,470,360.0,169200.0,2026-04-28 11:07:13.642,2026042804000174
RIDI,63,58,10,358.4,3584.0,2026-04-28 11:06:16.771,2026042804000159
RIDI,50,48,30,360.0,10800.0,2026-04-28 11:05:57.867,2026042804000151
RIDI,95,48,500,360.0,180000.0,2026-04-28 11:05:57.734,2026042804000150
RIDI,63,46,13,358.4,4659.2,2026-04-28 11:05:52.012,2026042804000147
RIDI,28,58,500,358.1,179050.0,2026-04-28 11:05:02.798,2026042804000125
RIDI,58,52,15,360.9,5413.5,2026-04-28 11:04:37.776,2026042804000124
RIDI,39,52,1000,360.9,360900.0,2026-04-28 11:04:34.403,2026042804000121
RIDI,42,91,100,361.0,36100.0,2026-04-28 11:03:41.945,2026042804000090
RIDI,38,101,500,360.0,180000.0,2026-04-28 11:03:37.477,2026042804000089
RIDI,28,91,900,360.0,324000.0,2026-04-28 11:03:11.112,2026042804000079
RIDI,56,34,10,353.0,3530.0,2026-04-28 11:02:31.635,2026042804000065
RIDI,39,34,21,338.5,7108.5,2026-04-28 10:46:00.053,2026042804000009
RIDI,39,7,20,338.5,6770.0,2026-04-28 10:46:00.053,2026042804000008
RIDI,32,7,10,338.5,3385.0,2026-04-28 10:46:00.053,2026042804000007
