Symbol,buyerMemberId,sellerMemberId,volume,rate,amount,transaction_time,Contract ID
SAIL,1,58,180,1155.0,207900.0,"2026-04-28, 2:59:55:326 PM",2026042801110753
SAIL,1,34,20,1154.9,23098.0,"2026-04-28, 2:59:55:325 PM",2026042801110752
SAIL,58,42,10,1154.0,11540.0,"2026-04-28, 2:59:55:216 PM",2026042801110749
SAIL,47,58,40,1155.0,46200.0,"2026-04-28, 2:59:33:860 PM",2026042801110191
SAIL,74,42,100,1154.0,115400.0,"2026-04-28, 2:59:33:185 PM",2026042801110178
SAIL,58,49,100,1150.0,115000.0,"2026-04-28, 2:59:19:041 PM",2026042801109769
SAIL,41,58,20,1155.0,23100.0,"2026-04-28, 2:59:15:802 PM",2026042801109661
SAIL,22,58,10,1155.0,11550.0,"2026-04-28, 2:59:15:577 PM",2026042801109659
SAIL,58,56,138,1150.0,158700.0,"2026-04-28, 2:59:15:492 PM",2026042801109658
SAIL,60,56,45,1150.1,51754.49999999999,"2026-04-28, 2:59:15:492 PM",2026042801109657
SAIL,16,56,42,1151.0,48342.0,"2026-04-28, 2:59:15:492 PM",2026042801109656
SAIL,22,42,22,1154.0,25388.0,"2026-04-28, 2:59:02:916 PM",2026042801109383
SAIL,16,17,30,1151.0,34530.0,"2026-04-28, 2:59:00:189 PM",2026042801109359
SAIL,16,80,218,1151.0,250918.0,"2026-04-28, 2:58:37:256 PM",2026042801108992
SAIL,58,80,13,1152.1,14977.3,"2026-04-28, 2:58:37:256 PM",2026042801108991
SAIL,41,42,50,1154.0,57700.0,"2026-04-28, 2:58:27:518 PM",2026042801108864
SAIL,36,42,19,1154.9,21943.1,"2026-04-28, 2:58:25:746 PM",2026042801108840
SAIL,51,57,10,1152.0,11520.0,"2026-04-28, 2:58:17:564 PM",2026042801108744
SAIL,69,58,80,1155.0,92400.0,"2026-04-28, 2:58:10:216 PM",2026042801108652
SAIL,69,49,10,1154.9,11549.0,"2026-04-28, 2:58:10:216 PM",2026042801108651
SAIL,69,49,10,1154.8,11548.0,"2026-04-28, 2:58:10:215 PM",2026042801108650
SAIL,16,34,10,1151.0,11510.0,"2026-04-28, 2:57:49:968 PM",2026042801108379
SAIL,16,11,200,1151.0,230200.0,"2026-04-28, 2:57:47:901 PM",2026042801108352
SAIL,58,68,95,1150.0,109250.0,"2026-04-28, 2:57:43:967 PM",2026042801108312
SAIL,22,68,48,1150.1,55204.8,"2026-04-28, 2:57:43:967 PM",2026042801108311
SAIL,45,68,10,1150.1,11501.0,"2026-04-28, 2:57:43:967 PM",2026042801108310
SAIL,58,68,12,1151.0,13812.0,"2026-04-28, 2:57:43:967 PM",2026042801108309
SAIL,53,68,10,1151.0,11510.0,"2026-04-28, 2:57:43:967 PM",2026042801108308
SAIL,16,68,325,1151.0,374075.0,"2026-04-28, 2:57:43:966 PM",2026042801108307
SAIL,16,17,100,1151.0,115100.0,"2026-04-28, 2:57:38:297 PM",2026042801108244
SAIL,16,26,10,1151.0,11510.0,"2026-04-28, 2:57:27:647 PM",2026042801108113
SAIL,16,38,10,1151.0,11510.0,"2026-04-28, 2:57:27:030 PM",2026042801108104
SAIL,16,58,10,1151.0,11510.0,"2026-04-28, 2:57:02:164 PM",2026042801107681
SAIL,49,58,260,1155.0,300300.0,"2026-04-28, 2:56:24:077 PM",2026042801107183
SAIL,16,45,10,1151.0,11510.0,"2026-04-28, 2:56:23:861 PM",2026042801107180
SAIL,16,49,10,1151.0,11510.0,"2026-04-28, 2:55:37:095 PM",2026042801106517
SAIL,16,45,15,1151.0,17265.0,"2026-04-28, 2:55:27:739 PM",2026042801106423
SAIL,16,43,10,1151.0,11510.0,"2026-04-28, 2:55:16:881 PM",2026042801106307
SAIL,58,16,10,1150.0,11500.0,"2026-04-28, 2:54:46:880 PM",2026042801105971
SAIL,58,87,10,1150.0,11500.0,"2026-04-28, 2:54:26:360 PM",2026042801105745
SAIL,58,58,69,1150.0,79350.0,"2026-04-28, 2:54:14:003 PM",2026042801105662
SAIL,58,49,25,1150.0,28750.0,"2026-04-28, 2:54:04:180 PM",2026042801105564
SAIL,33,49,75,1150.0,86250.0,"2026-04-28, 2:54:04:180 PM",2026042801105563
SAIL,33,49,10,1150.0,11500.0,"2026-04-28, 2:53:49:535 PM",2026042801105364
SAIL,33,42,10,1150.0,11500.0,"2026-04-28, 2:53:48:073 PM",2026042801105347
SAIL,33,48,105,1150.0,120750.0,"2026-04-28, 2:53:46:645 PM",2026042801105309
SAIL,11,48,25,1150.0,28750.0,"2026-04-28, 2:53:46:645 PM",2026042801105308
SAIL,58,48,20,1150.0,23000.0,"2026-04-28, 2:53:46:645 PM",2026042801105307
SAIL,53,48,20,1150.0,23000.0,"2026-04-28, 2:53:46:645 PM",2026042801105306
SAIL,32,48,10,1150.0,11500.0,"2026-04-28, 2:53:46:645 PM",2026042801105305
SAIL,58,48,120,1150.0,138000.0,"2026-04-28, 2:53:46:645 PM",2026042801105304
SAIL,58,49,10,1150.0,11500.0,"2026-04-28, 2:53:39:607 PM",2026042801105252
SAIL,58,68,1000,1150.0,1150000.0,"2026-04-28, 2:53:20:669 PM",2026042801105076
SAIL,58,58,341,1155.0,393855.0,"2026-04-28, 2:52:59:277 PM",2026042801104881
SAIL,58,58,109,1155.0,125895.0,"2026-04-28, 2:52:56:617 PM",2026042801104846
SAIL,58,17,100,1155.0,115500.0,"2026-04-28, 2:52:53:202 PM",2026042801104823
SAIL,58,42,1030,1155.0,1189650.0,"2026-04-28, 2:52:29:338 PM",2026042801104491
SAIL,58,58,200,1155.0,231000.0,"2026-04-28, 2:52:28:977 PM",2026042801104488
SAIL,58,42,10,1155.0,11550.0,"2026-04-28, 2:52:20:926 PM",2026042801104353
SAIL,58,87,150,1155.0,173250.0,"2026-04-28, 2:51:42:778 PM",2026042801103921
SAIL,14,87,90,1155.1,103959.0,"2026-04-28, 2:51:42:778 PM",2026042801103920
SAIL,14,91,10,1155.1,11551.0,"2026-04-28, 2:51:41:699 PM",2026042801103895
SAIL,58,58,10,1155.0,11550.0,"2026-04-28, 2:51:04:451 PM",2026042801103502
SAIL,58,58,10,1155.0,11550.0,"2026-04-28, 2:50:45:799 PM",2026042801103371
SAIL,58,34,10,1155.0,11550.0,"2026-04-28, 2:50:27:857 PM",2026042801103236
SAIL,22,29,100,1160.0,116000.0,"2026-04-28, 2:50:24:960 PM",2026042801103212
SAIL,22,34,10,1160.0,11600.0,"2026-04-28, 2:50:24:959 PM",2026042801103211
SAIL,58,58,10,1156.0,11560.0,"2026-04-28, 2:50:08:650 PM",2026042801103056
SAIL,58,22,10,1156.0,11560.0,"2026-04-28, 2:50:07:214 PM",2026042801103035
SAIL,56,21,40,1156.0,46240.0,"2026-04-28, 2:49:50:609 PM",2026042801102843
SAIL,56,62,40,1160.0,46400.0,"2026-04-28, 2:48:50:077 PM",2026042801102455
SAIL,56,77,10,1160.0,11600.0,"2026-04-28, 2:48:50:077 PM",2026042801102454
SAIL,56,58,10,1160.0,11600.0,"2026-04-28, 2:48:50:076 PM",2026042801102453
SAIL,56,58,10,1159.0,11590.0,"2026-04-28, 2:48:50:076 PM",2026042801102452
SAIL,14,43,10,1159.0,11590.0,"2026-04-28, 2:48:24:506 PM",2026042801102194
SAIL,14,1,10,1159.0,11590.0,"2026-04-28, 2:48:12:890 PM",2026042801102080
SAIL,14,52,10,1159.0,11590.0,"2026-04-28, 2:48:12:889 PM",2026042801102079
SAIL,58,58,10,1155.0,11550.0,"2026-04-28, 2:47:54:318 PM",2026042801101905
SAIL,58,64,10,1155.0,11550.0,"2026-04-28, 2:47:54:318 PM",2026042801101904
SAIL,58,58,10,1155.0,11550.0,"2026-04-28, 2:47:54:317 PM",2026042801101903
SAIL,45,6,10,1152.0,11520.0,"2026-04-28, 2:47:36:495 PM",2026042801101770
SAIL,58,58,10,1150.0,11500.0,"2026-04-28, 2:47:06:091 PM",2026042801101503
SAIL,22,42,10,1152.0,11520.0,"2026-04-28, 2:47:01:899 PM",2026042801101438
SAIL,49,72,10,1150.1,11501.0,"2026-04-28, 2:46:31:513 PM",2026042801101174
SAIL,49,38,10,1150.1,11501.0,"2026-04-28, 2:46:27:914 PM",2026042801101133
SAIL,49,63,10,1150.1,11501.0,"2026-04-28, 2:46:26:085 PM",2026042801101117
SAIL,58,18,300,1150.0,345000.0,"2026-04-28, 2:46:06:980 PM",2026042801100949
SAIL,74,18,10,1150.1,11501.0,"2026-04-28, 2:46:06:980 PM",2026042801100948
SAIL,58,18,20,1152.0,23040.0,"2026-04-28, 2:46:06:979 PM",2026042801100947
SAIL,58,17,10,1152.0,11520.0,"2026-04-28, 2:46:06:132 PM",2026042801100942
SAIL,58,42,10,1152.0,11520.0,"2026-04-28, 2:45:57:482 PM",2026042801100864
SAIL,58,17,10,1152.0,11520.0,"2026-04-28, 2:45:55:869 PM",2026042801100856
SAIL,58,4,10,1150.0,11500.0,"2026-04-28, 2:45:43:485 PM",2026042801100724
SAIL,58,6,10,1150.0,11500.0,"2026-04-28, 2:45:41:808 PM",2026042801100714
SAIL,58,84,10,1150.0,11500.0,"2026-04-28, 2:44:58:517 PM",2026042801100250
SAIL,58,54,10,1150.0,11500.0,"2026-04-28, 2:44:52:252 PM",2026042801100215
SAIL,58,58,10,1150.0,11500.0,"2026-04-28, 2:44:25:653 PM",2026042801100039
SAIL,58,22,200,1150.0,230000.0,"2026-04-28, 2:44:18:560 PM",2026042801099939
SAIL,58,45,50,1150.0,57500.0,"2026-04-28, 2:44:18:560 PM",2026042801099938
SAIL,58,35,260,1150.0,299000.0,"2026-04-28, 2:44:18:559 PM",2026042801099937
SAIL,45,34,10,1147.1,11471.0,"2026-04-28, 2:44:08:313 PM",2026042801099809
SAIL,45,49,10,1148.0,11480.0,"2026-04-28, 2:43:40:654 PM",2026042801099477
SAIL,45,91,10,1148.0,11480.0,"2026-04-28, 2:43:19:022 PM",2026042801099034
SAIL,45,58,10,1148.0,11480.0,"2026-04-28, 2:43:09:203 PM",2026042801098931
SAIL,45,22,10,1148.0,11480.0,"2026-04-28, 2:41:48:627 PM",2026042801098058
SAIL,69,35,40,1150.0,46000.0,"2026-04-28, 2:41:43:207 PM",2026042801098012
SAIL,69,62,40,1150.0,46000.0,"2026-04-28, 2:41:39:507 PM",2026042801097979
SAIL,69,58,10,1150.0,11500.0,"2026-04-28, 2:41:28:757 PM",2026042801097892
SAIL,69,91,10,1150.0,11500.0,"2026-04-28, 2:41:26:922 PM",2026042801097881
SAIL,45,49,10,1148.0,11480.0,"2026-04-28, 2:40:16:784 PM",2026042801097103
SAIL,22,34,10,1150.0,11500.0,"2026-04-28, 2:39:19:562 PM",2026042801096451
SAIL,45,53,10,1148.0,11480.0,"2026-04-28, 2:39:04:922 PM",2026042801096300
SAIL,56,68,214,1147.0,245458.0,"2026-04-28, 2:38:08:436 PM",2026042801095876
SAIL,14,68,500,1150.0,575000.0,"2026-04-28, 2:38:08:436 PM",2026042801095875
SAIL,58,68,30,1150.0,34500.0,"2026-04-28, 2:38:08:436 PM",2026042801095874
SAIL,65,68,10,1150.0,11500.0,"2026-04-28, 2:38:08:435 PM",2026042801095873
SAIL,56,68,80,1150.0,92000.0,"2026-04-28, 2:38:08:435 PM",2026042801095872
SAIL,34,68,100,1150.0,115000.0,"2026-04-28, 2:38:08:435 PM",2026042801095871
SAIL,57,68,66,1150.0,75900.0,"2026-04-28, 2:38:08:435 PM",2026042801095870
SAIL,57,59,24,1150.0,27600.0,"2026-04-28, 2:37:44:845 PM",2026042801095651
SAIL,87,59,100,1150.0,115000.0,"2026-04-28, 2:37:44:844 PM",2026042801095650
SAIL,42,59,59,1150.0,67850.0,"2026-04-28, 2:37:44:844 PM",2026042801095649
SAIL,45,59,807,1150.0,928050.0,"2026-04-28, 2:37:44:844 PM",2026042801095648
SAIL,29,59,10,1150.1,11501.0,"2026-04-28, 2:37:44:843 PM",2026042801095647
SAIL,45,59,193,1150.0,221950.0,"2026-04-28, 2:37:21:499 PM",2026042801095462
SAIL,11,59,25,1150.0,28750.0,"2026-04-28, 2:37:21:499 PM",2026042801095461
SAIL,6,59,10,1150.0,11500.0,"2026-04-28, 2:37:21:499 PM",2026042801095460
SAIL,42,59,230,1150.0,264500.0,"2026-04-28, 2:37:21:499 PM",2026042801095459
SAIL,62,59,100,1150.1,115010.0,"2026-04-28, 2:37:21:499 PM",2026042801095458
SAIL,60,59,45,1150.1,51754.49999999999,"2026-04-28, 2:37:21:499 PM",2026042801095457
SAIL,54,59,50,1150.3,57515.0,"2026-04-28, 2:37:21:499 PM",2026042801095456
SAIL,58,59,50,1151.0,57550.0,"2026-04-28, 2:37:21:498 PM",2026042801095455
SAIL,45,59,40,1151.0,46040.0,"2026-04-28, 2:37:21:498 PM",2026042801095454
SAIL,57,59,100,1152.0,115200.0,"2026-04-28, 2:37:21:498 PM",2026042801095453
SAIL,13,59,30,1152.3,34569.0,"2026-04-28, 2:37:21:498 PM",2026042801095452
SAIL,83,59,36,1155.0,41580.0,"2026-04-28, 2:37:21:498 PM",2026042801095451
SAIL,13,59,10,1155.1,11551.0,"2026-04-28, 2:37:21:498 PM",2026042801095450
SAIL,32,59,10,1156.0,11560.0,"2026-04-28, 2:37:21:498 PM",2026042801095449
SAIL,56,59,50,1157.0,57850.0,"2026-04-28, 2:37:21:498 PM",2026042801095448
SAIL,4,59,21,1157.0,24297.0,"2026-04-28, 2:37:21:497 PM",2026042801095447
SAIL,4,66,10,1157.0,11570.0,"2026-04-28, 2:37:04:187 PM",2026042801095299
SAIL,47,42,10,1160.0,11600.0,"2026-04-28, 2:36:26:265 PM",2026042801094983
SAIL,47,51,50,1160.0,58000.0,"2026-04-28, 2:36:17:455 PM",2026042801094907
SAIL,3,39,10,1158.0,11580.0,"2026-04-28, 2:35:51:077 PM",2026042801094685
SAIL,44,21,10,1158.0,11580.0,"2026-04-28, 2:35:31:796 PM",2026042801094543
SAIL,52,51,200,1160.0,232000.0,"2026-04-28, 2:35:21:387 PM",2026042801094438
SAIL,22,53,10,1160.0,11600.0,"2026-04-28, 2:34:02:514 PM",2026042801093878
SAIL,22,13,10,1160.0,11600.0,"2026-04-28, 2:32:58:131 PM",2026042801093345
SAIL,56,56,10,1160.0,11600.0,"2026-04-28, 2:31:34:445 PM",2026042801092711
SAIL,56,6,10,1160.0,11600.0,"2026-04-28, 2:31:08:949 PM",2026042801092558
SAIL,44,94,1,1157.0,1157.0,"2026-04-28, 2:31:03:646 PM",2026042801092511
SAIL,56,20,10,1160.0,11600.0,"2026-04-28, 2:30:59:854 PM",2026042801092484
SAIL,56,6,16,1169.9,18718.4,"2026-04-28, 2:30:31:870 PM",2026042801092281
SAIL,56,42,10,1168.0,11680.0,"2026-04-28, 2:30:31:870 PM",2026042801092280
SAIL,56,58,29,1168.0,33872.0,"2026-04-28, 2:30:31:870 PM",2026042801092279
SAIL,56,13,10,1167.0,11670.0,"2026-04-28, 2:30:31:869 PM",2026042801092278
SAIL,56,57,10,1160.0,11600.0,"2026-04-28, 2:30:27:103 PM",2026042801092247
SAIL,56,53,10,1160.0,11600.0,"2026-04-28, 2:30:17:330 PM",2026042801092183
SAIL,58,94,2,1190.0,2380.0,"2026-04-28, 2:29:25:393 PM",2026042801091826
SAIL,56,6,28,1169.9,32757.200000000004,"2026-04-28, 2:28:38:199 PM",2026042801091554
SAIL,56,14,20,1169.8,23396.0,"2026-04-28, 2:28:38:199 PM",2026042801091553
SAIL,56,58,10,1166.0,11660.0,"2026-04-28, 2:28:38:199 PM",2026042801091552
SAIL,56,5,30,1166.0,34980.0,"2026-04-28, 2:28:38:198 PM",2026042801091551
SAIL,56,58,10,1160.0,11600.0,"2026-04-28, 2:28:38:198 PM",2026042801091550
SAIL,52,94,84,1159.0,97356.0,"2026-04-28, 2:28:26:048 PM",2026042801091477
SAIL,52,69,100,1159.0,115900.0,"2026-04-28, 2:28:12:463 PM",2026042801091383
SAIL,52,51,10,1159.0,11590.0,"2026-04-28, 2:27:58:129 PM",2026042801091281
SAIL,52,58,10,1159.0,11590.0,"2026-04-28, 2:27:05:686 PM",2026042801090842
SAIL,45,42,10,1160.0,11600.0,"2026-04-28, 2:26:31:881 PM",2026042801090673
SAIL,45,58,10,1160.0,11600.0,"2026-04-28, 2:26:31:880 PM",2026042801090672
SAIL,45,34,10,1160.0,11600.0,"2026-04-28, 2:26:31:880 PM",2026042801090671
SAIL,45,57,10,1160.0,11600.0,"2026-04-28, 2:26:31:880 PM",2026042801090670
SAIL,45,58,10,1160.0,11600.0,"2026-04-28, 2:26:31:879 PM",2026042801090669
SAIL,52,38,10,1159.0,11590.0,"2026-04-28, 2:26:20:021 PM",2026042801090545
SAIL,52,8,90,1159.0,104310.0,"2026-04-28, 2:25:45:869 PM",2026042801090265
SAIL,13,8,10,1159.1,11591.0,"2026-04-28, 2:25:45:869 PM",2026042801090264
SAIL,42,38,10,1160.0,11600.0,"2026-04-28, 2:25:32:128 PM",2026042801090189
SAIL,52,48,10,1159.0,11590.0,"2026-04-28, 2:25:05:986 PM",2026042801089967
SAIL,52,22,186,1159.0,215574.0,"2026-04-28, 2:25:00:333 PM",2026042801089912
SAIL,44,22,10,1159.0,11590.0,"2026-04-28, 2:24:53:647 PM",2026042801089879
SAIL,22,22,34,1159.0,39406.0,"2026-04-28, 2:24:22:916 PM",2026042801089662
SAIL,57,22,10,1159.0,11590.0,"2026-04-28, 2:24:14:897 PM",2026042801089609
SAIL,22,45,10,1158.0,11580.0,"2026-04-28, 2:24:03:869 PM",2026042801089517
SAIL,44,32,10,1157.0,11570.0,"2026-04-28, 2:23:21:695 PM",2026042801089221
SAIL,44,58,10,1157.0,11570.0,"2026-04-28, 2:23:21:695 PM",2026042801089220
SAIL,44,19,10,1156.0,11560.0,"2026-04-28, 2:23:21:695 PM",2026042801089219
SAIL,13,32,10,1156.0,11560.0,"2026-04-28, 2:22:55:611 PM",2026042801089027
SAIL,52,17,10,1155.0,11550.0,"2026-04-28, 2:22:55:348 PM",2026042801089022
SAIL,52,21,20,1155.0,23100.0,"2026-04-28, 2:21:52:730 PM",2026042801088592
SAIL,57,32,10,1152.1,11521.0,"2026-04-28, 2:21:11:009 PM",2026042801088267
SAIL,48,53,10,1155.0,11550.0,"2026-04-28, 2:20:45:041 PM",2026042801088073
SAIL,48,56,10,1155.0,11550.0,"2026-04-28, 2:20:45:041 PM",2026042801088072
SAIL,45,58,10,1154.0,11540.0,"2026-04-28, 2:20:33:750 PM",2026042801087980
SAIL,52,48,10,1152.0,11520.0,"2026-04-28, 2:20:29:937 PM",2026042801087950
SAIL,52,42,10,1152.0,11520.0,"2026-04-28, 2:19:34:826 PM",2026042801087570
SAIL,45,28,10,1151.0,11510.0,"2026-04-28, 2:18:51:622 PM",2026042801087300
SAIL,57,38,30,1150.4,34512.0,"2026-04-28, 2:18:26:635 PM",2026042801087120
SAIL,74,38,10,1151.0,11510.0,"2026-04-28, 2:17:31:552 PM",2026042801086708
SAIL,74,91,10,1151.0,11510.0,"2026-04-28, 2:17:31:552 PM",2026042801086707
SAIL,36,11,10,1151.0,11510.0,"2026-04-28, 2:17:12:727 PM",2026042801086545
SAIL,36,22,43,1151.0,49493.0,"2026-04-28, 2:16:55:445 PM",2026042801086419
SAIL,36,35,10,1151.0,11510.0,"2026-04-28, 2:16:30:161 PM",2026042801086232
SAIL,36,45,10,1151.0,11510.0,"2026-04-28, 2:16:10:904 PM",2026042801086090
SAIL,13,45,20,1151.1,23022.0,"2026-04-28, 2:16:10:903 PM",2026042801086089
SAIL,36,34,120,1151.0,138120.0,"2026-04-28, 2:15:45:660 PM",2026042801085914
SAIL,4,34,26,1151.0,29926.0,"2026-04-28, 2:15:45:660 PM",2026042801085913
SAIL,4,58,10,1151.0,11510.0,"2026-04-28, 2:15:36:852 PM",2026042801085819
SAIL,4,19,10,1151.0,11510.0,"2026-04-28, 2:15:14:001 PM",2026042801085637
SAIL,4,34,24,1151.0,27624.0,"2026-04-28, 2:14:49:085 PM",2026042801085496
SAIL,36,58,10,1153.0,11530.0,"2026-04-28, 2:14:39:496 PM",2026042801085417
SAIL,36,49,10,1153.0,11530.0,"2026-04-28, 2:14:36:770 PM",2026042801085361
SAIL,36,58,10,1153.0,11530.0,"2026-04-28, 2:14:27:221 PM",2026042801085304
SAIL,36,52,166,1153.0,191398.0,"2026-04-28, 2:14:24:657 PM",2026042801085278
SAIL,70,52,77,1153.0,88781.0,"2026-04-28, 2:14:10:728 PM",2026042801085183
SAIL,42,56,141,1150.0,162150.0,"2026-04-28, 2:14:00:895 PM",2026042801085115
SAIL,40,56,100,1150.0,115000.0,"2026-04-28, 2:14:00:895 PM",2026042801085114
SAIL,50,56,150,1150.0,172500.0,"2026-04-28, 2:14:00:895 PM",2026042801085113
SAIL,59,56,50,1150.0,57500.0,"2026-04-28, 2:14:00:895 PM",2026042801085112
SAIL,41,56,20,1150.0,23000.0,"2026-04-28, 2:14:00:895 PM",2026042801085111
SAIL,16,56,50,1150.0,57500.0,"2026-04-28, 2:14:00:895 PM",2026042801085110
SAIL,32,56,89,1150.0,102350.0,"2026-04-28, 2:14:00:895 PM",2026042801085109
SAIL,32,34,11,1150.0,12650.0,"2026-04-28, 2:13:59:131 PM",2026042801085085
SAIL,35,34,50,1150.0,57500.0,"2026-04-28, 2:13:59:130 PM",2026042801085084
SAIL,45,34,310,1150.0,356500.0,"2026-04-28, 2:13:59:130 PM",2026042801085083
SAIL,28,34,100,1150.0,115000.0,"2026-04-28, 2:13:59:130 PM",2026042801085082
SAIL,41,34,100,1150.0,115000.0,"2026-04-28, 2:13:59:130 PM",2026042801085081
SAIL,45,34,19,1150.0,21850.0,"2026-04-28, 2:13:59:130 PM",2026042801085080
SAIL,45,59,51,1150.0,58650.0,"2026-04-28, 2:13:57:787 PM",2026042801085072
SAIL,22,59,100,1150.1,115010.0,"2026-04-28, 2:13:57:787 PM",2026042801085071
SAIL,25,59,30,1150.1,34503.0,"2026-04-28, 2:13:57:786 PM",2026042801085070
SAIL,49,59,199,1151.0,229049.0,"2026-04-28, 2:13:57:786 PM",2026042801085069
SAIL,70,59,30,1151.2,34536.0,"2026-04-28, 2:13:57:786 PM",2026042801085068
SAIL,56,59,390,1151.3,449007.0,"2026-04-28, 2:13:57:785 PM",2026042801085067
SAIL,36,59,200,1151.4,230280.00000000003,"2026-04-28, 2:13:57:785 PM",2026042801085066
SAIL,13,57,10,1151.6,11516.0,"2026-04-28, 2:13:43:817 PM",2026042801084942
SAIL,56,35,10,1151.3,11513.0,"2026-04-28, 2:13:20:094 PM",2026042801084781
SAIL,70,54,10,1151.2,11512.0,"2026-04-28, 2:12:38:781 PM",2026042801084457
SAIL,70,58,10,1151.2,11512.0,"2026-04-28, 2:10:56:515 PM",2026042801083714
SAIL,49,5,301,1151.0,346451.0,"2026-04-28, 2:10:08:679 PM",2026042801083414
SAIL,3,5,199,1151.1,229068.9,"2026-04-28, 2:10:08:679 PM",2026042801083413
SAIL,3,39,110,1151.1,126621.0,"2026-04-28, 2:09:58:678 PM",2026042801083315
SAIL,42,39,50,1151.1,57554.99999999999,"2026-04-28, 2:09:58:677 PM",2026042801083314
SAIL,41,39,30,1152.0,34560.0,"2026-04-28, 2:09:58:677 PM",2026042801083313
SAIL,70,39,50,1152.1,57604.99999999999,"2026-04-28, 2:09:58:677 PM",2026042801083312
SAIL,13,39,10,1152.3,11523.0,"2026-04-28, 2:09:58:677 PM",2026042801083311
SAIL,13,49,10,1152.3,11523.0,"2026-04-28, 2:09:46:781 PM",2026042801083205
SAIL,13,47,10,1152.3,11523.0,"2026-04-28, 2:09:38:396 PM",2026042801083139
SAIL,3,57,10,1155.0,11550.0,"2026-04-28, 2:09:10:696 PM",2026042801082884
SAIL,3,59,181,1155.0,209055.0,"2026-04-28, 2:09:10:696 PM",2026042801082883
SAIL,68,59,10,1155.0,11550.0,"2026-04-28, 2:08:31:021 PM",2026042801082561
SAIL,42,59,10,1155.0,11550.0,"2026-04-28, 2:08:31:020 PM",2026042801082560
SAIL,10,59,50,1155.0,57750.0,"2026-04-28, 2:08:31:020 PM",2026042801082559
SAIL,38,59,100,1155.0,115500.0,"2026-04-28, 2:08:31:020 PM",2026042801082558
SAIL,26,59,100,1155.0,115500.0,"2026-04-28, 2:08:31:019 PM",2026042801082557
SAIL,42,59,20,1155.5,23110.0,"2026-04-28, 2:08:31:019 PM",2026042801082556
SAIL,58,59,45,1155.9,52015.50000000001,"2026-04-28, 2:08:31:019 PM",2026042801082555
SAIL,58,59,125,1156.0,144500.0,"2026-04-28, 2:08:31:018 PM",2026042801082554
SAIL,42,59,10,1156.0,11560.0,"2026-04-28, 2:08:31:018 PM",2026042801082553
SAIL,58,59,50,1156.1,57804.99999999999,"2026-04-28, 2:08:31:018 PM",2026042801082552
SAIL,21,59,96,1157.0,111072.0,"2026-04-28, 2:08:31:017 PM",2026042801082551
SAIL,13,59,30,1157.1,34713.0,"2026-04-28, 2:08:31:017 PM",2026042801082550
SAIL,33,59,40,1157.2,46288.0,"2026-04-28, 2:08:31:017 PM",2026042801082549
SAIL,51,59,33,1157.3,38190.9,"2026-04-28, 2:08:31:016 PM",2026042801082548
SAIL,56,59,100,1157.4,115740.0,"2026-04-28, 2:08:31:016 PM",2026042801082547
SAIL,32,57,10,1165.0,11650.0,"2026-04-28, 2:07:56:707 PM",2026042801082253
SAIL,58,34,20,1160.0,23200.0,"2026-04-28, 2:07:45:351 PM",2026042801082180
SAIL,46,34,20,1160.0,23200.0,"2026-04-28, 2:07:45:351 PM",2026042801082179
SAIL,46,56,60,1160.0,69600.0,"2026-04-28, 2:07:27:845 PM",2026042801082075
SAIL,11,56,10,1160.0,11600.0,"2026-04-28, 2:07:27:844 PM",2026042801082074
SAIL,45,56,30,1160.0,34800.0,"2026-04-28, 2:07:27:844 PM",2026042801082073
SAIL,45,41,10,1160.0,11600.0,"2026-04-28, 2:06:19:637 PM",2026042801081583
SAIL,45,16,10,1160.0,11600.0,"2026-04-28, 2:05:58:257 PM",2026042801081479
SAIL,59,38,30,1160.0,34800.0,"2026-04-28, 2:05:47:085 PM",2026042801081421
SAIL,33,17,10,1157.2,11572.0,"2026-04-28, 2:05:44:117 PM",2026042801081401
SAIL,11,58,10,1160.0,11600.0,"2026-04-28, 2:05:22:141 PM",2026042801081264
SAIL,21,18,15,1157.0,17355.0,"2026-04-28, 2:04:56:499 PM",2026042801081099
SAIL,35,18,50,1160.0,58000.0,"2026-04-28, 2:04:43:851 PM",2026042801081013
SAIL,44,58,10,1160.0,11600.0,"2026-04-28, 2:03:46:522 PM",2026042801080546
SAIL,44,57,10,1160.0,11600.0,"2026-04-28, 2:03:46:522 PM",2026042801080545
SAIL,44,35,10,1159.0,11590.0,"2026-04-28, 2:03:23:034 PM",2026042801080387
SAIL,42,34,10,1156.0,11560.0,"2026-04-28, 2:02:36:670 PM",2026042801080039
SAIL,21,18,35,1160.0,40600.0,"2026-04-28, 2:01:45:537 PM",2026042801079736
SAIL,58,6,10,1160.0,11600.0,"2026-04-28, 2:00:28:883 PM",2026042801079255
SAIL,58,38,10,1160.0,11600.0,"2026-04-28, 2:00:13:214 PM",2026042801079152
SAIL,58,45,10,1160.0,11600.0,"2026-04-28, 1:58:53:338 PM",2026042801078567
SAIL,44,35,10,1162.2,11622.0,"2026-04-28, 1:58:49:255 PM",2026042801078540
SAIL,44,49,10,1161.0,11610.0,"2026-04-28, 1:58:30:907 PM",2026042801078467
SAIL,58,58,10,1160.0,11600.0,"2026-04-28, 1:56:39:737 PM",2026042801077705
SAIL,42,35,10,1160.1,11601.0,"2026-04-28, 1:56:34:857 PM",2026042801077683
SAIL,45,17,10,1160.2,11602.0,"2026-04-28, 1:56:28:157 PM",2026042801077644
SAIL,42,35,10,1160.1,11601.0,"2026-04-28, 1:56:05:033 PM",2026042801077475
SAIL,3,49,10,1165.0,11650.0,"2026-04-28, 1:55:15:337 PM",2026042801077123
SAIL,58,96,10,1160.0,11600.0,"2026-04-28, 1:54:38:415 PM",2026042801076852
SAIL,11,96,500,1160.0,580000.0,"2026-04-28, 1:54:38:415 PM",2026042801076851
SAIL,6,96,45,1160.0,52200.0,"2026-04-28, 1:54:38:415 PM",2026042801076850
SAIL,35,96,10,1160.0,11600.0,"2026-04-28, 1:54:38:414 PM",2026042801076849
SAIL,83,96,10,1160.0,11600.0,"2026-04-28, 1:54:38:414 PM",2026042801076848
SAIL,10,96,15,1160.0,17400.0,"2026-04-28, 1:54:38:414 PM",2026042801076847
SAIL,44,96,300,1160.0,348000.0,"2026-04-28, 1:54:38:414 PM",2026042801076846
SAIL,74,96,20,1160.0,23200.0,"2026-04-28, 1:54:38:414 PM",2026042801076845
SAIL,42,96,250,1160.0,290000.0,"2026-04-28, 1:54:38:414 PM",2026042801076844
SAIL,57,96,70,1160.0,81200.0,"2026-04-28, 1:54:38:414 PM",2026042801076843
SAIL,38,96,100,1160.0,116000.0,"2026-04-28, 1:54:38:414 PM",2026042801076842
SAIL,56,96,70,1160.0,81200.0,"2026-04-28, 1:54:38:414 PM",2026042801076841
SAIL,26,96,100,1160.0,116000.0,"2026-04-28, 1:54:38:413 PM",2026042801076840
SAIL,22,96,200,1160.1,232020.0,"2026-04-28, 1:54:38:413 PM",2026042801076839
SAIL,57,96,100,1160.3,116030.0,"2026-04-28, 1:54:38:413 PM",2026042801076838
SAIL,45,96,92,1161.0,106812.0,"2026-04-28, 1:54:20:608 PM",2026042801076704
SAIL,58,96,18,1161.0,20898.0,"2026-04-28, 1:54:20:608 PM",2026042801076703
SAIL,13,96,50,1161.3,58065.0,"2026-04-28, 1:54:20:608 PM",2026042801076702
SAIL,22,96,50,1161.4,58070.00000000001,"2026-04-28, 1:54:20:608 PM",2026042801076701
SAIL,7,96,10,1162.0,11620.0,"2026-04-28, 1:54:20:608 PM",2026042801076700
SAIL,36,96,140,1162.0,162680.0,"2026-04-28, 1:54:20:608 PM",2026042801076699
SAIL,6,96,50,1162.1,58104.99999999999,"2026-04-28, 1:54:20:608 PM",2026042801076698
SAIL,59,96,200,1162.1,232420.0,"2026-04-28, 1:54:20:608 PM",2026042801076697
SAIL,58,96,40,1162.1,46484.0,"2026-04-28, 1:54:20:608 PM",2026042801076696
SAIL,42,96,20,1163.1,23262.0,"2026-04-28, 1:54:20:607 PM",2026042801076695
SAIL,56,96,340,1163.2,395488.0,"2026-04-28, 1:54:20:607 PM",2026042801076694
SAIL,83,96,200,1163.3,232660.0,"2026-04-28, 1:54:20:607 PM",2026042801076693
SAIL,42,96,100,1164.0,116400.0,"2026-04-28, 1:54:20:607 PM",2026042801076692
SAIL,22,17,10,1164.0,11640.0,"2026-04-28, 1:54:02:887 PM",2026042801076616
SAIL,22,57,43,1164.0,50052.0,"2026-04-28, 1:53:32:636 PM",2026042801076452
SAIL,58,57,40,1164.0,46560.0,"2026-04-28, 1:53:32:636 PM",2026042801076451
SAIL,32,57,60,1170.0,70200.0,"2026-04-28, 1:52:52:080 PM",2026042801076266
SAIL,32,72,10,1170.0,11700.0,"2026-04-28, 1:52:46:360 PM",2026042801076228
SAIL,32,14,10,1169.0,11690.0,"2026-04-28, 1:52:46:360 PM",2026042801076227
SAIL,58,89,10,1165.0,11650.0,"2026-04-28, 1:52:31:010 PM",2026042801076135
SAIL,56,17,10,1163.2,11632.0,"2026-04-28, 1:50:58:678 PM",2026042801075518
SAIL,49,35,10,1166.0,11660.0,"2026-04-28, 1:49:02:080 PM",2026042801074902
SAIL,58,42,10,1162.1,11621.0,"2026-04-28, 1:48:55:033 PM",2026042801074876
SAIL,56,47,10,1162.1,11621.0,"2026-04-28, 1:47:59:935 PM",2026042801074568
SAIL,56,57,140,1162.1,162694.0,"2026-04-28, 1:47:04:846 PM",2026042801074271
SAIL,36,46,10,1162.0,11620.0,"2026-04-28, 1:46:48:095 PM",2026042801074170
SAIL,45,25,10,1162.0,11620.0,"2026-04-28, 1:46:15:559 PM",2026042801074014
SAIL,22,59,46,1165.0,53590.0,"2026-04-28, 1:46:11:974 PM",2026042801073995
SAIL,58,3,10,1162.0,11620.0,"2026-04-28, 1:46:04:625 PM",2026042801073967
SAIL,58,49,10,1162.0,11620.0,"2026-04-28, 1:45:45:921 PM",2026042801073864
SAIL,32,59,10,1165.0,11650.0,"2026-04-28, 1:45:22:177 PM",2026042801073738
SAIL,57,59,85,1165.0,99025.0,"2026-04-28, 1:45:19:389 PM",2026042801073722
SAIL,57,59,10,1165.0,11650.0,"2026-04-28, 1:45:19:389 PM",2026042801073721
SAIL,17,59,500,1165.0,582500.0,"2026-04-28, 1:45:19:388 PM",2026042801073720
SAIL,34,59,100,1165.0,116500.0,"2026-04-28, 1:45:19:388 PM",2026042801073719
SAIL,67,59,10,1165.0,11650.0,"2026-04-28, 1:45:19:388 PM",2026042801073718
SAIL,54,59,50,1165.0,58250.0,"2026-04-28, 1:45:19:387 PM",2026042801073717
SAIL,13,59,30,1165.1,34953.0,"2026-04-28, 1:45:19:387 PM",2026042801073716
SAIL,22,59,50,1165.2,58260.0,"2026-04-28, 1:45:19:387 PM",2026042801073715
SAIL,32,59,100,1165.6,116560.0,"2026-04-28, 1:45:19:386 PM",2026042801073714
SAIL,75,56,10,1170.0,11700.0,"2026-04-28, 1:44:02:852 PM",2026042801073335
SAIL,75,4,1,1160.0,1160.0,"2026-04-28, 1:43:29:242 PM",2026042801073139
SAIL,75,50,10,1170.0,11700.0,"2026-04-28, 1:43:20:002 PM",2026042801073060
SAIL,36,34,10,1165.7,11657.0,"2026-04-28, 1:42:40:560 PM",2026042801072912
SAIL,68,17,85,1170.0,99450.0,"2026-04-28, 1:42:34:163 PM",2026042801072881
SAIL,68,22,10,1168.0,11680.0,"2026-04-28, 1:42:34:163 PM",2026042801072880
SAIL,36,56,10,1165.7,11657.0,"2026-04-28, 1:41:34:541 PM",2026042801072568
SAIL,42,4,10,1165.6,11656.0,"2026-04-28, 1:41:15:181 PM",2026042801072472
SAIL,42,22,10,1165.6,11656.0,"2026-04-28, 1:40:49:495 PM",2026042801072373
SAIL,42,17,10,1165.6,11656.0,"2026-04-28, 1:40:29:571 PM",2026042801072305
SAIL,5,4,20,1165.5,23310.0,"2026-04-28, 1:39:37:525 PM",2026042801072088
SAIL,22,4,30,1165.5,34965.0,"2026-04-28, 1:39:37:524 PM",2026042801072087
SAIL,22,58,10,1165.5,11655.0,"2026-04-28, 1:38:58:940 PM",2026042801071939
SAIL,58,91,10,1168.0,11680.0,"2026-04-28, 1:37:55:759 PM",2026042801071601
SAIL,22,21,10,1165.5,11655.0,"2026-04-28, 1:37:26:892 PM",2026042801071475
SAIL,42,74,49,1168.0,57232.0,"2026-04-28, 1:37:07:913 PM",2026042801071347
SAIL,38,74,40,1168.0,46720.0,"2026-04-28, 1:36:49:877 PM",2026042801071268
SAIL,57,74,11,1169.1,12860.1,"2026-04-28, 1:36:49:876 PM",2026042801071267
SAIL,56,4,10,1169.2,11692.0,"2026-04-28, 1:35:30:854 PM",2026042801070801
SAIL,39,4,20,1169.2,23384.0,"2026-04-28, 1:35:08:684 PM",2026042801070732
SAIL,7,17,15,1170.0,17550.0,"2026-04-28, 1:34:58:426 PM",2026042801070694
SAIL,39,58,20,1169.2,23384.0,"2026-04-28, 1:33:46:281 PM",2026042801070319
SAIL,39,34,10,1169.2,11692.0,"2026-04-28, 1:33:26:285 PM",2026042801070226
SAIL,39,58,10,1169.2,11692.0,"2026-04-28, 1:32:37:014 PM",2026042801069997
SAIL,39,51,10,1169.2,11692.0,"2026-04-28, 1:32:27:731 PM",2026042801069964
SAIL,39,58,10,1169.2,11692.0,"2026-04-28, 1:31:43:757 PM",2026042801069805
SAIL,39,32,10,1169.2,11692.0,"2026-04-28, 1:30:12:886 PM",2026042801069452
SAIL,44,17,10,1170.0,11700.0,"2026-04-28, 1:30:12:257 PM",2026042801069448
SAIL,39,7,10,1169.2,11692.0,"2026-04-28, 1:30:09:798 PM",2026042801069429
SAIL,14,17,10,1170.0,11700.0,"2026-04-28, 1:29:29:838 PM",2026042801069209
SAIL,3,17,500,1170.0,585000.0,"2026-04-28, 1:29:18:519 PM",2026042801069170
SAIL,58,17,40,1170.0,46800.0,"2026-04-28, 1:28:52:438 PM",2026042801069075
SAIL,52,17,50,1170.0,58500.0,"2026-04-28, 1:28:33:767 PM",2026042801069021
SAIL,70,17,200,1170.0,234000.0,"2026-04-28, 1:28:33:767 PM",2026042801069020
SAIL,22,17,10,1170.0,11700.0,"2026-04-28, 1:28:33:767 PM",2026042801069019
SAIL,57,48,10,1170.1,11701.0,"2026-04-28, 1:28:21:454 PM",2026042801068966
SAIL,45,38,10,1171.0,11710.0,"2026-04-28, 1:28:06:073 PM",2026042801068916
SAIL,57,57,90,1170.1,105309.0,"2026-04-28, 1:27:04:373 PM",2026042801068690
SAIL,59,57,90,1170.1,105309.0,"2026-04-28, 1:27:04:373 PM",2026042801068689
SAIL,58,57,20,1170.2,23404.0,"2026-04-28, 1:27:04:372 PM",2026042801068688
SAIL,58,45,10,1170.2,11702.0,"2026-04-28, 1:22:59:785 PM",2026042801067839
SAIL,58,58,10,1170.2,11702.0,"2026-04-28, 1:22:39:410 PM",2026042801067697
SAIL,58,35,10,1170.2,11702.0,"2026-04-28, 1:22:28:400 PM",2026042801067673
SAIL,58,57,10,1170.2,11702.0,"2026-04-28, 1:20:13:302 PM",2026042801067185
SAIL,58,58,10,1170.2,11702.0,"2026-04-28, 1:18:59:946 PM",2026042801066845
SAIL,58,53,10,1170.2,11702.0,"2026-04-28, 1:18:50:058 PM",2026042801066802
SAIL,58,60,10,1170.2,11702.0,"2026-04-28, 1:18:45:885 PM",2026042801066790
SAIL,58,43,10,1170.2,11702.0,"2026-04-28, 1:15:52:496 PM",2026042801066084
SAIL,51,50,200,1180.0,236000.0,"2026-04-28, 1:12:46:831 PM",2026042801065221
SAIL,51,45,10,1180.0,11800.0,"2026-04-28, 1:12:46:831 PM",2026042801065220
SAIL,51,34,10,1180.0,11800.0,"2026-04-28, 1:12:46:831 PM",2026042801065219
SAIL,51,49,10,1175.0,11750.0,"2026-04-28, 1:12:46:830 PM",2026042801065218
SAIL,51,42,10,1175.0,11750.0,"2026-04-28, 1:12:46:830 PM",2026042801065217
SAIL,51,56,10,1175.0,11750.0,"2026-04-28, 1:12:46:830 PM",2026042801065216
SAIL,57,49,10,1169.3,11693.0,"2026-04-28, 1:11:19:176 PM",2026042801064871
SAIL,57,32,10,1169.3,11693.0,"2026-04-28, 1:11:05:999 PM",2026042801064812
SAIL,57,41,10,1169.1,11691.0,"2026-04-28, 1:09:58:741 PM",2026042801064563
SAIL,38,74,50,1169.0,58450.0,"2026-04-28, 1:08:49:966 PM",2026042801064183
SAIL,38,58,10,1169.0,11690.0,"2026-04-28, 1:08:46:204 PM",2026042801064166
SAIL,13,14,10,1169.1,11691.0,"2026-04-28, 1:07:47:319 PM",2026042801063870
SAIL,35,52,10,1170.0,11700.0,"2026-04-28, 1:07:40:983 PM",2026042801063840
SAIL,44,49,10,1171.0,11710.0,"2026-04-28, 1:06:40:430 PM",2026042801063588
SAIL,6,51,10,1170.0,11700.0,"2026-04-28, 1:06:38:077 PM",2026042801063576
SAIL,3,58,10,1170.0,11700.0,"2026-04-28, 1:05:13:967 PM",2026042801063207
SAIL,45,56,10,1170.0,11700.0,"2026-04-28, 1:05:05:616 PM",2026042801063162
SAIL,45,21,10,1170.0,11700.0,"2026-04-28, 1:04:45:390 PM",2026042801063075
SAIL,45,45,10,1170.0,11700.0,"2026-04-28, 1:03:56:766 PM",2026042801062842
SAIL,45,49,10,1170.0,11700.0,"2026-04-28, 1:03:14:171 PM",2026042801062612
SAIL,45,39,10,1170.0,11700.0,"2026-04-28, 1:03:00:736 PM",2026042801062524
SAIL,29,58,10,1170.0,11700.0,"2026-04-28, 1:02:33:993 PM",2026042801062396
SAIL,17,59,493,1170.0,576810.0,"2026-04-28, 1:01:36:998 PM",2026042801062181
SAIL,57,59,15,1170.0,17550.0,"2026-04-28, 1:01:36:998 PM",2026042801062180
SAIL,83,59,10,1170.0,11700.0,"2026-04-28, 1:01:36:998 PM",2026042801062179
SAIL,42,59,100,1170.0,117000.0,"2026-04-28, 1:01:36:997 PM",2026042801062178
SAIL,16,59,50,1170.0,58500.0,"2026-04-28, 1:01:36:997 PM",2026042801062177
SAIL,5,59,20,1170.0,23400.0,"2026-04-28, 1:01:36:997 PM",2026042801062176
SAIL,46,59,10,1170.0,11700.0,"2026-04-28, 1:01:36:996 PM",2026042801062175
SAIL,57,59,100,1170.0,117000.0,"2026-04-28, 1:01:36:996 PM",2026042801062174
SAIL,4,59,130,1170.1,152113.0,"2026-04-28, 1:01:36:996 PM",2026042801062173
SAIL,22,59,50,1170.2,58510.0,"2026-04-28, 1:01:36:995 PM",2026042801062172
SAIL,22,59,22,1171.0,25762.0,"2026-04-28, 1:01:36:995 PM",2026042801062171
SAIL,22,42,10,1171.0,11710.0,"2026-04-28, 1:01:35:448 PM",2026042801062166
SAIL,22,81,168,1171.0,196728.0,"2026-04-28, 1:00:07:508 PM",2026042801061796
SAIL,13,81,30,1172.1,35163.0,"2026-04-28, 1:00:07:507 PM",2026042801061795
SAIL,54,81,50,1173.0,58650.0,"2026-04-28, 1:00:07:507 PM",2026042801061794
SAIL,6,81,10,1173.3,11733.0,"2026-04-28, 1:00:07:507 PM",2026042801061793
SAIL,49,81,52,1173.3,61011.6,"2026-04-28, 1:00:07:506 PM",2026042801061792
SAIL,49,47,10,1173.3,11733.0,"2026-04-28, 12:59:50:602 PM",2026042801061736
SAIL,7,8,10,1174.0,11740.0,"2026-04-28, 12:59:37:242 PM",2026042801061649
SAIL,49,17,10,1173.3,11733.0,"2026-04-28, 12:58:46:377 PM",2026042801061418
SAIL,49,7,10,1173.3,11733.0,"2026-04-28, 12:57:11:414 PM",2026042801060915
SAIL,49,68,18,1173.3,21119.4,"2026-04-28, 12:55:59:845 PM",2026042801060577
SAIL,45,68,32,1174.0,37568.0,"2026-04-28, 12:55:59:845 PM",2026042801060576
SAIL,48,49,10,1175.0,11750.0,"2026-04-28, 12:55:25:030 PM",2026042801060408
SAIL,22,8,10,1175.0,11750.0,"2026-04-28, 12:55:06:585 PM",2026042801060346
SAIL,6,5,10,1175.0,11750.0,"2026-04-28, 12:54:31:883 PM",2026042801060218
SAIL,45,57,10,1174.0,11740.0,"2026-04-28, 12:54:00:356 PM",2026042801060102
SAIL,45,46,58,1174.0,68092.0,"2026-04-28, 12:53:57:646 PM",2026042801060090
SAIL,68,46,162,1174.0,190188.0,"2026-04-28, 12:53:57:646 PM",2026042801060089
SAIL,68,101,150,1174.0,176100.0,"2026-04-28, 12:52:33:710 PM",2026042801059499
SAIL,13,101,20,1174.1,23482.0,"2026-04-28, 12:52:33:710 PM",2026042801059498
SAIL,13,101,10,1174.2,11742.0,"2026-04-28, 12:52:33:710 PM",2026042801059497
SAIL,58,101,10,1175.0,11750.0,"2026-04-28, 12:52:33:710 PM",2026042801059496
SAIL,63,101,810,1175.0,951750.0,"2026-04-28, 12:52:33:710 PM",2026042801059495
SAIL,63,101,115,1175.0,135125.0,"2026-04-28, 12:51:57:078 PM",2026042801059324
SAIL,42,101,20,1175.0,23500.0,"2026-04-28, 12:51:57:078 PM",2026042801059323
SAIL,45,101,25,1175.0,29375.0,"2026-04-28, 12:51:57:078 PM",2026042801059322
SAIL,48,101,40,1175.0,47000.0,"2026-04-28, 12:51:57:078 PM",2026042801059321
SAIL,95,46,20,1180.0,23600.0,"2026-04-28, 12:48:57:791 PM",2026042801058486
SAIL,63,57,10,1177.0,11770.0,"2026-04-28, 12:48:45:810 PM",2026042801058422
SAIL,63,36,10,1177.0,11770.0,"2026-04-28, 12:48:36:619 PM",2026042801058372
SAIL,63,34,10,1177.0,11770.0,"2026-04-28, 12:48:14:216 PM",2026042801058274
SAIL,49,46,70,1180.0,82600.0,"2026-04-28, 12:46:34:921 PM",2026042801057844
SAIL,49,25,10,1180.0,11800.0,"2026-04-28, 12:45:14:332 PM",2026042801057463
SAIL,49,38,10,1180.0,11800.0,"2026-04-28, 12:45:14:332 PM",2026042801057462
SAIL,49,26,10,1180.0,11800.0,"2026-04-28, 12:45:14:332 PM",2026042801057461
SAIL,49,28,10,1180.0,11800.0,"2026-04-28, 12:45:14:332 PM",2026042801057460
SAIL,49,58,10,1180.0,11800.0,"2026-04-28, 12:45:14:332 PM",2026042801057459
SAIL,49,62,40,1179.0,47160.0,"2026-04-28, 12:45:14:332 PM",2026042801057458
SAIL,49,58,10,1178.0,11780.0,"2026-04-28, 12:45:14:331 PM",2026042801057457
SAIL,49,44,10,1178.0,11780.0,"2026-04-28, 12:45:14:331 PM",2026042801057456
SAIL,49,45,10,1177.0,11770.0,"2026-04-28, 12:45:14:331 PM",2026042801057455
SAIL,49,1,10,1177.0,11770.0,"2026-04-28, 12:45:14:331 PM",2026042801057454
SAIL,48,58,10,1175.0,11750.0,"2026-04-28, 12:44:21:648 PM",2026042801057169
SAIL,5,36,10,1175.1,11751.0,"2026-04-28, 12:43:48:999 PM",2026042801056983
SAIL,41,59,10,1175.0,11750.0,"2026-04-28, 12:43:13:023 PM",2026042801056839
SAIL,41,58,10,1175.0,11750.0,"2026-04-28, 12:42:43:310 PM",2026042801056685
SAIL,57,58,70,1175.1,82257.0,"2026-04-28, 12:42:43:310 PM",2026042801056684
SAIL,5,19,10,1176.0,11760.0,"2026-04-28, 12:42:16:363 PM",2026042801056518
SAIL,57,58,10,1175.1,11751.0,"2026-04-28, 12:42:10:762 PM",2026042801056485
SAIL,57,6,10,1175.1,11751.0,"2026-04-28, 12:41:37:692 PM",2026042801056123
SAIL,57,58,10,1175.1,11751.0,"2026-04-28, 12:40:29:264 PM",2026042801055738
SAIL,13,41,10,1175.1,11751.0,"2026-04-28, 12:40:13:882 PM",2026042801055545
SAIL,13,58,10,1175.1,11751.0,"2026-04-28, 12:39:53:693 PM",2026042801055433
SAIL,13,52,10,1175.1,11751.0,"2026-04-28, 12:39:25:489 PM",2026042801055296
SAIL,59,58,10,1176.0,11760.0,"2026-04-28, 12:39:01:183 PM",2026042801055075
SAIL,50,51,70,1176.0,82320.0,"2026-04-28, 12:38:49:020 PM",2026042801055020
SAIL,50,47,10,1176.0,11760.0,"2026-04-28, 12:38:16:302 PM",2026042801054623
SAIL,50,21,10,1176.0,11760.0,"2026-04-28, 12:38:08:098 PM",2026042801054592
SAIL,50,58,10,1176.0,11760.0,"2026-04-28, 12:37:16:382 PM",2026042801054308
SAIL,41,14,10,1175.0,11750.0,"2026-04-28, 12:35:25:386 PM",2026042801053214
SAIL,95,58,20,1178.0,23560.0,"2026-04-28, 12:33:40:901 PM",2026042801052306
SAIL,68,58,148,1174.0,173752.0,"2026-04-28, 12:33:18:956 PM",2026042801052157
SAIL,68,41,10,1174.0,11740.0,"2026-04-28, 12:32:59:857 PM",2026042801052006
SAIL,48,51,10,1175.0,11750.0,"2026-04-28, 12:32:54:700 PM",2026042801051989
SAIL,48,20,10,1175.0,11750.0,"2026-04-28, 12:32:54:700 PM",2026042801051988
SAIL,68,38,10,1174.0,11740.0,"2026-04-28, 12:32:18:512 PM",2026042801051775
SAIL,22,35,10,1175.0,11750.0,"2026-04-28, 12:32:07:614 PM",2026042801051696
SAIL,68,28,10,1174.0,11740.0,"2026-04-28, 12:31:49:406 PM",2026042801051518
SAIL,68,58,10,1174.0,11740.0,"2026-04-28, 12:31:14:635 PM",2026042801051244
SAIL,58,36,20,1175.0,23500.0,"2026-04-28, 12:31:00:095 PM",2026042801051167
SAIL,22,36,50,1175.0,58750.0,"2026-04-28, 12:31:00:094 PM",2026042801051166
SAIL,25,36,10,1175.0,11750.0,"2026-04-28, 12:31:00:094 PM",2026042801051165
SAIL,25,25,10,1175.0,11750.0,"2026-04-28, 12:30:25:737 PM",2026042801050940
SAIL,25,57,10,1175.0,11750.0,"2026-04-28, 12:29:33:288 PM",2026042801050547
SAIL,25,58,10,1175.0,11750.0,"2026-04-28, 12:29:18:944 PM",2026042801050439
SAIL,25,49,10,1175.0,11750.0,"2026-04-28, 12:28:59:418 PM",2026042801050308
SAIL,13,43,10,1175.1,11751.0,"2026-04-28, 12:28:32:150 PM",2026042801050145
SAIL,13,57,10,1175.1,11751.0,"2026-04-28, 12:27:57:851 PM",2026042801049895
SAIL,13,16,10,1175.1,11751.0,"2026-04-28, 12:27:52:342 PM",2026042801049856
SAIL,67,62,10,1179.0,11790.0,"2026-04-28, 12:27:41:909 PM",2026042801049785
SAIL,39,62,10,1179.0,11790.0,"2026-04-28, 12:27:34:536 PM",2026042801049716
SAIL,14,17,10,1180.0,11800.0,"2026-04-28, 12:26:04:037 PM",2026042801048995
SAIL,42,62,20,1179.0,23580.0,"2026-04-28, 12:25:21:603 PM",2026042801048685
SAIL,54,17,28,1180.0,33040.0,"2026-04-28, 12:24:26:605 PM",2026042801048271
SAIL,54,48,72,1180.0,84960.0,"2026-04-28, 12:24:11:317 PM",2026042801048158
SAIL,56,48,48,1180.0,56640.0,"2026-04-28, 12:24:11:317 PM",2026042801048157
SAIL,56,35,10,1180.0,11800.0,"2026-04-28, 12:23:51:520 PM",2026042801048043
SAIL,56,38,10,1180.0,11800.0,"2026-04-28, 12:23:49:437 PM",2026042801048035
SAIL,56,49,10,1180.0,11800.0,"2026-04-28, 12:23:25:416 PM",2026042801047875
SAIL,34,62,20,1183.0,23660.0,"2026-04-28, 12:21:59:097 PM",2026042801047149
SAIL,58,34,10,1184.0,11840.0,"2026-04-28, 12:19:48:236 PM",2026042801046232
SAIL,56,38,10,1180.0,11800.0,"2026-04-28, 12:18:47:760 PM",2026042801045839
SAIL,56,8,10,1180.0,11800.0,"2026-04-28, 12:18:46:307 PM",2026042801045824
SAIL,56,49,10,1180.0,11800.0,"2026-04-28, 12:17:36:912 PM",2026042801045250
SAIL,56,96,12,1180.0,14160.0,"2026-04-28, 12:17:26:161 PM",2026042801045172
SAIL,41,96,100,1180.0,118000.0,"2026-04-28, 12:17:26:161 PM",2026042801045171
SAIL,38,96,100,1180.0,118000.0,"2026-04-28, 12:17:26:161 PM",2026042801045170
SAIL,14,96,200,1180.0,236000.0,"2026-04-28, 12:17:26:160 PM",2026042801045169
SAIL,21,96,300,1180.0,354000.0,"2026-04-28, 12:17:26:160 PM",2026042801045168
SAIL,42,96,400,1180.0,472000.0,"2026-04-28, 12:17:26:160 PM",2026042801045167
SAIL,3,96,30,1180.0,35400.0,"2026-04-28, 12:17:26:160 PM",2026042801045166
SAIL,53,96,200,1180.6,236120.0,"2026-04-28, 12:17:26:159 PM",2026042801045165
SAIL,22,96,58,1180.7,68480.6,"2026-04-28, 12:17:26:159 PM",2026042801045164
SAIL,29,96,70,1181.1,82677.0,"2026-04-28, 12:17:26:159 PM",2026042801045163
SAIL,32,96,30,1181.2,35436.0,"2026-04-28, 12:17:26:158 PM",2026042801045162
SAIL,32,58,10,1181.2,11812.0,"2026-04-28, 12:16:31:193 PM",2026042801044774
SAIL,32,21,10,1181.2,11812.0,"2026-04-28, 12:16:19:620 PM",2026042801044682
SAIL,21,35,10,1182.0,11820.0,"2026-04-28, 12:16:04:019 PM",2026042801044596
SAIL,21,62,10,1182.0,11820.0,"2026-04-28, 12:15:41:732 PM",2026042801044459
SAIL,21,56,10,1182.0,11820.0,"2026-04-28, 12:15:18:051 PM",2026042801044321
SAIL,21,52,10,1182.0,11820.0,"2026-04-28, 12:15:06:077 PM",2026042801044210
SAIL,33,41,30,1184.9,35547.0,"2026-04-28, 12:12:41:060 PM",2026042801043209
SAIL,50,58,10,1183.0,11830.0,"2026-04-28, 12:11:33:395 PM",2026042801042748
SAIL,50,38,10,1183.0,11830.0,"2026-04-28, 12:11:08:368 PM",2026042801042586
SAIL,50,58,10,1183.0,11830.0,"2026-04-28, 12:09:27:022 PM",2026042801041930
SAIL,50,35,10,1183.0,11830.0,"2026-04-28, 12:08:51:679 PM",2026042801041745
SAIL,50,71,10,1183.0,11830.0,"2026-04-28, 12:08:24:879 PM",2026042801041568
SAIL,50,42,10,1183.0,11830.0,"2026-04-28, 12:07:59:349 PM",2026042801041419
SAIL,33,41,40,1184.9,47396.0,"2026-04-28, 12:07:29:161 PM",2026042801041223
SAIL,33,58,10,1184.9,11849.0,"2026-04-28, 12:07:29:160 PM",2026042801041222
SAIL,50,34,10,1183.0,11830.0,"2026-04-28, 12:06:46:701 PM",2026042801040908
SAIL,50,45,10,1183.0,11830.0,"2026-04-28, 12:06:37:865 PM",2026042801040826
SAIL,50,57,10,1183.0,11830.0,"2026-04-28, 12:06:29:845 PM",2026042801040746
SAIL,50,68,10,1183.0,11830.0,"2026-04-28, 12:05:19:153 PM",2026042801040183
SAIL,21,49,10,1182.0,11820.0,"2026-04-28, 12:05:15:339 PM",2026042801040149
SAIL,95,49,10,1182.1,11821.0,"2026-04-28, 12:04:58:220 PM",2026042801040028
SAIL,95,96,10,1182.1,11821.0,"2026-04-28, 12:04:26:066 PM",2026042801039781
SAIL,95,49,10,1182.1,11821.0,"2026-04-28, 12:03:46:465 PM",2026042801039402
SAIL,33,42,10,1184.5,11845.0,"2026-04-28, 12:03:11:849 PM",2026042801039124
SAIL,21,94,10,1182.0,11820.0,"2026-04-28, 12:02:07:287 PM",2026042801038661
SAIL,21,34,10,1182.0,11820.0,"2026-04-28, 12:02:05:207 PM",2026042801038639
SAIL,32,45,10,1181.2,11812.0,"2026-04-28, 12:01:13:646 PM",2026042801038298
SAIL,32,58,10,1181.2,11812.0,"2026-04-28, 12:01:12:490 PM",2026042801038286
SAIL,32,58,10,1181.2,11812.0,"2026-04-28, 12:01:05:066 PM",2026042801038225
SAIL,32,49,10,1181.2,11812.0,"2026-04-28, 12:00:45:785 PM",2026042801038030
SAIL,32,38,10,1181.2,11812.0,"2026-04-28, 12:00:06:999 PM",2026042801037673
SAIL,29,1,10,1181.1,11811.0,"2026-04-28, 11:59:14:593 AM",2026042801037254
SAIL,33,96,76,1185.9,90128.4,"2026-04-28, 11:58:53:247 AM",2026042801037068
SAIL,33,49,10,1185.0,11850.0,"2026-04-28, 11:58:53:247 AM",2026042801037067
SAIL,33,58,10,1185.0,11850.0,"2026-04-28, 11:58:53:247 AM",2026042801037066
SAIL,33,42,10,1184.0,11840.0,"2026-04-28, 11:58:53:247 AM",2026042801037065
SAIL,33,16,20,1183.0,23660.0,"2026-04-28, 11:58:53:247 AM",2026042801037064
SAIL,33,58,10,1183.0,11830.0,"2026-04-28, 11:58:53:247 AM",2026042801037063
SAIL,33,43,10,1182.0,11820.0,"2026-04-28, 11:58:53:247 AM",2026042801037062
SAIL,29,58,10,1181.1,11811.0,"2026-04-28, 11:58:52:041 AM",2026042801037053
SAIL,14,49,10,1182.0,11820.0,"2026-04-28, 11:57:50:066 AM",2026042801036557
SAIL,58,89,10,1182.0,11820.0,"2026-04-28, 11:57:28:447 AM",2026042801036372
SAIL,14,57,10,1182.0,11820.0,"2026-04-28, 11:56:15:700 AM",2026042801035669
SAIL,48,57,90,1182.0,106380.0,"2026-04-28, 11:56:10:688 AM",2026042801035627
SAIL,48,6,10,1182.0,11820.0,"2026-04-28, 11:55:29:367 AM",2026042801035271
SAIL,48,32,10,1182.0,11820.0,"2026-04-28, 11:55:06:354 AM",2026042801035075
SAIL,48,56,10,1182.0,11820.0,"2026-04-28, 11:54:33:479 AM",2026042801034856
SAIL,48,58,10,1182.0,11820.0,"2026-04-28, 11:54:33:478 AM",2026042801034855
SAIL,48,77,10,1182.0,11820.0,"2026-04-28, 11:54:33:478 AM",2026042801034854
SAIL,48,41,10,1182.0,11820.0,"2026-04-28, 11:54:33:478 AM",2026042801034853
SAIL,33,54,10,1181.8,11818.0,"2026-04-28, 11:54:28:444 AM",2026042801034774
SAIL,33,42,10,1181.8,11818.0,"2026-04-28, 11:54:26:658 AM",2026042801034756
SAIL,29,58,10,1181.1,11811.0,"2026-04-28, 11:54:02:118 AM",2026042801034560
SAIL,48,83,10,1181.0,11810.0,"2026-04-28, 11:53:24:999 AM",2026042801034233
SAIL,22,35,10,1181.8,11818.0,"2026-04-28, 11:52:40:513 AM",2026042801033811
SAIL,22,45,10,1181.8,11818.0,"2026-04-28, 11:52:40:512 AM",2026042801033810
SAIL,48,38,10,1181.0,11810.0,"2026-04-28, 11:52:30:727 AM",2026042801033681
SAIL,48,49,10,1181.0,11810.0,"2026-04-28, 11:52:21:721 AM",2026042801033586
SAIL,48,21,10,1181.0,11810.0,"2026-04-28, 11:52:16:997 AM",2026042801033538
SAIL,48,22,10,1181.0,11810.0,"2026-04-28, 11:52:10:241 AM",2026042801033478
SAIL,22,96,10,1180.7,11807.0,"2026-04-28, 11:52:07:040 AM",2026042801033455
SAIL,21,22,20,1181.0,23620.0,"2026-04-28, 11:52:01:167 AM",2026042801033416
SAIL,22,6,10,1180.7,11807.0,"2026-04-28, 11:51:48:549 AM",2026042801033319
SAIL,41,66,10,1181.8,11818.0,"2026-04-28, 11:50:57:019 AM",2026042801032944
SAIL,41,1,10,1181.8,11818.0,"2026-04-28, 11:50:28:532 AM",2026042801032757
SAIL,22,32,10,1180.7,11807.0,"2026-04-28, 11:50:14:788 AM",2026042801032665
SAIL,22,42,80,1180.7,94456.0,"2026-04-28, 11:50:02:061 AM",2026042801032572
SAIL,22,43,20,1180.7,23614.0,"2026-04-28, 11:49:52:915 AM",2026042801032494
SAIL,6,43,20,1180.8,23616.0,"2026-04-28, 11:49:52:915 AM",2026042801032493
SAIL,6,57,10,1180.8,11808.0,"2026-04-28, 11:49:39:928 AM",2026042801032390
SAIL,6,45,10,1181.8,11818.0,"2026-04-28, 11:48:52:472 AM",2026042801032027
SAIL,6,96,10,1181.8,11818.0,"2026-04-28, 11:48:50:479 AM",2026042801032016
SAIL,22,43,12,1180.7,14168.4,"2026-04-28, 11:48:35:680 AM",2026042801031901
SAIL,56,43,30,1180.8,35424.0,"2026-04-28, 11:48:35:680 AM",2026042801031900
SAIL,13,43,20,1180.8,23616.0,"2026-04-28, 11:48:35:680 AM",2026042801031899
SAIL,41,43,10,1181.5,11815.0,"2026-04-28, 11:48:35:679 AM",2026042801031898
SAIL,13,43,50,1181.6,59079.99999999999,"2026-04-28, 11:48:35:679 AM",2026042801031897
SAIL,34,43,28,1181.7,33087.6,"2026-04-28, 11:48:35:679 AM",2026042801031896
SAIL,34,20,10,1181.7,11817.0,"2026-04-28, 11:48:31:052 AM",2026042801031866
SAIL,34,43,10,1181.7,11817.0,"2026-04-28, 11:48:27:605 AM",2026042801031840
SAIL,34,57,10,1181.7,11817.0,"2026-04-28, 11:47:48:031 AM",2026042801031530
SAIL,34,35,10,1181.7,11817.0,"2026-04-28, 11:47:11:827 AM",2026042801031281
SAIL,33,59,217,1186.0,257362.0,"2026-04-28, 11:47:02:116 AM",2026042801031187
SAIL,33,42,10,1185.0,11850.0,"2026-04-28, 11:47:02:116 AM",2026042801031186
SAIL,33,58,10,1184.0,11840.0,"2026-04-28, 11:47:02:116 AM",2026042801031185
SAIL,33,42,10,1184.0,11840.0,"2026-04-28, 11:47:02:115 AM",2026042801031184
SAIL,16,42,100,1184.0,118400.0,"2026-04-28, 11:45:50:277 AM",2026042801030678
SAIL,38,42,10,1184.0,11840.0,"2026-04-28, 11:45:50:276 AM",2026042801030677
SAIL,38,6,10,1184.0,11840.0,"2026-04-28, 11:45:42:566 AM",2026042801030570
SAIL,38,58,10,1184.0,11840.0,"2026-04-28, 11:45:33:167 AM",2026042801030503
SAIL,38,74,10,1184.0,11840.0,"2026-04-28, 11:44:39:644 AM",2026042801029827
SAIL,38,58,10,1184.0,11840.0,"2026-04-28, 11:43:44:203 AM",2026042801029388
SAIL,38,6,10,1184.0,11840.0,"2026-04-28, 11:43:18:851 AM",2026042801029220
SAIL,38,56,360,1184.0,426240.0,"2026-04-28, 11:42:55:411 AM",2026042801029006
SAIL,17,56,140,1184.0,165760.0,"2026-04-28, 11:42:55:411 AM",2026042801029005
SAIL,17,57,10,1184.0,11840.0,"2026-04-28, 11:42:44:420 AM",2026042801028877
SAIL,33,59,160,1186.0,189760.0,"2026-04-28, 11:42:40:278 AM",2026042801028838
SAIL,86,59,100,1186.0,118600.0,"2026-04-28, 11:41:54:088 AM",2026042801028468
SAIL,38,59,23,1186.0,27278.0,"2026-04-28, 11:41:54:088 AM",2026042801028467
SAIL,16,63,1,1193.0,1193.0,"2026-04-28, 11:41:14:865 AM",2026042801028175
SAIL,38,14,10,1186.0,11860.0,"2026-04-28, 11:41:12:749 AM",2026042801028166
SAIL,38,50,67,1186.0,79462.0,"2026-04-28, 11:39:19:912 AM",2026042801027300
SAIL,58,50,10,1188.0,11880.0,"2026-04-28, 11:39:19:912 AM",2026042801027299
SAIL,58,57,10,1188.0,11880.0,"2026-04-28, 11:39:19:209 AM",2026042801027290
SAIL,50,89,10,1186.0,11860.0,"2026-04-28, 11:38:54:742 AM",2026042801027063
SAIL,22,66,10,1188.5,11885.0,"2026-04-28, 11:38:49:718 AM",2026042801027032
SAIL,22,45,10,1188.0,11880.0,"2026-04-28, 11:38:38:677 AM",2026042801026956
SAIL,22,47,10,1188.0,11880.0,"2026-04-28, 11:38:38:677 AM",2026042801026955
SAIL,50,42,10,1186.0,11860.0,"2026-04-28, 11:38:19:459 AM",2026042801026731
SAIL,50,58,10,1186.0,11860.0,"2026-04-28, 11:37:51:254 AM",2026042801026419
SAIL,50,58,20,1186.0,23720.0,"2026-04-28, 11:37:01:588 AM",2026042801025852
SAIL,50,91,10,1186.0,11860.0,"2026-04-28, 11:36:51:622 AM",2026042801025750
SAIL,50,35,10,1186.0,11860.0,"2026-04-28, 11:36:14:090 AM",2026042801025051
SAIL,50,26,10,1186.0,11860.0,"2026-04-28, 11:35:46:323 AM",2026042801024680
SAIL,50,57,10,1186.0,11860.0,"2026-04-28, 11:35:04:313 AM",2026042801024361
SAIL,17,51,290,1184.0,343360.0,"2026-04-28, 11:35:02:352 AM",2026042801024339
SAIL,13,51,50,1184.1,59204.99999999999,"2026-04-28, 11:35:02:352 AM",2026042801024338
SAIL,42,51,160,1185.0,189600.0,"2026-04-28, 11:35:02:351 AM",2026042801024337
SAIL,42,58,20,1185.0,23700.0,"2026-04-28, 11:34:03:062 AM",2026042801023494
SAIL,42,42,10,1185.0,11850.0,"2026-04-28, 11:33:47:980 AM",2026042801023310
SAIL,42,58,10,1185.0,11850.0,"2026-04-28, 11:33:46:863 AM",2026042801023303
SAIL,13,6,10,1185.1,11851.0,"2026-04-28, 11:33:16:504 AM",2026042801022965
SAIL,13,58,10,1185.1,11851.0,"2026-04-28, 11:33:14:663 AM",2026042801022951
SAIL,13,38,10,1185.1,11851.0,"2026-04-28, 11:33:03:984 AM",2026042801022874
SAIL,21,51,10,1185.0,11850.0,"2026-04-28, 11:31:33:542 AM",2026042801021864
SAIL,21,99,10,1185.0,11850.0,"2026-04-28, 11:31:14:961 AM",2026042801021766
SAIL,13,62,10,1184.1,11841.0,"2026-04-28, 11:30:13:196 AM",2026042801021009
SAIL,17,94,10,1184.0,11840.0,"2026-04-28, 11:30:07:564 AM",2026042801020957
SAIL,22,42,10,1185.0,11850.0,"2026-04-28, 11:29:26:764 AM",2026042801020539
SAIL,22,58,10,1184.1,11841.0,"2026-04-28, 11:27:59:573 AM",2026042801019806
SAIL,22,42,10,1184.1,11841.0,"2026-04-28, 11:27:56:474 AM",2026042801019764
SAIL,22,22,10,1184.1,11841.0,"2026-04-28, 11:27:43:644 AM",2026042801019628
SAIL,17,38,10,1184.0,11840.0,"2026-04-28, 11:27:38:361 AM",2026042801019579
SAIL,17,45,10,1184.0,11840.0,"2026-04-28, 11:27:34:096 AM",2026042801019522
SAIL,17,58,10,1184.0,11840.0,"2026-04-28, 11:27:28:968 AM",2026042801019478
SAIL,17,42,10,1184.0,11840.0,"2026-04-28, 11:27:23:041 AM",2026042801019383
SAIL,17,37,10,1184.0,11840.0,"2026-04-28, 11:27:21:622 AM",2026042801019378
SAIL,22,8,10,1182.3,11823.0,"2026-04-28, 11:27:00:730 AM",2026042801019115
SAIL,42,57,10,1184.0,11840.0,"2026-04-28, 11:26:37:071 AM",2026042801018887
SAIL,42,14,10,1184.0,11840.0,"2026-04-28, 11:26:19:740 AM",2026042801018716
SAIL,42,26,10,1184.0,11840.0,"2026-04-28, 11:26:14:062 AM",2026042801018670
SAIL,94,41,10,1183.0,11830.0,"2026-04-28, 11:25:07:750 AM",2026042801018076
SAIL,94,41,10,1183.0,11830.0,"2026-04-28, 11:24:45:757 AM",2026042801017901
SAIL,94,49,10,1183.0,11830.0,"2026-04-28, 11:24:28:056 AM",2026042801017773
SAIL,58,58,20,1182.0,23640.0,"2026-04-28, 11:23:34:632 AM",2026042801017258
SAIL,94,53,10,1181.0,11810.0,"2026-04-28, 11:21:01:476 AM",2026042801015705
SAIL,57,58,10,1193.0,11930.0,"2026-04-28, 11:20:34:437 AM",2026042801015447
SAIL,57,6,10,1193.0,11930.0,"2026-04-28, 11:20:31:820 AM",2026042801015434
SAIL,57,65,10,1193.0,11930.0,"2026-04-28, 11:20:30:718 AM",2026042801015428
SAIL,57,58,10,1193.0,11930.0,"2026-04-28, 11:20:22:924 AM",2026042801015352
SAIL,57,58,10,1193.0,11930.0,"2026-04-28, 11:19:26:960 AM",2026042801014678
SAIL,57,20,10,1193.0,11930.0,"2026-04-28, 11:19:12:270 AM",2026042801014534
SAIL,42,49,10,1194.0,11940.0,"2026-04-28, 11:18:56:649 AM",2026042801014387
SAIL,42,36,10,1194.0,11940.0,"2026-04-28, 11:18:46:094 AM",2026042801014261
SAIL,42,7,10,1194.0,11940.0,"2026-04-28, 11:18:33:684 AM",2026042801014105
SAIL,42,22,10,1194.0,11940.0,"2026-04-28, 11:18:33:684 AM",2026042801014104
SAIL,42,29,10,1193.5,11935.0,"2026-04-28, 11:18:33:683 AM",2026042801014103
SAIL,57,39,40,1193.0,47720.0,"2026-04-28, 11:17:52:789 AM",2026042801013602
SAIL,50,39,60,1193.0,71580.0,"2026-04-28, 11:17:52:789 AM",2026042801013601
SAIL,49,42,70,1193.2,83524.0,"2026-04-28, 11:17:34:585 AM",2026042801013410
SAIL,58,42,30,1193.2,35796.0,"2026-04-28, 11:17:34:585 AM",2026042801013409
SAIL,58,26,10,1193.2,11932.0,"2026-04-28, 11:16:15:662 AM",2026042801012591
SAIL,58,58,10,1193.2,11932.0,"2026-04-28, 11:16:11:738 AM",2026042801012551
SAIL,13,47,10,1193.1,11931.0,"2026-04-28, 11:15:45:140 AM",2026042801012276
SAIL,13,59,10,1193.1,11931.0,"2026-04-28, 11:15:33:608 AM",2026042801012184
SAIL,50,52,10,1193.0,11930.0,"2026-04-28, 11:15:10:696 AM",2026042801011889
SAIL,49,58,10,1194.0,11940.0,"2026-04-28, 11:13:49:506 AM",2026042801010855
SAIL,44,58,10,1195.0,11950.0,"2026-04-28, 11:13:44:805 AM",2026042801010759
SAIL,50,47,10,1193.0,11930.0,"2026-04-28, 11:12:35:638 AM",2026042801009997
SAIL,50,58,10,1193.0,11930.0,"2026-04-28, 11:11:59:951 AM",2026042801009374
SAIL,50,8,10,1193.0,11930.0,"2026-04-28, 11:11:39:276 AM",2026042801009178
SAIL,44,62,15,1206.0,18090.0,"2026-04-28, 11:09:38:646 AM",2026042801007693
SAIL,44,49,10,1206.0,12060.0,"2026-04-28, 11:09:20:353 AM",2026042801007333
SAIL,44,58,15,1206.0,18090.0,"2026-04-28, 11:09:11:809 AM",2026042801007232
SAIL,44,13,10,1206.0,12060.0,"2026-04-28, 11:09:11:809 AM",2026042801007231
SAIL,58,17,41,1207.0,49487.0,"2026-04-28, 11:08:12:272 AM",2026042801006585
SAIL,68,22,590,1208.0,712720.0,"2026-04-28, 11:06:11:431 AM",2026042801005268
SAIL,68,58,10,1208.0,12080.0,"2026-04-28, 11:06:01:637 AM",2026042801005125
SAIL,68,6,400,1208.0,483200.0,"2026-04-28, 11:05:38:737 AM",2026042801004807
SAIL,44,6,10,1208.0,12080.0,"2026-04-28, 11:05:00:728 AM",2026042801004302
SAIL,50,49,10,1191.0,11910.0,"2026-04-28, 11:04:41:274 AM",2026042801003906
SAIL,33,21,10,1190.0,11900.0,"2026-04-28, 11:03:50:598 AM",2026042801003217
