stockSymbol,buyerMemberId,sellerMemberId,quantity,rate,amount,transaction_time,contractId
SBL,58,4,120,389.0,46680.0,2026-04-28 14:59:36.924,2026042801110259
SBL,44,4,15,389.0,5835.0,2026-04-28 14:59:33.412,2026042801110185
SBL,67,4,100,389.0,38900.0,2026-04-28 14:59:24.185,2026042801109850
SBL,45,1,725,388.0,281300.0,2026-04-28 14:58:42.794,2026042801109071
SBL,45,4,100,388.0,38800.0,2026-04-28 14:58:31.729,2026042801108952
SBL,17,60,100,388.0,38800.0,2026-04-28 14:57:06.404,2026042801107769
SBL,14,60,20,388.0,7760.0,2026-04-28 14:57:06.404,2026042801107768
SBL,34,60,10,388.0,3880.0,2026-04-28 14:57:06.404,2026042801107767
SBL,42,60,2012,388.0,780656.0,2026-04-28 14:57:06.404,2026042801107766
SBL,7,60,55,388.0,21340.0,2026-04-28 14:57:06.404,2026042801107765
SBL,11,60,25,388.0,9700.0,2026-04-28 14:57:06.404,2026042801107764
SBL,28,60,500,388.0,194000.0,2026-04-28 14:57:06.404,2026042801107763
SBL,16,60,10,388.0,3880.0,2026-04-28 14:57:06.404,2026042801107762
SBL,7,60,100,388.0,38800.0,2026-04-28 14:57:06.403,2026042801107761
SBL,46,60,200,388.0,77600.0,2026-04-28 14:57:06.403,2026042801107760
SBL,32,60,30,388.0,11640.0,2026-04-28 14:57:06.403,2026042801107759
SBL,53,60,901,388.0,349588.0,2026-04-28 14:57:06.403,2026042801107758
SBL,11,60,30,388.0,11640.0,2026-04-28 14:57:06.403,2026042801107757
SBL,46,60,10,388.0,3880.0,2026-04-28 14:57:06.403,2026042801107756
SBL,46,60,50,388.0,19400.0,2026-04-28 14:57:06.403,2026042801107755
SBL,45,60,770,388.0,298760.0,2026-04-28 14:57:06.403,2026042801107754
SBL,16,60,2000,388.2,776400.0,2026-04-28 14:57:06.403,2026042801107753
SBL,47,60,972,388.2,377330.4,2026-04-28 14:57:06.402,2026042801107752
SBL,58,4,20,389.0,7780.0,2026-04-28 14:56:42.740,2026042801107431
SBL,47,34,290,388.2,112578.0,2026-04-28 14:56:40.948,2026042801107412
SBL,25,34,200,388.3,77660.0,2026-04-28 14:56:40.948,2026042801107411
SBL,59,34,60,388.3,23298.0,2026-04-28 14:56:40.948,2026042801107410
SBL,58,4,80,389.0,31120.0,2026-04-28 14:56:02.676,2026042801106898
SBL,13,57,47,389.0,18283.0,2026-04-28 14:54:38.408,2026042801105897
SBL,13,50,453,389.0,176217.0,2026-04-28 14:53:04.258,2026042801104946
SBL,50,50,47,389.0,18283.0,2026-04-28 14:53:04.258,2026042801104945
SBL,58,58,4,390.0,1560.0,2026-04-28 14:52:22.381,2026042801104364
SBL,50,36,250,389.0,97250.0,2026-04-28 14:51:32.162,2026042801103805
SBL,50,37,203,389.0,78967.0,2026-04-28 14:48:02.220,2026042801101981
SBL,92,57,120,388.2,46584.0,2026-04-28 14:44:04.132,2026042801099782
SBL,92,95,348,388.2,135093.6,2026-04-28 14:42:33.562,2026042801098527
SBL,4,95,60,388.3,23298.0,2026-04-28 14:42:33.562,2026042801098526
SBL,75,95,160,388.3,62128.0,2026-04-28 14:42:33.562,2026042801098525
SBL,52,95,1000,388.3,388300.0,2026-04-28 14:42:33.562,2026042801098524
SBL,59,95,1500,388.3,582450.0,2026-04-28 14:42:33.562,2026042801098523
SBL,56,95,42,388.3,16308.6,2026-04-28 14:42:33.562,2026042801098522
SBL,6,95,80,388.4,31072.0,2026-04-28 14:42:33.562,2026042801098521
SBL,14,95,1655,389.0,643795.0,2026-04-28 14:42:33.562,2026042801098520
SBL,14,4,200,389.0,77800.0,2026-04-28 14:40:46.461,2026042801097438
SBL,14,45,100,389.0,38900.0,2026-04-28 14:40:46.461,2026042801097437
SBL,14,35,10,389.0,3890.0,2026-04-28 14:40:46.461,2026042801097436
SBL,14,4,500,389.0,194500.0,2026-04-28 14:40:46.460,2026042801097435
SBL,14,57,470,389.0,182830.0,2026-04-28 14:40:46.460,2026042801097434
SBL,14,19,65,388.9,25278.5,2026-04-28 14:40:46.460,2026042801097433
SBL,22,57,100,389.0,38900.0,2026-04-28 14:39:59.516,2026042801096896
SBL,38,57,10,389.0,3890.0,2026-04-28 14:33:40.745,2026042801093724
SBL,38,57,20,389.0,7780.0,2026-04-28 14:32:58.884,2026042801093356
SBL,62,57,50,389.4,19470.0,2026-04-28 14:23:27.975,2026042801089251
SBL,58,57,30,389.4,11682.0,2026-04-28 14:14:33.563,2026042801085347
SBL,1,37,100,389.5,38950.0,2026-04-28 14:10:55.139,2026042801083701
SBL,56,49,158,388.3,61351.4,2026-04-28 14:10:43.269,2026042801083664
SBL,25,49,300,388.3,116490.0,2026-04-28 14:10:43.269,2026042801083663
SBL,4,49,500,388.8,194400.0,2026-04-28 14:10:43.269,2026042801083662
SBL,49,49,20,389.0,7780.0,2026-04-28 14:10:43.269,2026042801083661
SBL,58,49,22,389.0,8558.0,2026-04-28 14:10:43.268,2026042801083660
SBL,58,57,17,389.0,6613.0,2026-04-28 14:08:47.648,2026042801082694
SBL,48,57,50,389.0,19450.0,2026-04-28 14:08:47.647,2026042801082693
SBL,4,57,19,389.0,7391.0,2026-04-28 14:08:47.647,2026042801082692
SBL,57,57,114,389.0,44346.0,2026-04-28 14:08:47.647,2026042801082691
SBL,57,6,10,389.0,3890.0,2026-04-28 14:08:35.814,2026042801082587
SBL,35,37,67,389.5,26096.5,2026-04-28 14:02:52.242,2026042801080138
SBL,35,37,453,389.1,176262.30000000002,2026-04-28 14:02:52.241,2026042801080137
SBL,26,37,25,389.1,9727.5,2026-04-28 14:01:52.317,2026042801079763
SBL,57,13,300,389.0,116700.0,2026-04-28 14:01:08.381,2026042801079524
SBL,57,1,26,389.0,10114.0,2026-04-28 14:00:13.824,2026042801079157
SBL,39,1,10,389.0,3890.0,2026-04-28 14:00:13.824,2026042801079156
SBL,54,1,105,389.0,40845.0,2026-04-28 14:00:13.824,2026042801079155
SBL,54,32,15,389.0,5835.0,2026-04-28 13:57:39.584,2026042801078082
SBL,41,37,22,389.1,8560.2,2026-04-28 13:57:24.720,2026042801077992
SBL,41,43,28,389.1,10894.8,2026-04-28 13:57:05.203,2026042801077858
SBL,28,37,15,389.5,5842.5,2026-04-28 13:53:15.315,2026042801076360
SBL,54,44,50,389.0,19450.0,2026-04-28 13:52:58.933,2026042801076301
SBL,54,21,100,389.0,38900.0,2026-04-28 13:52:57.748,2026042801076289
SBL,54,49,11,389.0,4279.0,2026-04-28 13:50:58.001,2026042801075514
SBL,42,37,15,389.5,5842.5,2026-04-28 13:48:32.224,2026042801074751
SBL,14,37,50,389.5,19475.0,2026-04-28 13:44:53.221,2026042801073588
SBL,54,89,207,389.0,80523.0,2026-04-28 13:41:07.182,2026042801072438
SBL,29,37,50,389.5,19475.0,2026-04-28 13:40:52.967,2026042801072392
SBL,54,4,350,389.0,136150.0,2026-04-28 13:37:58.820,2026042801071612
SBL,54,37,62,389.0,24118.0,2026-04-28 13:35:45.883,2026042801070863
SBL,42,37,25,389.0,9725.0,2026-04-28 13:34:12.888,2026042801070426
SBL,42,37,250,389.0,97250.0,2026-04-28 13:30:06.661,2026042801069418
SBL,42,37,20,389.0,7780.0,2026-04-28 13:26:28.772,2026042801068558
SBL,49,37,10,389.0,3890.0,2026-04-28 13:24:57.317,2026042801068288
SBL,45,37,70,389.0,27230.0,2026-04-28 13:22:06.216,2026042801067588
SBL,50,37,250,389.0,97250.0,2026-04-28 13:16:34.738,2026042801066280
SBL,42,37,200,389.0,77800.0,2026-04-28 13:16:34.738,2026042801066279
SBL,37,37,1000,389.0,389000.0,2026-04-28 13:16:34.738,2026042801066278
SBL,13,37,500,389.0,194500.0,2026-04-28 13:16:34.737,2026042801066277
SBL,5,37,100,389.1,38910.0,2026-04-28 13:16:19.666,2026042801066204
SBL,49,46,10,390.0,3900.0,2026-04-28 13:14:38.761,2026042801065758
SBL,49,34,12,390.0,4680.0,2026-04-28 13:14:38.761,2026042801065757
SBL,59,1,68,389.1,26458.800000000003,2026-04-28 13:07:28.917,2026042801063781
SBL,45,1,150,389.4,58410.0,2026-04-28 13:07:28.917,2026042801063780
SBL,46,1,50,389.5,19475.0,2026-04-28 13:07:28.916,2026042801063779
SBL,46,34,26,390.0,10140.0,2026-04-28 13:04:15.576,2026042801062916
SBL,46,45,24,390.0,9360.0,2026-04-28 13:04:15.576,2026042801062915
SBL,41,37,28,390.1,10922.8,2026-04-28 12:56:58.705,2026042801060848
SBL,42,34,26,390.0,10140.0,2026-04-28 12:56:32.032,2026042801060750
SBL,59,43,25,389.0,9725.0,2026-04-28 12:50:23.981,2026042801058869
SBL,35,43,20,389.0,7780.0,2026-04-28 12:50:21.687,2026042801058861
SBL,45,43,3320,389.0,1291480.0,2026-04-28 12:50:21.687,2026042801058860
SBL,92,43,481,389.1,187157.1,2026-04-28 12:50:21.687,2026042801058859
SBL,92,58,19,389.1,7392.900000000001,2026-04-28 12:49:32.697,2026042801058637
SBL,57,58,21,389.1,8171.1,2026-04-28 12:49:32.697,2026042801058636
SBL,57,4,10,389.1,3891.0,2026-04-28 12:49:28.323,2026042801058610
SBL,6,50,269,390.0,104910.0,2026-04-28 12:47:20.125,2026042801058030
SBL,6,19,20,389.5,7790.0,2026-04-28 12:45:51.002,2026042801057671
SBL,74,19,15,389.5,5842.5,2026-04-28 12:44:02.712,2026042801057071
SBL,58,22,1,390.1,390.1,2026-04-28 12:39:37.597,2026042801055351
SBL,58,34,2,390.0,780.0,2026-04-28 12:38:05.544,2026042801054580
SBL,45,94,280,390.0,109200.0,2026-04-28 12:37:36.813,2026042801054447
SBL,58,19,1,390.0,390.0,2026-04-28 12:37:34.777,2026042801054441
SBL,97,94,15,390.0,5850.0,2026-04-28 12:34:36.118,2026042801052756
SBL,35,94,200,390.0,78000.0,2026-04-28 12:30:42.805,2026042801051022
SBL,58,40,1,381.3,381.3,2026-04-28 12:30:15.838,2026042801050865
SBL,5,94,30,390.0,11700.0,2026-04-28 12:29:52.241,2026042801050719
SBL,58,45,6,377.4,2264.4,2026-04-28 12:29:42.996,2026042801050654
SBL,74,74,200,388.1,77620.0,2026-04-28 12:25:04.152,2026042801048560
SBL,57,74,35,388.5,13597.5,2026-04-28 12:25:04.152,2026042801048559
SBL,11,74,30,389.0,11670.0,2026-04-28 12:25:04.152,2026042801048558
SBL,7,37,48,389.0,18672.0,2026-04-28 12:24:36.478,2026042801048360
SBL,34,37,540,389.0,210060.0,2026-04-28 12:24:36.478,2026042801048359
SBL,43,37,543,389.0,211227.0,2026-04-28 12:24:36.478,2026042801048358
SBL,43,43,457,389.0,177773.0,2026-04-28 12:22:11.715,2026042801047246
SBL,44,43,20,389.0,7780.0,2026-04-28 12:22:11.715,2026042801047245
SBL,11,43,30,389.0,11670.0,2026-04-28 12:22:11.714,2026042801047244
SBL,37,43,2000,389.0,778000.0,2026-04-28 12:22:11.714,2026042801047243
SBL,38,43,300,389.0,116700.0,2026-04-28 12:22:11.714,2026042801047242
SBL,56,43,10,390.0,3900.0,2026-04-28 12:22:11.714,2026042801047241
SBL,90,43,200,390.0,78000.0,2026-04-28 12:22:11.714,2026042801047240
SBL,13,43,10,390.0,3900.0,2026-04-28 12:22:11.714,2026042801047239
SBL,58,43,26,390.0,10140.0,2026-04-28 12:22:11.713,2026042801047238
SBL,58,43,12,390.0,4680.0,2026-04-28 12:22:11.713,2026042801047237
SBL,54,43,50,390.0,19500.0,2026-04-28 12:22:11.713,2026042801047236
SBL,11,43,30,390.0,11700.0,2026-04-28 12:22:11.713,2026042801047235
SBL,57,43,450,390.0,175500.0,2026-04-28 12:22:11.713,2026042801047234
SBL,35,43,250,390.0,97500.0,2026-04-28 12:22:11.712,2026042801047233
SBL,29,37,10,390.1,3901.0,2026-04-28 12:21:28.440,2026042801046933
SBL,35,37,25,390.1,9752.5,2026-04-28 12:21:28.440,2026042801046932
SBL,48,37,32,391.0,12512.0,2026-04-28 12:20:53.356,2026042801046657
SBL,6,37,35,390.9,13681.5,2026-04-28 12:13:47.434,2026042801043628
SBL,49,37,100,390.9,39090.0,2026-04-28 12:13:47.434,2026042801043627
SBL,32,37,25,391.0,9775.0,2026-04-28 12:13:27.110,2026042801043519
SBL,32,1,13,391.0,5083.0,2026-04-28 12:12:39.089,2026042801043196
SBL,58,57,10,393.0,3930.0,2026-04-28 12:10:27.779,2026042801042376
SBL,56,57,52,393.0,20436.0,2026-04-28 12:09:48.400,2026042801042105
SBL,46,58,6,381.3,2287.8,2026-04-28 12:06:25.560,2026042801040725
SBL,45,57,136,393.0,53448.0,2026-04-28 12:06:18.854,2026042801040680
SBL,45,59,300,393.0,117900.0,2026-04-28 12:06:18.853,2026042801040679
SBL,45,14,500,392.9,196450.0,2026-04-28 12:06:18.853,2026042801040678
SBL,45,49,64,392.8,25139.2,2026-04-28 12:06:18.853,2026042801040677
SBL,45,49,1490,392.8,585272.0,2026-04-28 12:06:05.090,2026042801040567
SBL,45,41,10,392.5,3925.0,2026-04-28 12:06:05.090,2026042801040566
SBL,58,41,10,392.5,3925.0,2026-04-28 12:05:27.221,2026042801040264
SBL,32,58,12,391.0,4692.0,2026-04-28 12:03:12.057,2026042801039126
SBL,26,49,11,392.8,4320.8,2026-04-28 11:54:17.187,2026042801034694
SBL,58,49,10,392.8,3928.0,2026-04-28 11:51:08.995,2026042801033050
SBL,58,49,27,392.8,10605.6,2026-04-28 11:48:52.565,2026042801032030
SBL,40,59,55,393.0,21615.0,2026-04-28 11:39:53.005,2026042801027537
SBL,48,59,65,393.0,25545.0,2026-04-28 11:39:53.005,2026042801027536
SBL,58,49,10,393.9,3939.0,2026-04-28 11:38:07.101,2026042801026612
SBL,37,49,200,393.9,78780.0,2026-04-28 11:37:55.129,2026042801026508
SBL,58,49,188,393.9,74053.2,2026-04-28 11:37:32.902,2026042801026228
SBL,48,58,30,393.0,11790.0,2026-04-28 11:35:44.405,2026042801024671
SBL,37,57,800,393.0,314400.0,2026-04-28 11:34:23.663,2026042801023751
SBL,14,57,200,393.0,78600.0,2026-04-28 11:34:06.260,2026042801023555
SBL,37,42,1000,393.0,393000.0,2026-04-28 11:29:39.059,2026042801020709
SBL,1,29,20,392.5,7850.0,2026-04-28 11:29:11.445,2026042801020411
SBL,58,44,81,392.0,31752.0,2026-04-28 11:26:27.933,2026042801018782
SBL,58,49,19,392.0,7448.0,2026-04-28 11:26:27.933,2026042801018781
SBL,58,42,10,391.9,3919.0,2026-04-28 11:26:27.933,2026042801018780
SBL,14,47,50,390.0,19500.0,2026-04-28 11:24:14.226,2026042801017642
SBL,45,49,12,392.0,4704.0,2026-04-28 11:24:07.775,2026042801017574
SBL,14,28,37,390.0,14430.0,2026-04-28 11:22:17.219,2026042801016603
SBL,36,28,433,390.0,168870.0,2026-04-28 11:22:17.218,2026042801016602
SBL,36,58,15,390.0,5850.0,2026-04-28 11:19:48.749,2026042801014962
SBL,36,28,552,390.0,215280.0,2026-04-28 11:18:46.844,2026042801014280
SBL,42,28,448,390.0,174720.0,2026-04-28 11:18:46.844,2026042801014279
SBL,42,42,52,390.0,20280.0,2026-04-28 11:17:54.950,2026042801013630
SBL,92,42,500,391.0,195500.0,2026-04-28 11:17:54.949,2026042801013629
SBL,21,42,22,391.0,8602.0,2026-04-28 11:17:54.949,2026042801013628
SBL,34,42,100,391.0,39100.0,2026-04-28 11:17:54.949,2026042801013627
SBL,21,49,100,393.0,39300.0,2026-04-28 11:16:06.733,2026042801012509
SBL,37,34,10,395.0,3950.0,2026-04-28 11:09:54.297,2026042801007895
SBL,45,34,1515,395.0,598425.0,2026-04-28 11:09:21.783,2026042801007395
SBL,45,49,2000,394.9,789800.0,2026-04-28 11:09:21.783,2026042801007394
SBL,45,42,485,394.0,191090.0,2026-04-28 11:09:21.783,2026042801007393
SBL,42,42,15,394.0,5910.0,2026-04-28 11:08:51.125,2026042801007036
SBL,37,10,990,393.0,389070.0,2026-04-28 11:08:30.701,2026042801006779
SBL,34,10,10,393.0,3930.0,2026-04-28 11:08:09.652,2026042801006569
SBL,57,43,50,392.0,19600.0,2026-04-28 11:06:51.495,2026042801005806
SBL,43,75,100,388.0,38800.0,2026-04-28 11:00:30.453,2026042801000960
