symbol,buyer_member_id,seller_member_id,volume,price,amount,transaction_time,contract_id
SHEL,38,84,20,311.0,6220.0,2026-04-28 14:59:54.882,2026042804014981
SHEL,43,84,500,311.0,155500.0,2026-04-28 14:59:46.665,2026042804014920
SHEL,35,84,100,311.0,31100.0,2026-04-28 14:59:44.168,2026042804014892
SHEL,45,84,40,311.0,12440.0,2026-04-28 14:59:44.167,2026042804014891
SHEL,45,45,60,311.0,18660.0,2026-04-28 14:59:37.377,2026042804014836
SHEL,29,45,100,311.0,31100.0,2026-04-28 14:59:37.377,2026042804014835
SHEL,49,45,90,311.1,27999.000000000004,2026-04-28 14:59:37.377,2026042804014834
SHEL,33,45,40,311.1,12444.0,2026-04-28 14:59:37.377,2026042804014833
SHEL,33,35,60,311.1,18666.0,2026-04-28 14:59:31.135,2026042804014731
SHEL,33,81,400,311.1,124440.0,2026-04-28 14:59:17.494,2026042804014615
SHEL,41,1,327,311.1,101729.7,2026-04-28 14:59:11.103,2026042804014596
SHEL,41,19,50,311.1,15555.000000000002,2026-04-28 14:58:51.940,2026042804014443
SHEL,41,28,10,311.0,3110.0,2026-04-28 14:58:38.376,2026042804014392
SHEL,38,28,20,311.0,6220.0,2026-04-28 14:58:38.068,2026042804014391
SHEL,32,28,1000,311.0,311000.0,2026-04-28 14:58:38.068,2026042804014390
SHEL,49,28,2100,311.0,653100.0,2026-04-28 14:58:38.067,2026042804014389
SHEL,45,28,500,311.0,155500.0,2026-04-28 14:58:38.067,2026042804014388
SHEL,49,28,50,311.0,15550.0,2026-04-28 14:58:38.067,2026042804014387
SHEL,60,28,100,311.0,31100.0,2026-04-28 14:58:38.067,2026042804014386
SHEL,57,28,100,311.0,31100.0,2026-04-28 14:58:38.067,2026042804014385
SHEL,38,28,1050,311.0,326550.0,2026-04-28 14:58:38.067,2026042804014384
SHEL,62,28,250,311.0,77750.0,2026-04-28 14:58:38.067,2026042804014383
SHEL,40,28,150,311.0,46650.0,2026-04-28 14:58:38.067,2026042804014382
SHEL,34,28,100,311.0,31100.0,2026-04-28 14:58:38.066,2026042804014381
SHEL,57,35,10,311.2,3112.0,2026-04-28 14:58:36.606,2026042804014370
SHEL,57,4,140,311.1,43554.0,2026-04-28 14:58:16.425,2026042804014284
SHEL,58,4,150,311.1,46665.0,2026-04-28 14:58:06.349,2026042804014251
SHEL,58,4,100,311.1,31110.000000000004,2026-04-28 14:58:06.349,2026042804014250
SHEL,56,4,10,311.5,3115.0,2026-04-28 14:58:06.349,2026042804014249
SHEL,28,54,200,312.7,62540.0,2026-04-28 14:57:27.631,2026042804014067
SHEL,28,67,110,312.7,34397.0,2026-04-28 14:57:27.631,2026042804014066
SHEL,28,26,117,311.5,36445.5,2026-04-28 14:57:27.631,2026042804014065
SHEL,28,19,50,311.5,15575.0,2026-04-28 14:57:27.630,2026042804014064
SHEL,51,19,100,311.0,31100.0,2026-04-28 14:55:45.630,2026042804013781
SHEL,45,28,500,311.0,155500.0,2026-04-28 14:55:01.020,2026042804013597
SHEL,20,28,2000,311.0,622000.0,2026-04-28 14:55:01.020,2026042804013596
SHEL,20,28,3000,311.0,933000.0,2026-04-28 14:54:51.692,2026042804013560
SHEL,33,28,2000,311.1,622200.0,2026-04-28 14:54:51.692,2026042804013559
SHEL,6,28,400,311.1,124440.0,2026-04-28 14:54:51.692,2026042804013558
SHEL,58,28,85,311.1,26443.500000000004,2026-04-28 14:54:51.691,2026042804013557
SHEL,1,28,200,311.5,62300.0,2026-04-28 14:54:51.691,2026042804013556
SHEL,1,42,500,311.5,155750.0,2026-04-28 14:54:48.223,2026042804013552
SHEL,1,38,300,311.5,93450.0,2026-04-28 14:54:42.079,2026042804013437
SHEL,34,28,20,311.0,6220.0,2026-04-28 14:53:39.461,2026042804013200
SHEL,49,28,1000,311.0,311000.0,2026-04-28 14:52:50.944,2026042804013071
SHEL,71,28,1000,311.0,311000.0,2026-04-28 14:52:50.944,2026042804013070
SHEL,29,28,25,311.0,7775.0,2026-04-28 14:52:50.944,2026042804013069
SHEL,41,28,100,311.0,31100.0,2026-04-28 14:52:50.944,2026042804013068
SHEL,57,28,300,311.0,93300.0,2026-04-28 14:52:50.944,2026042804013067
SHEL,20,28,150,311.0,46650.0,2026-04-28 14:52:50.944,2026042804013066
SHEL,42,28,200,311.0,62200.0,2026-04-28 14:52:50.943,2026042804013065
SHEL,58,28,50,311.0,15550.0,2026-04-28 14:52:50.943,2026042804013064
SHEL,28,28,1000,311.0,311000.0,2026-04-28 14:52:50.943,2026042804013063
SHEL,58,28,30,311.0,9330.0,2026-04-28 14:52:50.943,2026042804013062
SHEL,14,28,400,311.0,124400.0,2026-04-28 14:52:50.943,2026042804013061
SHEL,7,28,650,311.0,202150.0,2026-04-28 14:52:50.943,2026042804013060
SHEL,5,28,1183,311.0,367913.0,2026-04-28 14:52:50.943,2026042804013059
SHEL,33,28,5000,311.1,1555500.0,2026-04-28 14:52:50.943,2026042804013058
SHEL,37,28,84,311.1,26132.4,2026-04-28 14:52:50.942,2026042804013057
SHEL,52,28,200,311.2,62240.0,2026-04-28 14:52:50.942,2026042804013056
SHEL,49,28,500,311.5,155750.0,2026-04-28 14:52:50.942,2026042804013055
SHEL,57,62,25,311.5,7787.5,2026-04-28 14:52:44.217,2026042804013031
SHEL,57,57,75,312.0,23400.0,2026-04-28 14:51:47.942,2026042804012804
SHEL,33,62,474,312.1,147935.40000000002,2026-04-28 14:51:25.030,2026042804012766
SHEL,33,7,150,312.0,46800.0,2026-04-28 14:50:40.571,2026042804012641
SHEL,33,78,507,312.0,158184.0,2026-04-28 14:50:40.571,2026042804012640
SHEL,33,59,770,312.0,240240.0,2026-04-28 14:50:40.571,2026042804012639
SHEL,33,56,1000,311.9,311900.0,2026-04-28 14:50:40.571,2026042804012638
SHEL,33,62,100,311.8,31180.0,2026-04-28 14:50:40.570,2026042804012637
SHEL,37,56,116,311.1,36087.600000000006,2026-04-28 14:50:22.749,2026042804012602
SHEL,25,56,264,311.1,82130.40000000001,2026-04-28 14:50:22.749,2026042804012601
SHEL,25,58,200,311.1,62220.00000000001,2026-04-28 14:50:16.123,2026042804012592
SHEL,25,58,10,311.1,3111.0,2026-04-28 14:49:52.482,2026042804012512
SHEL,49,59,200,312.0,62400.0,2026-04-28 14:49:41.233,2026042804012484
SHEL,4,59,30,312.0,9360.0,2026-04-28 14:49:24.792,2026042804012442
SHEL,25,57,126,311.1,39198.600000000006,2026-04-28 14:48:49.964,2026042804012382
SHEL,36,57,260,311.1,80886.0,2026-04-28 14:48:49.964,2026042804012381
SHEL,4,57,50,312.0,15600.0,2026-04-28 14:48:49.963,2026042804012380
SHEL,40,57,1500,312.0,468000.0,2026-04-28 14:48:49.963,2026042804012379
SHEL,58,57,64,312.1,19974.4,2026-04-28 14:48:49.963,2026042804012378
SHEL,58,17,21,312.1,6554.1,2026-04-28 14:48:39.212,2026042804012337
SHEL,53,62,420,312.5,131250.0,2026-04-28 14:47:33.577,2026042804012178
SHEL,16,84,451,312.0,140712.0,2026-04-28 14:45:42.591,2026042804012020
SHEL,16,68,778,312.0,242736.0,2026-04-28 14:45:03.847,2026042804011941
SHEL,16,32,40,312.0,12480.0,2026-04-28 14:45:03.847,2026042804011940
SHEL,36,40,240,311.1,74664.0,2026-04-28 14:44:14.268,2026042804011878
SHEL,45,40,500,311.2,155600.0,2026-04-28 14:44:14.267,2026042804011877
SHEL,90,40,150,311.2,46680.0,2026-04-28 14:44:14.267,2026042804011876
SHEL,34,40,100,311.3,31130.0,2026-04-28 14:44:14.266,2026042804011875
SHEL,5,19,317,311.0,98587.0,2026-04-28 14:42:59.415,2026042804011731
SHEL,44,19,500,311.1,155550.0,2026-04-28 14:42:59.415,2026042804011730
SHEL,19,19,200,311.1,62220.00000000001,2026-04-28 14:42:59.415,2026042804011729
SHEL,19,19,300,311.1,93330.0,2026-04-28 14:42:59.415,2026042804011728
SHEL,46,19,91,311.3,28328.3,2026-04-28 14:42:59.415,2026042804011727
SHEL,75,19,409,311.3,127321.7,2026-04-28 14:42:59.415,2026042804011726
SHEL,22,19,138,311.4,42973.2,2026-04-28 14:42:59.414,2026042804011725
SHEL,22,42,562,311.4,175006.8,2026-04-28 14:42:45.698,2026042804011662
SHEL,36,42,500,311.4,155700.0,2026-04-28 14:42:45.698,2026042804011661
SHEL,42,42,200,311.5,62300.0,2026-04-28 14:42:45.697,2026042804011660
SHEL,58,42,200,311.6,62320.00000000001,2026-04-28 14:42:45.697,2026042804011659
SHEL,36,42,256,311.7,79795.2,2026-04-28 14:42:45.697,2026042804011658
SHEL,36,22,23,311.7,7169.099999999999,2026-04-28 14:42:40.012,2026042804011645
SHEL,36,22,200,311.7,62340.0,2026-04-28 14:42:20.287,2026042804011627
SHEL,36,22,21,311.7,6545.7,2026-04-28 14:42:16.486,2026042804011599
SHEL,4,42,82,312.0,25584.0,2026-04-28 14:42:01.966,2026042804011541
SHEL,4,22,468,312.0,146016.0,2026-04-28 14:41:54.153,2026042804011528
SHEL,53,22,100,312.0,31200.0,2026-04-28 14:41:54.152,2026042804011527
SHEL,14,22,40,312.0,12480.0,2026-04-28 14:41:54.152,2026042804011526
SHEL,49,22,500,312.0,156000.0,2026-04-28 14:41:54.151,2026042804011525
SHEL,75,22,500,312.0,156000.0,2026-04-28 14:41:54.151,2026042804011524
SHEL,7,22,192,312.0,59904.0,2026-04-28 14:41:54.151,2026042804011523
SHEL,7,62,13,312.0,4056.0,2026-04-28 14:41:22.581,2026042804011443
SHEL,36,62,200,312.1,62420.00000000001,2026-04-28 14:41:22.581,2026042804011442
SHEL,7,44,10,312.0,3120.0,2026-04-28 14:40:46.585,2026042804011400
SHEL,37,40,12,313.0,3756.0,2026-04-28 14:40:04.039,2026042804011335
SHEL,7,36,285,312.0,88920.0,2026-04-28 14:39:53.484,2026042804011305
SHEL,6,36,50,312.0,15600.0,2026-04-28 14:39:53.484,2026042804011304
SHEL,38,36,380,312.0,118560.0,2026-04-28 14:39:53.484,2026042804011303
SHEL,63,36,100,312.4,31240.0,2026-04-28 14:39:53.484,2026042804011302
SHEL,1,36,145,312.6,45327.0,2026-04-28 14:39:53.484,2026042804011301
SHEL,5,36,40,312.7,12508.0,2026-04-28 14:39:53.484,2026042804011300
SHEL,72,36,2000,312.8,625600.0,2026-04-28 14:39:53.483,2026042804011299
SHEL,72,49,1000,312.8,312800.0,2026-04-28 14:39:46.950,2026042804011277
SHEL,36,49,500,312.9,156450.0,2026-04-28 14:39:46.949,2026042804011276
SHEL,37,40,19,313.0,5947.0,2026-04-28 14:39:16.284,2026042804011232
SHEL,44,40,400,313.0,125200.0,2026-04-28 14:38:11.185,2026042804011082
SHEL,57,40,100,313.0,31300.0,2026-04-28 14:37:59.069,2026042804011064
SHEL,37,58,10,313.0,3130.0,2026-04-28 14:36:04.791,2026042804010954
SHEL,37,57,378,313.0,118314.0,2026-04-28 14:35:01.012,2026042804010819
SHEL,37,40,891,313.0,278883.0,2026-04-28 14:35:01.011,2026042804010818
SHEL,5,70,20,312.7,6254.0,2026-04-28 14:33:26.166,2026042804010727
SHEL,1,49,105,312.6,32823.0,2026-04-28 14:31:16.695,2026042804010571
SHEL,58,40,120,313.0,37560.0,2026-04-28 14:30:47.132,2026042804010534
SHEL,52,40,399,313.0,124887.0,2026-04-28 14:30:47.132,2026042804010533
SHEL,52,40,90,313.0,28170.0,2026-04-28 14:30:47.131,2026042804010532
SHEL,52,39,100,313.5,31350.0,2026-04-28 14:29:38.375,2026042804010418
SHEL,52,54,60,313.0,18780.0,2026-04-28 14:26:26.866,2026042804010233
SHEL,52,58,10,312.9,3129.0,2026-04-28 14:25:32.039,2026042804010170
SHEL,52,46,21,312.5,6562.5,2026-04-28 14:23:44.121,2026042804010043
SHEL,52,33,70,312.5,21875.0,2026-04-28 14:23:27.814,2026042804010010
SHEL,3,49,300,313.8,94140.0,2026-04-28 14:23:13.392,2026042804009986
SHEL,52,18,12,312.1,3745.2,2026-04-28 14:23:12.155,2026042804009984
SHEL,41,1,10,313.0,3130.0,2026-04-28 14:22:22.247,2026042804009913
SHEL,52,36,10,312.0,3120.0,2026-04-28 14:21:12.086,2026042804009864
SHEL,52,58,120,312.0,37440.0,2026-04-28 14:21:12.085,2026042804009863
SHEL,75,45,21,311.3,6537.3,2026-04-28 14:20:21.810,2026042804009791
SHEL,75,38,30,311.3,9339.0,2026-04-28 14:20:00.929,2026042804009768
SHEL,38,58,30,312.0,9360.0,2026-04-28 14:19:50.807,2026042804009755
SHEL,17,58,200,312.0,62400.0,2026-04-28 14:19:43.816,2026042804009742
SHEL,32,58,100,312.0,31200.0,2026-04-28 14:19:33.133,2026042804009723
SHEL,75,58,40,311.3,12452.0,2026-04-28 14:19:13.049,2026042804009694
SHEL,6,58,100,312.0,31200.0,2026-04-28 14:18:48.974,2026042804009653
SHEL,57,58,150,312.0,46800.0,2026-04-28 14:18:48.974,2026042804009652
SHEL,29,58,10,312.0,3120.0,2026-04-28 14:18:48.974,2026042804009651
SHEL,45,58,500,312.0,156000.0,2026-04-28 14:18:48.973,2026042804009650
SHEL,72,58,500,312.0,156000.0,2026-04-28 14:18:48.973,2026042804009649
SHEL,49,58,100,312.0,31200.0,2026-04-28 14:18:48.973,2026042804009648
SHEL,58,58,30,312.0,9360.0,2026-04-28 14:18:48.973,2026042804009647
SHEL,72,58,300,312.0,93600.0,2026-04-28 14:18:48.973,2026042804009646
SHEL,63,58,300,312.0,93600.0,2026-04-28 14:18:48.973,2026042804009645
SHEL,63,58,200,312.0,62400.0,2026-04-28 14:18:48.973,2026042804009644
SHEL,4,58,1000,312.0,312000.0,2026-04-28 14:18:48.973,2026042804009643
SHEL,58,58,360,312.0,112320.0,2026-04-28 14:18:48.973,2026042804009642
SHEL,48,58,1000,312.1,312100.0,2026-04-28 14:18:48.972,2026042804009641
SHEL,58,72,440,312.0,137280.0,2026-04-28 14:15:53.167,2026042804009323
SHEL,52,72,50,312.0,15600.0,2026-04-28 14:15:53.167,2026042804009322
SHEL,39,72,400,312.0,124800.0,2026-04-28 14:15:53.167,2026042804009321
SHEL,37,72,40,312.1,12484.0,2026-04-28 14:15:53.167,2026042804009320
SHEL,37,49,10,312.1,3121.0,2026-04-28 14:13:55.120,2026042804009183
SHEL,37,72,250,312.1,78025.0,2026-04-28 14:13:06.198,2026042804009082
SHEL,18,72,750,312.1,234075.00000000003,2026-04-28 14:13:06.197,2026042804009081
SHEL,18,65,20,312.1,6242.0,2026-04-28 14:12:53.550,2026042804009074
SHEL,18,58,230,312.1,71783.0,2026-04-28 14:12:17.063,2026042804009038
SHEL,25,58,500,312.1,156050.0,2026-04-28 14:12:17.062,2026042804009037
SHEL,42,58,180,312.2,56196.0,2026-04-28 14:12:17.062,2026042804009036
SHEL,5,58,100,312.3,31230.0,2026-04-28 14:12:17.061,2026042804009035
SHEL,42,45,10,312.2,3122.0,2026-04-28 14:11:45.747,2026042804008953
SHEL,42,74,10,312.2,3122.0,2026-04-28 14:10:38.833,2026042804008806
SHEL,29,84,2504,313.0,783752.0,2026-04-28 14:09:54.245,2026042804008738
SHEL,29,7,200,313.0,62600.0,2026-04-28 14:08:35.057,2026042804008608
SHEL,29,48,296,313.0,92648.0,2026-04-28 14:07:14.331,2026042804008483
SHEL,33,48,300,313.0,93900.0,2026-04-28 14:07:14.330,2026042804008482
SHEL,38,48,204,313.0,63852.0,2026-04-28 14:07:14.330,2026042804008481
SHEL,38,88,20,313.0,6260.0,2026-04-28 14:06:09.844,2026042804008398
SHEL,38,32,376,313.0,117688.0,2026-04-28 14:05:43.041,2026042804008371
SHEL,11,32,100,313.0,31300.0,2026-04-28 14:05:43.041,2026042804008370
SHEL,57,32,50,313.0,15650.0,2026-04-28 14:05:43.041,2026042804008369
SHEL,63,32,100,313.0,31300.0,2026-04-28 14:05:43.041,2026042804008368
SHEL,1,32,1500,313.0,469500.0,2026-04-28 14:05:43.041,2026042804008367
SHEL,20,32,3000,313.0,939000.0,2026-04-28 14:05:43.041,2026042804008366
SHEL,50,32,500,313.0,156500.0,2026-04-28 14:05:43.041,2026042804008365
SHEL,14,32,83,313.0,25979.0,2026-04-28 14:05:43.040,2026042804008364
SHEL,48,32,200,313.0,62600.0,2026-04-28 14:05:43.040,2026042804008363
SHEL,57,32,500,313.1,156550.0,2026-04-28 14:05:43.040,2026042804008362
SHEL,20,32,1591,313.5,498778.5,2026-04-28 14:05:43.040,2026042804008361
SHEL,20,32,1409,313.5,441721.5,2026-04-28 14:04:54.010,2026042804008313
SHEL,39,32,500,313.9,156950.0,2026-04-28 14:04:54.010,2026042804008312
SHEL,29,32,20,314.0,6280.0,2026-04-28 14:04:31.205,2026042804008296
SHEL,38,32,50,314.0,15700.0,2026-04-28 14:04:31.204,2026042804008295
SHEL,50,32,150,314.0,47100.0,2026-04-28 14:04:31.204,2026042804008294
SHEL,42,32,150,314.0,47100.0,2026-04-28 14:04:31.204,2026042804008293
SHEL,29,32,225,314.0,70650.0,2026-04-28 14:04:31.203,2026042804008292
SHEL,29,32,50,314.0,15700.0,2026-04-28 14:04:31.203,2026042804008291
SHEL,34,32,300,314.0,94200.0,2026-04-28 14:04:31.203,2026042804008290
SHEL,47,32,100,314.0,31400.0,2026-04-28 14:04:31.202,2026042804008289
SHEL,49,32,600,314.0,188400.0,2026-04-28 14:04:31.202,2026042804008288
SHEL,56,32,300,314.0,94200.0,2026-04-28 14:04:31.202,2026042804008287
SHEL,47,32,80,314.0,25120.0,2026-04-28 14:04:31.202,2026042804008286
SHEL,39,32,300,314.0,94200.0,2026-04-28 14:04:31.201,2026042804008285
SHEL,58,32,200,314.0,62800.0,2026-04-28 14:04:31.201,2026042804008284
SHEL,33,32,100,314.0,31400.0,2026-04-28 14:04:31.201,2026042804008283
SHEL,43,32,27,314.0,8478.0,2026-04-28 14:04:31.200,2026042804008282
SHEL,16,32,500,314.0,157000.0,2026-04-28 14:04:31.200,2026042804008281
SHEL,41,32,600,314.0,188400.0,2026-04-28 14:04:31.200,2026042804008280
SHEL,7,32,500,314.0,157000.0,2026-04-28 14:04:31.199,2026042804008279
SHEL,22,32,800,314.1,251280.00000000003,2026-04-28 14:04:31.199,2026042804008278
SHEL,29,32,39,314.2,12253.8,2026-04-28 14:04:31.198,2026042804008277
SHEL,29,34,156,314.2,49015.2,2026-04-28 14:04:25.556,2026042804008270
SHEL,29,45,200,314.2,62840.0,2026-04-28 14:04:11.555,2026042804008253
SHEL,29,74,1555,314.2,488581.0,2026-04-28 14:04:03.476,2026042804008249
SHEL,29,59,50,314.2,15710.0,2026-04-28 14:02:46.682,2026042804008113
SHEL,87,34,452,314.3,142063.6,2026-04-28 14:01:54.405,2026042804008032
SHEL,87,38,548,314.3,172236.4,2026-04-28 14:01:20.139,2026042804007978
SHEL,51,38,63,314.3,19800.9,2026-04-28 14:01:20.138,2026042804007977
SHEL,20,38,389,314.5,122340.5,2026-04-28 14:01:20.138,2026042804007976
SHEL,20,38,1000,314.5,314500.0,2026-04-28 14:01:13.380,2026042804007974
SHEL,25,17,444,314.9,139815.59999999998,2026-04-28 14:00:47.922,2026042804007873
SHEL,20,44,10,314.5,3145.0,2026-04-28 14:00:23.462,2026042804007834
SHEL,58,17,61,314.9,19208.9,2026-04-28 14:00:07.134,2026042804007802
SHEL,20,35,10,314.5,3145.0,2026-04-28 14:00:05.925,2026042804007801
SHEL,20,19,2136,314.5,671772.0,2026-04-28 13:59:33.497,2026042804007787
SHEL,22,19,995,314.6,313027.0,2026-04-28 13:59:33.497,2026042804007786
SHEL,53,19,419,314.7,131859.3,2026-04-28 13:59:33.497,2026042804007785
SHEL,22,49,10,315.0,3150.0,2026-04-28 13:58:37.234,2026042804007745
SHEL,53,48,10,314.7,3147.0,2026-04-28 13:57:34.646,2026042804007683
SHEL,26,49,35,315.0,11025.0,2026-04-28 13:55:19.567,2026042804007444
SHEL,26,38,15,315.0,4725.0,2026-04-28 13:55:19.567,2026042804007443
SHEL,53,18,10,314.7,3147.0,2026-04-28 13:53:10.492,2026042804007270
SHEL,53,25,10,314.7,3147.0,2026-04-28 13:52:59.751,2026042804007254
SHEL,53,35,10,314.7,3147.0,2026-04-28 13:52:18.328,2026042804007232
SHEL,26,50,100,315.0,31500.0,2026-04-28 13:50:38.890,2026042804007164
SHEL,53,58,20,314.7,6294.0,2026-04-28 13:48:57.514,2026042804007078
SHEL,53,52,21,314.7,6608.7,2026-04-28 13:48:26.875,2026042804007066
SHEL,17,38,740,315.0,233100.0,2026-04-28 13:47:21.245,2026042804007036
SHEL,38,38,20,315.0,6300.0,2026-04-28 13:45:00.247,2026042804006936
SHEL,16,38,240,315.0,75600.0,2026-04-28 13:42:42.462,2026042804006819
SHEL,16,5,100,315.0,31500.0,2026-04-28 13:42:03.165,2026042804006800
SHEL,22,17,21,314.6,6606.6,2026-04-28 13:35:49.257,2026042804006471
SHEL,22,34,971,314.6,305476.60000000003,2026-04-28 13:32:54.438,2026042804006301
SHEL,97,34,50,314.7,15735.0,2026-04-28 13:32:54.438,2026042804006300
SHEL,62,95,150,315.9,47385.0,2026-04-28 13:32:48.313,2026042804006293
SHEL,62,29,100,315.0,31500.0,2026-04-28 13:32:48.313,2026042804006292
SHEL,22,58,25,314.6,7865.000000000001,2026-04-28 13:28:26.701,2026042804006135
SHEL,29,19,20,315.0,6300.0,2026-04-28 13:24:38.379,2026042804006014
SHEL,29,42,21,315.0,6615.0,2026-04-28 13:24:38.378,2026042804006013
SHEL,29,52,25,315.0,7875.0,2026-04-28 13:24:38.378,2026042804006012
SHEL,17,52,500,315.0,157500.0,2026-04-28 13:22:09.759,2026042804005936
SHEL,22,34,11,314.6,3460.6000000000004,2026-04-28 13:21:14.999,2026042804005897
SHEL,22,44,367,314.6,115458.2,2026-04-28 13:20:32.480,2026042804005880
SHEL,32,44,4,316.1,1264.4,2026-04-28 13:19:42.836,2026042804005846
SHEL,22,57,600,314.6,188760.0,2026-04-28 13:18:34.650,2026042804005781
SHEL,57,57,50,314.6,15730.000000000002,2026-04-28 13:18:34.650,2026042804005780
SHEL,20,52,50,315.0,15750.0,2026-04-28 13:15:06.437,2026042804005670
SHEL,62,52,501,315.0,157815.0,2026-04-28 13:15:06.437,2026042804005669
SHEL,35,52,20,315.0,6300.0,2026-04-28 13:15:06.436,2026042804005668
SHEL,57,52,104,315.0,32760.0,2026-04-28 13:15:06.436,2026042804005667
SHEL,19,95,10,315.9,3159.0,2026-04-28 13:14:11.537,2026042804005618
SHEL,57,77,10,315.0,3150.0,2026-04-28 13:13:10.222,2026042804005561
SHEL,57,38,10,315.0,3150.0,2026-04-28 13:11:14.683,2026042804005506
SHEL,57,39,500,315.0,157500.0,2026-04-28 13:10:02.430,2026042804005476
SHEL,20,48,350,314.5,110075.0,2026-04-28 13:08:35.536,2026042804005410
SHEL,20,41,1105,314.5,347522.5,2026-04-28 13:07:11.882,2026042804005321
SHEL,53,41,203,314.5,63843.5,2026-04-28 13:07:11.882,2026042804005320
SHEL,8,41,85,314.9,26766.5,2026-04-28 13:07:11.882,2026042804005319
SHEL,39,41,232,314.9,73056.79999999999,2026-04-28 13:07:11.882,2026042804005318
SHEL,51,41,150,315.0,47250.0,2026-04-28 13:07:11.882,2026042804005317
SHEL,91,41,225,315.0,70875.0,2026-04-28 13:07:11.882,2026042804005316
SHEL,91,5,25,315.0,7875.0,2026-04-28 13:07:03.783,2026042804005310
SHEL,91,99,500,315.0,157500.0,2026-04-28 13:07:00.825,2026042804005307
SHEL,91,57,1050,315.0,330750.0,2026-04-28 13:05:14.314,2026042804005204
SHEL,91,33,4000,315.0,1260000.0,2026-04-28 13:04:56.562,2026042804005191
SHEL,26,34,4,310.0,1240.0,2026-04-28 13:04:26.660,2026042804005168
SHEL,91,46,200,315.0,63000.0,2026-04-28 13:04:01.743,2026042804005156
SHEL,39,85,68,314.9,21413.2,2026-04-28 13:03:12.060,2026042804005108
SHEL,36,85,33,314.9,10391.7,2026-04-28 13:03:12.059,2026042804005107
SHEL,64,85,19,315.0,5985.0,2026-04-28 13:03:12.059,2026042804005106
SHEL,64,81,10,315.0,3150.0,2026-04-28 13:02:56.802,2026042804005088
SHEL,64,35,21,315.0,6615.0,2026-04-28 13:01:24.776,2026042804004976
SHEL,45,41,997,315.0,314055.0,2026-04-28 12:59:03.743,2026042804004813
SHEL,56,41,153,315.0,48195.0,2026-04-28 12:59:03.743,2026042804004812
SHEL,56,4,25,315.0,7875.0,2026-04-28 12:58:31.687,2026042804004793
SHEL,35,4,325,315.1,102407.5,2026-04-28 12:58:31.687,2026042804004792
SHEL,56,46,21,315.0,6615.0,2026-04-28 12:53:30.605,2026042804004520
SHEL,56,52,10,315.0,3150.0,2026-04-28 12:49:30.600,2026042804004365
SHEL,58,33,30,316.0,9480.0,2026-04-28 12:48:09.321,2026042804004312
SHEL,56,52,42,315.0,13230.0,2026-04-28 12:47:26.310,2026042804004296
SHEL,56,45,12,315.0,3780.0,2026-04-28 12:38:41.362,2026042804004012
SHEL,33,6,21,315.0,6615.0,2026-04-28 12:38:12.733,2026042804003990
SHEL,16,48,53,317.0,16801.0,2026-04-28 12:29:32.724,2026042804003648
SHEL,16,54,21,316.0,6636.0,2026-04-28 12:28:38.456,2026042804003625
SHEL,33,45,60,315.0,18900.0,2026-04-28 12:26:08.901,2026042804003553
SHEL,33,58,10,315.0,3150.0,2026-04-28 12:23:53.950,2026042804003449
SHEL,35,54,675,314.7,212422.5,2026-04-28 12:19:42.219,2026042804003230
SHEL,20,54,50,315.0,15750.0,2026-04-28 12:19:42.219,2026042804003229
SHEL,49,54,150,315.0,47250.0,2026-04-28 12:19:42.219,2026042804003228
SHEL,4,54,125,316.0,39500.0,2026-04-28 12:19:42.219,2026042804003227
SHEL,4,54,175,316.0,55300.0,2026-04-28 12:17:32.918,2026042804003152
SHEL,14,54,825,316.0,260700.0,2026-04-28 12:17:32.918,2026042804003151
SHEL,26,57,1,310.0,310.0,2026-04-28 12:16:12.072,2026042804003111
SHEL,14,4,10,316.0,3160.0,2026-04-28 12:16:11.115,2026042804003110
SHEL,47,13,250,317.9,79475.0,2026-04-28 12:12:59.941,2026042804002996
SHEL,22,57,21,317.9,6675.9,2026-04-28 12:10:23.718,2026042804002887
SHEL,75,4,10,317.0,3170.0,2026-04-28 12:10:16.648,2026042804002885
SHEL,75,7,10,317.0,3170.0,2026-04-28 12:08:06.563,2026042804002811
SHEL,14,57,129,316.0,40764.0,2026-04-28 12:07:15.535,2026042804002771
SHEL,14,62,15,316.0,4740.0,2026-04-28 12:04:38.160,2026042804002686
SHEL,14,52,11,316.0,3476.0,2026-04-28 12:04:37.320,2026042804002685
SHEL,14,52,10,316.0,3160.0,2026-04-28 12:02:43.098,2026042804002626
SHEL,16,49,20,315.0,6300.0,2026-04-28 11:59:31.438,2026042804002461
SHEL,49,38,10,314.6,3146.0,2026-04-28 11:59:15.915,2026042804002458
SHEL,17,6,50,315.0,15750.0,2026-04-28 11:57:38.890,2026042804002396
SHEL,17,6,128,315.0,40320.0,2026-04-28 11:55:08.239,2026042804002271
SHEL,17,38,21,315.0,6615.0,2026-04-28 11:50:30.895,2026042804001990
SHEL,17,17,30,315.0,9450.0,2026-04-28 11:50:10.500,2026042804001974
SHEL,17,89,21,315.0,6615.0,2026-04-28 11:49:24.796,2026042804001932
SHEL,53,33,97,314.5,30506.5,2026-04-28 11:47:18.905,2026042804001826
SHEL,39,33,100,314.5,31450.0,2026-04-28 11:47:18.905,2026042804001825
SHEL,41,33,165,314.5,51892.5,2026-04-28 11:47:18.905,2026042804001824
SHEL,5,33,100,315.0,31500.0,2026-04-28 11:47:18.905,2026042804001823
SHEL,82,33,10000,315.0,3150000.0,2026-04-28 11:47:18.905,2026042804001822
SHEL,7,33,1350,315.0,425250.0,2026-04-28 11:47:18.905,2026042804001821
SHEL,29,33,50,315.0,15750.0,2026-04-28 11:47:18.905,2026042804001820
SHEL,29,33,500,315.0,157500.0,2026-04-28 11:47:18.905,2026042804001819
SHEL,29,33,100,315.0,31500.0,2026-04-28 11:47:18.905,2026042804001818
SHEL,56,33,500,315.1,157550.0,2026-04-28 11:47:18.904,2026042804001817
SHEL,36,33,500,315.1,157550.0,2026-04-28 11:47:18.904,2026042804001816
SHEL,11,33,1000,315.1,315100.0,2026-04-28 11:47:18.904,2026042804001815
SHEL,4,33,200,316.0,63200.0,2026-04-28 11:47:18.904,2026042804001814
SHEL,38,33,10,316.0,3160.0,2026-04-28 11:47:18.904,2026042804001813
SHEL,57,33,30,316.0,9480.0,2026-04-28 11:47:18.904,2026042804001812
SHEL,57,33,924,316.0,291984.0,2026-04-28 11:47:18.904,2026042804001811
SHEL,56,33,174,316.1,55001.4,2026-04-28 11:47:18.904,2026042804001810
SHEL,16,33,200,316.1,63220.00000000001,2026-04-28 11:47:18.904,2026042804001809
SHEL,34,86,30,318.0,9540.0,2026-04-28 11:45:40.185,2026042804001744
SHEL,44,86,81,318.0,25758.0,2026-04-28 11:45:32.962,2026042804001738
SHEL,44,38,21,318.0,6678.0,2026-04-28 11:45:32.961,2026042804001737
SHEL,44,43,238,318.0,75684.0,2026-04-28 11:45:32.961,2026042804001736
SHEL,62,43,200,318.0,63600.0,2026-04-28 11:38:22.459,2026042804001371
SHEL,5,44,190,317.0,60230.0,2026-04-28 11:37:37.022,2026042804001345
SHEL,53,43,47,318.0,14946.0,2026-04-28 11:37:01.042,2026042804001325
SHEL,5,57,10,317.0,3170.0,2026-04-28 11:35:51.521,2026042804001281
SHEL,62,43,40,318.0,12720.0,2026-04-28 11:35:39.478,2026042804001272
SHEL,62,67,10,317.9,3179.0,2026-04-28 11:35:39.477,2026042804001271
SHEL,62,67,290,317.9,92191.0,2026-04-28 11:35:16.680,2026042804001257
SHEL,62,58,200,317.8,63560.0,2026-04-28 11:35:16.680,2026042804001256
SHEL,62,38,10,317.5,3175.0,2026-04-28 11:35:06.251,2026042804001248
SHEL,53,28,10,316.1,3161.0,2026-04-28 11:30:21.452,2026042804001047
SHEL,25,13,190,317.0,60230.0,2026-04-28 11:30:02.298,2026042804001029
SHEL,25,49,10,317.0,3170.0,2026-04-28 11:29:55.294,2026042804001025
SHEL,60,49,35,316.3,11070.5,2026-04-28 11:28:05.519,2026042804000970
SHEL,53,38,10,316.1,3161.0,2026-04-28 11:24:28.692,2026042804000838
SHEL,53,67,91,316.1,28765.1,2026-04-28 11:23:57.490,2026042804000823
SHEL,53,58,150,316.1,47415.0,2026-04-28 11:22:01.768,2026042804000734
SHEL,53,51,10,316.1,3161.0,2026-04-28 11:20:20.674,2026042804000680
SHEL,53,4,100,316.1,31610.000000000004,2026-04-28 11:18:18.941,2026042804000602
SHEL,16,4,500,318.0,159000.0,2026-04-28 11:18:18.941,2026042804000601
SHEL,53,13,10,316.1,3161.0,2026-04-28 11:16:50.402,2026042804000534
SHEL,53,4,10,316.1,3161.0,2026-04-28 11:15:16.723,2026042804000478
SHEL,58,21,150,319.5,47925.0,2026-04-28 11:15:00.314,2026042804000474
SHEL,10,42,30,319.9,9597.0,2026-04-28 11:13:38.031,2026042804000399
SHEL,53,84,250,316.1,79025.0,2026-04-28 11:12:46.181,2026042804000365
SHEL,53,38,12,316.1,3793.2,2026-04-28 11:11:37.548,2026042804000328
SHEL,57,4,21,316.0,6636.0,2026-04-28 11:09:20.778,2026042804000238
SHEL,57,58,55,316.0,17380.0,2026-04-28 11:08:04.228,2026042804000201
SHEL,57,45,47,314.0,14758.0,2026-04-28 11:02:41.799,2026042804000072
SHEL,29,45,50,314.9,15744.999999999998,2026-04-28 11:02:41.799,2026042804000071
SHEL,57,62,14,314.0,4396.0,2026-04-28 11:01:53.766,2026042804000054
