stockSymbol,buyerMemberId,sellerMemberId,quantity,rate,amount,transaction_time,contractId
SSHL,28,74,500,215.0,107500.0,2026-04-28 14:59:54.465,2026042804014980
SSHL,28,50,255,215.0,54825.0,2026-04-28 14:59:45.257,2026042804014915
SSHL,80,50,10,215.0,2150.0,2026-04-28 14:59:45.257,2026042804014914
SSHL,80,50,10,215.0,2150.0,2026-04-28 14:59:45.257,2026042804014913
SSHL,80,50,10,215.0,2150.0,2026-04-28 14:59:45.257,2026042804014912
SSHL,4,50,94,215.0,20210.0,2026-04-28 14:59:45.257,2026042804014911
SSHL,37,50,500,215.0,107500.0,2026-04-28 14:59:45.256,2026042804014910
SSHL,50,50,1500,215.0,322500.0,2026-04-28 14:59:45.256,2026042804014909
SSHL,58,50,10,215.0,2150.0,2026-04-28 14:59:45.256,2026042804014908
SSHL,58,50,50,215.0,10750.0,2026-04-28 14:59:45.256,2026042804014907
SSHL,53,50,50,215.0,10750.0,2026-04-28 14:59:45.255,2026042804014906
SSHL,34,50,90,215.0,19350.0,2026-04-28 14:59:45.255,2026042804014905
SSHL,25,50,50,215.0,10750.0,2026-04-28 14:59:45.255,2026042804014904
SSHL,57,50,500,215.0,107500.0,2026-04-28 14:59:45.254,2026042804014903
SSHL,62,50,691,215.0,148565.0,2026-04-28 14:59:45.254,2026042804014902
SSHL,13,50,980,215.1,210798.0,2026-04-28 14:59:45.254,2026042804014901
SSHL,49,50,200,215.3,43060.0,2026-04-28 14:59:45.253,2026042804014900
SSHL,74,26,83,215.9,17919.7,2026-04-28 14:59:43.654,2026042804014889
SSHL,74,58,65,215.5,14007.5,2026-04-28 14:59:43.653,2026042804014888
SSHL,52,50,2,215.2,430.4,2026-04-28 14:59:39.724,2026042804014857
SSHL,21,26,200,215.9,43180.0,2026-04-28 14:59:29.560,2026042804014711
SSHL,74,26,169,215.9,36487.1,2026-04-28 14:59:28.382,2026042804014708
SSHL,74,49,331,215.9,71462.90000000001,2026-04-28 14:59:28.382,2026042804014707
SSHL,13,45,20,215.1,4302.0,2026-04-28 14:59:21.623,2026042804014658
SSHL,34,45,500,215.1,107550.0,2026-04-28 14:59:21.623,2026042804014657
SSHL,44,45,300,215.1,64530.0,2026-04-28 14:59:21.622,2026042804014656
SSHL,8,45,480,215.1,103248.0,2026-04-28 14:59:21.621,2026042804014655
SSHL,68,45,200,215.3,43060.0,2026-04-28 14:59:21.620,2026042804014654
SSHL,38,45,500,215.5,107750.0,2026-04-28 14:59:21.620,2026042804014653
SSHL,8,49,100,215.1,21510.0,2026-04-28 14:59:04.610,2026042804014528
SSHL,44,49,200,215.2,43040.0,2026-04-28 14:59:04.609,2026042804014527
SSHL,58,49,110,215.2,23672.0,2026-04-28 14:59:04.609,2026042804014526
SSHL,14,49,40,215.3,8612.0,2026-04-28 14:59:04.608,2026042804014525
SSHL,14,51,60,215.3,12918.0,2026-04-28 14:59:02.320,2026042804014516
SSHL,14,35,400,215.2,86080.0,2026-04-28 14:58:57.930,2026042804014468
SSHL,8,45,1270,215.1,273177.0,2026-04-28 14:58:46.620,2026042804014427
SSHL,59,45,400,215.2,86080.0,2026-04-28 14:58:46.620,2026042804014426
SSHL,46,45,1000,215.3,215300.0,2026-04-28 14:58:46.619,2026042804014425
SSHL,58,45,230,215.4,49542.0,2026-04-28 14:58:46.619,2026042804014424
SSHL,57,45,100,215.5,21550.0,2026-04-28 14:58:46.619,2026042804014423
SSHL,38,49,594,215.9,128244.6,2026-04-28 14:58:36.219,2026042804014369
SSHL,38,22,100,215.5,21550.0,2026-04-28 14:58:36.219,2026042804014368
SSHL,38,52,86,215.5,18533.0,2026-04-28 14:58:36.219,2026042804014367
SSHL,38,74,200,215.5,43100.0,2026-04-28 14:58:36.219,2026042804014366
SSHL,38,48,20,215.5,4310.0,2026-04-28 14:58:36.219,2026042804014365
SSHL,59,41,100,215.2,21520.0,2026-04-28 14:58:28.641,2026042804014329
SSHL,66,48,250,215.5,53875.0,2026-04-28 14:58:25.882,2026042804014315
SSHL,45,48,50,215.5,10775.0,2026-04-28 14:58:08.583,2026042804014259
SSHL,62,34,192,215.0,41280.0,2026-04-28 14:58:01.724,2026042804014231
SSHL,25,34,490,215.0,105350.0,2026-04-28 14:58:01.724,2026042804014230
SSHL,53,34,735,215.0,158025.0,2026-04-28 14:58:01.723,2026042804014229
SSHL,49,34,73,215.1,15702.3,2026-04-28 14:58:01.723,2026042804014228
SSHL,53,74,265,215.0,56975.0,2026-04-28 14:57:56.327,2026042804014184
SSHL,34,74,500,215.0,107500.0,2026-04-28 14:57:56.327,2026042804014183
SSHL,3,74,50,215.0,10750.0,2026-04-28 14:57:56.326,2026042804014182
SSHL,58,74,10,215.0,2150.0,2026-04-28 14:57:56.326,2026042804014181
SSHL,58,74,75,215.0,16125.0,2026-04-28 14:57:56.326,2026042804014180
SSHL,38,74,100,215.0,21500.0,2026-04-28 14:57:56.325,2026042804014179
SSHL,52,35,50,215.1,10755.0,2026-04-28 14:57:39.858,2026042804014107
SSHL,35,35,49,215.1,10539.9,2026-04-28 14:57:29.016,2026042804014070
SSHL,34,56,100,215.0,21500.0,2026-04-28 14:57:26.798,2026042804014060
SSHL,17,56,300,215.0,64500.0,2026-04-28 14:57:26.798,2026042804014059
SSHL,46,56,50,215.0,10750.0,2026-04-28 14:57:26.797,2026042804014058
SSHL,48,56,50,215.0,10750.0,2026-04-28 14:57:26.796,2026042804014057
SSHL,44,48,20,215.5,4310.0,2026-04-28 14:57:21.064,2026042804014037
SSHL,58,68,1,215.0,215.0,2026-04-28 14:57:16.715,2026042804014019
SSHL,42,68,1297,215.0,278855.0,2026-04-28 14:57:16.715,2026042804014018
SSHL,14,68,100,215.1,21510.0,2026-04-28 14:57:16.714,2026042804014017
SSHL,58,48,10,215.5,2155.0,2026-04-28 14:57:08.271,2026042804013997
SSHL,48,48,40,215.5,8620.0,2026-04-28 14:57:08.271,2026042804013996
SSHL,35,48,10,215.6,2156.0,2026-04-28 14:57:08.270,2026042804013995
SSHL,46,49,50,215.9,10795.0,2026-04-28 14:57:05.506,2026042804013992
SSHL,22,49,25,215.9,5397.5,2026-04-28 14:56:51.411,2026042804013971
SSHL,22,26,75,215.9,16192.5,2026-04-28 14:56:51.410,2026042804013970
SSHL,89,26,40,215.9,8636.0,2026-04-28 14:56:33.986,2026042804013937
SSHL,44,26,100,215.9,21590.0,2026-04-28 14:56:33.388,2026042804013935
SSHL,21,35,2000,215.1,430200.0,2026-04-28 14:56:28.603,2026042804013923
SSHL,26,35,50,215.1,10755.0,2026-04-28 14:56:28.602,2026042804013922
SSHL,43,35,100,215.1,21510.0,2026-04-28 14:56:28.602,2026042804013921
SSHL,49,35,150,215.1,32265.0,2026-04-28 14:56:28.600,2026042804013920
SSHL,39,26,50,215.9,10795.0,2026-04-28 14:56:23.097,2026042804013885
SSHL,19,26,35,215.9,7556.5,2026-04-28 14:56:07.353,2026042804013850
SSHL,40,35,300,215.5,64650.0,2026-04-28 14:56:05.142,2026042804013847
SSHL,58,35,40,215.5,8620.0,2026-04-28 14:56:05.142,2026042804013846
SSHL,51,26,50,215.9,10795.0,2026-04-28 14:55:43.091,2026042804013762
SSHL,58,35,200,215.1,43020.0,2026-04-28 14:55:42.565,2026042804013760
SSHL,47,35,50,215.1,10755.0,2026-04-28 14:55:42.565,2026042804013759
SSHL,10,35,100,215.1,21510.0,2026-04-28 14:55:42.564,2026042804013758
SSHL,19,26,50,215.9,10795.0,2026-04-28 14:55:32.768,2026042804013720
SSHL,33,35,2000,215.3,430600.0,2026-04-28 14:55:22.520,2026042804013680
SSHL,38,63,500,215.1,107550.0,2026-04-28 14:55:05.525,2026042804013612
SSHL,17,35,1000,215.1,215100.0,2026-04-28 14:54:38.825,2026042804013420
SSHL,22,35,954,215.1,205205.4,2026-04-28 14:54:38.825,2026042804013419
SSHL,58,58,150,215.5,32325.0,2026-04-28 14:54:33.506,2026042804013382
SSHL,22,38,46,215.1,9894.6,2026-04-28 14:54:17.228,2026042804013317
SSHL,18,38,100,215.1,21510.0,2026-04-28 14:54:17.227,2026042804013316
SSHL,19,38,1004,215.2,216060.8,2026-04-28 14:54:17.227,2026042804013315
SSHL,34,38,100,215.2,21520.0,2026-04-28 14:54:17.227,2026042804013314
SSHL,14,38,100,215.3,21530.0,2026-04-28 14:54:17.226,2026042804013313
SSHL,49,58,185,215.5,39867.5,2026-04-28 14:54:07.975,2026042804013269
SSHL,65,35,240,215.2,51648.0,2026-04-28 14:53:19.619,2026042804013168
SSHL,42,56,703,215.0,151145.0,2026-04-28 14:52:56.426,2026042804013106
SSHL,58,56,100,215.0,21500.0,2026-04-28 14:52:56.426,2026042804013105
SSHL,49,56,127,215.0,27305.0,2026-04-28 14:52:56.425,2026042804013104
SSHL,38,56,300,215.0,64500.0,2026-04-28 14:52:56.425,2026042804013103
SSHL,4,56,200,215.0,43000.0,2026-04-28 14:52:56.425,2026042804013102
SSHL,49,56,70,215.0,15050.0,2026-04-28 14:52:56.424,2026042804013101
SSHL,49,48,430,215.0,92450.0,2026-04-28 14:52:52.743,2026042804013083
SSHL,14,48,500,215.0,107500.0,2026-04-28 14:52:52.743,2026042804013082
SSHL,77,48,234,215.0,50310.0,2026-04-28 14:52:52.742,2026042804013081
SSHL,16,48,836,215.0,179740.0,2026-04-28 14:52:52.742,2026042804013080
SSHL,16,57,1164,215.0,250260.0,2026-04-28 14:52:41.179,2026042804013026
SSHL,34,57,19,215.0,4085.0,2026-04-28 14:52:41.179,2026042804013025
SSHL,58,57,100,215.1,21510.0,2026-04-28 14:52:41.179,2026042804013024
SSHL,8,57,500,215.1,107550.0,2026-04-28 14:52:41.178,2026042804013023
SSHL,57,57,2000,215.1,430200.0,2026-04-28 14:52:41.178,2026042804013022
SSHL,26,57,200,215.1,43020.0,2026-04-28 14:52:41.178,2026042804013021
SSHL,57,57,17,215.1,3656.7,2026-04-28 14:52:41.177,2026042804013020
SSHL,57,57,983,215.1,211443.3,2026-04-28 14:52:41.164,2026042804013019
SSHL,44,57,572,215.1,123037.2,2026-04-28 14:52:41.163,2026042804013018
SSHL,44,26,428,215.1,92062.8,2026-04-28 14:52:14.078,2026042804012876
SSHL,21,26,200,215.1,43020.0,2026-04-28 14:52:14.077,2026042804012875
SSHL,38,26,132,215.1,28393.2,2026-04-28 14:52:14.077,2026042804012874
SSHL,94,26,240,215.2,51648.0,2026-04-28 14:52:14.077,2026042804012873
SSHL,49,26,100,215.9,21590.0,2026-04-28 14:51:49.254,2026042804012805
SSHL,94,91,1000,215.2,215200.0,2026-04-28 14:51:35.666,2026042804012776
SSHL,94,57,760,215.2,163552.0,2026-04-28 14:51:07.983,2026042804012725
SSHL,56,57,500,215.2,107600.0,2026-04-28 14:51:07.982,2026042804012724
SSHL,59,57,200,215.2,43040.0,2026-04-28 14:51:07.982,2026042804012723
SSHL,68,57,540,215.3,116262.0,2026-04-28 14:51:07.982,2026042804012722
SSHL,68,58,460,215.3,99038.0,2026-04-28 14:51:06.075,2026042804012720
SSHL,49,58,40,215.5,8620.0,2026-04-28 14:51:06.074,2026042804012719
SSHL,49,14,10,215.5,2155.0,2026-04-28 14:50:59.121,2026042804012711
SSHL,26,14,200,215.7,43140.0,2026-04-28 14:50:59.121,2026042804012710
SSHL,37,14,40,215.9,8636.0,2026-04-28 14:50:59.120,2026042804012709
SSHL,37,62,10,215.9,2159.0,2026-04-28 14:50:42.034,2026042804012643
SSHL,37,41,100,215.9,21590.0,2026-04-28 14:50:36.954,2026042804012629
SSHL,29,91,200,215.9,43180.0,2026-04-28 14:49:18.974,2026042804012434
SSHL,58,68,110,216.0,23760.0,2026-04-28 14:48:38.131,2026042804012336
SSHL,58,68,47,216.0,10152.0,2026-04-28 14:48:36.380,2026042804012329
SSHL,51,68,70,216.0,15120.0,2026-04-28 14:48:28.413,2026042804012305
SSHL,57,68,1035,216.0,223560.0,2026-04-28 14:48:08.480,2026042804012279
SSHL,57,66,50,215.9,10795.0,2026-04-28 14:48:08.479,2026042804012278
SSHL,57,18,415,215.9,89598.5,2026-04-28 14:48:08.478,2026042804012277
SSHL,57,18,100,215.9,21590.0,2026-04-28 14:47:03.395,2026042804012137
SSHL,38,29,368,215.1,79156.8,2026-04-28 14:46:36.265,2026042804012098
SSHL,52,29,95,215.4,20463.0,2026-04-28 14:46:36.264,2026042804012097
SSHL,34,29,500,215.4,107700.0,2026-04-28 14:46:36.263,2026042804012096
SSHL,17,29,500,215.6,107800.0,2026-04-28 14:46:36.262,2026042804012095
SSHL,7,29,28,215.8,6042.400000000001,2026-04-28 14:46:36.261,2026042804012094
SSHL,49,18,265,215.9,57213.5,2026-04-28 14:46:31.771,2026042804012089
SSHL,58,18,500,215.9,107950.0,2026-04-28 14:46:10.453,2026042804012074
SSHL,49,33,1535,215.5,330792.5,2026-04-28 14:45:46.650,2026042804012023
SSHL,33,33,231,215.5,49780.5,2026-04-28 14:45:00.007,2026042804011930
SSHL,33,22,1535,215.4,330639.0,2026-04-28 14:45:00.006,2026042804011929
SSHL,34,59,481,215.0,103415.0,2026-04-28 14:44:40.121,2026042804011911
SSHL,49,59,519,215.1,111636.9,2026-04-28 14:44:40.121,2026042804011910
SSHL,49,25,171,215.1,36782.1,2026-04-28 14:44:02.048,2026042804011863
SSHL,39,25,500,215.1,107550.0,2026-04-28 14:43:59.142,2026042804011858
SSHL,38,25,1000,215.1,215100.0,2026-04-28 14:43:59.142,2026042804011857
SSHL,45,25,135,215.1,29038.5,2026-04-28 14:43:59.141,2026042804011856
SSHL,25,25,500,215.1,107550.0,2026-04-28 14:43:59.141,2026042804011855
SSHL,16,25,50,215.1,10755.0,2026-04-28 14:43:59.141,2026042804011854
SSHL,46,25,644,215.1,138524.4,2026-04-28 14:43:59.140,2026042804011853
SSHL,46,56,100,215.1,21510.0,2026-04-28 14:43:56.608,2026042804011850
SSHL,46,54,256,215.1,55065.6,2026-04-28 14:42:38.759,2026042804011642
SSHL,6,54,594,215.1,127769.4,2026-04-28 14:42:38.758,2026042804011641
SSHL,38,53,569,215.4,122562.6,2026-04-28 14:42:35.635,2026042804011638
SSHL,6,67,406,215.1,87330.59999999999,2026-04-28 14:41:57.779,2026042804011535
SSHL,62,67,402,215.1,86470.2,2026-04-28 14:41:57.778,2026042804011534
SSHL,34,33,200,215.5,43100.0,2026-04-28 14:40:40.467,2026042804011394
SSHL,62,58,300,215.1,64530.0,2026-04-28 14:40:32.293,2026042804011388
SSHL,62,62,100,215.1,21510.0,2026-04-28 14:40:22.483,2026042804011358
SSHL,62,56,1198,215.1,257689.8,2026-04-28 14:39:51.235,2026042804011287
SSHL,43,56,100,215.1,21510.0,2026-04-28 14:39:51.234,2026042804011286
SSHL,4,56,300,215.1,64530.0,2026-04-28 14:39:51.233,2026042804011285
SSHL,70,56,400,215.2,86080.0,2026-04-28 14:39:51.232,2026042804011284
SSHL,22,56,452,215.2,97270.4,2026-04-28 14:39:51.232,2026042804011283
SSHL,44,56,500,215.4,107700.0,2026-04-28 14:39:51.231,2026042804011282
SSHL,52,56,50,215.4,10770.0,2026-04-28 14:39:51.230,2026042804011281
SSHL,57,33,500,215.5,107750.0,2026-04-28 14:39:33.669,2026042804011257
SSHL,57,33,34,215.5,7327.0,2026-04-28 14:39:04.364,2026042804011209
SSHL,57,58,966,215.5,208173.0,2026-04-28 14:38:40.338,2026042804011153
SSHL,34,58,500,215.5,107750.0,2026-04-28 14:38:40.337,2026042804011152
SSHL,45,58,500,215.5,107750.0,2026-04-28 14:38:40.336,2026042804011151
SSHL,44,58,200,215.5,43100.0,2026-04-28 14:38:40.335,2026042804011150
SSHL,35,58,300,215.6,64680.0,2026-04-28 14:38:40.334,2026042804011149
SSHL,39,58,15,215.6,3234.0,2026-04-28 14:38:40.333,2026042804011148
SSHL,52,58,50,215.6,10780.0,2026-04-28 14:38:40.333,2026042804011147
SSHL,54,58,200,215.6,43120.0,2026-04-28 14:38:40.332,2026042804011146
SSHL,5,58,269,215.6,57996.4,2026-04-28 14:38:40.331,2026042804011145
SSHL,65,54,150,215.8,32370.0,2026-04-28 14:38:36.625,2026042804011135
SSHL,50,18,20,215.9,4318.0,2026-04-28 14:38:36.368,2026042804011134
SSHL,50,44,100,215.9,21590.0,2026-04-28 14:38:33.615,2026042804011130
SSHL,14,44,300,215.9,64770.0,2026-04-28 14:36:51.668,2026042804010989
SSHL,57,68,1000,216.0,216000.0,2026-04-28 14:36:02.072,2026042804010950
SSHL,38,68,2840,216.0,613440.0,2026-04-28 14:36:02.072,2026042804010949
SSHL,11,68,500,216.1,108050.0,2026-04-28 14:36:02.071,2026042804010948
SSHL,38,26,2160,216.0,466560.0,2026-04-28 14:34:10.755,2026042804010789
SSHL,42,26,200,216.0,43200.0,2026-04-28 14:34:10.754,2026042804010788
SSHL,57,26,1000,216.0,216000.0,2026-04-28 14:34:10.754,2026042804010787
SSHL,7,26,20,216.0,4320.0,2026-04-28 14:34:10.753,2026042804010786
SSHL,45,26,50,216.0,10800.0,2026-04-28 14:34:10.752,2026042804010785
SSHL,89,26,230,216.0,49680.0,2026-04-28 14:34:10.751,2026042804010784
SSHL,49,26,185,216.0,39960.0,2026-04-28 14:34:10.751,2026042804010783
SSHL,41,26,430,216.6,93138.0,2026-04-28 14:34:10.750,2026042804010782
SSHL,44,26,225,216.6,48735.0,2026-04-28 14:34:10.749,2026042804010781
SSHL,6,56,155,217.6,33728.0,2026-04-28 14:33:59.285,2026042804010767
SSHL,6,94,100,217.6,21760.0,2026-04-28 14:33:59.285,2026042804010766
SSHL,6,48,145,217.0,31465.0,2026-04-28 14:33:59.284,2026042804010765
SSHL,6,44,50,217.0,10850.0,2026-04-28 14:33:59.284,2026042804010764
SSHL,45,44,50,217.0,10850.0,2026-04-28 14:32:43.444,2026042804010692
SSHL,44,50,1775,216.6,384465.0,2026-04-28 14:32:04.333,2026042804010643
SSHL,52,50,100,216.6,21660.0,2026-04-28 14:32:04.332,2026042804010642
SSHL,45,50,570,217.0,123690.0,2026-04-28 14:32:04.331,2026042804010641
SSHL,45,44,430,217.0,93310.0,2026-04-28 14:31:52.720,2026042804010626
SSHL,34,44,230,217.0,49910.0,2026-04-28 14:31:48.393,2026042804010619
SSHL,57,22,500,217.9,108950.0,2026-04-28 14:29:36.923,2026042804010417
SSHL,57,16,82,217.9,17867.8,2026-04-28 14:29:36.923,2026042804010416
SSHL,57,56,350,217.8,76230.0,2026-04-28 14:29:36.922,2026042804010415
SSHL,57,56,650,217.8,141570.0,2026-04-28 14:29:36.922,2026042804010414
SSHL,57,57,1000,217.0,217000.0,2026-04-28 14:29:36.922,2026042804010413
SSHL,57,34,918,217.0,199206.0,2026-04-28 14:29:36.921,2026042804010412
SSHL,14,34,40,217.0,8680.0,2026-04-28 14:29:33.850,2026042804010410
SSHL,29,58,300,216.5,64950.0,2026-04-28 14:28:30.111,2026042804010349
SSHL,41,8,20,216.0,4320.0,2026-04-28 14:26:38.357,2026042804010244
SSHL,6,8,865,216.0,186840.0,2026-04-28 14:26:38.357,2026042804010243
SSHL,6,57,135,216.0,29160.0,2026-04-28 14:25:44.851,2026042804010177
SSHL,58,57,145,216.0,31320.0,2026-04-28 14:25:04.083,2026042804010148
SSHL,5,45,31,215.6,6683.599999999999,2026-04-28 14:23:51.206,2026042804010046
SSHL,11,45,500,216.0,108000.0,2026-04-28 14:23:27.972,2026042804010011
SSHL,34,45,500,216.0,108000.0,2026-04-28 14:23:25.114,2026042804010009
SSHL,57,45,117,216.0,25272.0,2026-04-28 14:23:25.114,2026042804010008
SSHL,45,45,40,216.0,8640.0,2026-04-28 14:23:25.114,2026042804010007
SSHL,58,45,40,216.0,8640.0,2026-04-28 14:23:25.114,2026042804010006
SSHL,52,45,20,216.0,4320.0,2026-04-28 14:23:25.114,2026042804010005
SSHL,52,45,20,216.0,4320.0,2026-04-28 14:23:25.113,2026042804010004
SSHL,58,45,50,216.0,10800.0,2026-04-28 14:23:25.113,2026042804010003
SSHL,3,45,100,216.9,21690.0,2026-04-28 14:22:56.640,2026042804009949
SSHL,58,58,250,216.0,54000.0,2026-04-28 14:21:29.173,2026042804009882
SSHL,38,58,50,216.0,10800.0,2026-04-28 14:20:32.616,2026042804009808
SSHL,22,48,48,215.2,10329.6,2026-04-28 14:20:30.168,2026042804009806
SSHL,36,48,60,215.2,12912.0,2026-04-28 14:20:30.167,2026042804009805
SSHL,14,48,50,215.2,10760.0,2026-04-28 14:20:30.167,2026042804009804
SSHL,77,48,642,215.2,138158.4,2026-04-28 14:20:30.166,2026042804009803
SSHL,44,48,200,215.3,43060.0,2026-04-28 14:20:30.165,2026042804009802
SSHL,6,48,1000,215.3,215300.0,2026-04-28 14:20:30.164,2026042804009801
SSHL,45,58,1000,216.0,216000.0,2026-04-28 14:19:42.335,2026042804009741
SSHL,48,58,200,216.0,43200.0,2026-04-28 14:19:37.870,2026042804009731
SSHL,39,58,30,216.0,6480.0,2026-04-28 14:19:31.141,2026042804009720
SSHL,40,58,100,216.0,21600.0,2026-04-28 14:19:07.225,2026042804009680
SSHL,40,53,150,216.0,32400.0,2026-04-28 14:18:38.831,2026042804009621
SSHL,40,17,200,216.0,43200.0,2026-04-28 14:18:38.831,2026042804009620
SSHL,40,17,100,216.0,21600.0,2026-04-28 14:18:38.830,2026042804009619
SSHL,40,49,50,216.0,10800.0,2026-04-28 14:18:38.830,2026042804009618
SSHL,40,5,400,216.0,86400.0,2026-04-28 14:18:38.830,2026042804009617
SSHL,52,5,500,216.0,108000.0,2026-04-28 14:18:19.863,2026042804009570
SSHL,50,58,369,215.5,79519.5,2026-04-28 14:18:12.737,2026042804009560
SSHL,59,58,500,215.5,107750.0,2026-04-28 14:18:02.974,2026042804009535
SSHL,77,49,358,215.2,77041.59999999999,2026-04-28 14:18:00.801,2026042804009529
SSHL,21,49,600,215.2,129120.0,2026-04-28 14:18:00.801,2026042804009528
SSHL,49,49,42,215.3,9042.6,2026-04-28 14:18:00.801,2026042804009527
SSHL,49,86,68,215.3,14640.4,2026-04-28 14:17:54.777,2026042804009519
SSHL,49,49,890,215.3,191617.0,2026-04-28 14:16:47.500,2026042804009407
SSHL,45,49,100,215.3,21530.0,2026-04-28 14:16:47.500,2026042804009406
SSHL,42,49,10,215.4,2154.0,2026-04-28 14:16:47.500,2026042804009405
SSHL,22,48,10,215.4,2154.0,2026-04-28 14:16:45.505,2026042804009404
SSHL,87,58,1000,215.5,215500.0,2026-04-28 14:16:37.683,2026042804009390
SSHL,35,5,100,216.0,21600.0,2026-04-28 14:14:18.397,2026042804009222
SSHL,6,45,100,216.0,21600.0,2026-04-28 14:13:50.549,2026042804009149
SSHL,21,20,400,215.2,86080.0,2026-04-28 14:13:29.941,2026042804009132
SSHL,51,20,100,215.3,21530.0,2026-04-28 14:13:29.941,2026042804009131
SSHL,62,45,482,216.1,104160.2,2026-04-28 14:12:54.087,2026042804009075
SSHL,62,94,70,216.1,15127.0,2026-04-28 14:12:36.705,2026042804009051
SSHL,62,56,148,216.0,31968.0,2026-04-28 14:12:30.085,2026042804009045
SSHL,62,56,42,216.0,9072.0,2026-04-28 14:12:17.418,2026042804009040
SSHL,58,56,50,216.0,10800.0,2026-04-28 14:12:06.176,2026042804009025
SSHL,52,56,10,216.0,2160.0,2026-04-28 14:12:06.176,2026042804009024
SSHL,25,56,100,216.0,21600.0,2026-04-28 14:12:06.175,2026042804009023
SSHL,6,56,150,216.0,32400.0,2026-04-28 14:12:06.174,2026042804009022
SSHL,36,56,100,216.0,21600.0,2026-04-28 14:12:06.174,2026042804009021
SSHL,58,56,40,216.0,8640.0,2026-04-28 14:12:06.173,2026042804009020
SSHL,58,56,24,216.0,5184.0,2026-04-28 14:12:06.172,2026042804009019
SSHL,32,56,100,216.0,21600.0,2026-04-28 14:12:06.172,2026042804009018
SSHL,58,56,20,216.0,4320.0,2026-04-28 14:12:06.171,2026042804009017
SSHL,35,56,100,216.0,21600.0,2026-04-28 14:12:06.170,2026042804009016
SSHL,25,56,300,216.0,64800.0,2026-04-28 14:12:06.170,2026042804009015
SSHL,35,56,100,216.0,21600.0,2026-04-28 14:12:06.169,2026042804009014
SSHL,58,56,716,216.0,154656.0,2026-04-28 14:12:06.168,2026042804009013
SSHL,58,26,284,216.0,61344.0,2026-04-28 14:11:39.834,2026042804008947
SSHL,51,26,100,216.0,21600.0,2026-04-28 14:11:39.834,2026042804008946
SSHL,49,26,1000,216.0,216000.0,2026-04-28 14:11:39.834,2026042804008945
SSHL,52,26,56,216.0,12096.0,2026-04-28 14:11:39.834,2026042804008944
SSHL,11,26,50,216.0,10800.0,2026-04-28 14:11:39.833,2026042804008943
SSHL,42,26,1400,216.0,302400.0,2026-04-28 14:11:39.833,2026042804008942
SSHL,36,26,1250,216.0,270000.0,2026-04-28 14:11:39.833,2026042804008941
SSHL,42,26,170,216.0,36720.0,2026-04-28 14:11:39.833,2026042804008940
SSHL,45,26,220,216.0,47520.0,2026-04-28 14:11:39.832,2026042804008939
SSHL,4,26,180,216.0,38880.0,2026-04-28 14:11:39.832,2026042804008938
SSHL,47,26,1000,216.0,216000.0,2026-04-28 14:11:39.831,2026042804008937
SSHL,4,26,73,216.0,15768.0,2026-04-28 14:11:39.830,2026042804008936
SSHL,16,26,50,216.0,10800.0,2026-04-28 14:11:39.830,2026042804008935
SSHL,13,26,100,216.0,21600.0,2026-04-28 14:11:39.829,2026042804008934
SSHL,48,26,50,216.0,10800.0,2026-04-28 14:11:39.828,2026042804008933
SSHL,59,26,1000,216.0,216000.0,2026-04-28 14:11:39.827,2026042804008932
SSHL,58,26,34,216.0,7344.0,2026-04-28 14:11:39.826,2026042804008931
SSHL,58,54,50,216.0,10800.0,2026-04-28 14:11:02.982,2026042804008853
SSHL,58,25,416,216.0,89856.0,2026-04-28 14:10:43.144,2026042804008816
SSHL,16,25,679,216.0,146664.0,2026-04-28 14:10:43.143,2026042804008815
SSHL,16,48,1321,216.0,285336.0,2026-04-28 14:10:31.739,2026042804008801
SSHL,34,48,500,216.0,108000.0,2026-04-28 14:10:31.738,2026042804008800
SSHL,43,48,100,216.1,21610.0,2026-04-28 14:10:31.737,2026042804008799
SSHL,39,48,10,216.1,2161.0,2026-04-28 14:10:31.736,2026042804008798
SSHL,45,48,1009,216.1,218044.9,2026-04-28 14:10:31.736,2026042804008797
SSHL,58,48,60,216.2,12972.0,2026-04-28 14:10:31.735,2026042804008796
SSHL,49,86,100,216.9,21690.0,2026-04-28 14:09:16.202,2026042804008682
SSHL,45,86,41,216.1,8860.1,2026-04-28 14:07:41.762,2026042804008531
SSHL,36,86,24,216.1,5186.4,2026-04-28 14:07:41.761,2026042804008530
SSHL,58,86,50,216.9,10845.0,2026-04-28 14:05:33.212,2026042804008354
SSHL,60,8,500,216.3,108150.0,2026-04-28 14:05:05.510,2026042804008323
SSHL,36,70,176,216.1,38033.6,2026-04-28 14:04:23.446,2026042804008266
SSHL,16,70,374,216.2,80858.8,2026-04-28 14:04:23.446,2026042804008265
SSHL,34,70,300,216.3,64890.0,2026-04-28 14:04:23.446,2026042804008264
SSHL,58,70,150,216.4,32460.0,2026-04-28 14:04:23.445,2026042804008263
SSHL,16,56,500,216.2,108100.0,2026-04-28 14:04:11.436,2026042804008252
SSHL,49,86,200,216.9,43380.0,2026-04-28 14:03:28.547,2026042804008208
SSHL,16,87,326,216.2,70481.2,2026-04-28 14:02:39.386,2026042804008093
SSHL,8,87,500,216.3,108150.0,2026-04-28 14:02:39.385,2026042804008092
SSHL,5,87,200,216.4,43280.0,2026-04-28 14:02:39.385,2026042804008091
SSHL,49,87,150,216.5,32475.0,2026-04-28 14:02:39.384,2026042804008090
SSHL,39,87,312,216.5,67548.0,2026-04-28 14:02:39.383,2026042804008089
SSHL,58,87,30,216.5,6495.0,2026-04-28 14:02:39.383,2026042804008088
SSHL,34,87,200,216.5,43300.0,2026-04-28 14:02:39.382,2026042804008087
SSHL,22,87,113,216.5,24464.5,2026-04-28 14:02:39.381,2026042804008086
SSHL,21,87,169,216.6,36605.4,2026-04-28 14:02:39.380,2026042804008085
SSHL,22,59,285,216.5,61702.5,2026-04-28 14:01:58.015,2026042804008034
SSHL,58,59,35,216.6,7581.0,2026-04-28 14:01:42.186,2026042804008021
SSHL,45,59,80,216.6,17328.0,2026-04-28 14:01:42.186,2026042804008020
SSHL,42,34,30,217.0,6510.0,2026-04-28 13:59:47.768,2026042804007798
SSHL,45,58,20,216.6,4332.0,2026-04-28 13:59:03.861,2026042804007772
SSHL,44,34,12,217.0,2604.0,2026-04-28 13:58:44.698,2026042804007756
SSHL,44,45,751,217.0,162967.0,2026-04-28 13:58:04.267,2026042804007696
SSHL,57,45,249,217.0,54033.0,2026-04-28 13:58:04.266,2026042804007695
SSHL,57,45,980,217.0,212660.0,2026-04-28 13:57:55.610,2026042804007692
SSHL,49,45,20,217.7,4354.0,2026-04-28 13:57:55.609,2026042804007691
SSHL,49,57,130,217.7,28301.0,2026-04-28 13:57:35.328,2026042804007684
SSHL,57,59,113,217.0,24521.0,2026-04-28 13:57:16.251,2026042804007644
SSHL,57,86,658,217.0,142786.0,2026-04-28 13:57:01.576,2026042804007641
SSHL,47,86,300,217.0,65100.0,2026-04-28 13:57:01.575,2026042804007640
SSHL,58,86,214,217.0,46438.0,2026-04-28 13:57:01.575,2026042804007639
SSHL,34,86,100,217.1,21710.0,2026-04-28 13:57:01.574,2026042804007638
SSHL,44,86,20,217.1,4342.0,2026-04-28 13:57:01.573,2026042804007637
SSHL,44,86,20,217.1,4342.0,2026-04-28 13:57:01.572,2026042804007636
SSHL,38,86,660,217.1,143286.0,2026-04-28 13:57:01.572,2026042804007635
SSHL,33,86,28,217.1,6078.8,2026-04-28 13:57:01.571,2026042804007634
SSHL,33,22,72,217.1,15631.2,2026-04-28 13:56:50.184,2026042804007625
SSHL,7,22,28,217.2,6081.599999999999,2026-04-28 13:56:50.183,2026042804007624
SSHL,58,59,97,217.7,21116.9,2026-04-28 13:55:22.782,2026042804007445
SSHL,32,59,20,217.7,4354.0,2026-04-28 13:55:09.001,2026042804007409
SSHL,44,59,20,217.7,4354.0,2026-04-28 13:52:20.319,2026042804007233
SSHL,87,59,20,217.7,4354.0,2026-04-28 13:52:17.769,2026042804007231
SSHL,42,59,10,217.7,2177.0,2026-04-28 13:51:58.490,2026042804007219
SSHL,44,59,20,217.7,4354.0,2026-04-28 13:51:38.926,2026042804007201
SSHL,52,86,50,217.8,10890.0,2026-04-28 13:50:14.794,2026042804007150
SSHL,56,45,15,217.8,3267.0,2026-04-28 13:47:17.284,2026042804007032
SSHL,56,58,100,217.5,21750.0,2026-04-28 13:47:17.284,2026042804007031
SSHL,56,34,100,217.4,21740.0,2026-04-28 13:47:17.283,2026042804007030
SSHL,56,62,300,217.2,65160.0,2026-04-28 13:47:17.282,2026042804007029
SSHL,56,86,10,217.1,2171.0,2026-04-28 13:47:17.282,2026042804007028
SSHL,56,86,22,217.1,4776.2,2026-04-28 13:47:17.281,2026042804007027
SSHL,56,86,11,217.1,2388.1,2026-04-28 13:47:17.280,2026042804007026
SSHL,58,86,104,217.1,22578.4,2026-04-28 13:46:52.306,2026042804006998
SSHL,58,58,47,217.0,10199.0,2026-04-28 13:45:53.412,2026042804006976
SSHL,58,58,20,217.0,4340.0,2026-04-28 13:45:42.846,2026042804006974
SSHL,58,4,61,217.0,13237.0,2026-04-28 13:45:41.452,2026042804006973
SSHL,41,86,180,217.1,39078.0,2026-04-28 13:44:42.412,2026042804006905
SSHL,58,56,598,217.0,129766.0,2026-04-28 13:42:33.928,2026042804006817
SSHL,58,16,150,217.0,32550.0,2026-04-28 13:42:03.087,2026042804006799
SSHL,22,57,782,216.5,169303.0,2026-04-28 13:41:33.300,2026042804006776
SSHL,68,57,115,216.5,24897.5,2026-04-28 13:41:33.299,2026042804006775
SSHL,42,57,10,216.5,2165.0,2026-04-28 13:41:33.299,2026042804006774
SSHL,62,57,286,216.5,61919.0,2026-04-28 13:41:33.298,2026042804006773
SSHL,44,57,100,216.6,21660.0,2026-04-28 13:41:33.297,2026042804006772
SSHL,34,57,350,216.6,75810.0,2026-04-28 13:41:33.297,2026042804006771
SSHL,41,57,300,216.7,65010.0,2026-04-28 13:41:33.296,2026042804006770
SSHL,65,57,200,216.7,43340.0,2026-04-28 13:41:33.296,2026042804006769
SSHL,64,57,297,216.8,64389.600000000006,2026-04-28 13:41:33.295,2026042804006768
SSHL,21,57,375,216.9,81337.5,2026-04-28 13:41:33.294,2026042804006767
SSHL,25,57,100,217.0,21700.0,2026-04-28 13:41:33.294,2026042804006766
SSHL,53,57,500,217.0,108500.0,2026-04-28 13:41:33.293,2026042804006765
SSHL,58,57,85,217.0,18445.0,2026-04-28 13:41:33.292,2026042804006764
SSHL,8,62,200,217.2,43440.0,2026-04-28 13:40:43.238,2026042804006721
SSHL,87,62,1000,217.2,217200.0,2026-04-28 13:40:43.237,2026042804006720
SSHL,13,4,39,217.5,8482.5,2026-04-28 13:38:53.529,2026042804006652
SSHL,8,52,50,217.1,10855.0,2026-04-28 13:38:04.646,2026042804006603
SSHL,28,52,50,217.1,10855.0,2026-04-28 13:37:54.244,2026042804006600
SSHL,58,74,100,217.0,21700.0,2026-04-28 13:37:48.515,2026042804006598
SSHL,25,74,100,217.0,21700.0,2026-04-28 13:37:48.515,2026042804006597
SSHL,38,74,200,217.0,43400.0,2026-04-28 13:37:48.515,2026042804006596
SSHL,95,74,100,217.1,21710.0,2026-04-28 13:37:48.514,2026042804006595
SSHL,42,26,570,217.4,123918.0,2026-04-28 13:36:49.226,2026042804006504
SSHL,95,48,800,217.1,173680.0,2026-04-28 13:36:33.948,2026042804006497
SSHL,3,26,50,217.4,10870.0,2026-04-28 13:36:30.661,2026042804006493
SSHL,66,26,460,217.4,100004.0,2026-04-28 13:36:15.189,2026042804006484
SSHL,49,26,10,217.4,2174.0,2026-04-28 13:33:27.782,2026042804006345
SSHL,22,26,10,217.4,2174.0,2026-04-28 13:32:40.437,2026042804006289
SSHL,44,45,237,217.0,51429.0,2026-04-28 13:31:54.348,2026042804006266
SSHL,36,45,250,217.0,54250.0,2026-04-28 13:31:54.348,2026042804006265
SSHL,45,45,13,217.1,2822.3,2026-04-28 13:31:54.347,2026042804006264
SSHL,36,26,250,217.0,54250.0,2026-04-28 13:29:56.832,2026042804006189
SSHL,58,26,40,217.0,8680.0,2026-04-28 13:29:56.832,2026042804006188
SSHL,22,26,210,217.0,45570.0,2026-04-28 13:29:56.831,2026042804006187
SSHL,22,8,20,217.0,4340.0,2026-04-28 13:29:42.780,2026042804006182
SSHL,22,58,90,217.0,19530.0,2026-04-28 13:28:36.294,2026042804006137
SSHL,22,60,180,217.0,39060.0,2026-04-28 13:27:46.574,2026042804006117
SSHL,51,60,100,217.0,21700.0,2026-04-28 13:27:46.574,2026042804006116
SSHL,81,60,450,217.0,97650.0,2026-04-28 13:27:46.573,2026042804006115
SSHL,64,60,300,217.0,65100.0,2026-04-28 13:27:46.572,2026042804006114
SSHL,64,3,700,217.0,151900.0,2026-04-28 13:21:21.549,2026042804005901
SSHL,58,3,300,217.0,65100.0,2026-04-28 13:21:20.506,2026042804005900
SSHL,64,58,10,216.8,2168.0,2026-04-28 13:20:31.673,2026042804005879
SSHL,64,8,615,216.8,133332.0,2026-04-28 13:17:40.786,2026042804005751
SSHL,64,62,78,217.0,16926.0,2026-04-28 13:16:04.105,2026042804005680
SSHL,10,62,1000,217.0,217000.0,2026-04-28 13:14:17.749,2026042804005625
SSHL,49,62,300,217.0,65100.0,2026-04-28 13:13:24.584,2026042804005578
SSHL,57,62,100,217.0,21700.0,2026-04-28 13:13:24.584,2026042804005577
SSHL,49,62,32,217.0,6944.0,2026-04-28 13:13:24.583,2026042804005576
SSHL,58,16,118,217.9,25712.2,2026-04-28 13:12:52.253,2026042804005557
SSHL,41,52,102,217.0,22134.0,2026-04-28 13:10:45.749,2026042804005499
SSHL,52,16,50,217.9,10895.0,2026-04-28 13:10:27.854,2026042804005491
SSHL,38,16,800,217.9,174320.0,2026-04-28 13:09:57.523,2026042804005471
SSHL,63,16,950,217.9,207005.0,2026-04-28 13:09:07.834,2026042804005432
SSHL,51,42,53,217.0,11501.0,2026-04-28 13:06:23.361,2026042804005274
SSHL,43,42,100,217.0,21700.0,2026-04-28 13:06:23.361,2026042804005273
SSHL,32,42,200,217.0,43400.0,2026-04-28 13:06:23.361,2026042804005272
SSHL,53,42,100,217.0,21700.0,2026-04-28 13:06:23.361,2026042804005271
SSHL,16,42,151,217.0,32767.0,2026-04-28 13:06:23.361,2026042804005270
SSHL,17,42,300,217.0,65100.0,2026-04-28 13:06:23.361,2026042804005269
SSHL,7,42,30,217.0,6510.0,2026-04-28 13:06:23.361,2026042804005268
SSHL,58,42,180,217.0,39060.0,2026-04-28 13:06:23.361,2026042804005267
SSHL,58,42,300,217.0,65100.0,2026-04-28 13:06:23.361,2026042804005266
SSHL,16,42,2000,217.0,434000.0,2026-04-28 13:06:23.361,2026042804005265
SSHL,57,42,46,217.0,9982.0,2026-04-28 13:06:23.361,2026042804005264
SSHL,43,42,500,217.0,108500.0,2026-04-28 13:06:23.361,2026042804005263
SSHL,42,42,95,217.0,20615.0,2026-04-28 13:06:23.361,2026042804005262
SSHL,58,42,10,217.0,2170.0,2026-04-28 13:06:23.361,2026042804005261
SSHL,58,42,70,217.0,15190.0,2026-04-28 13:06:23.361,2026042804005260
SSHL,54,42,50,217.0,10850.0,2026-04-28 13:06:23.361,2026042804005259
SSHL,22,42,100,217.0,21700.0,2026-04-28 13:06:23.361,2026042804005258
SSHL,48,42,212,217.0,46004.0,2026-04-28 13:06:23.361,2026042804005257
SSHL,43,42,1000,217.0,217000.0,2026-04-28 13:06:23.361,2026042804005256
SSHL,16,42,2000,217.0,434000.0,2026-04-28 13:06:23.361,2026042804005255
SSHL,34,42,200,217.0,43400.0,2026-04-28 13:06:23.361,2026042804005254
SSHL,49,42,45,217.1,9769.5,2026-04-28 13:06:23.361,2026042804005253
SSHL,58,42,1000,217.1,217100.0,2026-04-28 13:06:23.361,2026042804005252
SSHL,58,42,10,217.2,2172.0,2026-04-28 13:06:23.361,2026042804005251
SSHL,62,42,5362,217.2,1164626.4,2026-04-28 13:06:23.361,2026042804005250
SSHL,64,42,1878,217.3,408089.4,2026-04-28 13:06:23.361,2026042804005249
SSHL,64,35,122,217.3,26510.6,2026-04-28 13:05:26.351,2026042804005217
SSHL,4,35,231,217.3,50196.3,2026-04-28 13:05:26.351,2026042804005216
SSHL,58,35,10,217.4,2174.0,2026-04-28 13:05:26.350,2026042804005215
SSHL,42,35,453,217.4,98482.2,2026-04-28 13:05:26.350,2026042804005214
SSHL,38,35,49,217.5,10657.5,2026-04-28 13:05:26.350,2026042804005213
SSHL,58,5,200,217.8,43560.0,2026-04-28 13:04:41.677,2026042804005180
SSHL,42,51,1000,217.4,217400.0,2026-04-28 13:01:18.198,2026042804004964
SSHL,62,50,310,218.0,67580.0,2026-04-28 13:00:56.152,2026042804004931
SSHL,62,53,500,218.0,109000.0,2026-04-28 13:00:28.664,2026042804004920
SSHL,62,38,20,218.0,4360.0,2026-04-28 13:00:28.664,2026042804004919
SSHL,62,36,170,218.0,37060.0,2026-04-28 13:00:28.664,2026042804004918
SSHL,42,64,1395,217.4,303273.0,2026-04-28 12:59:57.491,2026042804004883
SSHL,57,64,100,217.5,21750.0,2026-04-28 12:59:57.491,2026042804004882
SSHL,21,64,100,217.5,21750.0,2026-04-28 12:59:57.490,2026042804004881
SSHL,74,64,20,217.5,4350.0,2026-04-28 12:59:57.489,2026042804004880
SSHL,34,64,100,217.5,21750.0,2026-04-28 12:59:57.489,2026042804004879
SSHL,42,64,20,217.5,4350.0,2026-04-28 12:59:57.488,2026042804004878
SSHL,57,64,1000,217.5,217500.0,2026-04-28 12:59:57.488,2026042804004877
SSHL,54,64,935,217.6,203456.0,2026-04-28 12:59:57.487,2026042804004876
SSHL,54,8,65,217.6,14144.0,2026-04-28 12:59:40.989,2026042804004850
SSHL,54,8,1000,217.7,217700.0,2026-04-28 12:59:40.989,2026042804004849
SSHL,32,8,235,217.8,51183.0,2026-04-28 12:59:40.988,2026042804004848
SSHL,32,44,15,217.8,3267.0,2026-04-28 12:57:54.008,2026042804004758
SSHL,64,44,785,217.8,170973.0,2026-04-28 12:57:54.007,2026042804004757
SSHL,54,44,200,217.9,43580.0,2026-04-28 12:57:42.834,2026042804004754
SSHL,58,36,230,218.0,50140.0,2026-04-28 12:56:30.203,2026042804004673
SSHL,19,64,40,218.0,8720.0,2026-04-28 12:54:49.101,2026042804004573
SSHL,57,64,496,218.0,108128.0,2026-04-28 12:54:03.110,2026042804004541
SSHL,17,64,500,218.0,109000.0,2026-04-28 12:54:03.109,2026042804004540
SSHL,42,64,100,218.0,21800.0,2026-04-28 12:54:03.109,2026042804004539
SSHL,39,64,94,218.0,20492.0,2026-04-28 12:54:03.108,2026042804004538
SSHL,39,38,15,218.0,3270.0,2026-04-28 12:53:51.094,2026042804004532
SSHL,22,38,25,218.1,5452.5,2026-04-28 12:52:53.695,2026042804004501
SSHL,58,38,20,218.7,4374.0,2026-04-28 12:52:25.278,2026042804004491
SSHL,42,38,17,218.7,3717.9,2026-04-28 12:52:25.277,2026042804004490
SSHL,42,16,443,218.7,96884.1,2026-04-28 12:52:15.117,2026042804004483
SSHL,42,14,540,218.7,118098.0,2026-04-28 12:51:02.563,2026042804004430
SSHL,42,64,10,218.8,2188.0,2026-04-28 12:49:41.533,2026042804004374
SSHL,44,64,90,218.8,19692.0,2026-04-28 12:48:49.182,2026042804004332
SSHL,39,36,50,218.0,10900.0,2026-04-28 12:46:45.665,2026042804004274
SSHL,39,58,50,218.0,10900.0,2026-04-28 12:44:43.342,2026042804004196
SSHL,4,58,50,218.0,10900.0,2026-04-28 12:44:43.341,2026042804004195
SSHL,4,58,27,218.0,5886.0,2026-04-28 12:43:57.305,2026042804004176
SSHL,38,58,10,218.0,2180.0,2026-04-28 12:41:35.752,2026042804004102
SSHL,58,58,63,218.0,13734.0,2026-04-28 12:41:32.453,2026042804004101
SSHL,58,58,117,218.0,25506.0,2026-04-28 12:41:25.239,2026042804004096
SSHL,58,13,164,218.0,35752.0,2026-04-28 12:40:05.946,2026042804004061
SSHL,35,13,36,218.0,7848.0,2026-04-28 12:39:45.421,2026042804004048
SSHL,35,21,109,218.0,23762.0,2026-04-28 12:39:45.421,2026042804004047
SSHL,42,21,10,218.0,2180.0,2026-04-28 12:39:04.893,2026042804004027
SSHL,64,25,15,217.6,3264.0,2026-04-28 12:38:48.471,2026042804004020
SSHL,44,21,100,218.0,21800.0,2026-04-28 12:38:20.130,2026042804003998
SSHL,64,58,200,217.6,43520.0,2026-04-28 12:38:07.708,2026042804003989
SSHL,45,58,100,217.6,21760.0,2026-04-28 12:38:07.707,2026042804003988
SSHL,8,58,615,217.5,133762.5,2026-04-28 12:34:23.062,2026042804003864
SSHL,36,58,40,217.5,8700.0,2026-04-28 12:34:23.061,2026042804003863
SSHL,58,58,15,217.6,3264.0,2026-04-28 12:34:23.061,2026042804003862
SSHL,58,22,10,217.6,2176.0,2026-04-28 12:33:58.973,2026042804003849
SSHL,58,16,40,218.9,8756.0,2026-04-28 12:33:46.454,2026042804003840
SSHL,59,16,17,218.9,3721.3,2026-04-28 12:32:37.770,2026042804003804
SSHL,59,58,1987,217.7,432569.9,2026-04-28 12:31:21.778,2026042804003713
SSHL,52,58,50,217.7,10885.0,2026-04-28 12:31:21.778,2026042804003712
SSHL,43,58,13,218.0,2834.0,2026-04-28 12:31:21.777,2026042804003711
SSHL,43,6,30,218.0,6540.0,2026-04-28 12:30:36.360,2026042804003693
SSHL,43,95,957,218.0,208626.0,2026-04-28 12:30:36.359,2026042804003692
SSHL,42,52,150,217.4,32610.0,2026-04-28 12:24:16.024,2026042804003472
SSHL,44,95,43,218.0,9374.0,2026-04-28 12:23:25.715,2026042804003430
SSHL,44,51,10,218.0,2180.0,2026-04-28 12:23:00.483,2026042804003401
SSHL,42,51,2002,217.4,435234.8,2026-04-28 12:20:06.674,2026042804003256
SSHL,21,51,400,217.4,86960.0,2026-04-28 12:20:06.674,2026042804003255
SSHL,58,51,490,218.0,106820.0,2026-04-28 12:20:06.673,2026042804003254
SSHL,49,51,108,218.0,23544.0,2026-04-28 12:20:06.673,2026042804003253
SSHL,13,22,50,219.0,10950.0,2026-04-28 12:19:56.179,2026042804003244
SSHL,39,22,65,219.0,14235.0,2026-04-28 12:18:13.398,2026042804003179
SSHL,49,45,92,218.0,20056.0,2026-04-28 12:17:44.342,2026042804003167
SSHL,36,45,60,218.0,13080.0,2026-04-28 12:17:44.341,2026042804003166
SSHL,37,45,650,218.0,141700.0,2026-04-28 12:17:44.341,2026042804003165
SSHL,45,45,198,218.9,43342.2,2026-04-28 12:17:44.340,2026042804003164
SSHL,45,86,25,218.9,5472.5,2026-04-28 12:16:07.301,2026042804003108
SSHL,45,50,200,218.9,43780.0,2026-04-28 12:14:19.744,2026042804003057
SSHL,45,16,490,218.9,107261.0,2026-04-28 12:14:17.715,2026042804003049
SSHL,37,49,200,218.0,43600.0,2026-04-28 12:12:51.871,2026042804002995
SSHL,42,16,10,218.9,2189.0,2026-04-28 12:12:23.893,2026042804002982
SSHL,56,22,20,219.0,4380.0,2026-04-28 12:09:28.501,2026042804002853
SSHL,62,16,500,217.3,108650.0,2026-04-28 12:08:25.814,2026042804002829
SSHL,62,36,1138,217.3,247287.4,2026-04-28 12:08:18.680,2026042804002826
SSHL,17,36,50,217.3,10865.0,2026-04-28 12:08:18.680,2026042804002825
SSHL,34,36,200,217.5,43500.0,2026-04-28 12:08:18.680,2026042804002824
SSHL,42,36,250,217.5,54375.0,2026-04-28 12:08:18.680,2026042804002823
SSHL,50,36,500,217.5,108750.0,2026-04-28 12:08:18.680,2026042804002822
SSHL,49,36,43,217.6,9356.8,2026-04-28 12:08:18.680,2026042804002821
SSHL,41,36,500,217.6,108800.0,2026-04-28 12:08:18.680,2026042804002820
SSHL,41,36,1319,218.0,287542.0,2026-04-28 12:08:18.679,2026042804002819
SSHL,41,22,10,218.0,2180.0,2026-04-28 12:08:08.191,2026042804002814
SSHL,41,36,1671,218.0,364278.0,2026-04-28 12:07:15.590,2026042804002785
SSHL,41,36,30,218.0,6540.0,2026-04-28 12:07:15.590,2026042804002784
SSHL,53,36,50,218.0,10900.0,2026-04-28 12:07:15.590,2026042804002783
SSHL,21,36,1200,218.0,261600.0,2026-04-28 12:07:15.590,2026042804002782
SSHL,50,36,200,218.0,43600.0,2026-04-28 12:07:15.589,2026042804002781
SSHL,45,36,45,218.0,9810.0,2026-04-28 12:07:15.589,2026042804002780
SSHL,49,36,300,218.0,65400.0,2026-04-28 12:07:15.589,2026042804002779
SSHL,57,36,150,218.0,32700.0,2026-04-28 12:07:15.589,2026042804002778
SSHL,49,36,200,218.0,43600.0,2026-04-28 12:07:15.589,2026042804002777
SSHL,7,36,20,218.0,4360.0,2026-04-28 12:07:15.589,2026042804002776
SSHL,49,36,266,218.0,57988.0,2026-04-28 12:07:15.589,2026042804002775
SSHL,58,36,468,218.1,102070.8,2026-04-28 12:07:15.588,2026042804002774
SSHL,21,36,400,218.2,87280.0,2026-04-28 12:07:15.588,2026042804002773
SSHL,34,22,10,219.0,2190.0,2026-04-28 12:05:15.399,2026042804002702
SSHL,58,32,320,218.1,69792.0,2026-04-28 12:04:54.213,2026042804002694
SSHL,58,22,1320,219.0,289080.0,2026-04-28 12:03:10.896,2026042804002644
SSHL,58,86,80,218.9,17512.0,2026-04-28 12:03:10.896,2026042804002643
SSHL,58,14,17,218.1,3707.7,2026-04-28 12:02:26.364,2026042804002617
SSHL,52,86,35,218.9,7661.5,2026-04-28 11:59:01.818,2026042804002453
SSHL,52,37,15,218.9,3283.5,2026-04-28 11:59:01.817,2026042804002452
SSHL,21,37,15,218.9,3283.5,2026-04-28 11:58:06.331,2026042804002430
SSHL,44,37,50,218.9,10945.0,2026-04-28 11:57:21.624,2026042804002379
SSHL,52,37,20,218.9,4378.0,2026-04-28 11:57:07.364,2026042804002364
SSHL,49,58,88,218.0,19184.0,2026-04-28 11:55:58.052,2026042804002311
SSHL,49,17,104,218.0,22672.0,2026-04-28 11:55:34.488,2026042804002293
SSHL,25,17,186,218.0,40548.0,2026-04-28 11:55:34.488,2026042804002292
SSHL,25,42,340,218.0,74120.0,2026-04-28 11:55:02.959,2026042804002267
SSHL,25,53,474,218.0,103332.0,2026-04-28 11:54:54.542,2026042804002262
SSHL,39,53,26,218.0,5668.0,2026-04-28 11:54:54.542,2026042804002261
SSHL,39,51,1974,218.0,430332.0,2026-04-28 11:54:00.066,2026042804002208
SSHL,49,51,26,218.0,5668.0,2026-04-28 11:54:00.066,2026042804002207
SSHL,49,45,30,218.0,6540.0,2026-04-28 11:52:46.147,2026042804002133
SSHL,49,36,100,218.0,21800.0,2026-04-28 11:52:28.976,2026042804002111
SSHL,49,45,344,218.0,74992.0,2026-04-28 11:52:15.375,2026042804002099
SSHL,51,45,100,218.0,21800.0,2026-04-28 11:52:15.374,2026042804002098
SSHL,57,45,1484,218.1,323660.4,2026-04-28 11:52:15.374,2026042804002097
SSHL,36,45,1000,218.1,218100.0,2026-04-28 11:52:15.373,2026042804002096
SSHL,50,45,72,218.1,15703.2,2026-04-28 11:52:15.373,2026042804002095
SSHL,45,51,100,218.2,21820.0,2026-04-28 11:51:58.645,2026042804002057
SSHL,50,16,30,218.1,6543.0,2026-04-28 11:51:23.546,2026042804002036
SSHL,50,58,300,218.1,65430.0,2026-04-28 11:50:17.801,2026042804001984
SSHL,50,58,66,218.1,14394.6,2026-04-28 11:48:14.220,2026042804001890
SSHL,50,58,22,218.1,4798.2,2026-04-28 11:47:33.056,2026042804001838
SSHL,58,58,30,218.2,6546.0,2026-04-28 11:47:33.056,2026042804001837
SSHL,50,58,10,218.1,2181.0,2026-04-28 11:43:29.157,2026042804001602
SSHL,63,42,10,220.0,2200.0,2026-04-28 11:43:11.010,2026042804001583
SSHL,36,16,300,219.0,65700.0,2026-04-28 11:42:03.049,2026042804001527
SSHL,36,58,55,219.0,12045.0,2026-04-28 11:41:33.043,2026042804001516
SSHL,36,16,10,218.5,2185.0,2026-04-28 11:41:33.043,2026042804001515
SSHL,36,56,100,218.5,21850.0,2026-04-28 11:41:33.042,2026042804001514
SSHL,36,41,533,218.5,116460.5,2026-04-28 11:41:33.042,2026042804001513
SSHL,6,41,100,218.5,21850.0,2026-04-28 11:41:28.849,2026042804001509
SSHL,49,41,50,218.5,10925.0,2026-04-28 11:41:28.086,2026042804001507
SSHL,11,41,200,218.5,43700.0,2026-04-28 11:41:25.337,2026042804001506
SSHL,21,41,50,218.5,10925.0,2026-04-28 11:40:42.478,2026042804001476
SSHL,25,41,19,218.5,4151.5,2026-04-28 11:40:23.926,2026042804001472
SSHL,51,41,30,218.6,6558.0,2026-04-28 11:40:23.926,2026042804001471
SSHL,11,41,18,219.0,3942.0,2026-04-28 11:40:23.925,2026042804001470
SSHL,11,34,182,219.0,39858.0,2026-04-28 11:40:21.837,2026042804001469
SSHL,51,58,200,218.6,43720.0,2026-04-28 11:39:52.094,2026042804001438
SSHL,51,58,70,218.6,15302.0,2026-04-28 11:39:13.266,2026042804001416
SSHL,58,58,500,218.6,109300.0,2026-04-28 11:39:13.266,2026042804001415
SSHL,45,58,230,218.6,50278.0,2026-04-28 11:39:13.266,2026042804001414
SSHL,60,58,240,218.7,52488.0,2026-04-28 11:38:26.136,2026042804001373
SSHL,11,58,10,218.8,2188.0,2026-04-28 11:38:05.336,2026042804001359
SSHL,14,42,487,220.0,107140.0,2026-04-28 11:37:56.244,2026042804001357
SSHL,14,4,10,219.9,2199.0,2026-04-28 11:37:56.244,2026042804001356
SSHL,14,90,43,219.9,9455.7,2026-04-28 11:37:56.244,2026042804001355
SSHL,11,58,50,219.0,10950.0,2026-04-28 11:37:40.401,2026042804001347
SSHL,11,4,50,219.0,10950.0,2026-04-28 11:36:59.754,2026042804001324
SSHL,11,51,500,219.0,109500.0,2026-04-28 11:36:53.227,2026042804001321
SSHL,45,19,20,218.6,4372.0,2026-04-28 11:34:34.464,2026042804001232
SSHL,58,34,537,218.9,117549.3,2026-04-28 11:33:28.312,2026042804001200
SSHL,41,58,500,218.7,109350.0,2026-04-28 11:33:09.422,2026042804001185
SSHL,42,34,22,219.0,4818.0,2026-04-28 11:32:03.404,2026042804001123
SSHL,6,34,570,219.0,124830.0,2026-04-28 11:32:03.404,2026042804001122
SSHL,94,90,100,219.9,21990.0,2026-04-28 11:31:18.882,2026042804001087
SSHL,6,42,100,219.0,21900.0,2026-04-28 11:30:11.366,2026042804001042
SSHL,6,6,20,219.0,4380.0,2026-04-28 11:29:56.617,2026042804001027
SSHL,6,16,300,219.0,65700.0,2026-04-28 11:29:56.203,2026042804001026
SSHL,6,58,10,219.0,2190.0,2026-04-28 11:29:16.705,2026042804001004
SSHL,58,42,180,220.0,39600.0,2026-04-28 11:28:00.698,2026042804000968
SSHL,68,42,180,220.0,39600.0,2026-04-28 11:25:04.568,2026042804000866
SSHL,68,34,12,220.0,2640.0,2026-04-28 11:25:01.266,2026042804000865
SSHL,68,77,10,220.0,2200.0,2026-04-28 11:24:57.587,2026042804000861
SSHL,68,25,40,220.0,8800.0,2026-04-28 11:24:57.587,2026042804000860
SSHL,68,14,758,219.0,166002.0,2026-04-28 11:24:57.587,2026042804000859
SSHL,66,14,242,219.0,52998.0,2026-04-28 11:24:56.130,2026042804000858
SSHL,66,19,100,219.0,21900.0,2026-04-28 11:22:45.421,2026042804000756
SSHL,49,25,110,220.0,24200.0,2026-04-28 11:21:47.980,2026042804000729
SSHL,66,1,158,219.0,34602.0,2026-04-28 11:18:11.587,2026042804000598
SSHL,22,1,72,219.0,15768.0,2026-04-28 11:18:11.587,2026042804000597
SSHL,19,1,150,219.0,32850.0,2026-04-28 11:18:11.587,2026042804000596
SSHL,52,1,100,219.0,21900.0,2026-04-28 11:18:11.587,2026042804000595
SSHL,56,1,800,219.2,175360.0,2026-04-28 11:18:11.587,2026042804000594
SSHL,41,1,500,219.4,109700.0,2026-04-28 11:18:11.586,2026042804000593
SSHL,35,6,195,220.0,42900.0,2026-04-28 11:17:53.288,2026042804000578
SSHL,35,32,55,220.0,12100.0,2026-04-28 11:17:35.920,2026042804000572
SSHL,58,32,10,220.0,2200.0,2026-04-28 11:17:35.920,2026042804000571
SSHL,34,32,155,220.0,34100.0,2026-04-28 11:17:35.920,2026042804000570
SSHL,49,32,180,220.1,39618.0,2026-04-28 11:17:35.919,2026042804000569
SSHL,49,99,110,220.1,24211.0,2026-04-28 11:17:35.811,2026042804000568
SSHL,49,41,10,220.1,2201.0,2026-04-28 11:17:16.845,2026042804000555
SSHL,49,26,120,220.1,26412.0,2026-04-28 11:16:53.570,2026042804000537
SSHL,49,99,60,220.1,13206.0,2026-04-28 11:16:49.439,2026042804000533
SSHL,36,6,36,220.5,7938.0,2026-04-28 11:16:43.629,2026042804000530
SSHL,42,99,290,220.5,63945.0,2026-04-28 11:16:33.127,2026042804000527
SSHL,28,99,100,220.6,22060.0,2026-04-28 11:16:18.142,2026042804000514
SSHL,36,42,173,221.0,38233.0,2026-04-28 11:14:17.577,2026042804000439
SSHL,36,6,500,221.5,110750.0,2026-04-28 11:13:16.238,2026042804000385
SSHL,42,45,10,220.5,2205.0,2026-04-28 11:12:25.912,2026042804000362
SSHL,49,58,10,220.1,2201.0,2026-04-28 11:12:12.017,2026042804000348
SSHL,58,42,35,221.6,7756.0,2026-04-28 11:12:11.423,2026042804000347
SSHL,36,58,200,221.0,44200.0,2026-04-28 11:11:38.002,2026042804000330
SSHL,49,58,10,220.1,2201.0,2026-04-28 11:11:17.701,2026042804000317
SSHL,34,64,10,220.0,2200.0,2026-04-28 11:10:29.732,2026042804000288
SSHL,3,1,120,221.7,26604.0,2026-04-28 11:10:26.482,2026042804000284
SSHL,34,19,20,220.0,4400.0,2026-04-28 11:10:09.273,2026042804000273
SSHL,8,58,1,220.0,220.0,2026-04-28 11:08:38.251,2026042804000218
SSHL,11,22,50,220.0,11000.0,2026-04-28 11:07:38.480,2026042804000186
SSHL,56,44,200,219.2,43840.0,2026-04-28 11:05:47.597,2026042804000146
SSHL,68,32,1600,223.0,356800.0,2026-04-28 11:04:16.672,2026042804000108
SSHL,68,16,500,223.0,111500.0,2026-04-28 11:04:16.672,2026042804000107
SSHL,68,39,300,223.0,66900.0,2026-04-28 11:04:16.672,2026042804000106
SSHL,68,62,300,223.0,66900.0,2026-04-28 11:04:16.672,2026042804000105
SSHL,68,16,300,221.0,66300.0,2026-04-28 11:04:16.671,2026042804000104
SSHL,34,62,300,221.0,66300.0,2026-04-28 11:03:28.355,2026042804000085
SSHL,25,44,181,218.5,39548.5,2026-04-28 11:01:12.815,2026042804000045
SSHL,58,58,195,217.2,42354.0,2026-04-28 11:00:57.051,2026042804000042
SSHL,95,58,1000,218.0,218000.0,2026-04-28 11:00:57.051,2026042804000041
SSHL,7,58,20,218.0,4360.0,2026-04-28 11:00:57.051,2026042804000040
SSHL,58,44,19,218.5,4151.5,2026-04-28 11:00:28.860,2026042804000031
