Date,S.N.,Contract ID,Symbol,Buyer Broker,Seller Broker,volume,rate,amount,transaction_time
2025-08-26,44828,2025082601000041,GBIME,ABC Securities Private Limited,K.B.L. Securities Limited ,1000,251.0,251000.0,2025-08-26 11:03:39.306159
2025-08-26,44757,2025082601000055,GBIME,Dynamic Money Managers Securities Pvt. Ltd.,ABC Securities Private Limited,36,251.5,9054.0,2025-08-26 11:04:22.705938
2025-08-26,44284,2025082601000142,GBIME,KALASH STOCK MARKET PVT. LTD.,Kumari Securities Private Limited,500,253.0,126500.0,2025-08-26 11:09:09.166765
2025-08-26,44283,2025082601000143,GBIME,KALASH STOCK MARKET PVT. LTD.,Sundhara Securities Limited,500,253.0,126500.0,2025-08-26 11:09:09.166963
2025-08-26,44277,2025082601000144,GBIME,Naasa Securities Co. Ltd.,Dynamic Money Managers Securities Pvt. Ltd.,10,252.0,2520.0,2025-08-26 11:09:12.307477
2025-08-26,44108,2025082601000185,GBIME,Naasa Securities Co. Ltd.,Linch Stock Market Ltd.,2990,252.0,753480.0,2025-08-26 11:10:31.906179
2025-08-26,44035,2025082601000196,GBIME,Kumari Securities Private Limited,Linch Stock Market Ltd.,100,251.6,25160.0,2025-08-26 11:11:10.092151
2025-08-26,44034,2025082601000197,GBIME,Dynamic Money Managers Securities Pvt. Ltd.,Linch Stock Market Ltd.,464,251.5,116696.0,2025-08-26 11:11:10.092258
2025-08-26,44033,2025082601000198,GBIME,ABC Securities Private Limited,Linch Stock Market Ltd.,4000,251.0,1004000.0,2025-08-26 11:11:10.092309
2025-08-26,44032,2025082601000199,GBIME,Imperial Securities Company Pvt. Ltd.,Linch Stock Market Ltd.,35,251.0,8785.0,2025-08-26 11:11:10.092351
2025-08-26,43466,2025082601000296,GBIME,J.F. Securites (PVT) Ltd.,Nabil Stock Dealer Ltd.,50,250.0,12500.0,2025-08-26 11:15:15.118166
2025-08-26,43304,2025082601000343,GBIME,Online Securities Pvt. Ltd.,Sweta Securities Private Limited,1,251.0,251.0,2025-08-26 11:16:43.158418
2025-08-26,43250,2025082601000347,GBIME,Machhapuchchhre Securities Limited,Linch Stock Market Ltd.,10,251.0,2510.0,2025-08-26 11:17:12.237747
2025-08-26,42312,2025082601000533,GBIME,J.F. Securites (PVT) Ltd.,Aryatara Investment & Securities,450,250.0,112500.0,2025-08-26 11:23:06.164909
2025-08-26,42311,2025082601000534,GBIME,Premier Securities Company Ltd.,Aryatara Investment & Securities,68,250.0,17000.0,2025-08-26 11:23:06.165169
2025-08-26,42126,2025082601000587,GBIME,Online Securities Pvt. Ltd.,Midas Stock Broking Company Private Limited,1,251.0,251.0,2025-08-26 11:24:19.582284
2025-08-26,41923,2025082601000619,GBIME,Sani Securities Company Ltd.,Linch Stock Market Ltd.,63,251.0,15813.0,2025-08-26 11:26:03.030969
2025-08-26,41577,2025082601000695,GBIME,Sani Securities Company Ltd.,Naasa Securities Co. Ltd.,20,250.1,5002.0,2025-08-26 11:28:37.355702
2025-08-26,41576,2025082601000696,GBIME,Premier Securities Company Ltd.,Naasa Securities Co. Ltd.,110,250.0,27500.0,2025-08-26 11:28:37.355747
2025-08-26,41419,2025082601000760,GBIME,Premier Securities Company Ltd.,Sumeru Securities Pvt. Ltd.,22,250.0,5500.0,2025-08-26 11:29:27.008446
2025-08-26,41418,2025082601000761,GBIME,Nabil Stock Dealer Ltd.,Sumeru Securities Pvt. Ltd.,20,250.0,5000.0,2025-08-26 11:29:27.008649
2025-08-26,41417,2025082601000762,GBIME,Sundhara Securities Limited,Sumeru Securities Pvt. Ltd.,100,250.0,25000.0,2025-08-26 11:29:27.008729
2025-08-26,41416,2025082601000763,GBIME,KALASH STOCK MARKET PVT. LTD.,Sumeru Securities Pvt. Ltd.,358,250.0,89500.0,2025-08-26 11:29:27.008792
2025-08-26,40986,2025082601000871,GBIME,Indira securities pvt. ltd,Linch Stock Market Ltd.,328,251.0,82328.0,2025-08-26 11:32:48.610888
2025-08-26,40527,2025082601000975,GBIME,Naasa Securities Co. Ltd.,Naasa Securities Co. Ltd.,39,250.8,9781.2,2025-08-26 11:36:07.647869
2025-08-26,40432,2025082601001013,GBIME,KALASH STOCK MARKET PVT. LTD.,Sumeru Securities Pvt. Ltd.,41,250.0,10250.0,2025-08-26 11:36:49.459421
2025-08-26,40421,2025082601001021,GBIME,Nepal Stock House (PVT) Ltd.,Sani Securities Company Ltd.,4,251.0,1004.0,2025-08-26 11:36:52.863858
2025-08-26,39665,2025082601001293,GBIME,Deevyaa Securities & Stock House Pvt. Ltd,Naasa Securities Co. Ltd.,21,250.8,5266.8,2025-08-26 11:42:26.105408
2025-08-26,39615,2025082601001333,GBIME,Online Securities Pvt. Ltd.,Bhrikuti Stock Broking Co. Pvt. Ltd.,77,251.0,19327.0,2025-08-26 11:42:32.595424
2025-08-26,39066,2025082601001509,GBIME,Online Securities Pvt. Ltd.,Online Securities Pvt. Ltd.,2,250.0,500.0,2025-08-26 11:45:49.505503
2025-08-26,39052,2025082601001513,GBIME,Midas Stock Broking Company Private Limited,Bhrikuti Stock Broking Co. Pvt. Ltd.,10,251.0,2510.0,2025-08-26 11:45:54.959053
2025-08-26,38774,2025082601001566,GBIME,Online Securities Pvt. Ltd.,Naasa Securities Co. Ltd.,5,250.0,1250.0,2025-08-26 11:47:24.960606
2025-08-26,38375,2025082601001651,GBIME,Deevyaa Securities & Stock House Pvt. Ltd,Opal Securities Investment (PVT) Ltd.,50,250.1,12505.0,2025-08-26 11:50:37.124736
2025-08-26,38288,2025082601001664,GBIME,Deevyaa Securities & Stock House Pvt. Ltd,Naasa Securities Co. Ltd.,10,250.1,2501.0,2025-08-26 11:51:09.558138
2025-08-26,37875,2025082601001747,GBIME,Deevyaa Securities & Stock House Pvt. Ltd,Indira securities pvt. ltd,119,250.1,29761.9,2025-08-26 11:53:54.413375
2025-08-26,37874,2025082601001748,GBIME,Primo Securities (PVT) Ltd.,Indira securities pvt. ltd,500,250.1,125050.0,2025-08-26 11:53:54.413771
2025-08-26,37873,2025082601001749,GBIME,KALASH STOCK MARKET PVT. LTD.,Indira securities pvt. ltd,601,250.0,150250.0,2025-08-26 11:53:54.414008
2025-08-26,37872,2025082601001750,GBIME,Naasa Securities Co. Ltd.,Indira securities pvt. ltd,11,250.0,2750.0,2025-08-26 11:53:54.414258
2025-08-26,37871,2025082601001751,GBIME,Naasa Securities Co. Ltd.,Indira securities pvt. ltd,150,250.0,37500.0,2025-08-26 11:53:54.414525
2025-08-26,37870,2025082601001752,GBIME,Premier Securities Company Ltd.,Indira securities pvt. ltd,100,250.0,25000.0,2025-08-26 11:53:54.414742
2025-08-26,37869,2025082601001753,GBIME,Midas Stock Broking Company Private Limited,Indira securities pvt. ltd,70,250.0,17500.0,2025-08-26 11:53:54.414982
2025-08-26,37868,2025082601001754,GBIME,Vision Securities Pvt. Ltd,Indira securities pvt. ltd,2000,250.0,500000.0,2025-08-26 11:53:54.415222
2025-08-26,37867,2025082601001755,GBIME,Imperial Securities Company Pvt. Ltd.,Indira securities pvt. ltd,54,250.0,13500.0,2025-08-26 11:53:54.415459
2025-08-26,37769,2025082601001788,GBIME,Machhapuchchhre Securities Limited,Indira securities pvt. ltd,10,250.9,2509.0,2025-08-26 11:54:42.749163
2025-08-26,37736,2025082601001792,GBIME,Imperial Securities Company Pvt. Ltd.,Sundhara Securities Limited,27,250.0,6750.0,2025-08-26 11:55:00.624649
2025-08-26,37641,2025082601001822,GBIME,Imperial Securities Company Pvt. Ltd.,Aryatara Investment & Securities,39,250.0,9750.0,2025-08-26 11:55:59.571631
2025-08-26,37640,2025082601001823,GBIME,Himalayan Brokerage Company Limited,Aryatara Investment & Securities,100,250.0,25000.0,2025-08-26 11:55:59.571831
2025-08-26,37639,2025082601001824,GBIME,Imperial Securities Company Pvt. Ltd.,Aryatara Investment & Securities,10,250.0,2500.0,2025-08-26 11:55:59.571906
2025-08-26,37636,2025082601001825,GBIME,Machhapuchchhre Securities Limited,Indira securities pvt. ltd,10,250.9,2509.0,2025-08-26 11:56:02.961639
2025-08-26,37588,2025082601001838,GBIME,Imperial Securities Company Pvt. Ltd.,Agrawal Securities (PVT) Ltd.,10,250.0,2500.0,2025-08-26 11:56:33.972743
2025-08-26,37536,2025082601001851,GBIME,ABC Securities Private Limited,Nagarik Stock Dealer ,50,250.0,12500.0,2025-08-26 11:56:56.474114
2025-08-26,37494,2025082601001866,GBIME,Online Securities Pvt. Ltd.,Indira securities pvt. ltd,110,249.7,27467.0,2025-08-26 11:57:11.912875
2025-08-26,37493,2025082601001867,GBIME,Kumari Securities Private Limited,Indira securities pvt. ltd,500,249.7,124850.0,2025-08-26 11:57:11.913044
2025-08-26,37492,2025082601001868,GBIME,Oxford Securities Pvt. Ltd.,Indira securities pvt. ltd,500,249.6,124800.0,2025-08-26 11:57:11.913124
2025-08-26,37491,2025082601001869,GBIME,Linch Stock Market Ltd.,Indira securities pvt. ltd,200,249.6,49920.0,2025-08-26 11:57:11.913196
2025-08-26,37490,2025082601001870,GBIME,Oxford Securities Pvt. Ltd.,Indira securities pvt. ltd,1000,249.5,249500.0,2025-08-26 11:57:11.913268
2025-08-26,37489,2025082601001871,GBIME,Shree Krishna Securities Ltd.,Indira securities pvt. ltd,5000,249.5,1247500.0,2025-08-26 11:57:11.913337
2025-08-26,37488,2025082601001872,GBIME,ABC Securities Private Limited,Indira securities pvt. ltd,50,249.1,12455.0,2025-08-26 11:57:11.913408
2025-08-26,37487,2025082601001873,GBIME,Naasa Securities Co. Ltd.,Indira securities pvt. ltd,49,249.1,12205.9,2025-08-26 11:57:11.913477
2025-08-26,37486,2025082601001874,GBIME,Dynamic Money Managers Securities Pvt. Ltd.,Indira securities pvt. ltd,571,249.0,142179.0,2025-08-26 11:57:11.913559
2025-08-26,37283,2025082601001963,GBIME,Dynamic Money Managers Securities Pvt. Ltd.,Secured Securities Ltd.,429,249.0,106821.0,2025-08-26 11:58:42.344338
2025-08-26,37282,2025082601001964,GBIME,Sweta Securities Private Limited,Secured Securities Ltd.,211,249.0,52539.0,2025-08-26 11:58:42.344678
2025-08-26,37196,2025082601001979,GBIME,Machhapuchchhre Securities Limited,Bhrikuti Stock Broking Co. Pvt. Ltd.,10,251.0,2510.0,2025-08-26 11:59:36.507359
2025-08-26,36689,2025082601002084,GBIME,Capital Max Securities Ltd,Bhrikuti Stock Broking Co. Pvt. Ltd.,15,251.0,3765.0,2025-08-26 12:03:10.358245
2025-08-26,36412,2025082601002130,GBIME,Online Securities Pvt. Ltd.,Imperial Securities Company Pvt. Ltd.,3,250.0,750.0,2025-08-26 12:05:07.124307
2025-08-26,36086,2025082601002258,GBIME,Machhapuchchhre Securities Limited,Sani Securities Company Ltd.,10,250.0,2500.0,2025-08-26 12:06:48.346110
2025-08-26,36085,2025082601002259,GBIME,Siprabi Securities Pvt. Ltd.,Sani Securities Company Ltd.,10,250.0,2500.0,2025-08-26 12:06:48.346330
2025-08-26,35935,2025082601002317,GBIME,Kohinoor Investment & Securities Pvt. Ltd.,Trisul Securities & Invt. Ltd.,315,249.3,78529.5,2025-08-26 12:07:58.107232
2025-08-26,35934,2025082601002318,GBIME,South Asian Bulls Pvt. Ltd.,Trisul Securities & Invt. Ltd.,70,249.2,17444.0,2025-08-26 12:07:58.107286
2025-08-26,35933,2025082601002319,GBIME,Kumari Securities Private Limited,Trisul Securities & Invt. Ltd.,30,249.1,7473.0,2025-08-26 12:07:58.107323
2025-08-26,35932,2025082601002320,GBIME,Primo Securities (PVT) Ltd.,Trisul Securities & Invt. Ltd.,420,249.1,104622.0,2025-08-26 12:07:58.107358
2025-08-26,35929,2025082601002321,GBIME,Oxford Securities Pvt. Ltd.,Aryatara Investment & Securities,1,245.0,245.0,2025-08-26 12:08:00.791624
2025-08-26,35854,2025082601002348,GBIME,Primo Securities (PVT) Ltd.,Creative Securities Pvt Ltd,25,249.1,6227.5,2025-08-26 12:08:25.688739
2025-08-26,35792,2025082601002374,GBIME,Oxford Securities Pvt. Ltd.,ABC Securities Private Limited,1,245.1,245.1,2025-08-26 12:08:49.994138
2025-08-26,35502,2025082601002483,GBIME,Kumari Securities Private Limited,Agrawal Securities (PVT) Ltd.,30,249.2,7476.0,2025-08-26 12:10:33.617146
2025-08-26,35501,2025082601002484,GBIME,Citizens Share Broker Limited,Agrawal Securities (PVT) Ltd.,12,249.1,2989.2,2025-08-26 12:10:33.617205
2025-08-26,35500,2025082601002485,GBIME,Sweta Securities Private Limited,Agrawal Securities (PVT) Ltd.,39,249.0,9711.0,2025-08-26 12:10:33.617241
2025-08-26,35499,2025082601002486,GBIME,Sweta Securities Private Limited,Agrawal Securities (PVT) Ltd.,415,249.0,103335.0,2025-08-26 12:10:33.617286
2025-08-26,35472,2025082601002498,GBIME,Machhapuchchhre Securities Limited,Sani Securities Company Ltd.,10,250.0,2500.0,2025-08-26 12:10:42.151652
2025-08-26,35347,2025082601002527,GBIME,Kumari Securities Private Limited,Trisul Securities & Invt. Ltd.,30,249.1,7473.0,2025-08-26 12:11:56.112100
2025-08-26,35346,2025082601002528,GBIME,Sweta Securities Private Limited,Trisul Securities & Invt. Ltd.,206,249.0,51294.0,2025-08-26 12:11:56.112168
2025-08-26,35150,2025082601002593,GBIME,Sweta Securities Private Limited,Linch Stock Market Ltd.,10,249.1,2491.0,2025-08-26 12:13:03.054650
2025-08-26,35137,2025082601002597,GBIME,Sweta Securities Private Limited,Linch Stock Market Ltd.,490,249.1,122059.0,2025-08-26 12:13:12.078124
2025-08-26,35136,2025082601002598,GBIME,Sweta Securities Private Limited,Linch Stock Market Ltd.,1179,249.0,293571.0,2025-08-26 12:13:12.078475
2025-08-26,35135,2025082601002599,GBIME,Sweta Securities Private Limited,Linch Stock Market Ltd.,1331,249.0,331419.0,2025-08-26 12:13:12.078713
2025-08-26,35114,2025082601002601,GBIME,Sweta Securities Private Limited,Linch Stock Market Ltd.,469,249.0,116781.0,2025-08-26 12:13:21.101617
2025-08-26,35113,2025082601002602,GBIME,Sundhara Securities Limited,Linch Stock Market Ltd.,831,249.0,206919.0,2025-08-26 12:13:21.101802
2025-08-26,34588,2025082601002797,GBIME,Machhapuchchhre Securities Limited,Sani Securities Company Ltd.,10,250.0,2500.0,2025-08-26 12:16:32.006534
2025-08-26,34483,2025082601002831,GBIME,Kumari Securities Private Limited,Nagarik Stock Dealer ,50,249.2,12460.0,2025-08-26 12:17:28.329536
2025-08-26,34482,2025082601002832,GBIME,Kumari Securities Private Limited,Nagarik Stock Dealer ,50,249.1,12455.0,2025-08-26 12:17:28.329907
2025-08-26,34481,2025082601002833,GBIME,Primo Securities (PVT) Ltd.,Nagarik Stock Dealer ,105,249.1,26155.5,2025-08-26 12:17:28.330152
2025-08-26,34480,2025082601002834,GBIME,Deevyaa Securities & Stock House Pvt. Ltd,Nagarik Stock Dealer ,795,249.1,198034.5,2025-08-26 12:17:28.330366
2025-08-26,34474,2025082601002835,GBIME,Online Securities Pvt. Ltd.,Creative Securities Pvt Ltd,2,249.0,498.0,2025-08-26 12:17:28.733833
2025-08-26,34447,2025082601002840,GBIME,Machhapuchchhre Securities Limited,Sani Securities Company Ltd.,10,250.0,2500.0,2025-08-26 12:17:43.211658
2025-08-26,34283,2025082601002903,GBIME,Deevyaa Securities & Stock House Pvt. Ltd,Thrive Brokerage House Pvt. Ltd,13,249.1,3238.3,2025-08-26 12:18:26.537803
2025-08-26,34213,2025082601002926,GBIME,Deevyaa Securities & Stock House Pvt. Ltd,KALASH STOCK MARKET PVT. LTD.,192,249.1,47827.2,2025-08-26 12:19:01.684690
2025-08-26,34212,2025082601002927,GBIME,Opal Securities Investment (PVT) Ltd.,KALASH STOCK MARKET PVT. LTD.,100,249.1,24910.0,2025-08-26 12:19:01.685069
2025-08-26,34211,2025082601002928,GBIME,Imperial Securities Company Pvt. Ltd.,KALASH STOCK MARKET PVT. LTD.,40,249.1,9964.0,2025-08-26 12:19:01.685294
2025-08-26,34210,2025082601002929,GBIME,Sundhara Securities Limited,KALASH STOCK MARKET PVT. LTD.,169,249.0,42081.0,2025-08-26 12:19:01.685537
2025-08-26,34209,2025082601002930,GBIME,Secured Securities Ltd.,KALASH STOCK MARKET PVT. LTD.,140,249.0,34860.0,2025-08-26 12:19:01.685756
2025-08-26,34208,2025082601002931,GBIME,Trishakti Securities Public Limited,KALASH STOCK MARKET PVT. LTD.,60,249.0,14940.0,2025-08-26 12:19:01.685962
2025-08-26,34207,2025082601002932,GBIME,Kohinoor Investment & Securities Pvt. Ltd.,KALASH STOCK MARKET PVT. LTD.,823,249.0,204927.0,2025-08-26 12:19:01.686193
2025-08-26,33952,2025082601002993,GBIME,Machhapuchchhre Securities Limited,Sani Securities Company Ltd.,10,250.0,2500.0,2025-08-26 12:20:48.753175
2025-08-26,33581,2025082601003132,GBIME,Online Securities Pvt. Ltd.,Dipshikha Dhitopatra Karobar Co. Pvt Ltd.,1,246.0,246.0,2025-08-26 12:23:45.840209
2025-08-26,33360,2025082601003220,GBIME,Online Securities Pvt. Ltd.,Naasa Securities Co. Ltd.,1,245.0,245.0,2025-08-26 12:25:19.502512
2025-08-26,32728,2025082601003438,GBIME,Online Securities Pvt. Ltd.,Neev Securities Pvt. Ltd.,4,249.0,996.0,2025-08-26 12:29:16.792651
2025-08-26,32645,2025082601003466,GBIME,Premier Securities Company Ltd.,Bhrikuti Stock Broking Co. Pvt. Ltd.,204,249.4,50877.6,2025-08-26 12:29:36.883659
2025-08-26,32362,2025082601003578,GBIME,Kumari Securities Private Limited,Sani Securities Company Ltd.,100,250.0,25000.0,2025-08-26 12:30:59.256010
2025-08-26,31873,2025082601003746,GBIME,Kumari Securities Private Limited,Sani Securities Company Ltd.,200,250.0,50000.0,2025-08-26 12:33:29.777443
2025-08-26,31313,2025082601003986,GBIME,Naasa Securities Co. Ltd.,Sani Securities Company Ltd.,40,250.0,10000.0,2025-08-26 12:35:50.539193
2025-08-26,31297,2025082601003989,GBIME,Himalayan Securities Limited,Sani Securities Company Ltd.,140,250.0,35000.0,2025-08-26 12:35:57.546306
2025-08-26,31241,2025082601004003,GBIME,Himalayan Securities Limited,Agrawal Securities (PVT) Ltd.,60,250.0,15000.0,2025-08-26 12:36:27.542386
2025-08-26,31235,2025082601004005,GBIME,Opal Securities Investment (PVT) Ltd.,Agrawal Securities (PVT) Ltd.,100,250.0,25000.0,2025-08-26 12:36:29.226290
2025-08-26,30895,2025082601004081,GBIME,Investment Management Nepal Pvt. Ltd.,Agrawal Securities (PVT) Ltd.,200,250.0,50000.0,2025-08-26 12:38:29.745776
2025-08-26,30677,2025082601004174,GBIME,Online Securities Pvt. Ltd.,Opal Securities Investment (PVT) Ltd.,1,250.0,250.0,2025-08-26 12:39:51.719858
2025-08-26,30617,2025082601004208,GBIME,Sani Securities Company Ltd.,Bhrikuti Stock Broking Co. Pvt. Ltd.,20,251.0,5020.0,2025-08-26 12:40:04.634047
2025-08-26,30326,2025082601004297,GBIME,Online Securities Pvt. Ltd.,Siprabi Securities Pvt. Ltd.,1,250.0,250.0,2025-08-26 12:41:47.411730
2025-08-26,30044,2025082601004370,GBIME,Online Securities Pvt. Ltd.,Sani Securities Company Ltd.,1,250.0,250.0,2025-08-26 12:43:19.269914
2025-08-26,29624,2025082601004499,GBIME,Online Securities Pvt. Ltd.,Sani Securities Company Ltd.,1,250.0,250.0,2025-08-26 12:46:18.434915
2025-08-26,28858,2025082601004697,GBIME,Premier Securities Company Ltd.,Bhrikuti Stock Broking Co. Pvt. Ltd.,203,251.0,50953.0,2025-08-26 12:50:46.718120
2025-08-26,28857,2025082601004698,GBIME,Premier Securities Company Ltd.,Naasa Securities Co. Ltd.,109,251.0,27359.0,2025-08-26 12:50:46.718361
2025-08-26,28856,2025082601004699,GBIME,Premier Securities Company Ltd.,Naasa Securities Co. Ltd.,36,251.0,9036.0,2025-08-26 12:50:46.718473
2025-08-26,28855,2025082601004700,GBIME,Premier Securities Company Ltd.,Vision Securities Pvt. Ltd,60,251.0,15060.0,2025-08-26 12:50:46.718603
2025-08-26,28854,2025082601004701,GBIME,Premier Securities Company Ltd.,INDEX SECURITIES LIMITED,110,251.0,27610.0,2025-08-26 12:50:46.718749
2025-08-26,28748,2025082601004724,GBIME,Premier Securities Company Ltd.,Capital Max Securities Ltd,234,251.0,58734.0,2025-08-26 12:51:28.802441
2025-08-26,28667,2025082601004730,GBIME,Premier Securities Company Ltd.,Imperial Securities Company Pvt. Ltd.,944,251.0,236944.0,2025-08-26 12:51:55.541325
2025-08-26,28603,2025082601004739,GBIME,Indira securities pvt. ltd,Linch Stock Market Ltd.,2,251.0,502.0,2025-08-26 12:52:19.270758
2025-08-26,28381,2025082601004788,GBIME,Dakshinkali Investment & Securities Pvt. Ltd.,Pragyan Securities (PVT) Ltd.,45,250.2,11259.0,2025-08-26 12:53:46.616506
2025-08-26,28014,2025082601004878,GBIME,Naasa Securities Co. Ltd.,Arun Securities (PVT) Ltd.,7,251.0,1757.0,2025-08-26 12:56:00.182862
2025-08-26,27611,2025082601004995,GBIME,Himalayan Securities Limited,Imperial Securities Company Pvt. Ltd.,60,251.0,15060.0,2025-08-26 12:58:28.011687
2025-08-26,27532,2025082601005013,GBIME,Aryatara Investment & Securities,Imperial Securities Company Pvt. Ltd.,185,251.0,46435.0,2025-08-26 12:58:52.047130
2025-08-26,27439,2025082601005048,GBIME,Oxford Securities Pvt. Ltd.,Secured Securities Ltd.,10,250.4,2504.0,2025-08-26 12:59:15.567170
2025-08-26,27077,2025082601005130,GBIME,Premier Securities Company Ltd.,Imperial Securities Company Pvt. Ltd.,10,251.0,2510.0,2025-08-26 13:01:34.880276
2025-08-26,26981,2025082601005156,GBIME,Sweta Securities Private Limited,Imperial Securities Company Pvt. Ltd.,200,251.0,50200.0,2025-08-26 13:02:05.509491
2025-08-26,26850,2025082601005188,GBIME,South Asian Bulls Pvt. Ltd.,Premier Securities Company Ltd.,150,250.5,37575.0,2025-08-26 13:02:59.229146
2025-08-26,26849,2025082601005189,GBIME,Vision Securities Pvt. Ltd,Premier Securities Company Ltd.,300,250.5,75150.0,2025-08-26 13:02:59.229241
2025-08-26,26848,2025082601005190,GBIME,Oxford Securities Pvt. Ltd.,Premier Securities Company Ltd.,50,250.4,12520.0,2025-08-26 13:02:59.229318
2025-08-26,26546,2025082601005245,GBIME,Premier Securities Company Ltd.,Imperial Securities Company Pvt. Ltd.,10,251.0,2510.0,2025-08-26 13:04:37.620552
2025-08-26,26210,2025082601005330,GBIME,Primo Securities (PVT) Ltd.,Agrawal Securities (PVT) Ltd.,10,250.5,2505.0,2025-08-26 13:06:35.804295
2025-08-26,26073,2025082601005364,GBIME,Naasa Securities Co. Ltd.,Imperial Securities Company Pvt. Ltd.,25,251.0,6275.0,2025-08-26 13:07:24.594723
2025-08-26,25896,2025082601005409,GBIME,Primo Securities (PVT) Ltd.,Trisul Securities & Invt. Ltd.,28,250.5,7014.0,2025-08-26 13:08:32.828628
2025-08-26,25660,2025082601005474,GBIME,Primo Securities (PVT) Ltd.,Secured Securities Ltd.,62,250.5,15531.0,2025-08-26 13:09:55.316522
2025-08-26,25659,2025082601005475,GBIME,Naasa Securities Co. Ltd.,Secured Securities Ltd.,10,250.5,2505.0,2025-08-26 13:09:55.316754
2025-08-26,25658,2025082601005476,GBIME,Oxford Securities Pvt. Ltd.,Secured Securities Ltd.,2940,250.4,736176.0,2025-08-26 13:09:55.316861
2025-08-26,25657,2025082601005477,GBIME,Imperial Securities Company Pvt. Ltd.,Secured Securities Ltd.,156,250.4,39062.4,2025-08-26 13:09:55.316958
2025-08-26,25656,2025082601005478,GBIME,Shree Krishna Securities Ltd.,Secured Securities Ltd.,4832,250.3,1209449.6,2025-08-26 13:09:55.317069
2025-08-26,25640,2025082601005481,GBIME,Premier Securities Company Ltd.,Sani Securities Company Ltd.,10,250.6,2506.0,2025-08-26 13:10:02.024247
2025-08-26,25639,2025082601005482,GBIME,Premier Securities Company Ltd.,Imperial Securities Company Pvt. Ltd.,10,251.0,2510.0,2025-08-26 13:10:02.024285
2025-08-26,24804,2025082601005661,GBIME,Sundhara Securities Limited,Premier Securities Company Ltd.,90,250.8,22572.0,2025-08-26 13:16:11.788548
2025-08-26,24534,2025082601005737,GBIME,Premier Securities Company Ltd.,Imperial Securities Company Pvt. Ltd.,10,251.0,2510.0,2025-08-26 13:18:28.437207
2025-08-26,24199,2025082601005833,GBIME,Imperial Securities Company Pvt. Ltd.,Imperial Securities Company Pvt. Ltd.,746,251.0,187246.0,2025-08-26 13:20:26.170806
2025-08-26,24198,2025082601005834,GBIME,Imperial Securities Company Pvt. Ltd.,Stoxkarts Securities Limited,141,251.0,35391.0,2025-08-26 13:20:26.171099
2025-08-26,24197,2025082601005835,GBIME,Imperial Securities Company Pvt. Ltd.,Asian Securities Private Ltd.,300,251.0,75300.0,2025-08-26 13:20:26.171230
2025-08-26,24196,2025082601005836,GBIME,Imperial Securities Company Pvt. Ltd.,Blue Chip Securities Ltd,250,251.0,62750.0,2025-08-26 13:20:26.171334
2025-08-26,24195,2025082601005837,GBIME,Imperial Securities Company Pvt. Ltd.,Nepal Investment And Securities Trading Private Limited,50,251.0,12550.0,2025-08-26 13:20:26.171433
2025-08-26,24114,2025082601005856,GBIME,Imperial Securities Company Pvt. Ltd.,Premier Securities Company Ltd.,10,251.0,2510.0,2025-08-26 13:21:09.264741
2025-08-26,24070,2025082601005867,GBIME,Investment Management Nepal Pvt. Ltd.,Online Securities Pvt. Ltd.,130,250.4,32552.0,2025-08-26 13:21:38.390870
2025-08-26,24041,2025082601005871,GBIME,Premier Securities Company Ltd.,Property Wiard Limited,10,251.5,2515.0,2025-08-26 13:21:47.498950
2025-08-26,23688,2025082601005988,GBIME,INDEX SECURITIES LIMITED,Property Wiard Limited,175,251.5,44012.5,2025-08-26 13:24:20.772262
2025-08-26,23686,2025082601005989,GBIME,Sundhara Securities Limited,Vision Securities Pvt. Ltd,5,250.8,1254.0,2025-08-26 13:24:23.000486
2025-08-26,23610,2025082601006023,GBIME,Dynamic Money Managers Securities Pvt. Ltd.,Property Wiard Limited,26,251.5,6539.0,2025-08-26 13:25:03.769163
2025-08-26,23537,2025082601006054,GBIME,Premier Securities Company Ltd.,Imperial Securities Company Pvt. Ltd.,10,251.7,2517.0,2025-08-26 13:25:30.921126
2025-08-26,23520,2025082601006057,GBIME,Dynamic Money Managers Securities Pvt. Ltd.,Pragyan Securities (PVT) Ltd.,74,251.5,18611.0,2025-08-26 13:25:39.122315
2025-08-26,23285,2025082601006109,GBIME,Dynamic Money Managers Securities Pvt. Ltd.,Trisul Securities & Invt. Ltd.,100,250.5,25050.0,2025-08-26 13:27:06.909915
2025-08-26,23259,2025082601006124,GBIME,Investment Management Nepal Pvt. Ltd.,Global IME Securities Limited,1670,250.4,418168.0,2025-08-26 13:27:17.124497
2025-08-26,23185,2025082601006137,GBIME,Premier Securities Company Ltd.,Pragyan Securities (PVT) Ltd.,20,251.5,5030.0,2025-08-26 13:27:54.559066
2025-08-26,23126,2025082601006150,GBIME,Sani Securities Company Ltd.,Pragyan Securities (PVT) Ltd.,45,251.5,11317.5,2025-08-26 13:28:21.794004
2025-08-26,22517,2025082601006324,GBIME,Naasa Securities Co. Ltd.,Aryatara Investment & Securities,21,250.7,5264.7,2025-08-26 13:32:36.763700
2025-08-26,22458,2025082601006337,GBIME,Machhapuchchhre Securities Limited,Imperial Securities Company Pvt. Ltd.,10,251.4,2514.0,2025-08-26 13:33:02.163756
2025-08-26,22115,2025082601006409,GBIME,Naasa Securities Co. Ltd.,Naasa Securities Co. Ltd.,60,250.7,15042.0,2025-08-26 13:35:33.914873
2025-08-26,22034,2025082601006418,GBIME,Online Securities Pvt. Ltd.,Dynamic Money Managers Securities Pvt. Ltd.,1,246.6,246.6,2025-08-26 13:36:11.721222
2025-08-26,21940,2025082601006436,GBIME,Sani Securities Company Ltd.,Nepal Investment And Securities Trading Private Limited,10,250.8,2508.0,2025-08-26 13:36:48.668430
2025-08-26,21729,2025082601006472,GBIME,Oxford Securities Pvt. Ltd.,Bhrikuti Stock Broking Co. Pvt. Ltd.,2,245.8,491.6,2025-08-26 13:37:49.425646
2025-08-26,21571,2025082601006510,GBIME,KALASH STOCK MARKET PVT. LTD.,Siprabi Securities Pvt. Ltd.,200,251.3,50260.0,2025-08-26 13:38:46.902473
2025-08-26,21570,2025082601006511,GBIME,Sani Securities Company Ltd.,Trisul Securities & Invt. Ltd.,40,250.8,10032.0,2025-08-26 13:38:47.434433
2025-08-26,21564,2025082601006513,GBIME,Premier Securities Company Ltd.,Siprabi Securities Pvt. Ltd.,10,251.3,2513.0,2025-08-26 13:38:48.592078
2025-08-26,21344,2025082601006555,GBIME,Online Securities Pvt. Ltd.,Trisul Securities & Invt. Ltd.,6,250.0,1500.0,2025-08-26 13:40:17.124621
2025-08-26,21117,2025082601006602,GBIME,Naasa Securities Co. Ltd.,Premier Securities Company Ltd.,30,250.7,7521.0,2025-08-26 13:42:08.474824
2025-08-26,21056,2025082601006609,GBIME,Midas Stock Broking Company Private Limited,Agrawal Securities (PVT) Ltd.,1,245.8,245.8,2025-08-26 13:42:33.447424
2025-08-26,21018,2025082601006617,GBIME,Premier Securities Company Ltd.,Kumari Securities Private Limited,97,251.0,24347.0,2025-08-26 13:42:50.664233
2025-08-26,21017,2025082601006618,GBIME,Premier Securities Company Ltd.,Trisul Securities & Invt. Ltd.,60,251.3,15078.0,2025-08-26 13:42:50.664324
2025-08-26,21016,2025082601006619,GBIME,Premier Securities Company Ltd.,Imperial Securities Company Pvt. Ltd.,13,251.4,3268.2,2025-08-26 13:42:50.664432
2025-08-26,20900,2025082601006634,GBIME,Ashutosh Brokerage & Securities (PVT) Ltd.,Sri Hari Securities Pvt. Ltd.,23,250.6,5763.8,2025-08-26 13:43:45.185980
2025-08-26,20899,2025082601006635,GBIME,Sani Securities Company Ltd.,Sri Hari Securities Pvt. Ltd.,14,250.6,3508.4,2025-08-26 13:43:45.186020
2025-08-26,20898,2025082601006636,GBIME,Dynamic Money Managers Securities Pvt. Ltd.,Sri Hari Securities Pvt. Ltd.,100,250.4,25040.0,2025-08-26 13:43:45.186116
2025-08-26,20897,2025082601006637,GBIME,Dakshinkali Investment & Securities Pvt. Ltd.,Sri Hari Securities Pvt. Ltd.,500,250.4,125200.0,2025-08-26 13:43:45.186143
2025-08-26,20896,2025082601006638,GBIME,Shree Krishna Securities Ltd.,Sri Hari Securities Pvt. Ltd.,353,250.3,88355.9,2025-08-26 13:43:45.186165
2025-08-26,20813,2025082601006648,GBIME,Dynamic Money Managers Securities Pvt. Ltd.,Sri Hari Securities Pvt. Ltd.,10,250.5,2505.0,2025-08-26 13:44:26.405073
2025-08-26,20540,2025082601006708,GBIME,Dynamic Money Managers Securities Pvt. Ltd.,Aryatara Investment & Securities,43,250.7,10780.1,2025-08-26 13:46:25.105206
2025-08-26,20471,2025082601006726,GBIME,Premier Securities Company Ltd.,Imperial Securities Company Pvt. Ltd.,10,251.4,2514.0,2025-08-26 13:46:52.641419
2025-08-26,19958,2025082601006840,GBIME,Online Securities Pvt. Ltd.,Aryatara Investment & Securities,2,246.4,492.8,2025-08-26 13:50:06.515760
2025-08-26,19941,2025082601006847,GBIME,Agrawal Securities (PVT) Ltd.,Asian Securities Private Ltd.,45,251.0,11295.0,2025-08-26 13:50:18.475982
2025-08-26,19760,2025082601006873,GBIME,Property Wiard Limited,Asian Securities Private Ltd.,155,251.0,38905.0,2025-08-26 13:51:45.242151
2025-08-26,19685,2025082601006891,GBIME,Property Wiard Limited,Premier Securities Company Ltd.,50,251.0,12550.0,2025-08-26 13:52:12.973436
2025-08-26,19210,2025082601006966,GBIME,Dynamic Money Managers Securities Pvt. Ltd.,Secured Securities Ltd.,100,250.8,25080.0,2025-08-26 13:54:57.689305
2025-08-26,18893,2025082601007014,GBIME,Dynamic Money Managers Securities Pvt. Ltd.,Neev Securities Pvt. Ltd.,57,250.7,14289.9,2025-08-26 13:56:18.248872
2025-08-26,18892,2025082601007015,GBIME,Dynamic Money Managers Securities Pvt. Ltd.,Neev Securities Pvt. Ltd.,100,250.6,25060.0,2025-08-26 13:56:18.249211
2025-08-26,18891,2025082601007016,GBIME,Sani Securities Company Ltd.,Neev Securities Pvt. Ltd.,85,250.6,21301.0,2025-08-26 13:56:18.249320
2025-08-26,18890,2025082601007017,GBIME,Kumari Securities Private Limited,Neev Securities Pvt. Ltd.,500,250.6,125300.0,2025-08-26 13:56:18.249428
2025-08-26,18889,2025082601007018,GBIME,Dynamic Money Managers Securities Pvt. Ltd.,Neev Securities Pvt. Ltd.,90,250.5,22545.0,2025-08-26 13:56:18.249534
2025-08-26,18888,2025082601007019,GBIME,Dynamic Money Managers Securities Pvt. Ltd.,Neev Securities Pvt. Ltd.,100,250.5,25050.0,2025-08-26 13:56:18.249639
2025-08-26,18887,2025082601007020,GBIME,Naasa Securities Co. Ltd.,Neev Securities Pvt. Ltd.,50,250.4,12520.0,2025-08-26 13:56:18.249745
2025-08-26,18886,2025082601007021,GBIME,Sajilo Broker Limited,Neev Securities Pvt. Ltd.,18,250.4,4507.2,2025-08-26 13:56:18.249848
2025-08-26,18113,2025082601007122,GBIME,Sajilo Broker Limited,Trishakti Securities Public Limited,107,250.4,26792.8,2025-08-26 14:00:45.804629
2025-08-26,18075,2025082601007132,GBIME,Premier Securities Company Ltd.,Sani Securities Company Ltd.,100,251.0,25100.0,2025-08-26 14:00:55.438088
2025-08-26,18074,2025082601007133,GBIME,Premier Securities Company Ltd.,Ashutosh Brokerage & Securities (PVT) Ltd.,60,251.3,15078.0,2025-08-26 14:00:55.438197
2025-08-26,18073,2025082601007134,GBIME,Premier Securities Company Ltd.,Imperial Securities Company Pvt. Ltd.,10,251.4,2514.0,2025-08-26 14:00:55.438296
2025-08-26,18026,2025082601007141,GBIME,Online Securities Pvt. Ltd.,Arun Securities (PVT) Ltd.,1,249.0,249.0,2025-08-26 14:01:11.734873
2025-08-26,17787,2025082601007199,GBIME,Online Securities Pvt. Ltd.,Online Securities Pvt. Ltd.,1,250.0,250.0,2025-08-26 14:02:37.321385
2025-08-26,17558,2025082601007254,GBIME,Sajilo Broker Limited,Cristal Kanchanjanga Securites Pvt. Ltd.,25,250.4,6260.0,2025-08-26 14:04:00.501102
2025-08-26,17557,2025082601007255,GBIME,Sani Securities Company Ltd.,Cristal Kanchanjanga Securites Pvt. Ltd.,55,250.4,13772.0,2025-08-26 14:04:00.501387
2025-08-26,17489,2025082601007273,GBIME,Premier Securities Company Ltd.,Sweta Securities Private Limited,10,251.0,2510.0,2025-08-26 14:04:24.513446
2025-08-26,17087,2025082601007313,GBIME,Shree Krishna Securities Ltd.,Nepal Stock House (PVT) Ltd.,1815,250.3,454294.5,2025-08-26 14:06:15.481233
2025-08-26,17086,2025082601007314,GBIME,Naasa Securities Co. Ltd.,Nepal Stock House (PVT) Ltd.,70,250.3,17521.0,2025-08-26 14:06:15.481532
2025-08-26,17085,2025082601007315,GBIME,Dakshinkali Investment & Securities Pvt. Ltd.,Nepal Stock House (PVT) Ltd.,655,250.2,163881.0,2025-08-26 14:06:15.481639
2025-08-26,17084,2025082601007316,GBIME,J.F. Securites (PVT) Ltd.,Nepal Stock House (PVT) Ltd.,200,250.1,50020.0,2025-08-26 14:06:15.481748
2025-08-26,17083,2025082601007317,GBIME,Neev Securities Pvt. Ltd.,Nepal Stock House (PVT) Ltd.,10,250.0,2500.0,2025-08-26 14:06:15.481854
2025-08-26,17082,2025082601007318,GBIME,Nepal Investment And Securities Trading Private Limited,Nepal Stock House (PVT) Ltd.,100,250.0,25000.0,2025-08-26 14:06:15.481993
2025-08-26,17081,2025082601007319,GBIME,Thrive Brokerage House Pvt. Ltd,Nepal Stock House (PVT) Ltd.,184,250.0,46000.0,2025-08-26 14:06:15.482123
2025-08-26,17080,2025082601007320,GBIME,Prabhu Stock Market Limited,Nepal Stock House (PVT) Ltd.,2000,250.0,500000.0,2025-08-26 14:06:15.482252
2025-08-26,17079,2025082601007321,GBIME,Sani Securities Company Ltd.,Nepal Stock House (PVT) Ltd.,60,250.0,15000.0,2025-08-26 14:06:15.482353
2025-08-26,17078,2025082601007322,GBIME,Bhrikuti Stock Broking Co. Pvt. Ltd.,Nepal Stock House (PVT) Ltd.,50,250.0,12500.0,2025-08-26 14:06:15.482477
2025-08-26,17077,2025082601007323,GBIME,Secured Securities Ltd.,Nepal Stock House (PVT) Ltd.,10,250.0,2500.0,2025-08-26 14:06:15.482594
2025-08-26,17076,2025082601007324,GBIME,Vision Securities Pvt. Ltd,Nepal Stock House (PVT) Ltd.,5000,250.0,1250000.0,2025-08-26 14:06:15.482698
2025-08-26,17075,2025082601007325,GBIME,Global IME Securities Limited,Nepal Stock House (PVT) Ltd.,40,250.0,10000.0,2025-08-26 14:06:15.482813
2025-08-26,17016,2025082601007335,GBIME,Asian Securities Private Ltd.,INDEX SECURITIES LIMITED,10,249.6,2496.0,2025-08-26 14:06:29.438974
2025-08-26,16983,2025082601007343,GBIME,Asian Securities Private Ltd.,Secured Securities Ltd.,20,249.6,4992.0,2025-08-26 14:06:47.400775
2025-08-26,16828,2025082601007389,GBIME,Online Securities Pvt. Ltd.,Linch Stock Market Ltd.,4,249.0,996.0,2025-08-26 14:07:34.165784
2025-08-26,16691,2025082601007411,GBIME,Premier Securities Company Ltd.,Secured Securities Ltd.,32,249.6,7987.2,2025-08-26 14:08:26.690324
2025-08-26,16669,2025082601007413,GBIME,Premier Securities Company Ltd.,Nepal Stock House (PVT) Ltd.,10,250.0,2500.0,2025-08-26 14:08:38.740748
2025-08-26,16569,2025082601007442,GBIME,Investment Management Nepal Pvt. Ltd.,Nepal Stock House (PVT) Ltd.,3000,250.0,750000.0,2025-08-26 14:09:23.226538
2025-08-26,15964,2025082601007604,GBIME,Secured Securities Ltd.,Nepal Stock House (PVT) Ltd.,200,250.0,50000.0,2025-08-26 14:12:12.561049
2025-08-26,15926,2025082601007613,GBIME,Sundhara Securities Limited,Nepal Stock House (PVT) Ltd.,20,250.0,5000.0,2025-08-26 14:12:26.449786
2025-08-26,15819,2025082601007642,GBIME,Online Securities Pvt. Ltd.,Secured Securities Ltd.,9,249.6,2246.4,2025-08-26 14:12:59.168596
2025-08-26,15705,2025082601007653,GBIME,Online Securities Pvt. Ltd.,Arun Securities (PVT) Ltd.,1,249.5,249.5,2025-08-26 14:13:21.299397
2025-08-26,15683,2025082601007658,GBIME,Secured Securities Ltd.,Nepal Stock House (PVT) Ltd.,300,250.0,75000.0,2025-08-26 14:13:26.862361
2025-08-26,15607,2025082601007676,GBIME,Aryatara Investment & Securities,Nepal Stock House (PVT) Ltd.,800,250.0,200000.0,2025-08-26 14:13:50.363924
2025-08-26,15587,2025082601007688,GBIME,Naasa Securities Co. Ltd.,Nepal Stock House (PVT) Ltd.,25,250.0,6250.0,2025-08-26 14:14:01.264558
2025-08-26,15526,2025082601007702,GBIME,Online Securities Pvt. Ltd.,Imperial Securities Company Pvt. Ltd.,7,249.0,1743.0,2025-08-26 14:14:16.708485
2025-08-26,15190,2025082601007777,GBIME,Dynamic Money Managers Securities Pvt. Ltd.,Neev Securities Pvt. Ltd.,41,249.6,10233.6,2025-08-26 14:15:40.845660
2025-08-26,15055,2025082601007785,GBIME,Naasa Securities Co. Ltd.,Sagarmatha Securities Private Limited,11,249.9,2748.9,2025-08-26 14:16:04.483484
2025-08-26,14504,2025082601007874,GBIME,Aryatara Investment & Securities,Sagarmatha Securities Private Limited,76,249.9,18992.4,2025-08-26 14:18:43.400615
2025-08-26,14503,2025082601007875,GBIME,Aryatara Investment & Securities,Nepal Stock House (PVT) Ltd.,66,250.0,16500.0,2025-08-26 14:18:43.401152
2025-08-26,14467,2025082601007884,GBIME,Dynamic Money Managers Securities Pvt. Ltd.,Naasa Securities Co. Ltd.,19,249.6,4742.4,2025-08-26 14:18:54.019430
2025-08-26,14135,2025082601007936,GBIME,Premier Securities Company Ltd.,Nepal Stock House (PVT) Ltd.,10,250.0,2500.0,2025-08-26 14:20:19.483592
2025-08-26,13254,2025082601008085,GBIME,Naasa Securities Co. Ltd.,Nepal Stock House (PVT) Ltd.,15,250.0,3750.0,2025-08-26 14:24:57.896845
2025-08-26,13075,2025082601008143,GBIME,Sani Securities Company Ltd.,Nepal Stock House (PVT) Ltd.,10,250.0,2500.0,2025-08-26 14:26:01.614227
2025-08-26,11967,2025082601008376,GBIME,Secured Securities Ltd.,APPLE SECURITIES PRIVATE LIMITED,300,249.7,74910.0,2025-08-26 14:32:04.330872
2025-08-26,11966,2025082601008377,GBIME,Dynamic Money Managers Securities Pvt. Ltd.,APPLE SECURITIES PRIVATE LIMITED,51,249.6,12729.6,2025-08-26 14:32:04.331429
2025-08-26,11965,2025082601008378,GBIME,Shree Krishna Securities Ltd.,APPLE SECURITIES PRIVATE LIMITED,649,249.6,161990.4,2025-08-26 14:32:04.331810
2025-08-26,11958,2025082601008382,GBIME,Imperial Securities Company Pvt. Ltd.,Imperial Securities Company Pvt. Ltd.,700,249.8,174860.0,2025-08-26 14:32:08.067435
2025-08-26,11551,2025082601008476,GBIME,Shree Krishna Securities Ltd.,Imperial Securities Company Pvt. Ltd.,422,249.8,105415.6,2025-08-26 14:33:45.086936
2025-08-26,11537,2025082601008480,GBIME,Shree Krishna Securities Ltd.,Bhrikuti Stock Broking Co. Pvt. Ltd.,50,249.8,12490.0,2025-08-26 14:33:50.118502
2025-08-26,11487,2025082601008489,GBIME,Shree Krishna Securities Ltd.,Dynamic Money Managers Securities Pvt. Ltd.,789,249.9,197171.1,2025-08-26 14:34:04.151942
2025-08-26,11486,2025082601008490,GBIME,Shree Krishna Securities Ltd.,Nepal Stock House (PVT) Ltd.,5350,250.0,1337500.0,2025-08-26 14:34:04.152442
2025-08-26,11485,2025082601008491,GBIME,Shree Krishna Securities Ltd.,Agrawal Securities (PVT) Ltd.,200,250.0,50000.0,2025-08-26 14:34:04.152777
2025-08-26,11484,2025082601008492,GBIME,Shree Krishna Securities Ltd.,Nepal Investment And Securities Trading Private Limited,50,250.0,12500.0,2025-08-26 14:34:04.153132
2025-08-26,11483,2025082601008493,GBIME,Shree Krishna Securities Ltd.,Sani Securities Company Ltd.,100,250.0,25000.0,2025-08-26 14:34:04.153437
2025-08-26,11251,2025082601008528,GBIME,Shree Krishna Securities Ltd.,Imperial Securities Company Pvt. Ltd.,11,250.0,2750.0,2025-08-26 14:34:42.595524
2025-08-26,11250,2025082601008529,GBIME,Shree Krishna Securities Ltd.,Imperial Securities Company Pvt. Ltd.,184,249.8,45963.2,2025-08-26 14:34:42.596081
2025-08-26,10949,2025082601008574,GBIME,Premier Securities Company Ltd.,Naasa Securities Co. Ltd.,200,250.5,50100.0,2025-08-26 14:35:47.613350
2025-08-26,10948,2025082601008575,GBIME,Premier Securities Company Ltd.,Kohinoor Investment & Securities Pvt. Ltd.,112,250.5,28056.0,2025-08-26 14:35:47.613447
2025-08-26,10947,2025082601008576,GBIME,Premier Securities Company Ltd.,Sweta Securities Private Limited,10,251.0,2510.0,2025-08-26 14:35:47.613531
2025-08-26,10112,2025082601008742,GBIME,Dipshikha Dhitopatra Karobar Co. Pvt Ltd.,Naasa Securities Co. Ltd.,10,250.0,2500.0,2025-08-26 14:38:51.434567
2025-08-26,9977,2025082601008758,GBIME,Oxford Securities Pvt. Ltd.,Aryatara Investment & Securities,1,245.0,245.0,2025-08-26 14:39:21.366958
2025-08-26,9905,2025082601008768,GBIME,Vision Securities Pvt. Ltd,Naasa Securities Co. Ltd.,390,250.0,97500.0,2025-08-26 14:39:34.348425
2025-08-26,9886,2025082601008774,GBIME,Vision Securities Pvt. Ltd,Creative Securities Pvt Ltd,37,250.0,9250.0,2025-08-26 14:39:39.295150
2025-08-26,9790,2025082601008789,GBIME,Premier Securities Company Ltd.,Sweta Securities Private Limited,10,251.0,2510.0,2025-08-26 14:40:07.213127
2025-08-26,9719,2025082601008807,GBIME,Vision Securities Pvt. Ltd,Sajilo Broker Limited,973,250.0,243250.0,2025-08-26 14:40:17.803867
2025-08-26,9718,2025082601008808,GBIME,Shree Krishna Securities Ltd.,Sajilo Broker Limited,527,249.8,131644.6,2025-08-26 14:40:17.803924
2025-08-26,9485,2025082601008834,GBIME,Shree Krishna Securities Ltd.,Sri Hari Securities Pvt. Ltd.,3000,249.8,749400.0,2025-08-26 14:40:59.428715
2025-08-26,9462,2025082601008835,GBIME,Online Securities Pvt. Ltd.,Sumeru Securities Pvt. Ltd.,3,248.0,744.0,2025-08-26 14:41:04.862126
2025-08-26,9389,2025082601008853,GBIME,Online Securities Pvt. Ltd.,Secured Securities Ltd.,1,248.0,248.0,2025-08-26 14:41:20.961269
2025-08-26,9295,2025082601008880,GBIME,Online Securities Pvt. Ltd.,Linch Stock Market Ltd.,4,249.0,996.0,2025-08-26 14:41:42.106646
2025-08-26,9243,2025082601008897,GBIME,Premier Securities Company Ltd.,South Asian Bulls Pvt. Ltd.,115,250.0,28750.0,2025-08-26 14:41:52.833484
2025-08-26,9242,2025082601008898,GBIME,Premier Securities Company Ltd.,Sweta Securities Private Limited,10,251.0,2510.0,2025-08-26 14:41:52.833588
2025-08-26,8430,2025082601009090,GBIME,Nepal Investment And Securities Trading Private Limited,Sundhara Securities Limited,24,250.0,6000.0,2025-08-26 14:44:20.013942
2025-08-26,8262,2025082601009130,GBIME,Bhrikuti Stock Broking Co. Pvt. Ltd.,Malla & Malla Stock Broking Company Pvt. Limited,1,250.0,250.0,2025-08-26 14:44:47.557822
2025-08-26,8150,2025082601009159,GBIME,Kumari Securities Private Limited,Sweta Securities Private Limited,10,251.0,2510.0,2025-08-26 14:45:00.349961
2025-08-26,7603,2025082601009278,GBIME,Property Wiard Limited,Sumeru Securities Pvt. Ltd.,5,251.0,1255.0,2025-08-26 14:46:28.598465
2025-08-26,6691,2025082601009407,GBIME,Nepal Investment And Securities Trading Private Limited,South Asian Bulls Pvt. Ltd.,108,250.0,27000.0,2025-08-26 14:48:49.601985
2025-08-26,6593,2025082601009427,GBIME,Premier Securities Company Ltd.,J.F. Securites (PVT) Ltd.,210,250.5,52605.0,2025-08-26 14:49:03.311233
2025-08-26,6592,2025082601009428,GBIME,Premier Securities Company Ltd.,Sweta Securities Private Limited,10,251.0,2510.0,2025-08-26 14:49:03.311338
2025-08-26,6411,2025082601009473,GBIME,Online Securities Pvt. Ltd.,Linch Stock Market Ltd.,8,250.0,2000.0,2025-08-26 14:49:32.219089
2025-08-26,6378,2025082601009481,GBIME,Online Securities Pvt. Ltd.,Sewa Securities Pvt. Ltd.,1,250.0,250.0,2025-08-26 14:49:39.655172
2025-08-26,6225,2025082601009533,GBIME,Vision Securities Pvt. Ltd,Primo Securities (PVT) Ltd.,500,250.1,125050.0,2025-08-26 14:50:03.620740
2025-08-26,5784,2025082601009595,GBIME,Premier Securities Company Ltd.,Vision Securities Pvt. Ltd,10,250.9,2509.0,2025-08-26 14:51:13.164457
2025-08-26,5691,2025082601009604,GBIME,Nepal Investment And Securities Trading Private Limited,Trisul Securities & Invt. Ltd.,118,250.0,29500.0,2025-08-26 14:51:26.081891
2025-08-26,5690,2025082601009605,GBIME,Global IME Securities Limited,Trisul Securities & Invt. Ltd.,19,250.0,4750.0,2025-08-26 14:51:26.082169
2025-08-26,5379,2025082601009667,GBIME,Premier Securities Company Ltd.,Aryatara Investment & Securities,10,250.5,2505.0,2025-08-26 14:52:12.531606
2025-08-26,5330,2025082601009681,GBIME,Premier Securities Company Ltd.,Vision Securities Pvt. Ltd,10,250.9,2509.0,2025-08-26 14:52:20.578617
2025-08-26,5041,2025082601009746,GBIME,Deevyaa Securities & Stock House Pvt. Ltd,Sani Securities Company Ltd.,350,250.2,87570.0,2025-08-26 14:53:06.212075
2025-08-26,4774,2025082601009785,GBIME,Global IME Securities Limited,Machhapuchchhre Securities Limited,31,250.0,7750.0,2025-08-26 14:53:36.643783
2025-08-26,4773,2025082601009786,GBIME,Premier Securities Company Ltd.,Machhapuchchhre Securities Limited,19,250.0,4750.0,2025-08-26 14:53:36.644353
2025-08-26,4269,2025082601009869,GBIME,Premier Securities Company Ltd.,Secured Securities Ltd.,81,250.0,20250.0,2025-08-26 14:54:30.332798
2025-08-26,4268,2025082601009870,GBIME,Midas Stock Broking Company Private Limited,Secured Securities Ltd.,19,250.0,4750.0,2025-08-26 14:54:30.333094
2025-08-26,4267,2025082601009871,GBIME,Imperial Securities Company Pvt. Ltd.,Secured Securities Ltd.,20,250.0,5000.0,2025-08-26 14:54:30.333213
2025-08-26,4266,2025082601009872,GBIME,Vision Securities Pvt. Ltd,Secured Securities Ltd.,1000,250.0,250000.0,2025-08-26 14:54:30.333325
2025-08-26,4265,2025082601009873,GBIME,Aryatara Investment & Securities,Secured Securities Ltd.,670,250.0,167500.0,2025-08-26 14:54:30.333449
2025-08-26,4192,2025082601009887,GBIME,Sani Securities Company Ltd.,Swarna Laxmi Securities Pvt. Ltd.,5,250.4,1252.0,2025-08-26 14:54:41.401522
2025-08-26,4148,2025082601009897,GBIME,Aryatara Investment & Securities,Kohinoor Investment & Securities Pvt. Ltd.,300,250.0,75000.0,2025-08-26 14:54:45.542275
2025-08-26,4012,2025082601009950,GBIME,Creative Securities Pvt Ltd,Imperial Securities Company Pvt. Ltd.,540,250.1,135054.0,2025-08-26 14:54:56.932345
2025-08-26,4011,2025082601009951,GBIME,Creative Securities Pvt Ltd,Sani Securities Company Ltd.,260,250.2,65052.0,2025-08-26 14:54:56.932616
2025-08-26,3709,2025082601010026,GBIME,Shree Krishna Securities Ltd.,Vision Securities Pvt. Ltd,680,250.9,170612.0,2025-08-26 14:55:25.824654
2025-08-26,3708,2025082601010027,GBIME,Shree Krishna Securities Ltd.,Naasa Securities Co. Ltd.,400,250.9,100360.0,2025-08-26 14:55:25.825185
2025-08-26,3707,2025082601010028,GBIME,Shree Krishna Securities Ltd.,Nepal Stock House (PVT) Ltd.,20,250.9,5018.0,2025-08-26 14:55:25.825522
2025-08-26,3706,2025082601010029,GBIME,Shree Krishna Securities Ltd.,Sweta Securities Private Limited,240,251.0,60240.0,2025-08-26 14:55:25.825849
2025-08-26,3705,2025082601010030,GBIME,Shree Krishna Securities Ltd.,Cristal Kanchanjanga Securites Pvt. Ltd.,53,251.0,13303.0,2025-08-26 14:55:25.826180
2025-08-26,3704,2025082601010031,GBIME,Shree Krishna Securities Ltd.,Dipshikha Dhitopatra Karobar Co. Pvt Ltd.,200,251.0,50200.0,2025-08-26 14:55:25.826508
2025-08-26,3703,2025082601010032,GBIME,Shree Krishna Securities Ltd.,Nepal Stock House (PVT) Ltd.,8407,251.0,2110157.0,2025-08-26 14:55:25.826827
2025-08-26,3421,2025082601010078,GBIME,Aryatara Investment & Securities,Sewa Securities Pvt. Ltd.,30,250.0,7500.0,2025-08-26 14:56:03.062510
2025-08-26,3420,2025082601010079,GBIME,Naasa Securities Co. Ltd.,Sewa Securities Pvt. Ltd.,25,250.0,6250.0,2025-08-26 14:56:03.062770
2025-08-26,3419,2025082601010080,GBIME,Vision Securities Pvt. Ltd,Sewa Securities Pvt. Ltd.,100,249.9,24990.0,2025-08-26 14:56:03.062884
2025-08-26,3401,2025082601010083,GBIME,Trishakti Securities Public Limited,Sewa Securities Pvt. Ltd.,345,249.9,86215.5,2025-08-26 14:56:06.330134
2025-08-26,3328,2025082601010091,GBIME,Trishakti Securities Public Limited,Ashutosh Brokerage & Securities (PVT) Ltd.,155,250.0,38750.0,2025-08-26 14:56:11.779892
2025-08-26,3327,2025082601010092,GBIME,Naasa Securities Co. Ltd.,Ashutosh Brokerage & Securities (PVT) Ltd.,466,250.0,116500.0,2025-08-26 14:56:11.779933
2025-08-26,2278,2025082601010286,GBIME,Siprabi Securities Pvt. Ltd.,Nepal Stock House (PVT) Ltd.,10,251.0,2510.0,2025-08-26 14:57:53.766156
2025-08-26,2146,2025082601010303,GBIME,Kumari Securities Private Limited,Nepal Stock House (PVT) Ltd.,10,251.0,2510.0,2025-08-26 14:58:03.542737
2025-08-26,1861,2025082601010369,GBIME,Online Securities Pvt. Ltd.,Dynamic Money Managers Securities Pvt. Ltd.,1,250.0,250.0,2025-08-26 14:58:28.108543
2025-08-26,1575,2025082601010454,GBIME,Kumari Securities Private Limited,Investment Management Nepal Pvt. Ltd.,50,250.1,12505.0,2025-08-26 14:58:45.569187
2025-08-26,1284,2025082601010502,GBIME,Kumari Securities Private Limited,Sewa Securities Pvt. Ltd.,500,250.1,125050.0,2025-08-26 14:59:09.660216
2025-08-26,596,2025082601010620,GBIME,Kumari Securities Private Limited,Thrive Brokerage House Pvt. Ltd,50,250.5,12525.0,2025-08-26 14:59:39.191228
2025-08-26,283,2025082601010691,GBIME,Dynamic Money Managers Securities Pvt. Ltd.,Thrive Brokerage House Pvt. Ltd,50,250.5,12525.0,2025-08-26 14:59:49.970757
