Date,S.N.,Contract ID,Symbol,Buyer Broker,Seller Broker,volume,rate,amount,transaction_time
2025-08-26,44806,2025082605000099,NRN,Aakashbhairab Securities Ltd.,Sumeru Securities Pvt. Ltd.,500,2117.1,1058550.0,2025-08-26 11:03:55.444712
2025-08-26,44606,2025082605000179,NRN,Ashutosh Brokerage & Securities (PVT) Ltd.,Naasa Securities Co. Ltd.,10,2119.9,21199.0,2025-08-26 11:06:09.594962
2025-08-26,44605,2025082605000180,NRN,Ashutosh Brokerage & Securities (PVT) Ltd.,Sumeru Securities Pvt. Ltd.,500,2120.0,1060000.0,2025-08-26 11:06:09.595019
2025-08-26,44604,2025082605000181,NRN,Ashutosh Brokerage & Securities (PVT) Ltd.,Sumeru Securities Pvt. Ltd.,990,2120.0,2098800.0,2025-08-26 11:06:09.595050
2025-08-26,44526,2025082605000213,NRN,Ashutosh Brokerage & Securities (PVT) Ltd.,Sumeru Securities Pvt. Ltd.,10,2120.0,21200.0,2025-08-26 11:06:52.291613
2025-08-26,44215,2025082605000311,NRN,Naasa Securities Co. Ltd.,Sharepro Securities Private Limited,200,2122.1,424420.0,2025-08-26 11:09:44.214886
2025-08-26,43957,2025082605000423,NRN,Trishakti Securities Public Limited,Naasa Securities Co. Ltd.,20,2125.0,42500.0,2025-08-26 11:11:51.119663
2025-08-26,43931,2025082605000432,NRN,Trishakti Securities Public Limited,Naasa Securities Co. Ltd.,73,2125.0,155125.0,2025-08-26 11:12:03.261566
2025-08-26,43930,2025082605000433,NRN,K.B.L. Securities Limited ,Naasa Securities Co. Ltd.,427,2123.0,906521.0,2025-08-26 11:12:03.261673
2025-08-26,43303,2025082605000651,NRN,Agrawal Securities (PVT) Ltd.,Deevyaa Securities & Stock House Pvt. Ltd,10,2129.7,21297.0,2025-08-26 11:16:43.563281
2025-08-26,43302,2025082605000652,NRN,Agrawal Securities (PVT) Ltd.,Naasa Securities Co. Ltd.,10,2129.8,21298.0,2025-08-26 11:16:43.563525
2025-08-26,43301,2025082605000653,NRN,Agrawal Securities (PVT) Ltd.,Naasa Securities Co. Ltd.,10,2129.9,21299.0,2025-08-26 11:16:43.563644
2025-08-26,43300,2025082605000654,NRN,Agrawal Securities (PVT) Ltd.,Naasa Securities Co. Ltd.,100,2130.0,213000.0,2025-08-26 11:16:43.563762
2025-08-26,43299,2025082605000655,NRN,Agrawal Securities (PVT) Ltd.,Naasa Securities Co. Ltd.,70,2130.0,149100.0,2025-08-26 11:16:43.563892
2025-08-26,42707,2025082605000855,NRN,Agrawal Securities (PVT) Ltd.,Naasa Securities Co. Ltd.,90,2130.0,191700.0,2025-08-26 11:20:35.064787
2025-08-26,42662,2025082605000883,NRN,Agrawal Securities (PVT) Ltd.,Dynamic Money Managers Securities Pvt. Ltd.,100,2145.0,214500.0,2025-08-26 11:20:57.183596
2025-08-26,42636,2025082605000892,NRN,Agrawal Securities (PVT) Ltd.,Sri Hari Securities Pvt. Ltd.,100,2149.0,214900.0,2025-08-26 11:21:09.281299
2025-08-26,42402,2025082605000989,NRN,Naasa Securities Co. Ltd.,Sumeru Securities Pvt. Ltd.,11,2155.0,23705.0,2025-08-26 11:22:42.128973
2025-08-26,42401,2025082605000990,NRN,Naasa Securities Co. Ltd.,Sri Hari Securities Pvt. Ltd.,100,2159.0,215900.0,2025-08-26 11:22:42.129035
2025-08-26,42400,2025082605000991,NRN,Naasa Securities Co. Ltd.,Naasa Securities Co. Ltd.,400,2159.1,863640.0,2025-08-26 11:22:42.129073
2025-08-26,42399,2025082605000992,NRN,Naasa Securities Co. Ltd.,Premier Securities Company Ltd.,21,2164.0,45444.0,2025-08-26 11:22:42.129104
2025-08-26,42398,2025082605000993,NRN,Naasa Securities Co. Ltd.,Thrive Brokerage House Pvt. Ltd,10,2165.9,21659.0,2025-08-26 11:22:42.129133
2025-08-26,42397,2025082605000994,NRN,Naasa Securities Co. Ltd.,Sri Hari Securities Pvt. Ltd.,458,2166.0,992028.0,2025-08-26 11:22:42.129169
2025-08-26,42334,2025082605001031,NRN,Naasa Securities Co. Ltd.,Nepal Stock House (PVT) Ltd.,50,2160.0,108000.0,2025-08-26 11:23:00.516354
2025-08-26,42333,2025082605001032,NRN,Naasa Securities Co. Ltd.,Naasa Securities Co. Ltd.,100,2160.0,216000.0,2025-08-26 11:23:00.516402
2025-08-26,42332,2025082605001033,NRN,Naasa Securities Co. Ltd.,Primo Securities (PVT) Ltd.,800,2165.0,1732000.0,2025-08-26 11:23:00.516430
2025-08-26,42331,2025082605001034,NRN,Naasa Securities Co. Ltd.,Sri Hari Securities Pvt. Ltd.,42,2166.0,90972.0,2025-08-26 11:23:00.516457
2025-08-26,42330,2025082605001035,NRN,Naasa Securities Co. Ltd.,J.F. Securites (PVT) Ltd.,750,2166.0,1624500.0,2025-08-26 11:23:00.516507
2025-08-26,42329,2025082605001036,NRN,Naasa Securities Co. Ltd.,Sri Hari Securities Pvt. Ltd.,400,2168.0,867200.0,2025-08-26 11:23:00.516530
2025-08-26,42328,2025082605001037,NRN,Naasa Securities Co. Ltd.,Online Securities Pvt. Ltd.,45,2168.0,97560.0,2025-08-26 11:23:00.516551
2025-08-26,42327,2025082605001038,NRN,Naasa Securities Co. Ltd.,Nepal Stock House (PVT) Ltd.,10,2168.0,21680.0,2025-08-26 11:23:00.516573
2025-08-26,42326,2025082605001039,NRN,Naasa Securities Co. Ltd.,Naasa Securities Co. Ltd.,36803,2169.0,79825707.0,2025-08-26 11:23:00.516607
2025-08-26,42324,2025082605001041,NRN,Naasa Securities Co. Ltd.,Dynamic Money Managers Securities Pvt. Ltd.,50,2165.0,108250.0,2025-08-26 11:23:04.135150
2025-08-26,42323,2025082605001042,NRN,Naasa Securities Co. Ltd.,Naasa Securities Co. Ltd.,2112,2169.0,4580928.0,2025-08-26 11:23:04.135246
2025-08-26,42290,2025082605001054,NRN,Naasa Securities Co. Ltd.,Naasa Securities Co. Ltd.,50,2169.0,108450.0,2025-08-26 11:23:08.450756
2025-08-26,41784,2025082605001247,NRN,J.F. Securites (PVT) Ltd.,Thrive Brokerage House Pvt. Ltd,1,2130.0,2130.0,2025-08-26 11:26:59.985643
2025-08-26,41625,2025082605001305,NRN,SHUBHAKAMANA SECURITIES PVT. LTD,Thrive Brokerage House Pvt. Ltd,10,2160.0,21600.0,2025-08-26 11:28:21.157666
2025-08-26,41103,2025082605001445,NRN,Naasa Securities Co. Ltd.,Secured Securities Ltd.,11,2150.0,23650.0,2025-08-26 11:31:56.472918
2025-08-26,41049,2025082605001472,NRN,Naasa Securities Co. Ltd.,Sri Hari Securities Pvt. Ltd.,20,2164.0,43280.0,2025-08-26 11:32:15.610116
2025-08-26,40964,2025082605001499,NRN,SHUBHAKAMANA SECURITIES PVT. LTD,Sri Hari Securities Pvt. Ltd.,40,2164.0,86560.0,2025-08-26 11:33:00.059705
2025-08-26,40682,2025082605001591,NRN,Nepal Investment And Securities Trading Private Limited,Trisul Securities & Invt. Ltd.,50,2150.0,107500.0,2025-08-26 11:34:59.971997
2025-08-26,40528,2025082605001650,NRN,Neev Securities Pvt. Ltd.,Sumeru Securities Pvt. Ltd.,100,2146.1,214610.0,2025-08-26 11:36:07.328328
2025-08-26,40442,2025082605001669,NRN,Naasa Securities Co. Ltd.,Online Securities Pvt. Ltd.,1,2145.0,2145.0,2025-08-26 11:36:44.849011
2025-08-26,40244,2025082605001726,NRN,Linch Stock Market Ltd.,Dipshikha Dhitopatra Karobar Co. Pvt Ltd.,11,2146.0,23606.0,2025-08-26 11:38:01.248584
2025-08-26,40128,2025082605001772,NRN,Aakashbhairab Securities Ltd.,Nepal Stock House (PVT) Ltd.,16,2146.0,34336.0,2025-08-26 11:38:41.301459
2025-08-26,40086,2025082605001784,NRN,Aakashbhairab Securities Ltd.,ABC Securities Private Limited,100,2146.0,214600.0,2025-08-26 11:39:05.279097
2025-08-26,40072,2025082605001789,NRN,Agrawal Securities (PVT) Ltd.,Online Securities Pvt. Ltd.,10,2154.0,21540.0,2025-08-26 11:39:10.968294
2025-08-26,40011,2025082605001801,NRN,Creative Securities Pvt Ltd,Sumeru Securities Pvt. Ltd.,50,2146.1,107305.0,2025-08-26 11:39:46.071582
2025-08-26,40010,2025082605001802,NRN,Aakashbhairab Securities Ltd.,Sumeru Securities Pvt. Ltd.,50,2146.0,107300.0,2025-08-26 11:39:46.071791
2025-08-26,39754,2025082605001907,NRN,Aakashbhairab Securities Ltd.,R.B.B. Securities Company Ltd,84,2146.0,180264.0,2025-08-26 11:41:44.798377
2025-08-26,39753,2025082605001908,NRN,K.B.L. Securities Limited ,R.B.B. Securities Company Ltd,66,2146.0,141636.0,2025-08-26 11:41:44.798612
2025-08-26,38754,2025082605002317,NRN,Thrive Brokerage House Pvt. Ltd,Naasa Securities Co. Ltd.,300,2138.0,641400.0,2025-08-26 11:47:33.653904
2025-08-26,38478,2025082605002434,NRN,N.I.M.B. Stock Markets Limited,Aryatara Investment & Securities,11,2139.0,23529.0,2025-08-26 11:49:39.696116
2025-08-26,38435,2025082605002442,NRN,Agrawal Securities (PVT) Ltd.,J.F. Securites (PVT) Ltd.,11,2147.0,23617.0,2025-08-26 11:50:05.759869
2025-08-26,38434,2025082605002443,NRN,Agrawal Securities (PVT) Ltd.,Miyo Securities Pvt Ltd,189,2150.0,406350.0,2025-08-26 11:50:05.760134
2025-08-26,38416,2025082605002445,NRN,Agrawal Securities (PVT) Ltd.,Miyo Securities Pvt Ltd,200,2150.0,430000.0,2025-08-26 11:50:12.800482
2025-08-26,38403,2025082605002451,NRN,Agrawal Securities (PVT) Ltd.,Miyo Securities Pvt Ltd,111,2150.0,238650.0,2025-08-26 11:50:21.852909
2025-08-26,38402,2025082605002452,NRN,Agrawal Securities (PVT) Ltd.,Trishakti Securities Public Limited,50,2150.0,107500.0,2025-08-26 11:50:21.853151
2025-08-26,38401,2025082605002453,NRN,Agrawal Securities (PVT) Ltd.,Aryatara Investment & Securities,10,2150.0,21500.0,2025-08-26 11:50:21.853253
2025-08-26,38400,2025082605002454,NRN,Agrawal Securities (PVT) Ltd.,Naasa Securities Co. Ltd.,29,2150.0,62350.0,2025-08-26 11:50:21.853343
2025-08-26,38366,2025082605002470,NRN,Agrawal Securities (PVT) Ltd.,Naasa Securities Co. Ltd.,200,2150.0,430000.0,2025-08-26 11:50:39.964649
2025-08-26,38303,2025082605002490,NRN,Magnet Securities and Investment Company Private Limited,Naasa Securities Co. Ltd.,50,2150.0,107500.0,2025-08-26 11:51:00.036733
2025-08-26,38296,2025082605002493,NRN,Agrawal Securities (PVT) Ltd.,Naasa Securities Co. Ltd.,200,2150.0,430000.0,2025-08-26 11:51:09.110863
2025-08-26,38187,2025082605002541,NRN,Agrawal Securities (PVT) Ltd.,Naasa Securities Co. Ltd.,100,2150.0,215000.0,2025-08-26 11:51:52.415297
2025-08-26,37987,2025082605002626,NRN,N.I.M.B. Stock Markets Limited,Aakashbhairab Securities Ltd.,300,2139.0,641700.0,2025-08-26 11:53:17.101810
2025-08-26,37614,2025082605002756,NRN,N.I.M.B. Stock Markets Limited,Naasa Securities Co. Ltd.,89,2139.0,190371.0,2025-08-26 11:56:21.465937
2025-08-26,37613,2025082605002757,NRN,Thrive Brokerage House Pvt. Ltd,Naasa Securities Co. Ltd.,161,2138.0,344218.0,2025-08-26 11:56:21.466143
2025-08-26,36677,2025082605003048,NRN,ABC Securities Private Limited,ABC Securities Private Limited,1,2106.0,2106.0,2025-08-26 12:03:17.500929
2025-08-26,36618,2025082605003080,NRN,Hatemalo Financial Services Private Limited,KALASH STOCK MARKET PVT. LTD.,10,2138.1,21381.0,2025-08-26 12:03:38.014331
2025-08-26,36420,2025082605003166,NRN,Hatemalo Financial Services Private Limited,Sri Hari Securities Pvt. Ltd.,40,2138.1,85524.0,2025-08-26 12:05:01.214142
2025-08-26,36389,2025082605003176,NRN,Hatemalo Financial Services Private Limited,Naasa Securities Co. Ltd.,50,2138.1,106905.0,2025-08-26 12:05:23.192153
2025-08-26,36388,2025082605003177,NRN,Thrive Brokerage House Pvt. Ltd,Naasa Securities Co. Ltd.,39,2138.0,83382.0,2025-08-26 12:05:23.192406
2025-08-26,36139,2025082605003233,NRN,Pragyan Securities (PVT) Ltd.,Naasa Securities Co. Ltd.,11,2138.0,23518.0,2025-08-26 12:06:35.272798
2025-08-26,35650,2025082605003328,NRN,Miyo Securities Pvt Ltd,Trisul Securities & Invt. Ltd.,11,2136.0,23496.0,2025-08-26 12:09:44.507770
2025-08-26,35413,2025082605003396,NRN,Miyo Securities Pvt Ltd,Deevyaa Securities & Stock House Pvt. Ltd,39,2136.0,83304.0,2025-08-26 12:11:19.541905
2025-08-26,35384,2025082605003403,NRN,Nepal Investment And Securities Trading Private Limited,Sani Securities Company Ltd.,20,2133.5,42670.0,2025-08-26 12:11:37.977641
2025-08-26,35383,2025082605003404,NRN,Elite Stock House Limited,Sani Securities Company Ltd.,50,2133.2,106660.0,2025-08-26 12:11:37.977874
2025-08-26,35382,2025082605003405,NRN,Sri Hari Securities Pvt. Ltd.,Sani Securities Company Ltd.,30,2133.1,63993.0,2025-08-26 12:11:37.977953
2025-08-26,35257,2025082605003437,NRN,Trishakti Securities Public Limited,Naasa Securities Co. Ltd.,500,2134.0,1067000.0,2025-08-26 12:12:34.247162
2025-08-26,34629,2025082605003599,NRN,Sri Hari Securities Pvt. Ltd.,Thrive Brokerage House Pvt. Ltd,11,2133.1,23464.1,2025-08-26 12:16:15.130635
2025-08-26,34457,2025082605003669,NRN,Agrawal Securities (PVT) Ltd.,Agrawal Securities (PVT) Ltd.,11,2139.0,23529.0,2025-08-26 12:17:34.369095
2025-08-26,34456,2025082605003670,NRN,Agrawal Securities (PVT) Ltd.,Sewa Securities Pvt. Ltd.,20,2140.0,42800.0,2025-08-26 12:17:34.369340
2025-08-26,33938,2025082605003844,NRN,Sweta Securities Private Limited,Kohinoor Investment & Securities Pvt. Ltd.,50,2137.0,106850.0,2025-08-26 12:20:56.834884
2025-08-26,33340,2025082605004016,NRN,Sani Securities Company Ltd.,BHOLE GANESH SECURITIES LTD,40,2134.0,85360.0,2025-08-26 12:25:28.645799
2025-08-26,33278,2025082605004036,NRN,Trishakti Securities Public Limited,BHOLE GANESH SECURITIES LTD,50,2133.2,106660.0,2025-08-26 12:25:53.709381
2025-08-26,33277,2025082605004037,NRN,Sri Hari Securities Pvt. Ltd.,BHOLE GANESH SECURITIES LTD,59,2133.1,125852.9,2025-08-26 12:25:53.709639
2025-08-26,33276,2025082605004038,NRN,Aryatara Investment & Securities,BHOLE GANESH SECURITIES LTD,50,2133.1,106655.0,2025-08-26 12:25:53.709722
2025-08-26,33275,2025082605004039,NRN,Online Securities Pvt. Ltd.,BHOLE GANESH SECURITIES LTD,10,2133.1,21331.0,2025-08-26 12:25:53.709798
2025-08-26,33274,2025082605004040,NRN,Sri Hari Securities Pvt. Ltd.,BHOLE GANESH SECURITIES LTD,100,2132.0,213200.0,2025-08-26 12:25:53.709877
2025-08-26,33273,2025082605004041,NRN,Nepal Stock House (PVT) Ltd.,BHOLE GANESH SECURITIES LTD,200,2132.0,426400.0,2025-08-26 12:25:53.709954
2025-08-26,33272,2025082605004042,NRN,Sri Hari Securities Pvt. Ltd.,BHOLE GANESH SECURITIES LTD,100,2131.0,213100.0,2025-08-26 12:25:53.710032
2025-08-26,33231,2025082605004051,NRN,Aryatara Investment & Securities,BHOLE GANESH SECURITIES LTD,20,2130.0,42600.0,2025-08-26 12:26:14.762098
2025-08-26,33230,2025082605004052,NRN,Kumari Securities Private Limited,BHOLE GANESH SECURITIES LTD,100,2130.0,213000.0,2025-08-26 12:26:14.762534
2025-08-26,33229,2025082605004053,NRN,Sri Hari Securities Pvt. Ltd.,BHOLE GANESH SECURITIES LTD,100,2130.0,213000.0,2025-08-26 12:26:14.762769
2025-08-26,33228,2025082605004054,NRN,Aryatara Investment & Securities,BHOLE GANESH SECURITIES LTD,20,2130.0,42600.0,2025-08-26 12:26:14.763060
2025-08-26,33227,2025082605004055,NRN,Secured Securities Ltd.,BHOLE GANESH SECURITIES LTD,151,2130.0,321630.0,2025-08-26 12:26:14.763282
2025-08-26,32971,2025082605004182,NRN,Dipshikha Dhitopatra Karobar Co. Pvt Ltd.,Aryatara Investment & Securities,1,2130.0,2130.0,2025-08-26 12:27:47.397488
2025-08-26,32904,2025082605004198,NRN,Dipshikha Dhitopatra Karobar Co. Pvt Ltd.,Kumari Securities Private Limited,1,2133.1,2133.1,2025-08-26 12:28:12.522757
2025-08-26,32718,2025082605004250,NRN,Dipshikha Dhitopatra Karobar Co. Pvt Ltd.,Oxford Securities Pvt. Ltd.,1,2150.0,2150.0,2025-08-26 12:29:18.836451
2025-08-26,32661,2025082605004267,NRN,Dipshikha Dhitopatra Karobar Co. Pvt Ltd.,Dynamic Money Managers Securities Pvt. Ltd.,1,2163.0,2163.0,2025-08-26 12:29:32.897751
2025-08-26,30103,2025082605005131,NRN,Sweta Securities Private Limited,Naasa Securities Co. Ltd.,22,2135.0,46970.0,2025-08-26 12:42:50.974739
2025-08-26,29336,2025082605005425,NRN,Nepal Stock House (PVT) Ltd.,Vision Securities Pvt. Ltd,11,2137.0,23507.0,2025-08-26 12:47:53.699545
2025-08-26,29201,2025082605005455,NRN,Miyo Securities Pvt Ltd,Imperial Securities Company Pvt. Ltd.,11,2138.0,23518.0,2025-08-26 12:48:43.522150
2025-08-26,29081,2025082605005492,NRN,Dipshikha Dhitopatra Karobar Co. Pvt Ltd.,Primo Securities (PVT) Ltd.,17,2140.0,36380.0,2025-08-26 12:49:36.717031
2025-08-26,28739,2025082605005623,NRN,J.F. Securites (PVT) Ltd.,Sweta Securities Private Limited,1,2120.0,2120.0,2025-08-26 12:51:34.142357
2025-08-26,28723,2025082605005630,NRN,Sweta Securities Private Limited,Naasa Securities Co. Ltd.,10,2145.0,21450.0,2025-08-26 12:51:39.478064
2025-08-26,28656,2025082605005669,NRN,Imperial Securities Company Pvt. Ltd.,Naasa Securities Co. Ltd.,10,2148.0,21480.0,2025-08-26 12:52:00.594094
2025-08-26,27961,2025082605005879,NRN,Global IME Securities Limited,Naasa Securities Co. Ltd.,90,2148.0,193320.0,2025-08-26 12:56:14.189289
2025-08-26,26867,2025082605006290,NRN,Miyo Securities Pvt Ltd,BHOLE GANESH SECURITIES LTD,40,2149.9,85996.0,2025-08-26 13:02:48.586729
2025-08-26,26866,2025082605006291,NRN,Miyo Securities Pvt Ltd,Naasa Securities Co. Ltd.,49,2150.0,105350.0,2025-08-26 13:02:48.587240
2025-08-26,26728,2025082605006348,NRN,Naasa Securities Co. Ltd.,Nepal Stock House (PVT) Ltd.,10,2142.1,21421.0,2025-08-26 13:03:41.551770
2025-08-26,26727,2025082605006349,NRN,Investment Management Nepal Pvt. Ltd.,Nepal Stock House (PVT) Ltd.,100,2142.0,214200.0,2025-08-26 13:03:41.551992
2025-08-26,26726,2025082605006350,NRN,Global IME Securities Limited,Nepal Stock House (PVT) Ltd.,100,2141.0,214100.0,2025-08-26 13:03:41.552080
2025-08-26,26725,2025082605006351,NRN,BHOLE GANESH SECURITIES LTD,Nepal Stock House (PVT) Ltd.,10,2140.1,21401.0,2025-08-26 13:03:41.552167
2025-08-26,26724,2025082605006352,NRN,Global IME Securities Limited,Nepal Stock House (PVT) Ltd.,200,2140.0,428000.0,2025-08-26 13:03:41.552254
2025-08-26,26710,2025082605006354,NRN,Miyo Securities Pvt Ltd,Nepal Stock House (PVT) Ltd.,60,2140.0,128400.0,2025-08-26 13:03:44.816875
2025-08-26,26547,2025082605006413,NRN,Nepal Stock House (PVT) Ltd.,Imperial Securities Company Pvt. Ltd.,11,2141.0,23551.0,2025-08-26 13:04:36.965719
2025-08-26,26160,2025082605006545,NRN,Nepal Stock House (PVT) Ltd.,Agrawal Securities (PVT) Ltd.,11,2141.0,23551.0,2025-08-26 13:06:54.958594
2025-08-26,25996,2025082605006606,NRN,Nepal Stock House (PVT) Ltd.,Sundhara Securities Limited,11,2141.0,23551.0,2025-08-26 13:07:54.845456
2025-08-26,25931,2025082605006631,NRN,Miyo Securities Pvt Ltd,Online Securities Pvt. Ltd.,17,2147.0,36499.0,2025-08-26 13:08:19.874024
2025-08-26,25930,2025082605006632,NRN,Miyo Securities Pvt Ltd,Deevyaa Securities & Stock House Pvt. Ltd,11,2148.0,23628.0,2025-08-26 13:08:19.874465
2025-08-26,25817,2025082605006676,NRN,Nepal Stock House (PVT) Ltd.,Nepal Stock House (PVT) Ltd.,67,2141.0,143447.0,2025-08-26 13:08:58.799453
2025-08-26,25816,2025082605006677,NRN,Miyo Securities Pvt Ltd,Nepal Stock House (PVT) Ltd.,20,2140.0,42800.0,2025-08-26 13:08:58.799754
2025-08-26,25815,2025082605006678,NRN,Dipshikha Dhitopatra Karobar Co. Pvt Ltd.,Nepal Stock House (PVT) Ltd.,43,2138.0,91934.0,2025-08-26 13:08:58.799845
2025-08-26,25814,2025082605006679,NRN,Premier Securities Company Ltd.,Nepal Stock House (PVT) Ltd.,21,2138.0,44898.0,2025-08-26 13:08:58.799933
2025-08-26,25518,2025082605006758,NRN,Nepal Stock House (PVT) Ltd.,Malla & Malla Stock Broking Company Pvt. Limited,11,2137.0,23507.0,2025-08-26 13:11:03.873418
2025-08-26,25452,2025082605006786,NRN,Nepal Stock House (PVT) Ltd.,Nepal Stock House (PVT) Ltd.,28,2137.0,59836.0,2025-08-26 13:11:33.015094
2025-08-26,25451,2025082605006787,NRN,Global IME Securities Limited,Nepal Stock House (PVT) Ltd.,100,2137.0,213700.0,2025-08-26 13:11:33.015389
2025-08-26,25317,2025082605006834,NRN,Global IME Securities Limited,Aakashbhairab Securities Ltd.,10,2137.0,21370.0,2025-08-26 13:12:28.701056
2025-08-26,25030,2025082605006931,NRN,Naasa Securities Co. Ltd.,Nepal Stock House (PVT) Ltd.,10,2136.1,21361.0,2025-08-26 13:14:53.560919
2025-08-26,25029,2025082605006932,NRN,Naasa Securities Co. Ltd.,Nepal Stock House (PVT) Ltd.,10000,2136.0,21360000.0,2025-08-26 13:14:53.561151
2025-08-26,25028,2025082605006933,NRN,Sweta Securities Private Limited,Nepal Stock House (PVT) Ltd.,60,2136.0,128160.0,2025-08-26 13:14:53.561236
2025-08-26,25027,2025082605006934,NRN,Nepal Stock House (PVT) Ltd.,Nepal Stock House (PVT) Ltd.,1930,2135.0,4120550.0,2025-08-26 13:14:53.561443
2025-08-26,24945,2025082605006976,NRN,Nepal Stock House (PVT) Ltd.,Nepal Stock House (PVT) Ltd.,741,2135.0,1582035.0,2025-08-26 13:15:21.865671
2025-08-26,24682,2025082605007076,NRN,Creative Securities Pvt Ltd,Aakashbhairab Securities Ltd.,11,2136.1,23497.1,2025-08-26 13:17:11.787131
2025-08-26,24631,2025082605007109,NRN,Creative Securities Pvt Ltd,ABC Securities Private Limited,39,2136.1,83307.9,2025-08-26 13:17:40.911060
2025-08-26,24630,2025082605007110,NRN,Miyo Securities Pvt Ltd,ABC Securities Private Limited,30,2136.0,64080.0,2025-08-26 13:17:40.911518
2025-08-26,24629,2025082605007111,NRN,Sundhara Securities Limited,ABC Securities Private Limited,200,2136.0,427200.0,2025-08-26 13:17:40.911761
2025-08-26,24628,2025082605007112,NRN,Nepal Stock House (PVT) Ltd.,ABC Securities Private Limited,1731,2135.0,3695685.0,2025-08-26 13:17:40.912012
2025-08-26,24348,2025082605007187,NRN,Nepal Stock House (PVT) Ltd.,Dakshinkali Investment & Securities Pvt. Ltd.,11,2135.0,23485.0,2025-08-26 13:19:29.585376
2025-08-26,23761,2025082605007381,NRN,Online Securities Pvt. Ltd.,Sundhara Securities Limited,10,2135.1,21351.0,2025-08-26 13:23:45.995645
2025-08-26,23760,2025082605007382,NRN,Nepal Stock House (PVT) Ltd.,Sundhara Securities Limited,59,2135.0,125965.0,2025-08-26 13:23:45.996014
2025-08-26,22282,2025082605007809,NRN,Nepal Stock House (PVT) Ltd.,Agrawal Securities (PVT) Ltd.,528,2135.0,1127280.0,2025-08-26 13:34:19.982230
2025-08-26,22281,2025082605007810,NRN,J.F. Securites (PVT) Ltd.,Agrawal Securities (PVT) Ltd.,25,2134.0,53350.0,2025-08-26 13:34:19.982370
2025-08-26,22280,2025082605007811,NRN,Capital Max Securities Ltd,Agrawal Securities (PVT) Ltd.,50,2133.2,106660.0,2025-08-26 13:34:19.982453
2025-08-26,22279,2025082605007812,NRN,Trishakti Securities Public Limited,Agrawal Securities (PVT) Ltd.,50,2133.1,106655.0,2025-08-26 13:34:19.982568
2025-08-26,22278,2025082605007813,NRN,Bhrikuti Stock Broking Co. Pvt. Ltd.,Agrawal Securities (PVT) Ltd.,100,2133.0,213300.0,2025-08-26 13:34:19.982648
2025-08-26,22277,2025082605007814,NRN,Vision Securities Pvt. Ltd,Agrawal Securities (PVT) Ltd.,2000,2133.0,4266000.0,2025-08-26 13:34:19.982726
2025-08-26,22276,2025082605007815,NRN,Nepal Investment And Securities Trading Private Limited,Agrawal Securities (PVT) Ltd.,20,2132.0,42640.0,2025-08-26 13:34:19.982801
2025-08-26,22275,2025082605007816,NRN,Naasa Securities Co. Ltd.,Agrawal Securities (PVT) Ltd.,10,2132.0,21320.0,2025-08-26 13:34:19.982880
2025-08-26,22274,2025082605007817,NRN,Aakashbhairab Securities Ltd.,Agrawal Securities (PVT) Ltd.,1100,2131.0,2344100.0,2025-08-26 13:34:19.982957
2025-08-26,22273,2025082605007818,NRN,Secured Securities Ltd.,Agrawal Securities (PVT) Ltd.,117,2130.0,249210.0,2025-08-26 13:34:19.983032
2025-08-26,21755,2025082605007983,NRN,SHUBHAKAMANA SECURITIES PVT. LTD,Elite Stock House Limited,11,2132.0,23452.0,2025-08-26 13:37:43.425468
2025-08-26,21575,2025082605008036,NRN,SHUBHAKAMANA SECURITIES PVT. LTD,Online Securities Pvt. Ltd.,11,2132.0,23452.0,2025-08-26 13:38:45.190456
2025-08-26,21401,2025082605008094,NRN,Sani Securities Company Ltd.,Online Securities Pvt. Ltd.,10,2144.0,21440.0,2025-08-26 13:39:55.188727
2025-08-26,21400,2025082605008095,NRN,Sani Securities Company Ltd.,Ashutosh Brokerage & Securities (PVT) Ltd.,300,2145.0,643500.0,2025-08-26 13:39:55.188765
2025-08-26,21399,2025082605008096,NRN,Sani Securities Company Ltd.,Online Securities Pvt. Ltd.,13,2146.0,27898.0,2025-08-26 13:39:55.188811
2025-08-26,21398,2025082605008097,NRN,Sani Securities Company Ltd.,ABC Securities Private Limited,12,2148.6,25783.2,2025-08-26 13:39:55.188840
2025-08-26,21397,2025082605008098,NRN,Sani Securities Company Ltd.,Online Securities Pvt. Ltd.,13,2148.7,27933.1,2025-08-26 13:39:55.188872
2025-08-26,21396,2025082605008099,NRN,Sani Securities Company Ltd.,Online Securities Pvt. Ltd.,17,2148.8,36529.6,2025-08-26 13:39:55.188895
2025-08-26,21395,2025082605008100,NRN,Sani Securities Company Ltd.,South Asian Bulls Pvt. Ltd.,135,2148.9,290101.5,2025-08-26 13:39:55.188919
2025-08-26,20913,2025082605008275,NRN,Premier Securities Company Ltd.,Nepal Investment And Securities Trading Private Limited,3,2125.0,6375.0,2025-08-26 13:43:36.862202
2025-08-26,20708,2025082605008349,NRN,Premier Securities Company Ltd.,Aakashbhairab Securities Ltd.,1,2131.0,2131.0,2025-08-26 13:45:05.222116
2025-08-26,20309,2025082605008497,NRN,J.F. Securites (PVT) Ltd.,Kalika Securities Pvt. Ltd.,1,2132.0,2132.0,2025-08-26 13:47:51.642692
2025-08-26,20292,2025082605008504,NRN,J.F. Securites (PVT) Ltd.,J.F. Securites (PVT) Ltd.,1,2135.0,2135.0,2025-08-26 13:47:57.685171
2025-08-26,20074,2025082605008585,NRN,Midas Stock Broking Company Private Limited,Asian Securities Private Ltd.,23,2140.0,49220.0,2025-08-26 13:49:14.663099
2025-08-26,20073,2025082605008586,NRN,Bhrikuti Stock Broking Co. Pvt. Ltd.,Asian Securities Private Ltd.,140,2133.2,298648.0,2025-08-26 13:49:14.663649
2025-08-26,20072,2025082605008587,NRN,Trishakti Securities Public Limited,Asian Securities Private Ltd.,1000,2133.1,2133100.0,2025-08-26 13:49:14.663966
2025-08-26,20071,2025082605008588,NRN,Vision Securities Pvt. Ltd,Asian Securities Private Ltd.,200,2133.0,426600.0,2025-08-26 13:49:14.664245
2025-08-26,20070,2025082605008589,NRN,Naasa Securities Co. Ltd.,Asian Securities Private Ltd.,637,2133.0,1358721.0,2025-08-26 13:49:14.664570
2025-08-26,19942,2025082605008637,NRN,Naasa Securities Co. Ltd.,Agrawal Securities (PVT) Ltd.,200,2133.0,426600.0,2025-08-26 13:50:16.442687
2025-08-26,19923,2025082605008643,NRN,Dipshikha Dhitopatra Karobar Co. Pvt Ltd.,Agrawal Securities (PVT) Ltd.,200,2135.0,427000.0,2025-08-26 13:50:30.553057
2025-08-26,19897,2025082605008652,NRN,Naasa Securities Co. Ltd.,Agrawal Securities (PVT) Ltd.,163,2133.0,347679.0,2025-08-26 13:50:44.652042
2025-08-26,19659,2025082605008754,NRN,Naasa Securities Co. Ltd.,Asian Securities Private Ltd.,10,2132.4,21324.0,2025-08-26 13:52:25.393436
2025-08-26,19658,2025082605008755,NRN,Miyo Securities Pvt Ltd,Asian Securities Private Ltd.,100,2131.0,213100.0,2025-08-26 13:52:25.393742
2025-08-26,19657,2025082605008756,NRN,Sewa Securities Pvt. Ltd.,Asian Securities Private Ltd.,10,2130.2,21302.0,2025-08-26 13:52:25.393844
2025-08-26,19656,2025082605008757,NRN,Neev Securities Pvt. Ltd.,Asian Securities Private Ltd.,500,2130.1,1065050.0,2025-08-26 13:52:25.393936
2025-08-26,19655,2025082605008758,NRN,Secured Securities Ltd.,Asian Securities Private Ltd.,232,2130.0,494160.0,2025-08-26 13:52:25.394026
2025-08-26,19654,2025082605008759,NRN,Nepal Stock House (PVT) Ltd.,Asian Securities Private Ltd.,200,2130.0,426000.0,2025-08-26 13:52:25.394133
2025-08-26,19653,2025082605008760,NRN,Vision Securities Pvt. Ltd,Asian Securities Private Ltd.,100,2130.0,213000.0,2025-08-26 13:52:25.394221
2025-08-26,19652,2025082605008761,NRN,Imperial Securities Company Pvt. Ltd.,Asian Securities Private Ltd.,20,2130.0,42600.0,2025-08-26 13:52:25.394307
2025-08-26,19651,2025082605008762,NRN,J.F. Securites (PVT) Ltd.,Asian Securities Private Ltd.,200,2130.0,426000.0,2025-08-26 13:52:25.394403
2025-08-26,19650,2025082605008763,NRN,Primo Securities (PVT) Ltd.,Asian Securities Private Ltd.,100,2130.0,213000.0,2025-08-26 13:52:25.394490
2025-08-26,19649,2025082605008764,NRN,Online Securities Pvt. Ltd.,Asian Securities Private Ltd.,10,2130.0,21300.0,2025-08-26 13:52:25.394575
2025-08-26,19648,2025082605008765,NRN,R.B.B. Securities Company Ltd,Asian Securities Private Ltd.,18,2130.0,38340.0,2025-08-26 13:52:25.394660
2025-08-26,18819,2025082605009133,NRN,Miyo Securities Pvt Ltd,Nepal Stock House (PVT) Ltd.,30,2130.1,63903.0,2025-08-26 13:56:41.586392
2025-08-26,18818,2025082605009134,NRN,R.B.B. Securities Company Ltd,Nepal Stock House (PVT) Ltd.,27,2130.0,57510.0,2025-08-26 13:56:41.586653
2025-08-26,18817,2025082605009135,NRN,Dakshinkali Investment & Securities Pvt. Ltd.,Nepal Stock House (PVT) Ltd.,100,2130.0,213000.0,2025-08-26 13:56:41.586780
2025-08-26,18816,2025082605009136,NRN,Sri Hari Securities Pvt. Ltd.,Nepal Stock House (PVT) Ltd.,43,2129.0,91547.0,2025-08-26 13:56:41.586869
2025-08-26,18692,2025082605009195,NRN,Sri Hari Securities Pvt. Ltd.,Trishakti Securities Public Limited,50,2129.0,106450.0,2025-08-26 13:57:27.778894
2025-08-26,16822,2025082605009896,NRN,Miyo Securities Pvt Ltd,Naasa Securities Co. Ltd.,100,2130.0,213000.0,2025-08-26 14:07:38.443010
2025-08-26,16740,2025082605009927,NRN,SHUBHAKAMANA SECURITIES PVT. LTD,Naasa Securities Co. Ltd.,71,2130.0,151230.0,2025-08-26 14:08:08.067897
2025-08-26,16430,2025082605010044,NRN,Sani Securities Company Ltd.,Naasa Securities Co. Ltd.,1000,2130.0,2130000.0,2025-08-26 14:10:09.561883
2025-08-26,16427,2025082605010046,NRN,Naasa Securities Co. Ltd.,Linch Stock Market Ltd.,1,2110.0,2110.0,2025-08-26 14:10:12.766812
2025-08-26,16400,2025082605010056,NRN,Kohinoor Investment & Securities Pvt. Ltd.,Naasa Securities Co. Ltd.,1000,2130.0,2130000.0,2025-08-26 14:10:22.063096
2025-08-26,16354,2025082605010070,NRN,Global IME Securities Limited,Naasa Securities Co. Ltd.,243,2130.0,517590.0,2025-08-26 14:10:39.649129
2025-08-26,16353,2025082605010071,NRN,Global IME Securities Limited,Premier Securities Company Ltd.,10,2130.0,21300.0,2025-08-26 14:10:39.649579
2025-08-26,16100,2025082605010146,NRN,SHUBHAKAMANA SECURITIES PVT. LTD,Kumari Securities Private Limited,10,2131.0,21310.0,2025-08-26 14:11:37.702625
2025-08-26,16099,2025082605010147,NRN,SHUBHAKAMANA SECURITIES PVT. LTD,Secured Securities Ltd.,19,2131.0,40489.0,2025-08-26 14:11:37.702660
2025-08-26,16050,2025082605010170,NRN,SHUBHAKAMANA SECURITIES PVT. LTD,Secured Securities Ltd.,90,2131.0,191790.0,2025-08-26 14:11:52.774068
2025-08-26,15553,2025082605010357,NRN,Naasa Securities Co. Ltd.,South Asian Bulls Pvt. Ltd.,11,2132.0,23452.0,2025-08-26 14:14:04.581926
2025-08-26,14855,2025082605010682,NRN,Online Securities Pvt. Ltd.,Miyo Securities Pvt Ltd,20,2132.0,42640.0,2025-08-26 14:16:50.611905
2025-08-26,14523,2025082605010798,NRN,Miyo Securities Pvt Ltd,Asian Securities Private Ltd.,50,2129.0,106450.0,2025-08-26 14:18:42.750276
2025-08-26,14522,2025082605010799,NRN,Miyo Securities Pvt Ltd,Asian Securities Private Ltd.,50,2128.2,106410.0,2025-08-26 14:18:42.750715
2025-08-26,14521,2025082605010800,NRN,Sri Hari Securities Pvt. Ltd.,Asian Securities Private Ltd.,253,2128.1,538409.3,2025-08-26 14:18:42.750987
2025-08-26,14520,2025082605010801,NRN,Sri Hari Securities Pvt. Ltd.,Asian Securities Private Ltd.,100,2128.0,212800.0,2025-08-26 14:18:42.751268
2025-08-26,14519,2025082605010802,NRN,Miyo Securities Pvt Ltd,Asian Securities Private Ltd.,20,2127.2,42544.0,2025-08-26 14:18:42.751537
2025-08-26,14518,2025082605010803,NRN,SUN SECURITIES PVT LTD,Asian Securities Private Ltd.,50,2127.1,106355.0,2025-08-26 14:18:42.751799
2025-08-26,14517,2025082605010804,NRN,Sri Hari Securities Pvt. Ltd.,Asian Securities Private Ltd.,100,2127.0,212700.0,2025-08-26 14:18:42.752058
2025-08-26,14516,2025082605010805,NRN,Market Securities & Exchange (PVT) Ltd.,Asian Securities Private Ltd.,40,2127.0,85080.0,2025-08-26 14:18:42.752305
2025-08-26,14515,2025082605010806,NRN,Sri Hari Securities Pvt. Ltd.,Asian Securities Private Ltd.,100,2126.0,212600.0,2025-08-26 14:18:42.752572
2025-08-26,14514,2025082605010807,NRN,Nepal Stock House (PVT) Ltd.,Asian Securities Private Ltd.,50,2126.0,106300.0,2025-08-26 14:18:42.752857
2025-08-26,14513,2025082605010808,NRN,Sri Hari Securities Pvt. Ltd.,Asian Securities Private Ltd.,100,2125.7,212570.0,2025-08-26 14:18:42.753134
2025-08-26,14512,2025082605010809,NRN,R.B.B. Securities Company Ltd,Asian Securities Private Ltd.,150,2125.0,318750.0,2025-08-26 14:18:42.753404
2025-08-26,14511,2025082605010810,NRN,Sweta Securities Private Limited,Asian Securities Private Ltd.,50,2125.0,106250.0,2025-08-26 14:18:42.753667
2025-08-26,14510,2025082605010811,NRN,Property Wiard Limited,Asian Securities Private Ltd.,150,2124.0,318600.0,2025-08-26 14:18:42.753921
2025-08-26,14509,2025082605010812,NRN,Agrawal Securities (PVT) Ltd.,Asian Securities Private Ltd.,20,2123.0,42460.0,2025-08-26 14:18:42.754164
2025-08-26,14508,2025082605010813,NRN,Nepal Stock House (PVT) Ltd.,Asian Securities Private Ltd.,100,2123.0,212300.0,2025-08-26 14:18:42.754426
2025-08-26,14507,2025082605010814,NRN,Sri Hari Securities Pvt. Ltd.,Asian Securities Private Ltd.,100,2123.0,212300.0,2025-08-26 14:18:42.754672
2025-08-26,14506,2025082605010815,NRN,Sri Hari Securities Pvt. Ltd.,Asian Securities Private Ltd.,17,2123.0,36091.0,2025-08-26 14:18:42.754927
2025-08-26,14103,2025082605010996,NRN,SHUBHAKAMANA SECURITIES PVT. LTD,Naasa Securities Co. Ltd.,10,2124.0,21240.0,2025-08-26 14:20:36.641415
2025-08-26,14102,2025082605010997,NRN,Naasa Securities Co. Ltd.,Naasa Securities Co. Ltd.,20,2124.0,42480.0,2025-08-26 14:20:36.641842
2025-08-26,13636,2025082605011223,NRN,Sani Securities Company Ltd.,J.F. Securites (PVT) Ltd.,10,2125.0,21250.0,2025-08-26 14:23:05.915127
2025-08-26,13635,2025082605011224,NRN,Miyo Securities Pvt Ltd,J.F. Securites (PVT) Ltd.,25,2124.2,53105.0,2025-08-26 14:23:05.915526
2025-08-26,13634,2025082605011225,NRN,Sri Hari Securities Pvt. Ltd.,J.F. Securites (PVT) Ltd.,300,2124.1,637230.0,2025-08-26 14:23:05.915778
2025-08-26,13633,2025082605011226,NRN,Sundhara Securities Limited,J.F. Securites (PVT) Ltd.,100,2124.1,212410.0,2025-08-26 14:23:05.916063
2025-08-26,13632,2025082605011227,NRN,SHUBHAKAMANA SECURITIES PVT. LTD,J.F. Securites (PVT) Ltd.,150,2124.1,318615.0,2025-08-26 14:23:05.916304
2025-08-26,13631,2025082605011228,NRN,Naasa Securities Co. Ltd.,J.F. Securites (PVT) Ltd.,280,2124.0,594720.0,2025-08-26 14:23:05.916567
2025-08-26,13630,2025082605011229,NRN,Trisul Securities & Invt. Ltd.,J.F. Securites (PVT) Ltd.,200,2124.0,424800.0,2025-08-26 14:23:05.916809
2025-08-26,13629,2025082605011230,NRN,Sri Hari Securities Pvt. Ltd.,J.F. Securites (PVT) Ltd.,83,2123.0,176209.0,2025-08-26 14:23:05.917035
2025-08-26,13628,2025082605011231,NRN,Kohinoor Investment & Securities Pvt. Ltd.,J.F. Securites (PVT) Ltd.,300,2122.1,636630.0,2025-08-26 14:23:05.917284
2025-08-26,13627,2025082605011232,NRN,Miyo Securities Pvt Ltd,J.F. Securites (PVT) Ltd.,52,2122.0,110344.0,2025-08-26 14:23:05.917542
2025-08-26,13506,2025082605011293,NRN,Sani Securities Company Ltd.,Miyo Securities Pvt Ltd,80,2132.0,170560.0,2025-08-26 14:23:45.139664
2025-08-26,13505,2025082605011294,NRN,Sani Securities Company Ltd.,Agrawal Securities (PVT) Ltd.,37,2133.0,78921.0,2025-08-26 14:23:45.140085
2025-08-26,13504,2025082605011295,NRN,Sani Securities Company Ltd.,Agrawal Securities (PVT) Ltd.,83,2133.0,177039.0,2025-08-26 14:23:45.140361
2025-08-26,13060,2025082605011499,NRN,ABC Securities Private Limited,Agrawal Securities (PVT) Ltd.,117,2133.0,249561.0,2025-08-26 14:26:04.356397
2025-08-26,13059,2025082605011500,NRN,ABC Securities Private Limited,Agrawal Securities (PVT) Ltd.,200,2133.0,426600.0,2025-08-26 14:26:04.356491
2025-08-26,13058,2025082605011501,NRN,ABC Securities Private Limited,Agrawal Securities (PVT) Ltd.,183,2133.0,390339.0,2025-08-26 14:26:04.356557
2025-08-26,12953,2025082605011538,NRN,Imperial Securities Company Pvt. Ltd.,Online Securities Pvt. Ltd.,10,2123.1,21231.0,2025-08-26 14:26:35.933777
2025-08-26,12449,2025082605011720,NRN,Imperial Securities Company Pvt. Ltd.,N.I.M.B. Stock Markets Limited,11,2123.1,23354.1,2025-08-26 14:29:40.454608
2025-08-26,12400,2025082605011733,NRN,Imperial Securities Company Pvt. Ltd.,Imperial Securities Company Pvt. Ltd.,79,2123.1,167724.9,2025-08-26 14:29:58.427304
2025-08-26,12399,2025082605011734,NRN,Oxford Securities Pvt. Ltd.,Imperial Securities Company Pvt. Ltd.,21,2123.1,44585.1,2025-08-26 14:29:58.427393
2025-08-26,11942,2025082605011889,NRN,Naasa Securities Co. Ltd.,Agrawal Securities (PVT) Ltd.,11,2124.1,23365.1,2025-08-26 14:32:16.722999
2025-08-26,11084,2025082605012264,NRN,Trishakti Securities Public Limited,Ashutosh Brokerage & Securities (PVT) Ltd.,500,2125.2,1062600.0,2025-08-26 14:35:16.518678
2025-08-26,11083,2025082605012265,NRN,Naasa Securities Co. Ltd.,Ashutosh Brokerage & Securities (PVT) Ltd.,87,2125.1,184883.7,2025-08-26 14:35:16.519088
2025-08-26,11082,2025082605012266,NRN,Miyo Securities Pvt Ltd,Ashutosh Brokerage & Securities (PVT) Ltd.,30,2125.0,63750.0,2025-08-26 14:35:16.519350
2025-08-26,11058,2025082605012276,NRN,Thrive Brokerage House Pvt. Ltd,Ashutosh Brokerage & Securities (PVT) Ltd.,10,2125.0,21250.0,2025-08-26 14:35:19.147551
2025-08-26,11012,2025082605012295,NRN,Kumari Securities Private Limited,Ashutosh Brokerage & Securities (PVT) Ltd.,20,2124.1,42482.0,2025-08-26 14:35:31.582675
2025-08-26,11011,2025082605012296,NRN,Kohinoor Investment & Securities Pvt. Ltd.,Ashutosh Brokerage & Securities (PVT) Ltd.,180,2124.0,382320.0,2025-08-26 14:35:31.582900
2025-08-26,10976,2025082605012307,NRN,Sewa Securities Pvt. Ltd.,Ashutosh Brokerage & Securities (PVT) Ltd.,10,2125.0,21250.0,2025-08-26 14:35:39.096741
2025-08-26,10930,2025082605012318,NRN,Trishakti Securities Public Limited,Ashutosh Brokerage & Securities (PVT) Ltd.,363,2125.0,771375.0,2025-08-26 14:35:51.732128
2025-08-26,10894,2025082605012328,NRN,SHUBHAKAMANA SECURITIES PVT. LTD,Oxford Securities Pvt. Ltd.,11,2125.0,23375.0,2025-08-26 14:35:59.275039
2025-08-26,10801,2025082605012367,NRN,SHUBHAKAMANA SECURITIES PVT. LTD,Imperial Securities Company Pvt. Ltd.,11,2125.0,23375.0,2025-08-26 14:36:25.659265
2025-08-26,10691,2025082605012405,NRN,SHUBHAKAMANA SECURITIES PVT. LTD,Imperial Securities Company Pvt. Ltd.,78,2125.0,165750.0,2025-08-26 14:36:58.130524
2025-08-26,10107,2025082605012727,NRN,ABC Securities Private Limited,Sri Hari Securities Pvt. Ltd.,200,2124.9,424980.0,2025-08-26 14:38:51.923750
2025-08-26,9907,2025082605012815,NRN,R.B.B. Securities Company Ltd,Imperial Securities Company Pvt. Ltd.,92,2125.0,195500.0,2025-08-26 14:39:33.139887
2025-08-26,9788,2025082605012862,NRN,Himalayan Securities Limited,BHOLE GANESH SECURITIES LTD,2000,2129.0,4258000.0,2025-08-26 14:40:07.272465
2025-08-26,9725,2025082605012884,NRN,Miyo Securities Pvt Ltd,Ashutosh Brokerage & Securities (PVT) Ltd.,200,2130.0,426000.0,2025-08-26 14:40:15.777884
2025-08-26,9192,2025082605013118,NRN,Himalayan Securities Limited,BHOLE GANESH SECURITIES LTD,1000,2129.0,2129000.0,2025-08-26 14:42:06.610035
2025-08-26,8533,2025082605013351,NRN,Sumeru Securities Pvt. Ltd.,Online Securities Pvt. Ltd.,50,2125.0,106250.0,2025-08-26 14:44:02.155425
2025-08-26,8015,2025082605013529,NRN,Trishakti Securities Public Limited,Ashutosh Brokerage & Securities (PVT) Ltd.,50,2125.1,106255.0,2025-08-26 14:45:24.209530
2025-08-26,8014,2025082605013530,NRN,Sumeru Securities Pvt. Ltd.,Ashutosh Brokerage & Securities (PVT) Ltd.,50,2125.0,106250.0,2025-08-26 14:45:24.209983
2025-08-26,8013,2025082605013531,NRN,Arun Securities (PVT) Ltd.,Ashutosh Brokerage & Securities (PVT) Ltd.,50,2125.0,106250.0,2025-08-26 14:45:24.210271
2025-08-26,8012,2025082605013532,NRN,SUN SECURITIES PVT LTD,Ashutosh Brokerage & Securities (PVT) Ltd.,71,2125.0,150875.0,2025-08-26 14:45:24.210568
2025-08-26,8011,2025082605013533,NRN,Himalayan Securities Limited,Ashutosh Brokerage & Securities (PVT) Ltd.,15,2124.2,31863.0,2025-08-26 14:45:24.210832
2025-08-26,8010,2025082605013534,NRN,Oxford Securities Pvt. Ltd.,Ashutosh Brokerage & Securities (PVT) Ltd.,24,2124.2,50980.8,2025-08-26 14:45:24.211063
2025-08-26,8009,2025082605013535,NRN,Kohinoor Investment & Securities Pvt. Ltd.,Ashutosh Brokerage & Securities (PVT) Ltd.,120,2124.0,254880.0,2025-08-26 14:45:24.211355
2025-08-26,8008,2025082605013536,NRN,Naasa Securities Co. Ltd.,Ashutosh Brokerage & Securities (PVT) Ltd.,50,2124.0,106200.0,2025-08-26 14:45:24.211615
2025-08-26,8007,2025082605013537,NRN,Dynamic Money Managers Securities Pvt. Ltd.,Ashutosh Brokerage & Securities (PVT) Ltd.,50,2124.0,106200.0,2025-08-26 14:45:24.211876
2025-08-26,7161,2025082605013895,NRN,Miyo Securities Pvt Ltd,Bhrikuti Stock Broking Co. Pvt. Ltd.,100,2129.9,212990.0,2025-08-26 14:47:38.571951
2025-08-26,7073,2025082605013930,NRN,SHUBHAKAMANA SECURITIES PVT. LTD,Naasa Securities Co. Ltd.,10,2122.2,21222.0,2025-08-26 14:47:56.012259
2025-08-26,6882,2025082605014000,NRN,Linch Stock Market Ltd.,Ashutosh Brokerage & Securities (PVT) Ltd.,11,2125.0,23375.0,2025-08-26 14:48:22.086965
2025-08-26,6881,2025082605014001,NRN,Naasa Securities Co. Ltd.,Ashutosh Brokerage & Securities (PVT) Ltd.,11,2125.0,23375.0,2025-08-26 14:48:22.087422
2025-08-26,6880,2025082605014002,NRN,SHUBHAKAMANA SECURITIES PVT. LTD,Ashutosh Brokerage & Securities (PVT) Ltd.,178,2124.0,378072.0,2025-08-26 14:48:22.087686
2025-08-26,6667,2025082605014086,NRN,Dynamic Money Managers Securities Pvt. Ltd.,Ashutosh Brokerage & Securities (PVT) Ltd.,400,2125.0,850000.0,2025-08-26 14:48:51.220008
2025-08-26,5838,2025082605014390,NRN,SHUBHAKAMANA SECURITIES PVT. LTD,Ashutosh Brokerage & Securities (PVT) Ltd.,20,2126.0,42520.0,2025-08-26 14:51:00.755762
2025-08-26,5820,2025082605014391,NRN,Sewa Securities Pvt. Ltd.,Ashutosh Brokerage & Securities (PVT) Ltd.,20,2125.0,42500.0,2025-08-26 14:51:05.067598
2025-08-26,5819,2025082605014392,NRN,SHUBHAKAMANA SECURITIES PVT. LTD,Ashutosh Brokerage & Securities (PVT) Ltd.,22,2125.0,46750.0,2025-08-26 14:51:05.067823
2025-08-26,5472,2025082605014523,NRN,Trishakti Securities Public Limited,Ashutosh Brokerage & Securities (PVT) Ltd.,160,2125.0,340000.0,2025-08-26 14:52:02.394424
2025-08-26,5359,2025082605014576,NRN,SHUBHAKAMANA SECURITIES PVT. LTD,Imperial Securities Company Pvt. Ltd.,25,2125.0,53125.0,2025-08-26 14:52:15.951576
2025-08-26,4999,2025082605014717,NRN,Naasa Securities Co. Ltd.,Imperial Securities Company Pvt. Ltd.,75,2125.0,159375.0,2025-08-26 14:53:09.849336
2025-08-26,4998,2025082605014718,NRN,Naasa Securities Co. Ltd.,Ashutosh Brokerage & Securities (PVT) Ltd.,110,2125.0,233750.0,2025-08-26 14:53:09.849752
2025-08-26,4936,2025082605014751,NRN,Kumari Securities Private Limited,Ashutosh Brokerage & Securities (PVT) Ltd.,10,2125.0,21250.0,2025-08-26 14:53:20.002226
2025-08-26,4723,2025082605014844,NRN,Naasa Securities Co. Ltd.,Ashutosh Brokerage & Securities (PVT) Ltd.,68,2125.0,144500.0,2025-08-26 14:53:43.099458
2025-08-26,4722,2025082605014845,NRN,Naasa Securities Co. Ltd.,Ashutosh Brokerage & Securities (PVT) Ltd.,182,2126.0,386932.0,2025-08-26 14:53:43.099557
2025-08-26,4235,2025082605015008,NRN,Capital Max Securities Ltd,Aryatara Investment & Securities,10,2124.5,21245.0,2025-08-26 14:54:34.548192
2025-08-26,3805,2025082605015149,NRN,Naasa Securities Co. Ltd.,Ashutosh Brokerage & Securities (PVT) Ltd.,18,2126.0,38268.0,2025-08-26 14:55:16.699950
2025-08-26,3804,2025082605015150,NRN,Naasa Securities Co. Ltd.,Aakashbhairab Securities Ltd.,232,2127.0,493464.0,2025-08-26 14:55:16.699991
2025-08-26,3468,2025082605015250,NRN,K.B.L. Securities Limited ,Deevyaa Securities & Stock House Pvt. Ltd,30,2126.0,63780.0,2025-08-26 14:55:56.779107
2025-08-26,3467,2025082605015251,NRN,K.B.L. Securities Limited ,Aakashbhairab Securities Ltd.,70,2127.0,148890.0,2025-08-26 14:55:56.779362
2025-08-26,3442,2025082605015256,NRN,Deevyaa Securities & Stock House Pvt. Ltd,Aakashbhairab Securities Ltd.,500,2127.0,1063500.0,2025-08-26 14:55:59.637797
2025-08-26,2849,2025082605015446,NRN,Naasa Securities Co. Ltd.,Aakashbhairab Securities Ltd.,11,2127.0,23397.0,2025-08-26 14:57:05.805905
2025-08-26,2776,2025082605015469,NRN,Capital Max Securities Ltd,Aakashbhairab Securities Ltd.,80,2127.0,170160.0,2025-08-26 14:57:12.906078
2025-08-26,2308,2025082605015656,NRN,SHUBHAKAMANA SECURITIES PVT. LTD,Sri Hari Securities Pvt. Ltd.,80,2126.0,170080.0,2025-08-26 14:57:52.346036
2025-08-26,2307,2025082605015657,NRN,Trishakti Securities Public Limited,Sri Hari Securities Pvt. Ltd.,50,2125.4,106270.0,2025-08-26 14:57:52.346237
2025-08-26,2306,2025082605015658,NRN,Dynamic Money Managers Securities Pvt. Ltd.,Sri Hari Securities Pvt. Ltd.,170,2125.3,361301.0,2025-08-26 14:57:52.346335
2025-08-26,2065,2025082605015758,NRN,Dynamic Money Managers Securities Pvt. Ltd.,Naasa Securities Co. Ltd.,300,2125.3,637590.0,2025-08-26 14:58:11.912606
2025-08-26,1955,2025082605015787,NRN,Himalayan Brokerage Company Limited,Aakashbhairab Securities Ltd.,207,2127.0,440289.0,2025-08-26 14:58:23.077419
2025-08-26,1954,2025082605015788,NRN,Himalayan Brokerage Company Limited,Bhrikuti Stock Broking Co. Pvt. Ltd.,100,2128.9,212890.0,2025-08-26 14:58:23.077638
2025-08-26,1953,2025082605015789,NRN,Himalayan Brokerage Company Limited,Sri Hari Securities Pvt. Ltd.,193,2130.0,411090.0,2025-08-26 14:58:23.077728
2025-08-26,1830,2025082605015839,NRN,Capital Max Securities Ltd,Sri Hari Securities Pvt. Ltd.,50,2125.5,106275.0,2025-08-26 14:58:30.898566
2025-08-26,1829,2025082605015840,NRN,Dynamic Money Managers Securities Pvt. Ltd.,Sri Hari Securities Pvt. Ltd.,20,2125.3,42506.0,2025-08-26 14:58:30.898848
2025-08-26,1828,2025082605015841,NRN,Dynamic Money Managers Securities Pvt. Ltd.,Sri Hari Securities Pvt. Ltd.,50,2122.1,106105.0,2025-08-26 14:58:30.898944
2025-08-26,1827,2025082605015842,NRN,Miyo Securities Pvt Ltd,Sri Hari Securities Pvt. Ltd.,80,2122.0,169760.0,2025-08-26 14:58:30.899036
2025-08-26,1606,2025082605015913,NRN,Trademow Securities Private Limited,Bhrikuti Stock Broking Co. Pvt. Ltd.,11,2125.3,23378.3,2025-08-26 14:58:43.991028
2025-08-26,1605,2025082605015914,NRN,Trademow Securities Private Limited,Sri Hari Securities Pvt. Ltd.,89,2130.0,189570.0,2025-08-26 14:58:43.991299
2025-08-26,936,2025082605016153,NRN,Sagarmatha Securities Private Limited,Bhrikuti Stock Broking Co. Pvt. Ltd.,50,2125.0,106250.0,2025-08-26 14:59:25.567368
2025-08-26,935,2025082605016154,NRN,Trishakti Securities Public Limited,Bhrikuti Stock Broking Co. Pvt. Ltd.,10,2124.1,21241.0,2025-08-26 14:59:25.567575
2025-08-26,934,2025082605016155,NRN,Dynamic Money Managers Securities Pvt. Ltd.,Bhrikuti Stock Broking Co. Pvt. Ltd.,50,2124.0,106200.0,2025-08-26 14:59:25.567687
2025-08-26,933,2025082605016156,NRN,Arun Securities (PVT) Ltd.,Bhrikuti Stock Broking Co. Pvt. Ltd.,50,2124.0,106200.0,2025-08-26 14:59:25.567779
2025-08-26,932,2025082605016157,NRN,Naasa Securities Co. Ltd.,Bhrikuti Stock Broking Co. Pvt. Ltd.,158,2122.1,335291.8,2025-08-26 14:59:25.567866
2025-08-26,169,2025082605016465,NRN,Sumeru Securities Pvt. Ltd.,Sri Hari Securities Pvt. Ltd.,100,2130.0,213000.0,2025-08-26 14:59:55.894914
2025-08-26,55,2025082605016510,NRN,SHUBHAKAMANA SECURITIES PVT. LTD,Sri Hari Securities Pvt. Ltd.,10,2130.0,21300.0,2025-08-26 14:59:58.445212
2025-08-26,38,2025082605016521,NRN,Premier Securities Company Ltd.,Sri Hari Securities Pvt. Ltd.,10,2130.0,21300.0,2025-08-26 14:59:58.921992
