Date,S.N.,contract_id,symbol,buyer_broker,seller_broker,volume,price,amount,transaction_time
2025-08-26,45091,2025082603000004,SINDU,Vision Securities Pvt. Ltd,Online Securities Pvt. Ltd.,10,767.3,7673.0,2025-08-26 10:46:00.052749
2025-08-26,44625,2025082603000155,SINDU,Vision Securities Pvt. Ltd,Infinity Securities Limited,17,756.0,12852.0,2025-08-26 11:06:03.414557
2025-08-26,44624,2025082603000156,SINDU,Vision Securities Pvt. Ltd,Vision Securities Pvt. Ltd,33,763.0,25179.0,2025-08-26 11:06:03.414672
2025-08-26,44110,2025082603000273,SINDU,Naasa Securities Co. Ltd.,Capital Max Securities Ltd,10,760.0,7600.0,2025-08-26 11:10:31.284132
2025-08-26,44109,2025082603000274,SINDU,Naasa Securities Co. Ltd.,N.I.M.B. Stock Markets Limited,20,760.0,15200.0,2025-08-26 11:10:31.284196
2025-08-26,43554,2025082603000371,SINDU,Vision Securities Pvt. Ltd,Midas Stock Broking Company Private Limited,30,752.0,22560.0,2025-08-26 11:14:41.666110
2025-08-26,43553,2025082603000372,SINDU,Vision Securities Pvt. Ltd,Opal Securities Investment (PVT) Ltd.,20,753.0,15060.0,2025-08-26 11:14:41.666275
2025-08-26,41933,2025082603000727,SINDU,Dakshinkali Investment & Securities Pvt. Ltd.,Opal Securities Investment (PVT) Ltd.,130,751.0,97630.0,2025-08-26 11:25:57.663192
2025-08-26,41873,2025082603000734,SINDU,Dakshinkali Investment & Securities Pvt. Ltd.,Vision Securities Pvt. Ltd,22,751.0,16522.0,2025-08-26 11:26:25.788132
2025-08-26,41373,2025082603000826,SINDU,Dakshinkali Investment & Securities Pvt. Ltd.,Online Securities Pvt. Ltd.,10,751.0,7510.0,2025-08-26 11:29:45.486563
2025-08-26,40472,2025082603000997,SINDU,Dakshinkali Investment & Securities Pvt. Ltd.,Bhrikuti Stock Broking Co. Pvt. Ltd.,90,751.0,67590.0,2025-08-26 11:36:35.987379
2025-08-26,40386,2025082603001016,SINDU,Dakshinkali Investment & Securities Pvt. Ltd.,Cristal Kanchanjanga Securites Pvt. Ltd.,26,751.0,19526.0,2025-08-26 11:36:59.407845
2025-08-26,40096,2025082603001060,SINDU,Opal Securities Investment (PVT) Ltd.,Asian Securities Private Ltd.,388,753.0,292164.0,2025-08-26 11:38:56.651729
2025-08-26,40021,2025082603001074,SINDU,Dakshinkali Investment & Securities Pvt. Ltd.,Bhrikuti Stock Broking Co. Pvt. Ltd.,10,751.0,7510.0,2025-08-26 11:39:38.676879
2025-08-26,36778,2025082603001654,SINDU,Dakshinkali Investment & Securities Pvt. Ltd.,Deevyaa Securities & Stock House Pvt. Ltd,12,751.0,9012.0,2025-08-26 12:02:28.185585
2025-08-26,36777,2025082603001655,SINDU,Malla & Malla Stock Broking Company Pvt. Limited,Deevyaa Securities & Stock House Pvt. Ltd,10,751.0,7510.0,2025-08-26 12:02:28.185710
2025-08-26,36776,2025082603001656,SINDU,Shree Krishna Securities Ltd.,Deevyaa Securities & Stock House Pvt. Ltd,150,750.0,112500.0,2025-08-26 12:02:28.185759
2025-08-26,36775,2025082603001657,SINDU,Sri Hari Securities Pvt. Ltd.,Deevyaa Securities & Stock House Pvt. Ltd,10,750.0,7500.0,2025-08-26 12:02:28.185802
2025-08-26,36774,2025082603001658,SINDU,Online Securities Pvt. Ltd.,Deevyaa Securities & Stock House Pvt. Ltd,70,749.5,52465.0,2025-08-26 12:02:28.185841
2025-08-26,36773,2025082603001659,SINDU,Capital Max Securities Ltd,Deevyaa Securities & Stock House Pvt. Ltd,100,748.1,74810.0,2025-08-26 12:02:28.185883
2025-08-26,36772,2025082603001660,SINDU,KALASH STOCK MARKET PVT. LTD.,Deevyaa Securities & Stock House Pvt. Ltd,50,748.1,37405.0,2025-08-26 12:02:28.185923
2025-08-26,36771,2025082603001661,SINDU,Neev Securities Pvt. Ltd.,Deevyaa Securities & Stock House Pvt. Ltd,150,748.1,112215.0,2025-08-26 12:02:28.185971
2025-08-26,36770,2025082603001662,SINDU,Sumeru Securities Pvt. Ltd.,Deevyaa Securities & Stock House Pvt. Ltd,100,748.0,74800.0,2025-08-26 12:02:28.186009
2025-08-26,36769,2025082603001663,SINDU,Sani Securities Company Ltd.,Deevyaa Securities & Stock House Pvt. Ltd,40,748.0,29920.0,2025-08-26 12:02:28.186054
2025-08-26,36768,2025082603001664,SINDU,Dynamic Money Managers Securities Pvt. Ltd.,Deevyaa Securities & Stock House Pvt. Ltd,40,748.0,29920.0,2025-08-26 12:02:28.186110
2025-08-26,36767,2025082603001665,SINDU,Online Securities Pvt. Ltd.,Deevyaa Securities & Stock House Pvt. Ltd,168,748.0,125664.0,2025-08-26 12:02:28.186152
2025-08-26,33608,2025082603002290,SINDU,Sweta Securities Private Limited,Aryatara Investment & Securities,30,748.1,22443.0,2025-08-26 12:23:32.217083
2025-08-26,33607,2025082603002291,SINDU,Online Securities Pvt. Ltd.,Aryatara Investment & Securities,32,748.0,23936.0,2025-08-26 12:23:32.217230
2025-08-26,33606,2025082603002292,SINDU,Deevyaa Securities & Stock House Pvt. Ltd,Aryatara Investment & Securities,75,746.0,55950.0,2025-08-26 12:23:32.217331
2025-08-26,33605,2025082603002293,SINDU,Vision Securities Pvt. Ltd,Aryatara Investment & Securities,10,745.2,7452.0,2025-08-26 12:23:32.217437
2025-08-26,33604,2025082603002294,SINDU,Secured Securities Ltd.,Aryatara Investment & Securities,30,745.1,22353.0,2025-08-26 12:23:32.217541
2025-08-26,33603,2025082603002295,SINDU,Neev Securities Pvt. Ltd.,Aryatara Investment & Securities,100,745.1,74510.0,2025-08-26 12:23:32.217632
2025-08-26,33602,2025082603002296,SINDU,Vision Securities Pvt. Ltd,Aryatara Investment & Securities,10,745.0,7450.0,2025-08-26 12:23:32.217728
2025-08-26,33601,2025082603002297,SINDU,Vision Securities Pvt. Ltd,Aryatara Investment & Securities,13,745.0,9685.0,2025-08-26 12:23:32.217828
2025-08-26,33390,2025082603002337,SINDU,Vision Securities Pvt. Ltd,Capital Max Securities Ltd,12,745.0,8940.0,2025-08-26 12:24:58.207360
2025-08-26,31483,2025082603002617,SINDU,Linch Stock Market Ltd.,Capital Max Securities Ltd,20,750.0,15000.0,2025-08-26 12:35:09.660593
2025-08-26,31180,2025082603002664,SINDU,Sweta Securities Private Limited,Capital Max Securities Ltd,20,750.0,15000.0,2025-08-26 12:36:50.077800
2025-08-26,30733,2025082603002725,SINDU,Imperial Securities Company Pvt. Ltd.,Capital Max Securities Ltd,15,750.0,11250.0,2025-08-26 12:39:32.236676
2025-08-26,30181,2025082603002835,SINDU,Deevyaa Securities & Stock House Pvt. Ltd,Capital Max Securities Ltd,445,748.0,332860.0,2025-08-26 12:42:27.126552
2025-08-26,26993,2025082603003454,SINDU,Siprabi Securities Pvt. Ltd.,Deevyaa Securities & Stock House Pvt. Ltd,80,748.2,59856.0,2025-08-26 13:02:02.161841
2025-08-26,26992,2025082603003455,SINDU,Aryatara Investment & Securities,Deevyaa Securities & Stock House Pvt. Ltd,20,748.1,14962.0,2025-08-26 13:02:02.161997
2025-08-26,25808,2025082603003673,SINDU,Opal Securities Investment (PVT) Ltd.,Primo Securities (PVT) Ltd.,50,748.5,37425.0,2025-08-26 13:09:01.502351
2025-08-26,25807,2025082603003674,SINDU,Aryatara Investment & Securities,Primo Securities (PVT) Ltd.,30,748.1,22443.0,2025-08-26 13:09:01.502474
2025-08-26,25806,2025082603003675,SINDU,Agrawal Securities (PVT) Ltd.,Primo Securities (PVT) Ltd.,20,748.0,14960.0,2025-08-26 13:09:01.502528
2025-08-26,25418,2025082603003756,SINDU,Agrawal Securities (PVT) Ltd.,Neev Securities Pvt. Ltd.,80,748.0,59840.0,2025-08-26 13:11:45.608505
2025-08-26,25417,2025082603003757,SINDU,Aryatara Investment & Securities,Neev Securities Pvt. Ltd.,100,748.0,74800.0,2025-08-26 13:11:45.608742
2025-08-26,25416,2025082603003758,SINDU,Cristal Kanchanjanga Securites Pvt. Ltd.,Neev Securities Pvt. Ltd.,10,748.0,7480.0,2025-08-26 13:11:45.608884
2025-08-26,25332,2025082603003778,SINDU,Dipshikha Dhitopatra Karobar Co. Pvt Ltd.,Neev Securities Pvt. Ltd.,10,748.5,7485.0,2025-08-26 13:12:20.780756
2025-08-26,24874,2025082603003865,SINDU,Siprabi Securities Pvt. Ltd.,Sajilo Broker Limited,10,750.0,7500.0,2025-08-26 13:15:49.774556
2025-08-26,24221,2025082603003989,SINDU,Trishakti Securities Public Limited,Midas Stock Broking Company Private Limited,18,751.0,13518.0,2025-08-26 13:20:19.099871
2025-08-26,22823,2025082603004278,SINDU,Sri Hari Securities Pvt. Ltd.,Naasa Securities Co. Ltd.,19,749.0,14231.0,2025-08-26 13:30:22.211571
2025-08-26,22822,2025082603004279,SINDU,Dipshikha Dhitopatra Karobar Co. Pvt Ltd.,Naasa Securities Co. Ltd.,10,748.5,7485.0,2025-08-26 13:30:22.211670
2025-08-26,22821,2025082603004280,SINDU,Sani Securities Company Ltd.,Naasa Securities Co. Ltd.,30,748.0,22440.0,2025-08-26 13:30:22.211764
2025-08-26,22820,2025082603004281,SINDU,Sri Hari Securities Pvt. Ltd.,Naasa Securities Co. Ltd.,240,747.0,179280.0,2025-08-26 13:30:22.211820
2025-08-26,22685,2025082603004317,SINDU,Sri Hari Securities Pvt. Ltd.,Bhrikuti Stock Broking Co. Pvt. Ltd.,60,747.0,44820.0,2025-08-26 13:31:18.719863
2025-08-26,22179,2025082603004429,SINDU,Sri Hari Securities Pvt. Ltd.,Imperial Securities Company Pvt. Ltd.,200,747.0,149400.0,2025-08-26 13:35:11.597968
2025-08-26,21241,2025082603004636,SINDU,ABC Securities Private Limited,Thrive Brokerage House Pvt. Ltd,12,750.0,9000.0,2025-08-26 13:41:14.952597
2025-08-26,20628,2025082603004763,SINDU,Midas Stock Broking Company Private Limited,Thrive Brokerage House Pvt. Ltd,17,750.0,12750.0,2025-08-26 13:45:53.398947
2025-08-26,20207,2025082603004859,SINDU,ABC Securities Private Limited,Sani Securities Company Ltd.,20,750.0,15000.0,2025-08-26 13:48:25.886605
2025-08-26,20049,2025082603004886,SINDU,Naasa Securities Co. Ltd.,Sani Securities Company Ltd.,76,750.0,57000.0,2025-08-26 13:49:36.027971
2025-08-26,18761,2025082603005113,SINDU,Trishakti Securities Public Limited,Online Securities Pvt. Ltd.,19,748.0,14212.0,2025-08-26 13:56:58.658521
2025-08-26,18760,2025082603005114,SINDU,Malla & Malla Stock Broking Company Pvt. Limited,Online Securities Pvt. Ltd.,10,747.0,7470.0,2025-08-26 13:56:58.658786
2025-08-26,18759,2025082603005115,SINDU,J.F. Securites (PVT) Ltd.,Online Securities Pvt. Ltd.,133,747.0,99351.0,2025-08-26 13:56:58.658973
2025-08-26,18758,2025082603005116,SINDU,Trishakti Securities Public Limited,Online Securities Pvt. Ltd.,52,747.0,38844.0,2025-08-26 13:56:58.659152
2025-08-26,18757,2025082603005117,SINDU,Citizens Share Broker Limited,Online Securities Pvt. Ltd.,32,747.0,23904.0,2025-08-26 13:56:58.659308
2025-08-26,18263,2025082603005248,SINDU,Citizens Share Broker Limited,Sagarmatha Securities Private Limited,500,747.0,373500.0,2025-08-26 13:59:43.962356
2025-08-26,18096,2025082603005289,SINDU,Agrawal Securities (PVT) Ltd.,Linch Stock Market Ltd.,134,746.1,99977.4,2025-08-26 14:00:49.194009
2025-08-26,18095,2025082603005290,SINDU,Deevyaa Securities & Stock House Pvt. Ltd,Linch Stock Market Ltd.,100,746.0,74600.0,2025-08-26 14:00:49.194209
2025-08-26,18094,2025082603005291,SINDU,KALASH STOCK MARKET PVT. LTD.,Linch Stock Market Ltd.,15,745.1,11176.5,2025-08-26 14:00:49.194268
2025-08-26,18093,2025082603005292,SINDU,Trishakti Securities Public Limited,Linch Stock Market Ltd.,50,745.0,37250.0,2025-08-26 14:00:49.194333
2025-08-26,17848,2025082603005318,SINDU,Sani Securities Company Ltd.,Swarna Laxmi Securities Pvt. Ltd.,15,745.0,11175.0,2025-08-26 14:02:19.009286
2025-08-26,15400,2025082603005845,SINDU,Sani Securities Company Ltd.,Aryatara Investment & Securities,10,750.0,7500.0,2025-08-26 14:14:51.043453
2025-08-26,15191,2025082603005896,SINDU,J.F. Securites (PVT) Ltd.,Midas Stock Broking Company Private Limited,20,751.0,15020.0,2025-08-26 14:15:39.724254
2025-08-26,14487,2025082603006055,SINDU,Naasa Securities Co. Ltd.,Linch Stock Market Ltd.,1,745.0,745.0,2025-08-26 14:18:49.477149
2025-08-26,12491,2025082603006378,SINDU,Shree Krishna Securities Ltd.,Dakshinkali Investment & Securities Pvt. Ltd.,30,747.0,22410.0,2025-08-26 14:29:27.838298
2025-08-26,12074,2025082603006450,SINDU,Bhrikuti Stock Broking Co. Pvt. Ltd.,Kalika Securities Pvt. Ltd.,65,745.5,48457.5,2025-08-26 14:31:41.572724
2025-08-26,12073,2025082603006451,SINDU,Sani Securities Company Ltd.,Kalika Securities Pvt. Ltd.,35,745.4,26089.0,2025-08-26 14:31:41.573091
2025-08-26,12072,2025082603006452,SINDU,Dipshikha Dhitopatra Karobar Co. Pvt Ltd.,Kalika Securities Pvt. Ltd.,99,745.4,73794.6,2025-08-26 14:31:41.573270
2025-08-26,10070,2025082603006816,SINDU,Imperial Securities Company Pvt. Ltd.,Kumari Securities Private Limited,15,746.0,11190.0,2025-08-26 14:39:02.060599
2025-08-26,9818,2025082603006865,SINDU,Neev Securities Pvt. Ltd.,Kumari Securities Private Limited,33,746.0,24618.0,2025-08-26 14:39:56.000375
2025-08-26,9629,2025082603006889,SINDU,Kumari Securities Private Limited,Cristal Kanchanjanga Securites Pvt. Ltd.,98,745.5,73059.0,2025-08-26 14:40:27.333502
2025-08-26,9300,2025082603006945,SINDU,Neev Securities Pvt. Ltd.,ABC Securities Private Limited,10,746.0,7460.0,2025-08-26 14:41:38.603982
2025-08-26,9212,2025082603006958,SINDU,Dipshikha Dhitopatra Karobar Co. Pvt Ltd.,Premier Securities Company Ltd.,20,745.5,14910.0,2025-08-26 14:42:01.889695
2025-08-26,9211,2025082603006959,SINDU,Dipshikha Dhitopatra Karobar Co. Pvt Ltd.,Premier Securities Company Ltd.,21,745.4,15653.4,2025-08-26 14:42:01.889861
2025-08-26,9210,2025082603006960,SINDU,Linch Stock Market Ltd.,Premier Securities Company Ltd.,50,745.1,37255.0,2025-08-26 14:42:01.889921
2025-08-26,8083,2025082603007203,SINDU,Vision Securities Pvt. Ltd,Dakshinkali Investment & Securities Pvt. Ltd.,500,747.0,373500.0,2025-08-26 14:45:11.243445
2025-08-26,7822,2025082603007276,SINDU,Neev Securities Pvt. Ltd.,Dakshinkali Investment & Securities Pvt. Ltd.,20,747.0,14940.0,2025-08-26 14:45:49.258420
2025-08-26,7505,2025082603007336,SINDU,Siprabi Securities Pvt. Ltd.,Sumeru Securities Pvt. Ltd.,100,747.0,74700.0,2025-08-26 14:46:43.690838
2025-08-26,7504,2025082603007337,SINDU,Vision Securities Pvt. Ltd,Sumeru Securities Pvt. Ltd.,100,745.1,74510.0,2025-08-26 14:46:43.690976
2025-08-26,7503,2025082603007338,SINDU,Nepal Investment And Securities Trading Private Limited,Sumeru Securities Pvt. Ltd.,100,745.1,74510.0,2025-08-26 14:46:43.691044
2025-08-26,7502,2025082603007339,SINDU,Oxford Securities Pvt. Ltd.,Sumeru Securities Pvt. Ltd.,200,745.1,149020.0,2025-08-26 14:46:43.691101
2025-08-26,7501,2025082603007340,SINDU,Imperial Securities Company Pvt. Ltd.,Sumeru Securities Pvt. Ltd.,15,745.0,11175.0,2025-08-26 14:46:43.691157
2025-08-26,7500,2025082603007341,SINDU,Opal Securities Investment (PVT) Ltd.,Sumeru Securities Pvt. Ltd.,85,745.0,63325.0,2025-08-26 14:46:43.691214
2025-08-26,7368,2025082603007363,SINDU,Imperial Securities Company Pvt. Ltd.,Sumeru Securities Pvt. Ltd.,100,745.2,74520.0,2025-08-26 14:47:05.788626
2025-08-26,7367,2025082603007364,SINDU,Opal Securities Investment (PVT) Ltd.,Sumeru Securities Pvt. Ltd.,49,745.0,36505.0,2025-08-26 14:47:05.788888
2025-08-26,7366,2025082603007365,SINDU,Online Securities Pvt. Ltd.,Sumeru Securities Pvt. Ltd.,20,745.0,14900.0,2025-08-26 14:47:05.789085
2025-08-26,7365,2025082603007366,SINDU,Neev Securities Pvt. Ltd.,Sumeru Securities Pvt. Ltd.,10,745.0,7450.0,2025-08-26 14:47:05.789244
2025-08-26,7364,2025082603007367,SINDU,Cristal Kanchanjanga Securites Pvt. Ltd.,Sumeru Securities Pvt. Ltd.,20,745.0,14900.0,2025-08-26 14:47:05.789396
2025-08-26,7363,2025082603007368,SINDU,Imperial Securities Company Pvt. Ltd.,Sumeru Securities Pvt. Ltd.,100,745.0,74500.0,2025-08-26 14:47:05.789553
2025-08-26,7362,2025082603007369,SINDU,Nepal Investment And Securities Trading Private Limited,Sumeru Securities Pvt. Ltd.,334,745.0,248830.0,2025-08-26 14:47:05.789702
2025-08-26,6387,2025082603007593,SINDU,Midas Stock Broking Company Private Limited,Kohinoor Investment & Securities Pvt. Ltd.,20,750.0,15000.0,2025-08-26 14:49:38.477237
2025-08-26,5592,2025082603007762,SINDU,Midas Stock Broking Company Private Limited,Linch Stock Market Ltd.,10,746.1,7461.0,2025-08-26 14:51:42.208606
2025-08-26,5591,2025082603007763,SINDU,Naasa Securities Co. Ltd.,Linch Stock Market Ltd.,10,746.1,7461.0,2025-08-26 14:51:42.208786
2025-08-26,5590,2025082603007764,SINDU,Secured Securities Ltd.,Linch Stock Market Ltd.,15,746.1,11191.5,2025-08-26 14:51:42.208845
2025-08-26,5332,2025082603007814,SINDU,ABC Securities Private Limited,Linch Stock Market Ltd.,83,746.0,61918.0,2025-08-26 14:52:20.398811
2025-08-26,5207,2025082603007835,SINDU,Midas Stock Broking Company Private Limited,Premier Securities Company Ltd.,9,745.0,6705.0,2025-08-26 14:52:42.519201
2025-08-26,4876,2025082603007888,SINDU,ABC Securities Private Limited,Primo Securities (PVT) Ltd.,100,749.0,74900.0,2025-08-26 14:53:25.061496
2025-08-26,4875,2025082603007889,SINDU,ABC Securities Private Limited,Imperial Securities Company Pvt. Ltd.,100,749.9,74990.0,2025-08-26 14:53:25.061636
2025-08-26,4874,2025082603007890,SINDU,ABC Securities Private Limited,Kohinoor Investment & Securities Pvt. Ltd.,170,750.0,127500.0,2025-08-26 14:53:25.061743
2025-08-26,4873,2025082603007891,SINDU,ABC Securities Private Limited,Trishakti Securities Public Limited,50,750.0,37500.0,2025-08-26 14:53:25.061811
2025-08-26,4872,2025082603007892,SINDU,ABC Securities Private Limited,Agrawal Securities (PVT) Ltd.,50,750.0,37500.0,2025-08-26 14:53:25.061867
2025-08-26,4188,2025082603008101,SINDU,Neev Securities Pvt. Ltd.,Midas Stock Broking Company Private Limited,12,751.0,9012.0,2025-08-26 14:54:42.282726
2025-08-26,4187,2025082603008102,SINDU,Neev Securities Pvt. Ltd.,Midas Stock Broking Company Private Limited,25,751.0,18775.0,2025-08-26 14:54:42.282873
2025-08-26,4130,2025082603008109,SINDU,Midas Stock Broking Company Private Limited,Cristal Kanchanjanga Securites Pvt. Ltd.,2,745.1,1490.2,2025-08-26 14:54:47.179891
2025-08-26,3364,2025082603008276,SINDU,ABC Securities Private Limited,Midas Stock Broking Company Private Limited,75,751.0,56325.0,2025-08-26 14:56:09.573052
2025-08-26,3218,2025082603008292,SINDU,ABC Securities Private Limited,Bhrikuti Stock Broking Co. Pvt. Ltd.,10,752.0,7520.0,2025-08-26 14:56:25.742396
2025-08-26,3217,2025082603008293,SINDU,ABC Securities Private Limited,Secured Securities Ltd.,40,752.0,30080.0,2025-08-26 14:56:25.742645
2025-08-26,3216,2025082603008294,SINDU,ABC Securities Private Limited,Sumeru Securities Pvt. Ltd.,40,752.0,30080.0,2025-08-26 14:56:25.742809
2025-08-26,3215,2025082603008295,SINDU,ABC Securities Private Limited,Agrawal Securities (PVT) Ltd.,25,752.0,18800.0,2025-08-26 14:56:25.742966
2025-08-26,2952,2025082603008341,SINDU,ABC Securities Private Limited,Midas Stock Broking Company Private Limited,100,752.9,75290.0,2025-08-26 14:56:53.052250
2025-08-26,2951,2025082603008342,SINDU,ABC Securities Private Limited,Asian Securities Private Ltd.,10,753.0,7530.0,2025-08-26 14:56:53.052601
2025-08-26,1598,2025082603008623,SINDU,ABC Securities Private Limited,Asian Securities Private Ltd.,52,753.0,39156.0,2025-08-26 14:58:44.350218
2025-08-26,1597,2025082603008624,SINDU,ABC Securities Private Limited,Agrawal Securities (PVT) Ltd.,125,753.0,94125.0,2025-08-26 14:58:44.350323
2025-08-26,1596,2025082603008625,SINDU,ABC Securities Private Limited,Dakshinkali Investment & Securities Pvt. Ltd.,77,753.0,57981.0,2025-08-26 14:58:44.350398
2025-08-26,1595,2025082603008626,SINDU,ABC Securities Private Limited,Vision Securities Pvt. Ltd,100,754.0,75400.0,2025-08-26 14:58:44.350473
2025-08-26,1594,2025082603008627,SINDU,ABC Securities Private Limited,Midas Stock Broking Company Private Limited,50,754.9,37745.0,2025-08-26 14:58:44.350549
2025-08-26,1593,2025082603008628,SINDU,ABC Securities Private Limited,Oxford Securities Pvt. Ltd.,76,755.0,57380.0,2025-08-26 14:58:44.350624
2025-08-26,1592,2025082603008629,SINDU,ABC Securities Private Limited,Himalayan Brokerage Company Limited,20,755.0,15100.0,2025-08-26 14:58:44.350693
