Date,S.N.,Contract ID,Symbol,Buyer Broker,Seller Broker,quantity,rate,amount,transaction_time
2025-08-13,70097,2025081304000001,BPCL,Vision Securities Pvt. Ltd,Imperial Securities Company Pvt. Ltd.,10,871.9,8719.0,2025-08-13 10:46:00.008688
2025-08-13,69959,2025081304000016,BPCL,Asian Securities Private Ltd.,Agrawal Securities (PVT) Ltd.,10,855.0,8550.0,2025-08-13 11:00:32.533911
2025-08-13,69720,2025081304000043,BPCL,Asian Securities Private Ltd.,Sani Securities Company Ltd.,100,870.0,87000.0,2025-08-13 11:01:46.228751
2025-08-13,69719,2025081304000044,BPCL,Asian Securities Private Ltd.,S.P.S.A. Securities Limited,240,870.0,208800.0,2025-08-13 11:01:46.228800
2025-08-13,69718,2025081304000045,BPCL,Asian Securities Private Ltd.,Naasa Securities Co. Ltd.,509,871.1,443389.9,2025-08-13 11:01:46.228826
2025-08-13,69717,2025081304000046,BPCL,Asian Securities Private Ltd.,SUN SECURITIES PVT LTD,500,871.2,435600.0,2025-08-13 11:01:46.228850
2025-08-13,69716,2025081304000047,BPCL,Asian Securities Private Ltd.,Imperial Securities Company Pvt. Ltd.,20,871.5,17430.0,2025-08-13 11:01:46.228885
2025-08-13,69715,2025081304000048,BPCL,Asian Securities Private Ltd.,Dynamic Money Managers Securities Pvt. Ltd.,20,871.5,17430.0,2025-08-13 11:01:46.228910
2025-08-13,69714,2025081304000049,BPCL,Asian Securities Private Ltd.,Vision Securities Pvt. Ltd,111,871.9,96780.9,2025-08-13 11:01:46.228932
2025-08-13,69651,2025081304000063,BPCL,Dynamic Money Managers Securities Pvt. Ltd.,Shree Krishna Securities Ltd.,15,870.0,13050.0,2025-08-13 11:02:03.372596
2025-08-13,69650,2025081304000064,BPCL,Dynamic Money Managers Securities Pvt. Ltd.,SUN SECURITIES PVT LTD,35,871.0,30485.0,2025-08-13 11:02:03.372710
2025-08-13,69630,2025081304000068,BPCL,Asian Securities Private Ltd.,SUN SECURITIES PVT LTD,65,871.0,56615.0,2025-08-13 11:02:13.370103
2025-08-13,69629,2025081304000069,BPCL,Asian Securities Private Ltd.,Agrawal Securities (PVT) Ltd.,1000,871.0,871000.0,2025-08-13 11:02:13.370158
2025-08-13,69628,2025081304000070,BPCL,Asian Securities Private Ltd.,Vision Securities Pvt. Ltd,389,871.9,339169.1,2025-08-13 11:02:13.370188
2025-08-13,69627,2025081304000071,BPCL,Asian Securities Private Ltd.,Kalika Securities Pvt. Ltd.,10,871.9,8719.0,2025-08-13 11:02:13.370241
2025-08-13,69626,2025081304000072,BPCL,Asian Securities Private Ltd.,Aryatara Investment & Securities,79,872.0,68888.0,2025-08-13 11:02:13.370277
2025-08-13,69625,2025081304000073,BPCL,Asian Securities Private Ltd.,Shree Krishna Securities Ltd.,470,872.0,409840.0,2025-08-13 11:02:13.370300
2025-08-13,69624,2025081304000074,BPCL,Asian Securities Private Ltd.,Naasa Securities Co. Ltd.,100,872.0,87200.0,2025-08-13 11:02:13.370329
2025-08-13,69615,2025081304000078,BPCL,Asian Securities Private Ltd.,Agrawal Securities (PVT) Ltd.,50,872.0,43600.0,2025-08-13 11:02:21.000441
2025-08-13,69562,2025081304000082,BPCL,Online Securities Pvt. Ltd.,Agrawal Securities (PVT) Ltd.,10,860.0,8600.0,2025-08-13 11:02:39.281431
2025-08-13,69409,2025081304000097,BPCL,Asian Securities Private Ltd.,Nabil Stock Dealer Ltd.,200,874.0,174800.0,2025-08-13 11:03:46.905172
2025-08-13,69408,2025081304000098,BPCL,Asian Securities Private Ltd.,Naasa Securities Co. Ltd.,50,874.0,43700.0,2025-08-13 11:03:46.905338
2025-08-13,69407,2025081304000099,BPCL,Asian Securities Private Ltd.,Cristal Kanchanjanga Securites Pvt. Ltd.,2000,875.0,1750000.0,2025-08-13 11:03:46.905444
2025-08-13,69406,2025081304000100,BPCL,Asian Securities Private Ltd.,Nagarik Stock Dealer ,745,875.0,651875.0,2025-08-13 11:03:46.905541
2025-08-13,69396,2025081304000101,BPCL,SHUBHAKAMANA SECURITIES PVT. LTD,Dynamic Money Managers Securities Pvt. Ltd.,12,875.0,10500.0,2025-08-13 11:03:51.413814
2025-08-13,69354,2025081304000109,BPCL,SHUBHAKAMANA SECURITIES PVT. LTD,Sri Hari Securities Pvt. Ltd.,88,875.0,77000.0,2025-08-13 11:04:10.220922
2025-08-13,69188,2025081304000152,BPCL,Asian Securities Private Ltd.,Deevyaa Securities & Stock House Pvt. Ltd,100,873.0,87300.0,2025-08-13 11:05:25.551809
2025-08-13,69187,2025081304000153,BPCL,Asian Securities Private Ltd.,Vision Securities Pvt. Ltd,500,873.4,436700.0,2025-08-13 11:05:25.551937
2025-08-13,69186,2025081304000154,BPCL,Asian Securities Private Ltd.,Nabil Stock Dealer Ltd.,200,873.9,174780.0,2025-08-13 11:05:25.551988
2025-08-13,69185,2025081304000155,BPCL,Asian Securities Private Ltd.,SUN SECURITIES PVT LTD,500,874.0,437000.0,2025-08-13 11:05:25.552026
2025-08-13,69184,2025081304000156,BPCL,Asian Securities Private Ltd.,Imperial Securities Company Pvt. Ltd.,30,874.0,26220.0,2025-08-13 11:05:25.552066
2025-08-13,69183,2025081304000157,BPCL,Asian Securities Private Ltd.,Trisul Securities & Invt. Ltd.,670,874.0,585580.0,2025-08-13 11:05:25.552103
2025-08-13,69053,2025081304000180,BPCL,Arun Securities (PVT) Ltd.,Sani Securities Company Ltd.,100,873.0,87300.0,2025-08-13 11:06:08.419579
2025-08-13,69052,2025081304000181,BPCL,Arun Securities (PVT) Ltd.,Agrawal Securities (PVT) Ltd.,40,873.9,34956.0,2025-08-13 11:06:08.419705
2025-08-13,69051,2025081304000182,BPCL,Arun Securities (PVT) Ltd.,Trisul Securities & Invt. Ltd.,60,874.0,52440.0,2025-08-13 11:06:08.419749
2025-08-13,68673,2025081304000264,BPCL,Naasa Securities Co. Ltd.,Vision Securities Pvt. Ltd,10,869.0,8690.0,2025-08-13 11:08:21.781861
2025-08-13,68455,2025081304000297,BPCL,Asian Securities Private Ltd.,Himalayan Brokerage Company Limited,42,867.0,36414.0,2025-08-13 11:09:19.554679
2025-08-13,68443,2025081304000298,BPCL,Trishakti Securities Public Limited,Aryatara Investment & Securities,200,863.1,172620.0,2025-08-13 11:09:24.949484
2025-08-13,68442,2025081304000299,BPCL,Sri Hari Securities Pvt. Ltd.,Aryatara Investment & Securities,300,863.0,258900.0,2025-08-13 11:09:24.949557
2025-08-13,68267,2025081304000334,BPCL,Naasa Securities Co. Ltd.,Nabil Stock Dealer Ltd.,115,866.9,99693.5,2025-08-13 11:10:19.308574
2025-08-13,68075,2025081304000384,BPCL,Naasa Securities Co. Ltd.,Dipshikha Dhitopatra Karobar Co. Pvt Ltd.,10,865.0,8650.0,2025-08-13 11:11:24.190984
2025-08-13,67981,2025081304000398,BPCL,Investment Management Nepal Pvt. Ltd.,Nabil Stock Dealer Ltd.,10,866.9,8669.0,2025-08-13 11:11:47.267659
2025-08-13,67927,2025081304000406,BPCL,Asian Securities Private Ltd.,Nabil Stock Dealer Ltd.,75,868.7,65152.5,2025-08-13 11:12:06.500241
2025-08-13,67926,2025081304000407,BPCL,Asian Securities Private Ltd.,Miyo Securities Pvt Ltd,500,868.8,434400.0,2025-08-13 11:12:06.500364
2025-08-13,67925,2025081304000408,BPCL,Asian Securities Private Ltd.,Vision Securities Pvt. Ltd,490,869.0,425810.0,2025-08-13 11:12:06.500416
2025-08-13,67924,2025081304000409,BPCL,Asian Securities Private Ltd.,Premier Securities Company Ltd.,10,869.9,8699.0,2025-08-13 11:12:06.500470
2025-08-13,67923,2025081304000410,BPCL,Asian Securities Private Ltd.,SUN SECURITIES PVT LTD,187,870.0,162690.0,2025-08-13 11:12:06.500521
2025-08-13,67922,2025081304000411,BPCL,Asian Securities Private Ltd.,BHOLE GANESH SECURITIES LTD,439,870.0,381930.0,2025-08-13 11:12:06.500571
2025-08-13,67921,2025081304000412,BPCL,Asian Securities Private Ltd.,Cristal Kanchanjanga Securites Pvt. Ltd.,1000,870.0,870000.0,2025-08-13 11:12:06.500625
2025-08-13,67323,2025081304000621,BPCL,Asian Securities Private Ltd.,Nabil Stock Dealer Ltd.,100,869.9,86990.0,2025-08-13 11:14:40.827401
2025-08-13,67322,2025081304000622,BPCL,Asian Securities Private Ltd.,Dakshinkali Investment & Securities Pvt. Ltd.,999,870.0,869130.0,2025-08-13 11:14:40.827541
2025-08-13,67278,2025081304000639,BPCL,Dynamic Money Managers Securities Pvt. Ltd.,Agrawal Securities (PVT) Ltd.,10,870.0,8700.0,2025-08-13 11:14:55.747860
2025-08-13,67084,2025081304000685,BPCL,Naasa Securities Co. Ltd.,Aryatara Investment & Securities,15,868.0,13020.0,2025-08-13 11:15:48.470471
2025-08-13,67038,2025081304000689,BPCL,Naasa Securities Co. Ltd.,Dakshinkali Investment & Securities Pvt. Ltd.,85,868.0,73780.0,2025-08-13 11:16:10.840629
2025-08-13,67037,2025081304000690,BPCL,Premier Securities Company Ltd.,Dakshinkali Investment & Securities Pvt. Ltd.,15,868.0,13020.0,2025-08-13 11:16:10.840774
2025-08-13,66911,2025081304000714,BPCL,SHUBHAKAMANA SECURITIES PVT. LTD,Himalayan Brokerage Company Limited,100,865.1,86510.0,2025-08-13 11:16:48.008324
2025-08-13,66910,2025081304000715,BPCL,Asian Securities Private Ltd.,Himalayan Brokerage Company Limited,1900,865.0,1643500.0,2025-08-13 11:16:48.008482
2025-08-13,66852,2025081304000730,BPCL,Asian Securities Private Ltd.,INDEX SECURITIES LIMITED,590,865.0,510350.0,2025-08-13 11:17:01.742132
2025-08-13,66851,2025081304000731,BPCL,Neev Securities Pvt. Ltd.,INDEX SECURITIES LIMITED,500,865.0,432500.0,2025-08-13 11:17:01.742258
2025-08-13,66850,2025081304000732,BPCL,MILKY WAY SHARE BROKER COMPANY LTD ,INDEX SECURITIES LIMITED,300,865.0,259500.0,2025-08-13 11:17:01.742373
2025-08-13,66849,2025081304000733,BPCL,Miyo Securities Pvt Ltd,INDEX SECURITIES LIMITED,10,863.1,8631.0,2025-08-13 11:17:01.742448
2025-08-13,66848,2025081304000734,BPCL,Sri Hari Securities Pvt. Ltd.,INDEX SECURITIES LIMITED,200,863.0,172600.0,2025-08-13 11:17:01.742524
2025-08-13,66847,2025081304000735,BPCL,Miyo Securities Pvt Ltd,INDEX SECURITIES LIMITED,100,860.2,86020.0,2025-08-13 11:17:01.742595
2025-08-13,66846,2025081304000736,BPCL,Miyo Securities Pvt Ltd,INDEX SECURITIES LIMITED,230,860.2,197846.0,2025-08-13 11:17:01.742665
2025-08-13,66845,2025081304000737,BPCL,Sri Hari Securities Pvt. Ltd.,INDEX SECURITIES LIMITED,100,860.1,86010.0,2025-08-13 11:17:01.742740
2025-08-13,66844,2025081304000738,BPCL,Online Securities Pvt. Ltd.,INDEX SECURITIES LIMITED,90,860.0,77400.0,2025-08-13 11:17:01.742833
2025-08-13,66843,2025081304000739,BPCL,S.P.S.A. Securities Limited,INDEX SECURITIES LIMITED,380,860.0,326800.0,2025-08-13 11:17:01.742921
2025-08-13,66418,2025081304000856,BPCL,Sri Hari Securities Pvt. Ltd.,Thrive Brokerage House Pvt. Ltd,50,861.0,43050.0,2025-08-13 11:18:53.627623
2025-08-13,65474,2025081304001112,BPCL,Naasa Securities Co. Ltd.,Malla & Malla Stock Broking Company Pvt. Limited,60,863.0,51780.0,2025-08-13 11:22:25.790082
2025-08-13,65115,2025081304001192,BPCL,Naasa Securities Co. Ltd.,Sumeru Securities Pvt. Ltd.,40,863.0,34520.0,2025-08-13 11:23:31.852081
2025-08-13,65114,2025081304001193,BPCL,INDEX SECURITIES LIMITED,Sumeru Securities Pvt. Ltd.,300,861.1,258330.0,2025-08-13 11:23:31.852124
2025-08-13,65113,2025081304001194,BPCL,Sri Hari Securities Pvt. Ltd.,Sumeru Securities Pvt. Ltd.,276,861.0,237636.0,2025-08-13 11:23:31.852154
2025-08-13,65112,2025081304001195,BPCL,Aakashbhairab Securities Ltd.,Sumeru Securities Pvt. Ltd.,50,861.0,43050.0,2025-08-13 11:23:31.852180
2025-08-13,65111,2025081304001196,BPCL,Dynamic Money Managers Securities Pvt. Ltd.,Sumeru Securities Pvt. Ltd.,500,861.0,430500.0,2025-08-13 11:23:31.852211
2025-08-13,65110,2025081304001197,BPCL,Kohinoor Investment & Securities Pvt. Ltd.,Sumeru Securities Pvt. Ltd.,100,860.2,86020.0,2025-08-13 11:23:31.852241
2025-08-13,65109,2025081304001198,BPCL,S.P.S.A. Securities Limited,Sumeru Securities Pvt. Ltd.,60,860.0,51600.0,2025-08-13 11:23:31.852264
2025-08-13,65108,2025081304001199,BPCL,Sundhara Securities Limited,Sumeru Securities Pvt. Ltd.,100,860.0,86000.0,2025-08-13 11:23:31.852290
2025-08-13,65107,2025081304001200,BPCL,Trisul Securities & Invt. Ltd.,Sumeru Securities Pvt. Ltd.,194,858.3,166510.2,2025-08-13 11:23:31.852318
2025-08-13,64496,2025081304001338,BPCL,Arun Securities (PVT) Ltd.,Primo Securities (PVT) Ltd.,30,858.4,25752.0,2025-08-13 11:26:06.341257
2025-08-13,63150,2025081304001641,BPCL,Trisul Securities & Invt. Ltd.,Nabil Stock Dealer Ltd.,80,858.5,68680.0,2025-08-13 11:31:03.341449
2025-08-13,63137,2025081304001645,BPCL,Asian Securities Private Ltd.,Bhrikuti Stock Broking Co. Pvt. Ltd.,15,860.0,12900.0,2025-08-13 11:31:10.064690
2025-08-13,63136,2025081304001646,BPCL,Asian Securities Private Ltd.,Ashutosh Brokerage & Securities (PVT) Ltd.,35,860.0,30100.0,2025-08-13 11:31:10.064985
2025-08-13,62638,2025081304001796,BPCL,Miyo Securities Pvt Ltd,Nepal Investment And Securities Trading Private Limited,60,860.0,51600.0,2025-08-13 11:32:44.984892
2025-08-13,62637,2025081304001797,BPCL,Creative Securities Pvt Ltd,Nepal Investment And Securities Trading Private Limited,69,860.0,59340.0,2025-08-13 11:32:44.985078
2025-08-13,62011,2025081304001976,BPCL,Trishakti Securities Public Limited,Nabil Stock Dealer Ltd.,10,863.0,8630.0,2025-08-13 11:34:59.641006
2025-08-13,62003,2025081304001983,BPCL,Nepal Investment And Securities Trading Private Limited,Nabil Stock Dealer Ltd.,10,863.0,8630.0,2025-08-13 11:35:00.618524
2025-08-13,61889,2025081304002006,BPCL,Trisul Securities & Invt. Ltd.,Nabil Stock Dealer Ltd.,80,858.5,68680.0,2025-08-13 11:35:29.113880
2025-08-13,61814,2025081304002017,BPCL,Trisul Securities & Invt. Ltd.,Nepal Investment And Securities Trading Private Limited,260,858.5,223210.0,2025-08-13 11:35:44.907217
2025-08-13,61666,2025081304002050,BPCL,Trisul Securities & Invt. Ltd.,Nepal Stock House (PVT) Ltd.,100,858.5,85850.0,2025-08-13 11:36:22.675085
2025-08-13,61527,2025081304002078,BPCL,Trisul Securities & Invt. Ltd.,Agrawal Securities (PVT) Ltd.,15,858.5,12877.5,2025-08-13 11:36:53.026093
2025-08-13,61217,2025081304002149,BPCL,Online Securities Pvt. Ltd.,Ashutosh Brokerage & Securities (PVT) Ltd.,80,860.0,68800.0,2025-08-13 11:38:12.195253
2025-08-13,60577,2025081304002310,BPCL,Online Securities Pvt. Ltd.,N.M.B. SECURITIES LIMITED,50,860.0,43000.0,2025-08-13 11:40:41.117169
2025-08-13,60540,2025081304002322,BPCL,Himalayan Brokerage Company Limited,K.B.L. Securities Limited ,100,862.0,86200.0,2025-08-13 11:40:51.827898
2025-08-13,60307,2025081304002371,BPCL,Himalayan Brokerage Company Limited,Sagarmatha Securities Private Limited,50,864.0,43200.0,2025-08-13 11:41:43.956196
2025-08-13,60306,2025081304002372,BPCL,Himalayan Brokerage Company Limited,South Asian Bulls Pvt. Ltd.,15,865.0,12975.0,2025-08-13 11:41:43.956427
2025-08-13,60305,2025081304002373,BPCL,Himalayan Brokerage Company Limited,Sani Securities Company Ltd.,160,865.0,138400.0,2025-08-13 11:41:43.956498
2025-08-13,60304,2025081304002374,BPCL,Himalayan Brokerage Company Limited,Capital Max Securities Ltd,700,865.0,605500.0,2025-08-13 11:41:43.956563
2025-08-13,60303,2025081304002375,BPCL,Himalayan Brokerage Company Limited,Naasa Securities Co. Ltd.,50,865.0,43250.0,2025-08-13 11:41:43.956629
2025-08-13,59930,2025081304002476,BPCL,Himalayan Brokerage Company Limited,R.B.B. Securities Company Ltd,15,865.0,12975.0,2025-08-13 11:43:04.101384
2025-08-13,59773,2025081304002541,BPCL,Himalayan Brokerage Company Limited,Sani Securities Company Ltd.,10,865.0,8650.0,2025-08-13 11:43:30.130279
2025-08-13,59509,2025081304002615,BPCL,Himalayan Brokerage Company Limited,Sani Securities Company Ltd.,290,865.0,250850.0,2025-08-13 11:44:31.490633
2025-08-13,58817,2025081304002801,BPCL,Himalayan Brokerage Company Limited,Dakshinkali Investment & Securities Pvt. Ltd.,343,868.0,297724.0,2025-08-13 11:47:15.952071
2025-08-13,58530,2025081304002864,BPCL,SUN SECURITIES PVT LTD,Neev Securities Pvt. Ltd.,190,862.1,163799.0,2025-08-13 11:48:23.692768
2025-08-13,58529,2025081304002865,BPCL,Sri Hari Securities Pvt. Ltd.,Neev Securities Pvt. Ltd.,810,862.0,698220.0,2025-08-13 11:48:23.693143
2025-08-13,58483,2025081304002875,BPCL,Trishakti Securities Public Limited,Imperial Securities Company Pvt. Ltd.,10,867.0,8670.0,2025-08-13 11:48:44.671059
2025-08-13,57654,2025081304003090,BPCL,Imperial Securities Company Pvt. Ltd.,Imperial Securities Company Pvt. Ltd.,20,867.0,17340.0,2025-08-13 11:52:04.039682
2025-08-13,57444,2025081304003156,BPCL,K.B.L. Securities Limited ,S.P.S.A. Securities Limited,1250,866.9,1083625.0,2025-08-13 11:53:16.960457
2025-08-13,55946,2025081304003483,BPCL,Kumari Securities Private Limited,Machhapuchchhre Securities Limited,80,863.4,69072.0,2025-08-13 11:59:21.103295
2025-08-13,55945,2025081304003484,BPCL,Dakshinkali Investment & Securities Pvt. Ltd.,Machhapuchchhre Securities Limited,80,863.3,69064.0,2025-08-13 11:59:21.103447
2025-08-13,55944,2025081304003485,BPCL,SUN SECURITIES PVT LTD,Machhapuchchhre Securities Limited,90,863.2,77688.0,2025-08-13 11:59:21.103526
2025-08-13,55943,2025081304003486,BPCL,Arun Securities (PVT) Ltd.,Machhapuchchhre Securities Limited,500,863.1,431550.0,2025-08-13 11:59:21.103597
2025-08-13,55942,2025081304003487,BPCL,Garima Securities Limited,Machhapuchchhre Securities Limited,1000,862.4,862400.0,2025-08-13 11:59:21.103666
2025-08-13,55297,2025081304003596,BPCL,SUN SECURITIES PVT LTD,Imperial Securities Company Pvt. Ltd.,90,862.2,77598.0,2025-08-13 12:01:51.213457
2025-08-13,55296,2025081304003597,BPCL,K.B.L. Securities Limited ,Imperial Securities Company Pvt. Ltd.,200,862.1,172420.0,2025-08-13 12:01:51.213566
2025-08-13,55295,2025081304003598,BPCL,Sri Hari Securities Pvt. Ltd.,Imperial Securities Company Pvt. Ltd.,1190,862.0,1025780.0,2025-08-13 12:01:51.213648
2025-08-13,55294,2025081304003599,BPCL,SUN SECURITIES PVT LTD,Imperial Securities Company Pvt. Ltd.,290,861.1,249719.0,2025-08-13 12:01:51.213726
2025-08-13,55293,2025081304003600,BPCL,Siprabi Securities Pvt. Ltd.,Imperial Securities Company Pvt. Ltd.,50,861.0,43050.0,2025-08-13 12:01:51.213800
2025-08-13,55292,2025081304003601,BPCL,Capital Max Securities Ltd,Imperial Securities Company Pvt. Ltd.,507,860.5,436273.5,2025-08-13 12:01:51.213875
2025-08-13,55291,2025081304003602,BPCL,Miyo Securities Pvt Ltd,Imperial Securities Company Pvt. Ltd.,50,860.0,43000.0,2025-08-13 12:01:51.213951
2025-08-13,55290,2025081304003603,BPCL,Midas Stock Broking Company Private Limited,Imperial Securities Company Pvt. Ltd.,423,860.0,363780.0,2025-08-13 12:01:51.214073
2025-08-13,54124,2025081304003864,BPCL,Citizens Share Broker Limited,Secured Securities Ltd.,5,850.0,4250.0,2025-08-13 12:06:30.660039
2025-08-13,53007,2025081304004110,BPCL,Naasa Securities Co. Ltd.,Sani Securities Company Ltd.,10,865.0,8650.0,2025-08-13 12:11:05.705154
2025-08-13,52156,2025081304004305,BPCL,Sri Hari Securities Pvt. Ltd.,Ashutosh Brokerage & Securities (PVT) Ltd.,15,864.9,12973.5,2025-08-13 12:14:36.659178
2025-08-13,52155,2025081304004306,BPCL,Sri Hari Securities Pvt. Ltd.,Sani Securities Company Ltd.,15,865.0,12975.0,2025-08-13 12:14:36.659558
2025-08-13,52154,2025081304004307,BPCL,Sri Hari Securities Pvt. Ltd.,Cristal Kanchanjanga Securites Pvt. Ltd.,15,865.0,12975.0,2025-08-13 12:14:36.659788
2025-08-13,52153,2025081304004308,BPCL,Sri Hari Securities Pvt. Ltd.,Primo Securities (PVT) Ltd.,63,867.0,54621.0,2025-08-13 12:14:36.660011
2025-08-13,52152,2025081304004309,BPCL,Sri Hari Securities Pvt. Ltd.,NIMB Stock Markets Limited,50,867.9,43395.0,2025-08-13 12:14:36.660236
2025-08-13,52151,2025081304004310,BPCL,Sri Hari Securities Pvt. Ltd.,Capital Max Securities Ltd,417,867.9,361914.3,2025-08-13 12:14:36.660468
2025-08-13,50852,2025081304004646,BPCL,Secured Securities Ltd.,Sweta Securities Private Limited,22,867.0,19074.0,2025-08-13 12:20:16.546078
2025-08-13,50281,2025081304004753,BPCL,Dakshinkali Investment & Securities Pvt. Ltd.,SUN SECURITIES PVT LTD,500,865.0,432500.0,2025-08-13 12:23:01.784324
2025-08-13,49987,2025081304004832,BPCL,Trishakti Securities Public Limited,SUN SECURITIES PVT LTD,230,865.0,198950.0,2025-08-13 12:24:17.018109
2025-08-13,49938,2025081304004837,BPCL,Shree Krishna Securities Ltd.,SUN SECURITIES PVT LTD,115,865.0,99475.0,2025-08-13 12:24:28.788862
2025-08-13,49430,2025081304004943,BPCL,Shree Krishna Securities Ltd.,Kalika Securities Pvt. Ltd.,30,865.0,25950.0,2025-08-13 12:26:39.953132
2025-08-13,48686,2025081304005127,BPCL,Naasa Securities Co. Ltd.,Trisul Securities & Invt. Ltd.,245,866.0,212170.0,2025-08-13 12:30:15.909609
2025-08-13,48685,2025081304005128,BPCL,Naasa Securities Co. Ltd.,SUN SECURITIES PVT LTD,500,866.0,433000.0,2025-08-13 12:30:15.909835
2025-08-13,48632,2025081304005135,BPCL,Bhrikuti Stock Broking Co. Pvt. Ltd.,Dakshinkali Investment & Securities Pvt. Ltd.,557,867.0,482919.0,2025-08-13 12:30:27.724500
2025-08-13,48631,2025081304005136,BPCL,Bhrikuti Stock Broking Co. Pvt. Ltd.,SUN SECURITIES PVT LTD,443,867.0,384081.0,2025-08-13 12:30:27.724692
2025-08-13,48390,2025081304005204,BPCL,Naasa Securities Co. Ltd.,SUN SECURITIES PVT LTD,57,867.0,49419.0,2025-08-13 12:31:42.139651
2025-08-13,48338,2025081304005211,BPCL,Naasa Securities Co. Ltd.,SUN SECURITIES PVT LTD,198,867.5,171765.0,2025-08-13 12:31:57.004977
2025-08-13,47896,2025081304005296,BPCL,Midas Stock Broking Company Private Limited,SUN SECURITIES PVT LTD,302,867.5,261985.0,2025-08-13 12:33:27.792936
2025-08-13,47450,2025081304005411,BPCL,Online Securities Pvt. Ltd.,Premier Securities Company Ltd.,20,867.5,17350.0,2025-08-13 12:35:16.298031
2025-08-13,47366,2025081304005439,BPCL,Online Securities Pvt. Ltd.,Sani Securities Company Ltd.,400,867.5,347000.0,2025-08-13 12:35:46.101511
2025-08-13,47198,2025081304005483,BPCL,Trishakti Securities Public Limited,SUN SECURITIES PVT LTD,10,867.8,8678.0,2025-08-13 12:36:32.626527
2025-08-13,47197,2025081304005484,BPCL,Trishakti Securities Public Limited,Capital Max Securities Ltd,14,867.9,12150.6,2025-08-13 12:36:32.626574
2025-08-13,47057,2025081304005505,BPCL,Asian Securities Private Ltd.,Capital Max Securities Ltd,69,867.9,59885.1,2025-08-13 12:36:59.866196
2025-08-13,47056,2025081304005506,BPCL,Asian Securities Private Ltd.,Trishakti Securities Public Limited,28,867.9,24301.2,2025-08-13 12:36:59.866472
2025-08-13,47023,2025081304005520,BPCL,Midas Stock Broking Company Private Limited,Cristal Kanchanjanga Securites Pvt. Ltd.,1000,867.9,867900.0,2025-08-13 12:37:07.819405
2025-08-13,46971,2025081304005538,BPCL,Midas Stock Broking Company Private Limited,Naasa Securities Co. Ltd.,10,867.9,8679.0,2025-08-13 12:37:25.535279
2025-08-13,46766,2025081304005575,BPCL,Midas Stock Broking Company Private Limited,K.B.L. Securities Limited ,100,868.0,86800.0,2025-08-13 12:38:34.142582
2025-08-13,46765,2025081304005576,BPCL,Midas Stock Broking Company Private Limited,Dipshikha Dhitopatra Karobar Co. Pvt Ltd.,15,868.0,13020.0,2025-08-13 12:38:34.142838
2025-08-13,46764,2025081304005577,BPCL,Midas Stock Broking Company Private Limited,Secured Securities Ltd.,26,868.0,22568.0,2025-08-13 12:38:34.142941
2025-08-13,46763,2025081304005578,BPCL,Midas Stock Broking Company Private Limited,Sundhara Securities Limited,10,868.0,8680.0,2025-08-13 12:38:34.143025
2025-08-13,46762,2025081304005579,BPCL,Midas Stock Broking Company Private Limited,SUN SECURITIES PVT LTD,200,868.0,173600.0,2025-08-13 12:38:34.143109
2025-08-13,46656,2025081304005600,BPCL,Naasa Securities Co. Ltd.,Deevyaa Securities & Stock House Pvt. Ltd,3,855.0,2565.0,2025-08-13 12:38:57.804360
2025-08-13,46647,2025081304005604,BPCL,Arun Securities (PVT) Ltd.,Agrawal Securities (PVT) Ltd.,500,868.8,434400.0,2025-08-13 12:39:00.270465
2025-08-13,46317,2025081304005639,BPCL,Naasa Securities Co. Ltd.,Ashutosh Brokerage & Securities (PVT) Ltd.,5,860.0,4300.0,2025-08-13 12:39:59.949698
2025-08-13,45597,2025081304005777,BPCL,Nepal Investment And Securities Trading Private Limited,South Asian Bulls Pvt. Ltd.,10,870.0,8700.0,2025-08-13 12:42:42.873481
2025-08-13,45585,2025081304005780,BPCL,Vision Securities Pvt. Ltd,South Asian Bulls Pvt. Ltd.,18,870.0,15660.0,2025-08-13 12:42:50.547102
2025-08-13,45584,2025081304005781,BPCL,Vision Securities Pvt. Ltd,Sagarmatha Securities Private Limited,50,870.0,43500.0,2025-08-13 12:42:50.547340
2025-08-13,45583,2025081304005782,BPCL,Vision Securities Pvt. Ltd,Sri Hari Securities Pvt. Ltd.,32,870.0,27840.0,2025-08-13 12:42:50.547453
2025-08-13,45560,2025081304005788,BPCL,K.B.L. Securities Limited ,Sri Hari Securities Pvt. Ltd.,55,870.0,47850.0,2025-08-13 12:42:58.661977
2025-08-13,45427,2025081304005799,BPCL,Capital Max Securities Ltd,Sri Hari Securities Pvt. Ltd.,413,870.0,359310.0,2025-08-13 12:43:09.247885
2025-08-13,45426,2025081304005800,BPCL,Capital Max Securities Ltd,NIMB Stock Markets Limited,50,870.0,43500.0,2025-08-13 12:43:09.248119
2025-08-13,45425,2025081304005801,BPCL,Capital Max Securities Ltd,Cristal Kanchanjanga Securites Pvt. Ltd.,37,870.0,32190.0,2025-08-13 12:43:09.248200
2025-08-13,45374,2025081304005807,BPCL,Midas Stock Broking Company Private Limited,Sumeru Securities Pvt. Ltd.,300,868.0,260400.0,2025-08-13 12:43:17.694589
2025-08-13,45354,2025081304005810,BPCL,Capital Max Securities Ltd,Kohinoor Investment & Securities Pvt. Ltd.,100,869.9,86990.0,2025-08-13 12:43:23.445173
2025-08-13,45353,2025081304005811,BPCL,Capital Max Securities Ltd,Cristal Kanchanjanga Securites Pvt. Ltd.,63,870.0,54810.0,2025-08-13 12:43:23.445428
2025-08-13,45276,2025081304005818,BPCL,Nepal Investment And Securities Trading Private Limited,SUN SECURITIES PVT LTD,10,870.5,8705.0,2025-08-13 12:43:37.269061
2025-08-13,44973,2025081304005879,BPCL,Bhrikuti Stock Broking Co. Pvt. Ltd.,Dakshinkali Investment & Securities Pvt. Ltd.,190,870.0,165300.0,2025-08-13 12:44:56.728581
2025-08-13,44558,2025081304005958,BPCL,Primo Securities (PVT) Ltd.,Infinity Securities Limited,50,869.0,43450.0,2025-08-13 12:46:34.804996
2025-08-13,43875,2025081304006116,BPCL,Kalika Securities Pvt. Ltd.,Neev Securities Pvt. Ltd.,15,869.0,13035.0,2025-08-13 12:49:25.044472
2025-08-13,43793,2025081304006148,BPCL,Online Securities Pvt. Ltd.,SUN SECURITIES PVT LTD,50,869.9,43495.0,2025-08-13 12:49:40.969819
2025-08-13,43644,2025081304006182,BPCL,Nabil Stock Dealer Ltd.,Dakshinkali Investment & Securities Pvt. Ltd.,75,870.0,65250.0,2025-08-13 12:50:10.918066
2025-08-13,43574,2025081304006209,BPCL,Capital Max Securities Ltd,Dakshinkali Investment & Securities Pvt. Ltd.,495,870.0,430650.0,2025-08-13 12:50:23.964273
2025-08-13,43470,2025081304006238,BPCL,Capital Max Securities Ltd,SUN SECURITIES PVT LTD,190,870.5,165395.0,2025-08-13 12:50:47.979353
2025-08-13,43399,2025081304006263,BPCL,Capital Max Securities Ltd,Creative Securities Pvt Ltd,100,871.0,87100.0,2025-08-13 12:51:06.058611
2025-08-13,43366,2025081304006269,BPCL,Capital Max Securities Ltd,Agrawal Securities (PVT) Ltd.,10,871.8,8718.0,2025-08-13 12:51:17.091191
2025-08-13,43365,2025081304006270,BPCL,Capital Max Securities Ltd,Vision Securities Pvt. Ltd,490,872.9,427721.0,2025-08-13 12:51:17.091599
2025-08-13,43280,2025081304006294,BPCL,Trishakti Securities Public Limited,Sri Hari Securities Pvt. Ltd.,3000,870.1,2610300.0,2025-08-13 12:51:35.146545
2025-08-13,42974,2025081304006333,BPCL,Nepal Investment And Securities Trading Private Limited,Vision Securities Pvt. Ltd,10,872.9,8729.0,2025-08-13 12:52:31.054471
2025-08-13,42973,2025081304006334,BPCL,Nepal Investment And Securities Trading Private Limited,SUN SECURITIES PVT LTD,14,873.7,12231.8,2025-08-13 12:52:31.054515
2025-08-13,42972,2025081304006335,BPCL,Nepal Investment And Securities Trading Private Limited,SUN SECURITIES PVT LTD,11,873.8,9611.8,2025-08-13 12:52:31.054542
2025-08-13,42868,2025081304006359,BPCL,INDEX SECURITIES LIMITED,Investment Management Nepal Pvt. Ltd.,100,873.9,87390.0,2025-08-13 12:52:46.664672
2025-08-13,42829,2025081304006364,BPCL,Nepal Investment And Securities Trading Private Limited,Premier Securities Company Ltd.,10,874.0,8740.0,2025-08-13 12:52:56.196837
2025-08-13,42685,2025081304006382,BPCL,Sani Securities Company Ltd.,Citizens Share Broker Limited,500,872.0,436000.0,2025-08-13 12:53:19.468402
2025-08-13,42669,2025081304006387,BPCL,Sani Securities Company Ltd.,Infinity Securities Limited,500,872.0,436000.0,2025-08-13 12:53:23.956718
2025-08-13,42549,2025081304006409,BPCL,Capital Max Securities Ltd,Infinity Securities Limited,500,872.0,436000.0,2025-08-13 12:53:50.764967
2025-08-13,42333,2025081304006440,BPCL,Nepal Investment And Securities Trading Private Limited,Nepal Investment And Securities Trading Private Limited,10,873.9,8739.0,2025-08-13 12:54:36.775092
2025-08-13,42330,2025081304006441,BPCL,Dipshikha Dhitopatra Karobar Co. Pvt Ltd.,Nepal Investment And Securities Trading Private Limited,10,873.9,8739.0,2025-08-13 12:54:37.158092
2025-08-13,42274,2025081304006452,BPCL,Online Securities Pvt. Ltd.,Nepal Investment And Securities Trading Private Limited,80,873.9,69912.0,2025-08-13 12:54:55.902689
2025-08-13,42273,2025081304006453,BPCL,Online Securities Pvt. Ltd.,Premier Securities Company Ltd.,240,874.0,209760.0,2025-08-13 12:54:55.902913
2025-08-13,42272,2025081304006454,BPCL,Online Securities Pvt. Ltd.,ABC Securities Private Limited,10,874.0,8740.0,2025-08-13 12:54:55.902994
2025-08-13,42271,2025081304006455,BPCL,Online Securities Pvt. Ltd.,Naasa Securities Co. Ltd.,170,874.0,148580.0,2025-08-13 12:54:55.903071
2025-08-13,42203,2025081304006481,BPCL,Asian Securities Private Ltd.,Naasa Securities Co. Ltd.,50,874.0,43700.0,2025-08-13 12:55:09.464896
2025-08-13,42190,2025081304006482,BPCL,Nabil Stock Dealer Ltd.,Naasa Securities Co. Ltd.,80,874.0,69920.0,2025-08-13 12:55:14.135259
2025-08-13,42189,2025081304006483,BPCL,Nabil Stock Dealer Ltd.,Nepal Investment And Securities Trading Private Limited,20,874.0,17480.0,2025-08-13 12:55:14.135517
2025-08-13,41978,2025081304006523,BPCL,Trishakti Securities Public Limited,Shree Krishna Securities Ltd.,8111,871.1,7065492.1,2025-08-13 12:56:09.613889
2025-08-13,41977,2025081304006524,BPCL,Pragyan Securities (PVT) Ltd.,Shree Krishna Securities Ltd.,20,871.0,17420.0,2025-08-13 12:56:09.614010
2025-08-13,41976,2025081304006525,BPCL,Primo Securities (PVT) Ltd.,Shree Krishna Securities Ltd.,200,871.0,174200.0,2025-08-13 12:56:09.614101
2025-08-13,41975,2025081304006526,BPCL,Naasa Securities Co. Ltd.,Shree Krishna Securities Ltd.,200,870.2,174040.0,2025-08-13 12:56:09.614178
2025-08-13,41974,2025081304006527,BPCL,Dipshikha Dhitopatra Karobar Co. Pvt Ltd.,Shree Krishna Securities Ltd.,1000,870.2,870200.0,2025-08-13 12:56:09.614252
2025-08-13,41973,2025081304006528,BPCL,Naasa Securities Co. Ltd.,Shree Krishna Securities Ltd.,15469,870.1,13459576.9,2025-08-13 12:56:09.614354
2025-08-13,41727,2025081304006588,BPCL,SHUBHAKAMANA SECURITIES PVT. LTD,SUN SECURITIES PVT LTD,40,870.1,34804.0,2025-08-13 12:57:19.810133
2025-08-13,40898,2025081304006706,BPCL,SHUBHAKAMANA SECURITIES PVT. LTD,Vision Securities Pvt. Ltd,60,870.1,52206.0,2025-08-13 13:01:04.870234
2025-08-13,40897,2025081304006707,BPCL,Deevyaa Securities & Stock House Pvt. Ltd,Vision Securities Pvt. Ltd,50,870.0,43500.0,2025-08-13 13:01:04.870450
2025-08-13,39861,2025081304006958,BPCL,Imperial Securities Company Pvt. Ltd.,ABC Securities Private Limited,61,870.0,53070.0,2025-08-13 13:04:07.903802
2025-08-13,39860,2025081304006959,BPCL,Imperial Securities Company Pvt. Ltd.,Vision Securities Pvt. Ltd,90,870.0,78300.0,2025-08-13 13:04:07.904035
2025-08-13,39859,2025081304006960,BPCL,Imperial Securities Company Pvt. Ltd.,N.M.B. SECURITIES LIMITED,849,871.9,740243.1,2025-08-13 13:04:07.904120
2025-08-13,39620,2025081304007015,BPCL,Online Securities Pvt. Ltd.,Asian Securities Private Ltd.,30,869.9,26097.0,2025-08-13 13:04:47.630571
2025-08-13,39566,2025081304007028,BPCL,Shree Krishna Securities Ltd.,Imperial Securities Company Pvt. Ltd.,55,870.0,47850.0,2025-08-13 13:04:58.622039
2025-08-13,39509,2025081304007052,BPCL,Asian Securities Private Ltd.,Imperial Securities Company Pvt. Ltd.,50,870.0,43500.0,2025-08-13 13:05:10.807000
2025-08-13,39154,2025081304007194,BPCL,Kalika Securities Pvt. Ltd.,Imperial Securities Company Pvt. Ltd.,25,869.0,21725.0,2025-08-13 13:06:23.614575
2025-08-13,38567,2025081304007389,BPCL,Kalika Securities Pvt. Ltd.,Imperial Securities Company Pvt. Ltd.,10,869.0,8690.0,2025-08-13 13:08:10.638079
2025-08-13,38453,2025081304007425,BPCL,MILKY WAY SHARE BROKER COMPANY LTD ,Property Wiard Limited,100,867.0,86700.0,2025-08-13 13:08:40.724549
2025-08-13,38386,2025081304007443,BPCL,Miyo Securities Pvt Ltd,SUN SECURITIES PVT LTD,400,866.0,346400.0,2025-08-13 13:08:59.928137
2025-08-13,38385,2025081304007444,BPCL,Neev Securities Pvt. Ltd.,SUN SECURITIES PVT LTD,25,865.1,21627.5,2025-08-13 13:08:59.928181
2025-08-13,38384,2025081304007445,BPCL,Asian Securities Private Ltd.,SUN SECURITIES PVT LTD,50,865.0,43250.0,2025-08-13 13:08:59.928205
2025-08-13,38383,2025081304007446,BPCL,Capital Max Securities Ltd,SUN SECURITIES PVT LTD,25,863.0,21575.0,2025-08-13 13:08:59.928230
2025-08-13,38363,2025081304007453,BPCL,SUN SECURITIES PVT LTD,Property Wiard Limited,15,866.0,12990.0,2025-08-13 13:09:04.941145
2025-08-13,38270,2025081304007495,BPCL,Garima Securities Limited,Property Wiard Limited,500,862.1,431050.0,2025-08-13 13:09:26.838340
2025-08-13,38269,2025081304007496,BPCL,Shree Krishna Securities Ltd.,Property Wiard Limited,200,862.0,172400.0,2025-08-13 13:09:26.838578
2025-08-13,38268,2025081304007497,BPCL,Imperial Securities Company Pvt. Ltd.,Property Wiard Limited,25,862.0,21550.0,2025-08-13 13:09:26.838663
2025-08-13,38173,2025081304007538,BPCL,K.B.L. Securities Limited ,Property Wiard Limited,38,862.0,32756.0,2025-08-13 13:09:48.936768
2025-08-13,38029,2025081304007588,BPCL,SHUBHAKAMANA SECURITIES PVT. LTD,Property Wiard Limited,142,861.2,122290.4,2025-08-13 13:10:11.950119
2025-08-13,37643,2025081304007683,BPCL,Primo Securities (PVT) Ltd.,Sewa Securities Pvt. Ltd.,30,862.0,25860.0,2025-08-13 13:11:45.904776
2025-08-13,36621,2025081304007869,BPCL,Naasa Securities Co. Ltd.,Agrawal Securities (PVT) Ltd.,100,864.0,86400.0,2025-08-13 13:16:50.095886
2025-08-13,36620,2025081304007870,BPCL,ABC Securities Private Limited,Agrawal Securities (PVT) Ltd.,100,863.0,86300.0,2025-08-13 13:16:50.096093
2025-08-13,36619,2025081304007871,BPCL,Shree Krishna Securities Ltd.,Agrawal Securities (PVT) Ltd.,60,863.0,51780.0,2025-08-13 13:16:50.096172
2025-08-13,36618,2025081304007872,BPCL,Naasa Securities Co. Ltd.,Agrawal Securities (PVT) Ltd.,200,862.0,172400.0,2025-08-13 13:16:50.096254
2025-08-13,36617,2025081304007873,BPCL,APPLE SECURITIES PRIVATE LIMITED,Agrawal Securities (PVT) Ltd.,40,861.3,34452.0,2025-08-13 13:16:50.096345
2025-08-13,35121,2025081304008162,BPCL,Nepal Investment And Securities Trading Private Limited,Prabhu Stock Market Limited,100,861.4,86140.0,2025-08-13 13:24:08.556159
2025-08-13,35120,2025081304008163,BPCL,APPLE SECURITIES PRIVATE LIMITED,Prabhu Stock Market Limited,150,861.3,129195.0,2025-08-13 13:24:08.556448
2025-08-13,35119,2025081304008164,BPCL,SHUBHAKAMANA SECURITIES PVT. LTD,Prabhu Stock Market Limited,58,861.2,49949.6,2025-08-13 13:24:08.556549
2025-08-13,35118,2025081304008165,BPCL,SHUBHAKAMANA SECURITIES PVT. LTD,Prabhu Stock Market Limited,60,861.1,51666.0,2025-08-13 13:24:08.556635
2025-08-13,35117,2025081304008166,BPCL,Dakshinkali Investment & Securities Pvt. Ltd.,Prabhu Stock Market Limited,132,861.0,113652.0,2025-08-13 13:24:08.556718
2025-08-13,34072,2025081304008365,BPCL,Naasa Securities Co. Ltd.,Sri Hari Securities Pvt. Ltd.,53,862.1,45691.3,2025-08-13 13:29:12.550534
2025-08-13,33937,2025081304008397,BPCL,Citizens Share Broker Limited,Ashutosh Brokerage & Securities (PVT) Ltd.,1,850.0,850.0,2025-08-13 13:29:52.182760
2025-08-13,33330,2025081304008558,BPCL,Machhapuchchhre Securities Limited,SUN SECURITIES PVT LTD,10,867.8,8678.0,2025-08-13 13:32:59.915083
2025-08-13,33066,2025081304008595,BPCL,Infinity Securities Limited,Primo Securities (PVT) Ltd.,30,863.0,25890.0,2025-08-13 13:34:30.261321
2025-08-13,32969,2025081304008612,BPCL,Machhapuchchhre Securities Limited,SUN SECURITIES PVT LTD,10,867.8,8678.0,2025-08-13 13:35:04.201510
2025-08-13,31002,2025081304008981,BPCL,SUN SECURITIES PVT LTD,Midas Stock Broking Company Private Limited,10,867.0,8670.0,2025-08-13 13:45:13.496074
2025-08-13,30255,2025081304009126,BPCL,Aryatara Investment & Securities,Nepal Stock House (PVT) Ltd.,30,865.0,25950.0,2025-08-13 13:49:02.887847
2025-08-13,30100,2025081304009145,BPCL,Naasa Securities Co. Ltd.,Premier Securities Company Ltd.,200,866.0,173200.0,2025-08-13 13:49:52.087068
2025-08-13,30047,2025081304009150,BPCL,Naasa Securities Co. Ltd.,Midas Stock Broking Company Private Limited,17,867.0,14739.0,2025-08-13 13:50:09.239940
2025-08-13,30046,2025081304009151,BPCL,Naasa Securities Co. Ltd.,SUN SECURITIES PVT LTD,200,867.0,173400.0,2025-08-13 13:50:09.240422
2025-08-13,30045,2025081304009152,BPCL,Naasa Securities Co. Ltd.,Agrawal Securities (PVT) Ltd.,500,867.0,433500.0,2025-08-13 13:50:09.240700
2025-08-13,29794,2025081304009187,BPCL,Naasa Securities Co. Ltd.,SUN SECURITIES PVT LTD,30,867.8,26034.0,2025-08-13 13:51:16.822724
2025-08-13,29279,2025081304009283,BPCL,Aryatara Investment & Securities,SHUBHAKAMANA SECURITIES PVT. LTD,14,866.0,12124.0,2025-08-13 13:53:02.806013
2025-08-13,29257,2025081304009295,BPCL,Miyo Securities Pvt Ltd,Naasa Securities Co. Ltd.,250,864.0,216000.0,2025-08-13 13:53:09.988127
2025-08-13,29182,2025081304009310,BPCL,Miyo Securities Pvt Ltd,SHUBHAKAMANA SECURITIES PVT. LTD,246,864.0,212544.0,2025-08-13 13:53:33.900097
2025-08-13,28935,2025081304009365,BPCL,Miyo Securities Pvt Ltd,Linch Stock Market Ltd.,20,864.0,17280.0,2025-08-13 13:54:46.717924
2025-08-13,28451,2025081304009512,BPCL,Miyo Securities Pvt Ltd,SHUBHAKAMANA SECURITIES PVT. LTD,100,864.0,86400.0,2025-08-13 13:56:31.418933
2025-08-13,28416,2025081304009526,BPCL,Miyo Securities Pvt Ltd,Sewa Securities Pvt. Ltd.,100,864.0,86400.0,2025-08-13 13:56:41.460036
2025-08-13,27949,2025081304009614,BPCL,Miyo Securities Pvt Ltd,Imperial Securities Company Pvt. Ltd.,10,864.0,8640.0,2025-08-13 13:58:10.772844
2025-08-13,26484,2025081304009905,BPCL,Naasa Securities Co. Ltd.,Aryatara Investment & Securities,1,850.0,850.0,2025-08-13 14:04:08.095978
2025-08-13,26150,2025081304009968,BPCL,Miyo Securities Pvt Ltd,ABC Securities Private Limited,274,864.0,236736.0,2025-08-13 14:05:21.076771
2025-08-13,26149,2025081304009969,BPCL,Imperial Securities Company Pvt. Ltd.,ABC Securities Private Limited,10,863.5,8635.0,2025-08-13 14:05:21.076837
2025-08-13,26148,2025081304009970,BPCL,SUN SECURITIES PVT LTD,ABC Securities Private Limited,500,863.2,431600.0,2025-08-13 14:05:21.076866
2025-08-13,26147,2025081304009971,BPCL,Sani Securities Company Ltd.,ABC Securities Private Limited,300,863.1,258930.0,2025-08-13 14:05:21.076891
2025-08-13,26146,2025081304009972,BPCL,Infinity Securities Limited,ABC Securities Private Limited,70,863.0,60410.0,2025-08-13 14:05:21.076920
2025-08-13,26145,2025081304009973,BPCL,Primo Securities (PVT) Ltd.,ABC Securities Private Limited,846,863.0,730098.0,2025-08-13 14:05:21.076945
2025-08-13,25754,2025081304010047,BPCL,Primo Securities (PVT) Ltd.,NIMB Stock Markets Limited,153,863.0,132039.0,2025-08-13 14:06:09.907182
2025-08-13,25753,2025081304010048,BPCL,Imperial Securities Company Pvt. Ltd.,NIMB Stock Markets Limited,10,863.0,8630.0,2025-08-13 14:06:09.907431
2025-08-13,25752,2025081304010049,BPCL,Market Securities & Exchange (PVT) Ltd.,NIMB Stock Markets Limited,10,863.0,8630.0,2025-08-13 14:06:09.907542
2025-08-13,25751,2025081304010050,BPCL,Sani Securities Company Ltd.,NIMB Stock Markets Limited,230,863.0,198490.0,2025-08-13 14:06:09.907650
2025-08-13,25750,2025081304010051,BPCL,SUN SECURITIES PVT LTD,NIMB Stock Markets Limited,500,862.0,431000.0,2025-08-13 14:06:09.907753
2025-08-13,25749,2025081304010052,BPCL,Sewa Securities Pvt. Ltd.,NIMB Stock Markets Limited,20,862.0,17240.0,2025-08-13 14:06:09.907850
2025-08-13,25748,2025081304010053,BPCL,Imperial Securities Company Pvt. Ltd.,NIMB Stock Markets Limited,50,861.8,43090.0,2025-08-13 14:06:09.907980
2025-08-13,25747,2025081304010054,BPCL,Capital Max Securities Ltd,NIMB Stock Markets Limited,975,861.2,839670.0,2025-08-13 14:06:09.908114
2025-08-13,25746,2025081304010055,BPCL,Dakshinkali Investment & Securities Pvt. Ltd.,NIMB Stock Markets Limited,52,861.0,44772.0,2025-08-13 14:06:09.908240
2025-08-13,25677,2025081304010075,BPCL,Dakshinkali Investment & Securities Pvt. Ltd.,ABC Securities Private Limited,816,861.0,702576.0,2025-08-13 14:06:20.620472
2025-08-13,25676,2025081304010076,BPCL,SHUBHAKAMANA SECURITIES PVT. LTD,ABC Securities Private Limited,111,861.0,95571.0,2025-08-13 14:06:20.620611
2025-08-13,25675,2025081304010077,BPCL,Bhrikuti Stock Broking Co. Pvt. Ltd.,ABC Securities Private Limited,73,861.0,62853.0,2025-08-13 14:06:20.620715
2025-08-13,25553,2025081304010125,BPCL,Bhrikuti Stock Broking Co. Pvt. Ltd.,Trishakti Securities Public Limited,327,861.0,281547.0,2025-08-13 14:06:34.355939
2025-08-13,25552,2025081304010126,BPCL,Shree Krishna Securities Ltd.,Trishakti Securities Public Limited,100,861.0,86100.0,2025-08-13 14:06:34.356180
2025-08-13,25551,2025081304010127,BPCL,R.B.B. Securities Company Ltd,Trishakti Securities Public Limited,500,861.0,430500.0,2025-08-13 14:06:34.356280
2025-08-13,25550,2025081304010128,BPCL,Imperial Securities Company Pvt. Ltd.,Trishakti Securities Public Limited,25,860.8,21520.0,2025-08-13 14:06:34.356383
2025-08-13,25549,2025081304010129,BPCL,SUN SECURITIES PVT LTD,Trishakti Securities Public Limited,500,860.1,430050.0,2025-08-13 14:06:34.356476
2025-08-13,25548,2025081304010130,BPCL,Shree Krishna Securities Ltd.,Trishakti Securities Public Limited,100,860.0,86000.0,2025-08-13 14:06:34.356567
2025-08-13,25547,2025081304010131,BPCL,Naasa Securities Co. Ltd.,Trishakti Securities Public Limited,100,860.0,86000.0,2025-08-13 14:06:34.356665
2025-08-13,25546,2025081304010132,BPCL,SUN SECURITIES PVT LTD,Trishakti Securities Public Limited,455,860.0,391300.0,2025-08-13 14:06:34.356798
2025-08-13,25545,2025081304010133,BPCL,Cristal Kanchanjanga Securites Pvt. Ltd.,Trishakti Securities Public Limited,2000,860.0,1720000.0,2025-08-13 14:06:34.356907
2025-08-13,25544,2025081304010134,BPCL,Midas Stock Broking Company Private Limited,Trishakti Securities Public Limited,600,860.0,516000.0,2025-08-13 14:06:34.356996
2025-08-13,25543,2025081304010135,BPCL,Imperial Securities Company Pvt. Ltd.,Trishakti Securities Public Limited,25,860.0,21500.0,2025-08-13 14:06:34.357090
2025-08-13,25542,2025081304010136,BPCL,Sumeru Securities Pvt. Ltd.,Trishakti Securities Public Limited,200,860.0,172000.0,2025-08-13 14:06:34.357217
2025-08-13,25541,2025081304010137,BPCL,Midas Stock Broking Company Private Limited,Trishakti Securities Public Limited,77,860.0,66220.0,2025-08-13 14:06:34.357323
2025-08-13,25540,2025081304010138,BPCL,Naasa Securities Co. Ltd.,Trishakti Securities Public Limited,100,860.0,86000.0,2025-08-13 14:06:34.357411
2025-08-13,25539,2025081304010139,BPCL,Linch Stock Market Ltd.,Trishakti Securities Public Limited,50,860.0,43000.0,2025-08-13 14:06:34.357498
2025-08-13,25538,2025081304010140,BPCL,Dipshikha Dhitopatra Karobar Co. Pvt Ltd.,Trishakti Securities Public Limited,1000,860.0,860000.0,2025-08-13 14:06:34.357594
2025-08-13,25537,2025081304010141,BPCL,SUN SECURITIES PVT LTD,Trishakti Securities Public Limited,500,860.0,430000.0,2025-08-13 14:06:34.357686
2025-08-13,25121,2025081304010221,BPCL,Capital Max Securities Ltd,Dynamic Money Managers Securities Pvt. Ltd.,200,859.5,171900.0,2025-08-13 14:07:40.521343
2025-08-13,24572,2025081304010250,BPCL,Capital Max Securities Ltd,Premier Securities Company Ltd.,30,859.5,25785.0,2025-08-13 14:08:18.023475
2025-08-13,24556,2025081304010253,BPCL,Capital Max Securities Ltd,SUN SECURITIES PVT LTD,270,859.5,232065.0,2025-08-13 14:08:23.838362
2025-08-13,24555,2025081304010254,BPCL,Shree Krishna Securities Ltd.,SUN SECURITIES PVT LTD,27,859.0,23193.0,2025-08-13 14:08:23.838466
2025-08-13,24379,2025081304010289,BPCL,Shree Krishna Securities Ltd.,Himalayan Brokerage Company Limited,100,859.0,85900.0,2025-08-13 14:08:58.311768
2025-08-13,24366,2025081304010302,BPCL,Naasa Securities Co. Ltd.,J.F. Securites (PVT) Ltd.,9,842.0,7578.0,2025-08-13 14:08:58.531713
2025-08-13,24232,2025081304010333,BPCL,Shree Krishna Securities Ltd.,Global IME Securities Limited,22,859.0,18898.0,2025-08-13 14:09:25.133357
2025-08-13,24008,2025081304010392,BPCL,Shree Krishna Securities Ltd.,Citizens Share Broker Limited,201,859.0,172659.0,2025-08-13 14:10:07.877679
2025-08-13,24007,2025081304010393,BPCL,Imperial Securities Company Pvt. Ltd.,Citizens Share Broker Limited,25,858.8,21470.0,2025-08-13 14:10:07.878143
2025-08-13,24006,2025081304010394,BPCL,Trisul Securities & Invt. Ltd.,Citizens Share Broker Limited,271,858.5,232653.5,2025-08-13 14:10:07.878556
2025-08-13,23477,2025081304010504,BPCL,Arun Securities (PVT) Ltd.,Nagarik Stock Dealer ,170,858.4,145928.0,2025-08-13 14:11:42.330570
2025-08-13,23476,2025081304010505,BPCL,Miyo Securities Pvt Ltd,Nagarik Stock Dealer ,50,858.2,42910.0,2025-08-13 14:11:42.330813
2025-08-13,23475,2025081304010506,BPCL,Roadshow securities limited,Nagarik Stock Dealer ,500,858.0,429000.0,2025-08-13 14:11:42.330912
2025-08-13,23474,2025081304010507,BPCL,Dynamic Money Managers Securities Pvt. Ltd.,Nagarik Stock Dealer ,39,858.0,33462.0,2025-08-13 14:11:42.331004
2025-08-13,23473,2025081304010508,BPCL,Himalayan Securities Limited,Sri Hari Securities Pvt. Ltd.,1500,857.0,1285500.0,2025-08-13 14:11:42.799071
2025-08-13,23472,2025081304010509,BPCL,ABC Securities Private Limited,Sri Hari Securities Pvt. Ltd.,500,857.0,428500.0,2025-08-13 14:11:42.799189
2025-08-13,22115,2025081304010845,BPCL,Sani Securities Company Ltd.,Global IME Securities Limited,350,857.1,299985.0,2025-08-13 14:15:41.079512
2025-08-13,22114,2025081304010846,BPCL,Dakshinkali Investment & Securities Pvt. Ltd.,Global IME Securities Limited,650,857.0,557050.0,2025-08-13 14:15:41.079773
2025-08-13,21333,2025081304011000,BPCL,Trademow Securities Private Limited,Sani Securities Company Ltd.,50,858.0,42900.0,2025-08-13 14:17:38.007493
2025-08-13,21307,2025081304011009,BPCL,Sajilo Broker Limited,Opal Securities Investment (PVT) Ltd.,2,841.2,1682.4,2025-08-13 14:17:41.903860
2025-08-13,21094,2025081304011062,BPCL,Trademow Securities Private Limited,Sani Securities Company Ltd.,50,858.0,42900.0,2025-08-13 14:18:22.151571
2025-08-13,20939,2025081304011122,BPCL,Naasa Securities Co. Ltd.,Sani Securities Company Ltd.,20,858.0,17160.0,2025-08-13 14:18:45.402934
2025-08-13,20659,2025081304011181,BPCL,Dipshikha Dhitopatra Karobar Co. Pvt Ltd.,Nagarik Stock Dealer ,200,859.0,171800.0,2025-08-13 14:19:45.097695
2025-08-13,20584,2025081304011188,BPCL,APPLE SECURITIES PRIVATE LIMITED,APPLE SECURITIES PRIVATE LIMITED,2,858.0,1716.0,2025-08-13 14:19:56.135072
2025-08-13,20146,2025081304011265,BPCL,Dakshinkali Investment & Securities Pvt. Ltd.,Naasa Securities Co. Ltd.,12,858.0,10296.0,2025-08-13 14:21:21.185130
2025-08-13,19889,2025081304011308,BPCL,Dakshinkali Investment & Securities Pvt. Ltd.,Naasa Securities Co. Ltd.,188,858.0,161304.0,2025-08-13 14:22:06.229926
2025-08-13,19888,2025081304011309,BPCL,Himalayan Brokerage Company Limited,Naasa Securities Co. Ltd.,112,858.0,96096.0,2025-08-13 14:22:06.230072
2025-08-13,19783,2025081304011332,BPCL,Himalayan Brokerage Company Limited,Imperial Securities Company Pvt. Ltd.,400,858.0,343200.0,2025-08-13 14:22:25.352255
2025-08-13,19458,2025081304011402,BPCL,Himalayan Brokerage Company Limited,Sundhara Securities Limited,68,858.0,58344.0,2025-08-13 14:23:35.455151
2025-08-13,19289,2025081304011431,BPCL,Dakshinkali Investment & Securities Pvt. Ltd.,Sundhara Securities Limited,177,857.1,151706.7,2025-08-13 14:24:06.603645
2025-08-13,18563,2025081304011613,BPCL,Dakshinkali Investment & Securities Pvt. Ltd.,Sri Hari Securities Pvt. Ltd.,823,857.1,705393.3,2025-08-13 14:26:49.566403
2025-08-13,18562,2025081304011614,BPCL,Dakshinkali Investment & Securities Pvt. Ltd.,Sri Hari Securities Pvt. Ltd.,350,857.0,299950.0,2025-08-13 14:26:49.566898
2025-08-13,18561,2025081304011615,BPCL,Vision Securities Pvt. Ltd,Sri Hari Securities Pvt. Ltd.,200,857.0,171400.0,2025-08-13 14:26:49.567173
2025-08-13,18560,2025081304011616,BPCL,Imperial Securities Company Pvt. Ltd.,Sri Hari Securities Pvt. Ltd.,25,856.5,21412.5,2025-08-13 14:26:49.567559
2025-08-13,18559,2025081304011617,BPCL,SHUBHAKAMANA SECURITIES PVT. LTD,Sri Hari Securities Pvt. Ltd.,500,856.2,428100.0,2025-08-13 14:26:49.567863
2025-08-13,18558,2025081304011618,BPCL,Dakshinkali Investment & Securities Pvt. Ltd.,Sri Hari Securities Pvt. Ltd.,1000,856.1,856100.0,2025-08-13 14:26:49.568132
2025-08-13,18557,2025081304011619,BPCL,SUN SECURITIES PVT LTD,Sri Hari Securities Pvt. Ltd.,1000,856.0,856000.0,2025-08-13 14:26:49.568450
2025-08-13,18556,2025081304011620,BPCL,Market Securities & Exchange (PVT) Ltd.,Sri Hari Securities Pvt. Ltd.,10,856.0,8560.0,2025-08-13 14:26:49.568746
2025-08-13,18555,2025081304011621,BPCL,ABC Securities Private Limited,Sri Hari Securities Pvt. Ltd.,100,856.0,85600.0,2025-08-13 14:26:49.569007
2025-08-13,18554,2025081304011622,BPCL,Midas Stock Broking Company Private Limited,Sri Hari Securities Pvt. Ltd.,500,855.0,427500.0,2025-08-13 14:26:49.569299
2025-08-13,18553,2025081304011623,BPCL,Aakashbhairab Securities Ltd.,Sri Hari Securities Pvt. Ltd.,50,855.0,42750.0,2025-08-13 14:26:49.569617
2025-08-13,18552,2025081304011624,BPCL,Linch Stock Market Ltd.,Sri Hari Securities Pvt. Ltd.,30,855.0,25650.0,2025-08-13 14:26:49.569875
2025-08-13,18551,2025081304011625,BPCL,Agrawal Securities (PVT) Ltd.,Sri Hari Securities Pvt. Ltd.,500,855.0,427500.0,2025-08-13 14:26:49.570167
2025-08-13,18550,2025081304011626,BPCL,Dipshikha Dhitopatra Karobar Co. Pvt Ltd.,Sri Hari Securities Pvt. Ltd.,300,855.0,256500.0,2025-08-13 14:26:49.570465
2025-08-13,18549,2025081304011627,BPCL,SUN SECURITIES PVT LTD,Sri Hari Securities Pvt. Ltd.,1000,855.0,855000.0,2025-08-13 14:26:49.570710
2025-08-13,18548,2025081304011628,BPCL,Sundhara Securities Limited,Sri Hari Securities Pvt. Ltd.,115,855.0,98325.0,2025-08-13 14:26:49.571023
2025-08-13,18547,2025081304011629,BPCL,Global IME Securities Limited,Sri Hari Securities Pvt. Ltd.,1000,855.0,855000.0,2025-08-13 14:26:49.571265
2025-08-13,18546,2025081304011630,BPCL,Premier Securities Company Ltd.,Sri Hari Securities Pvt. Ltd.,250,855.0,213750.0,2025-08-13 14:26:49.571557
2025-08-13,18545,2025081304011631,BPCL,Citizens Share Broker Limited,Sri Hari Securities Pvt. Ltd.,200,855.0,171000.0,2025-08-13 14:26:49.571841
2025-08-13,18544,2025081304011632,BPCL,Aakashbhairab Securities Ltd.,Sri Hari Securities Pvt. Ltd.,47,855.0,40185.0,2025-08-13 14:26:49.572091
2025-08-13,18521,2025081304011634,BPCL,Roadshow securities limited,Secured Securities Ltd.,490,858.9,420861.0,2025-08-13 14:26:53.790282
2025-08-13,18520,2025081304011635,BPCL,Roadshow securities limited,Nagarik Stock Dealer ,41,859.0,35219.0,2025-08-13 14:26:53.790391
2025-08-13,18519,2025081304011636,BPCL,Roadshow securities limited,Premier Securities Company Ltd.,10,859.0,8590.0,2025-08-13 14:26:53.790425
2025-08-13,18518,2025081304011637,BPCL,Roadshow securities limited,Imperial Securities Company Pvt. Ltd.,440,859.0,377960.0,2025-08-13 14:26:53.790464
2025-08-13,18517,2025081304011638,BPCL,Roadshow securities limited,Imperial Securities Company Pvt. Ltd.,2919,859.0,2507421.0,2025-08-13 14:26:53.790491
2025-08-13,17978,2025081304011734,BPCL,APPLE SECURITIES PRIVATE LIMITED,Imperial Securities Company Pvt. Ltd.,20,855.1,17102.0,2025-08-13 14:28:32.100843
2025-08-13,17977,2025081304011735,BPCL,Aakashbhairab Securities Ltd.,Imperial Securities Company Pvt. Ltd.,51,855.0,43605.0,2025-08-13 14:28:32.101241
2025-08-13,17791,2025081304011773,BPCL,SUN SECURITIES PVT LTD,Agrawal Securities (PVT) Ltd.,48,858.0,41184.0,2025-08-13 14:28:59.982937
2025-08-13,17778,2025081304011778,BPCL,SUN SECURITIES PVT LTD,Agrawal Securities (PVT) Ltd.,23,858.0,19734.0,2025-08-13 14:29:04.029962
2025-08-13,17742,2025081304011790,BPCL,SUN SECURITIES PVT LTD,Roadshow securities limited,400,858.0,343200.0,2025-08-13 14:29:09.137310
2025-08-13,17681,2025081304011813,BPCL,SUN SECURITIES PVT LTD,SHUBHAKAMANA SECURITIES PVT. LTD,29,858.0,24882.0,2025-08-13 14:29:22.887404
2025-08-13,17393,2025081304011873,BPCL,Aakashbhairab Securities Ltd.,Aakashbhairab Securities Ltd.,100,855.0,85500.0,2025-08-13 14:30:04.503908
2025-08-13,17094,2025081304011918,BPCL,Vision Securities Pvt. Ltd,Capital Max Securities Ltd,200,855.0,171000.0,2025-08-13 14:31:11.803560
2025-08-13,16643,2025081304012035,BPCL,Midas Stock Broking Company Private Limited,SHUBHAKAMANA SECURITIES PVT. LTD,16,858.0,13728.0,2025-08-13 14:32:47.752290
2025-08-13,13726,2025081304012622,BPCL,S.P.S.A. Securities Limited,Prabhu Stock Market Limited,2500,857.9,2144750.0,2025-08-13 14:39:53.732887
2025-08-13,13563,2025081304012660,BPCL,Infinity Securities Limited,N.M.B. SECURITIES LIMITED,300,854.1,256230.0,2025-08-13 14:40:15.513864
2025-08-13,13562,2025081304012661,BPCL,SUN SECURITIES PVT LTD,N.M.B. SECURITIES LIMITED,100,854.0,85400.0,2025-08-13 14:40:15.514360
2025-08-13,13561,2025081304012662,BPCL,Dynamic Money Managers Securities Pvt. Ltd.,N.M.B. SECURITIES LIMITED,180,853.3,153594.0,2025-08-13 14:40:15.514635
2025-08-13,13560,2025081304012663,BPCL,Kohinoor Investment & Securities Pvt. Ltd.,N.M.B. SECURITIES LIMITED,44,853.2,37540.8,2025-08-13 14:40:15.514906
2025-08-13,13559,2025081304012664,BPCL,Magnet Securities and Investment Company Private Limited,N.M.B. SECURITIES LIMITED,200,853.1,170620.0,2025-08-13 14:40:15.515236
2025-08-13,13558,2025081304012665,BPCL,Dakshinkali Investment & Securities Pvt. Ltd.,N.M.B. SECURITIES LIMITED,176,853.0,150128.0,2025-08-13 14:40:15.515613
2025-08-13,13205,2025081304012748,BPCL,Sri Hari Securities Pvt. Ltd.,Shree Krishna Securities Ltd.,261,853.1,222659.1,2025-08-13 14:41:04.167611
2025-08-13,12787,2025081304012838,BPCL,Prabhu Stock Market Limited,S.P.S.A. Securities Limited,2500,857.9,2144750.0,2025-08-13 14:42:02.315914
2025-08-13,12763,2025081304012844,BPCL,Sri Hari Securities Pvt. Ltd.,Naasa Securities Co. Ltd.,300,853.1,255930.0,2025-08-13 14:42:05.053342
2025-08-13,12680,2025081304012859,BPCL,Sri Hari Securities Pvt. Ltd.,Imperial Securities Company Pvt. Ltd.,300,853.1,255930.0,2025-08-13 14:42:14.332991
2025-08-13,12557,2025081304012882,BPCL,Sri Hari Securities Pvt. Ltd.,Roadshow securities limited,1100,853.1,938410.0,2025-08-13 14:42:29.228384
2025-08-13,12133,2025081304013008,BPCL,Sri Hari Securities Pvt. Ltd.,Sri Hari Securities Pvt. Ltd.,39,853.1,33270.9,2025-08-13 14:43:08.884709
2025-08-13,12132,2025081304013009,BPCL,Arun Securities (PVT) Ltd.,Sri Hari Securities Pvt. Ltd.,200,853.1,170620.0,2025-08-13 14:43:08.885143
2025-08-13,12131,2025081304013010,BPCL,Dakshinkali Investment & Securities Pvt. Ltd.,Sri Hari Securities Pvt. Ltd.,824,853.0,702872.0,2025-08-13 14:43:08.885452
2025-08-13,12130,2025081304013011,BPCL,Aryatara Investment & Securities,Sri Hari Securities Pvt. Ltd.,100,853.0,85300.0,2025-08-13 14:43:08.885766
2025-08-13,12129,2025081304013012,BPCL,Imperial Securities Company Pvt. Ltd.,Sri Hari Securities Pvt. Ltd.,25,852.8,21320.0,2025-08-13 14:43:08.886075
2025-08-13,12128,2025081304013013,BPCL,SHUBHAKAMANA SECURITIES PVT. LTD,Sri Hari Securities Pvt. Ltd.,100,852.7,85270.0,2025-08-13 14:43:08.886380
2025-08-13,12127,2025081304013014,BPCL,Oxford Securities Pvt. Ltd.,Sri Hari Securities Pvt. Ltd.,100,852.6,85260.0,2025-08-13 14:43:08.886644
2025-08-13,12126,2025081304013015,BPCL,South Asian Bulls Pvt. Ltd.,Sri Hari Securities Pvt. Ltd.,100,852.6,85260.0,2025-08-13 14:43:08.886917
2025-08-13,10616,2025081304013518,BPCL,SUN SECURITIES PVT LTD,Vision Securities Pvt. Ltd,100,851.1,85110.0,2025-08-13 14:45:33.685450
2025-08-13,9767,2025081304013738,BPCL,Trademow Securities Private Limited,Sri Hari Securities Pvt. Ltd.,10,852.0,8520.0,2025-08-13 14:47:00.810111
2025-08-13,9705,2025081304013764,BPCL,Arun Securities (PVT) Ltd.,Sri Hari Securities Pvt. Ltd.,100,851.1,85110.0,2025-08-13 14:47:06.406945
2025-08-13,9704,2025081304013765,BPCL,Ashutosh Brokerage & Securities (PVT) Ltd.,Sri Hari Securities Pvt. Ltd.,100,851.0,85100.0,2025-08-13 14:47:06.407149
2025-08-13,9703,2025081304013766,BPCL,Sani Securities Company Ltd.,Sri Hari Securities Pvt. Ltd.,126,851.0,107226.0,2025-08-13 14:47:06.407237
2025-08-13,9374,2025081304013891,BPCL,Sri Hari Securities Pvt. Ltd.,Sri Hari Securities Pvt. Ltd.,50,852.0,42600.0,2025-08-13 14:47:37.689846
2025-08-13,9284,2025081304013901,BPCL,Sani Securities Company Ltd.,Sri Hari Securities Pvt. Ltd.,124,851.0,105524.0,2025-08-13 14:47:51.927621
2025-08-13,9283,2025081304013902,BPCL,Asian Securities Private Ltd.,Sri Hari Securities Pvt. Ltd.,50,851.0,42550.0,2025-08-13 14:47:51.928015
2025-08-13,9282,2025081304013903,BPCL,ABC Securities Private Limited,Sri Hari Securities Pvt. Ltd.,100,851.0,85100.0,2025-08-13 14:47:51.928267
2025-08-13,8934,2025081304013996,BPCL,Sweta Securities Private Limited,Sri Hari Securities Pvt. Ltd.,166,851.0,141266.0,2025-08-13 14:48:27.962011
2025-08-13,8933,2025081304013997,BPCL,Sweta Securities Private Limited,Nagarik Stock Dealer ,334,851.0,284234.0,2025-08-13 14:48:27.962457
2025-08-13,8913,2025081304013999,BPCL,Trademow Securities Private Limited,Nagarik Stock Dealer ,10,851.0,8510.0,2025-08-13 14:48:30.114824
2025-08-13,8897,2025081304014003,BPCL,Dakshinkali Investment & Securities Pvt. Ltd.,SUN SECURITIES PVT LTD,450,850.3,382635.0,2025-08-13 14:48:32.425199
2025-08-13,8334,2025081304014090,BPCL,Dakshinkali Investment & Securities Pvt. Ltd.,Property Wiard Limited,50,850.3,42515.0,2025-08-13 14:49:07.800572
2025-08-13,8333,2025081304014091,BPCL,South Asian Bulls Pvt. Ltd.,Property Wiard Limited,50,850.3,42515.0,2025-08-13 14:49:07.800776
2025-08-13,8332,2025081304014092,BPCL,Sri Hari Securities Pvt. Ltd.,Property Wiard Limited,900,850.2,765180.0,2025-08-13 14:49:07.800886
2025-08-13,8158,2025081304014144,BPCL,Citizens Share Broker Limited,Nagarik Stock Dealer ,100,851.0,85100.0,2025-08-13 14:49:27.912476
2025-08-13,8130,2025081304014155,BPCL,Dakshinkali Investment & Securities Pvt. Ltd.,Nagarik Stock Dealer ,56,851.0,47656.0,2025-08-13 14:49:32.809881
2025-08-13,7910,2025081304014204,BPCL,Vision Securities Pvt. Ltd,Imperial Securities Company Pvt. Ltd.,20,852.0,17040.0,2025-08-13 14:49:54.576838
2025-08-13,7909,2025081304014205,BPCL,Vision Securities Pvt. Ltd,SHUBHAKAMANA SECURITIES PVT. LTD,10,854.0,8540.0,2025-08-13 14:49:54.576945
2025-08-13,7793,2025081304014221,BPCL,Dakshinkali Investment & Securities Pvt. Ltd.,Aakashbhairab Securities Ltd.,100,852.0,85200.0,2025-08-13 14:50:08.221877
2025-08-13,7745,2025081304014236,BPCL,Agrawal Securities (PVT) Ltd.,SHUBHAKAMANA SECURITIES PVT. LTD,345,854.0,294630.0,2025-08-13 14:50:14.655541
2025-08-13,7622,2025081304014261,BPCL,Dakshinkali Investment & Securities Pvt. Ltd.,Sani Securities Company Ltd.,100,852.0,85200.0,2025-08-13 14:50:29.277476
2025-08-13,7397,2025081304014311,BPCL,Dakshinkali Investment & Securities Pvt. Ltd.,Sweta Securities Private Limited,30,852.1,25563.0,2025-08-13 14:50:56.835787
2025-08-13,7139,2025081304014361,BPCL,Dakshinkali Investment & Securities Pvt. Ltd.,Secured Securities Ltd.,100,852.1,85210.0,2025-08-13 14:51:18.108608
2025-08-13,6949,2025081304014408,BPCL,S.P.S.A. Securities Limited,Imperial Securities Company Pvt. Ltd.,5,851.0,4255.0,2025-08-13 14:51:33.519919
2025-08-13,6139,2025081304014591,BPCL,Dakshinkali Investment & Securities Pvt. Ltd.,Prabhu Stock Market Limited,70,852.1,59647.0,2025-08-13 14:52:55.598363
2025-08-13,6138,2025081304014592,BPCL,Primo Securities (PVT) Ltd.,Prabhu Stock Market Limited,499,852.1,425197.9,2025-08-13 14:52:55.598430
2025-08-13,6137,2025081304014593,BPCL,Asian Securities Private Ltd.,Prabhu Stock Market Limited,100,852.0,85200.0,2025-08-13 14:52:55.598452
2025-08-13,6136,2025081304014594,BPCL,Agrawal Securities (PVT) Ltd.,Prabhu Stock Market Limited,331,852.0,282012.0,2025-08-13 14:52:55.598476
2025-08-13,6020,2025081304014613,BPCL,Dakshinkali Investment & Securities Pvt. Ltd.,Aryatara Investment & Securities,250,852.2,213050.0,2025-08-13 14:53:06.597459
2025-08-13,5935,2025081304014630,BPCL,Dakshinkali Investment & Securities Pvt. Ltd.,SUN SECURITIES PVT LTD,250,852.2,213050.0,2025-08-13 14:53:15.611065
2025-08-13,5913,2025081304014639,BPCL,Sumeru Securities Pvt. Ltd.,N.M.B. SECURITIES LIMITED,10,853.0,8530.0,2025-08-13 14:53:18.632810
2025-08-13,5872,2025081304014654,BPCL,Sumeru Securities Pvt. Ltd.,Naasa Securities Co. Ltd.,90,853.0,76770.0,2025-08-13 14:53:23.568662
2025-08-13,5503,2025081304014731,BPCL,SUN SECURITIES PVT LTD,Imperial Securities Company Pvt. Ltd.,20,854.0,17080.0,2025-08-13 14:54:05.777513
2025-08-13,5502,2025081304014732,BPCL,SUN SECURITIES PVT LTD,South Asian Bulls Pvt. Ltd.,1500,854.9,1282350.0,2025-08-13 14:54:05.778025
2025-08-13,5501,2025081304014733,BPCL,SUN SECURITIES PVT LTD,Sri Hari Securities Pvt. Ltd.,512,855.0,437760.0,2025-08-13 14:54:05.778456
2025-08-13,5500,2025081304014734,BPCL,SUN SECURITIES PVT LTD,Trishakti Securities Public Limited,1491,855.0,1274805.0,2025-08-13 14:54:05.778833
2025-08-13,5499,2025081304014735,BPCL,SUN SECURITIES PVT LTD,Linch Stock Market Ltd.,100,855.0,85500.0,2025-08-13 14:54:05.779199
2025-08-13,5498,2025081304014736,BPCL,SUN SECURITIES PVT LTD,Imperial Securities Company Pvt. Ltd.,20,855.0,17100.0,2025-08-13 14:54:05.779648
2025-08-13,5199,2025081304014803,BPCL,Vision Securities Pvt. Ltd,Imperial Securities Company Pvt. Ltd.,300,855.1,256530.0,2025-08-13 14:54:33.949463
2025-08-13,5033,2025081304014841,BPCL,Vision Securities Pvt. Ltd,Naasa Securities Co. Ltd.,925,855.1,790967.5,2025-08-13 14:54:50.986177
2025-08-13,4848,2025081304014872,BPCL,Dakshinkali Investment & Securities Pvt. Ltd.,SHUBHAKAMANA SECURITIES PVT. LTD,200,856.0,171200.0,2025-08-13 14:55:05.319115
2025-08-13,4708,2025081304014926,BPCL,Agrawal Securities (PVT) Ltd.,SHUBHAKAMANA SECURITIES PVT. LTD,100,856.0,85600.0,2025-08-13 14:55:18.786665
2025-08-13,4707,2025081304014927,BPCL,Agrawal Securities (PVT) Ltd.,Naasa Securities Co. Ltd.,24,856.0,20544.0,2025-08-13 14:55:18.787105
2025-08-13,4694,2025081304014930,BPCL,Vision Securities Pvt. Ltd,South Asian Bulls Pvt. Ltd.,775,855.1,662702.5,2025-08-13 14:55:20.384152
2025-08-13,4693,2025081304014931,BPCL,SUN SECURITIES PVT LTD,South Asian Bulls Pvt. Ltd.,357,855.0,305235.0,2025-08-13 14:55:20.384382
2025-08-13,4461,2025081304014996,BPCL,Primo Securities (PVT) Ltd.,South Asian Bulls Pvt. Ltd.,50,855.0,42750.0,2025-08-13 14:55:36.978991
2025-08-13,4355,2025081304015020,BPCL,Trishakti Securities Public Limited,South Asian Bulls Pvt. Ltd.,318,854.0,271572.0,2025-08-13 14:55:48.740941
2025-08-13,3796,2025081304015149,BPCL,Trishakti Securities Public Limited,APPLE SECURITIES PRIVATE LIMITED,82,854.0,70028.0,2025-08-13 14:56:38.720576
2025-08-13,3795,2025081304015150,BPCL,Premier Securities Company Ltd.,APPLE SECURITIES PRIVATE LIMITED,50,853.0,42650.0,2025-08-13 14:56:38.720786
2025-08-13,3794,2025081304015151,BPCL,Sharepro Securities Private Limited,APPLE SECURITIES PRIVATE LIMITED,75,852.1,63907.5,2025-08-13 14:56:38.720876
2025-08-13,3793,2025081304015152,BPCL,Vision Securities Pvt. Ltd,APPLE SECURITIES PRIVATE LIMITED,500,852.0,426000.0,2025-08-13 14:56:38.720967
2025-08-13,3792,2025081304015153,BPCL,Naasa Securities Co. Ltd.,APPLE SECURITIES PRIVATE LIMITED,793,852.0,675636.0,2025-08-13 14:56:38.721061
2025-08-13,3526,2025081304015200,BPCL,Dakshinkali Investment & Securities Pvt. Ltd.,Sani Securities Company Ltd.,100,852.1,85210.0,2025-08-13 14:57:00.389680
2025-08-13,3525,2025081304015201,BPCL,Naasa Securities Co. Ltd.,Sani Securities Company Ltd.,200,852.0,170400.0,2025-08-13 14:57:00.390084
2025-08-13,3393,2025081304015240,BPCL,SUN SECURITIES PVT LTD,Sri Hari Securities Pvt. Ltd.,100,854.0,85400.0,2025-08-13 14:57:14.624204
2025-08-13,3344,2025081304015247,BPCL,Sewa Securities Pvt. Ltd.,S.P.S.A. Securities Limited,50,852.2,42610.0,2025-08-13 14:57:17.372793
2025-08-13,3343,2025081304015248,BPCL,Elite Stock House Limited,S.P.S.A. Securities Limited,208,852.0,177216.0,2025-08-13 14:57:17.373187
2025-08-13,3342,2025081304015249,BPCL,Dipshikha Dhitopatra Karobar Co. Pvt Ltd.,S.P.S.A. Securities Limited,300,852.0,255600.0,2025-08-13 14:57:17.373483
2025-08-13,3341,2025081304015250,BPCL,Thrive Brokerage House Pvt. Ltd,S.P.S.A. Securities Limited,10,852.0,8520.0,2025-08-13 14:57:17.373740
2025-08-13,3340,2025081304015251,BPCL,Dakshinkali Investment & Securities Pvt. Ltd.,S.P.S.A. Securities Limited,944,851.0,803344.0,2025-08-13 14:57:17.374001
2025-08-13,3339,2025081304015252,BPCL,Oxford Securities Pvt. Ltd.,S.P.S.A. Securities Limited,100,851.0,85100.0,2025-08-13 14:57:17.374269
2025-08-13,3338,2025081304015253,BPCL,Capital Max Securities Ltd,S.P.S.A. Securities Limited,32,850.5,27216.0,2025-08-13 14:57:17.374546
2025-08-13,3337,2025081304015254,BPCL,Sri Hari Securities Pvt. Ltd.,S.P.S.A. Securities Limited,1100,850.2,935220.0,2025-08-13 14:57:17.374771
2025-08-13,3336,2025081304015255,BPCL,Stoxkarts Securities Limited,S.P.S.A. Securities Limited,100,850.2,85020.0,2025-08-13 14:57:17.375013
2025-08-13,3335,2025081304015256,BPCL,Garima Securities Limited,S.P.S.A. Securities Limited,50,850.1,42505.0,2025-08-13 14:57:17.375270
2025-08-13,3334,2025081304015257,BPCL,Dakshinkali Investment & Securities Pvt. Ltd.,S.P.S.A. Securities Limited,1000,850.1,850100.0,2025-08-13 14:57:17.375548
2025-08-13,3333,2025081304015258,BPCL,Linch Stock Market Ltd.,S.P.S.A. Securities Limited,200,850.0,170000.0,2025-08-13 14:57:17.375814
2025-08-13,3332,2025081304015259,BPCL,K.B.L. Securities Limited ,S.P.S.A. Securities Limited,1000,850.0,850000.0,2025-08-13 14:57:17.376061
2025-08-13,3331,2025081304015260,BPCL,Arun Securities (PVT) Ltd.,S.P.S.A. Securities Limited,50,850.0,42500.0,2025-08-13 14:57:17.376308
2025-08-13,3330,2025081304015261,BPCL,SUN SECURITIES PVT LTD,S.P.S.A. Securities Limited,500,850.0,425000.0,2025-08-13 14:57:17.376573
2025-08-13,3329,2025081304015262,BPCL,Dipshikha Dhitopatra Karobar Co. Pvt Ltd.,S.P.S.A. Securities Limited,150,850.0,127500.0,2025-08-13 14:57:17.376827
2025-08-13,3328,2025081304015263,BPCL,Secured Securities Ltd.,S.P.S.A. Securities Limited,30,850.0,25500.0,2025-08-13 14:57:17.377066
2025-08-13,3327,2025081304015264,BPCL,SHUBHAKAMANA SECURITIES PVT. LTD,S.P.S.A. Securities Limited,500,850.0,425000.0,2025-08-13 14:57:17.377338
2025-08-13,3326,2025081304015265,BPCL,South Asian Bulls Pvt. Ltd.,S.P.S.A. Securities Limited,100,850.0,85000.0,2025-08-13 14:57:17.377582
2025-08-13,3325,2025081304015266,BPCL,Sri Hari Securities Pvt. Ltd.,S.P.S.A. Securities Limited,100,850.0,85000.0,2025-08-13 14:57:17.377825
2025-08-13,3324,2025081304015267,BPCL,Vision Securities Pvt. Ltd,S.P.S.A. Securities Limited,300,850.0,255000.0,2025-08-13 14:57:17.378066
2025-08-13,3323,2025081304015268,BPCL,SUN SECURITIES PVT LTD,S.P.S.A. Securities Limited,100,850.0,85000.0,2025-08-13 14:57:17.378363
2025-08-13,3322,2025081304015269,BPCL,Neev Securities Pvt. Ltd.,S.P.S.A. Securities Limited,100,850.0,85000.0,2025-08-13 14:57:17.378617
2025-08-13,3214,2025081304015294,BPCL,K.B.L. Securities Limited ,S.P.S.A. Securities Limited,200,850.0,170000.0,2025-08-13 14:57:27.632664
2025-08-13,3049,2025081304015342,BPCL,SUN SECURITIES PVT LTD,Online Securities Pvt. Ltd.,40,849.1,33964.0,2025-08-13 14:57:42.237347
2025-08-13,2989,2025081304015371,BPCL,SUN SECURITIES PVT LTD,Sri Hari Securities Pvt. Ltd.,260,849.1,220766.0,2025-08-13 14:57:47.025988
2025-08-13,2988,2025081304015372,BPCL,Himalayan Brokerage Company Limited,Sri Hari Securities Pvt. Ltd.,127,849.0,107823.0,2025-08-13 14:57:47.026190
2025-08-13,2987,2025081304015373,BPCL,Investment Management Nepal Pvt. Ltd.,Sri Hari Securities Pvt. Ltd.,200,849.0,169800.0,2025-08-13 14:57:47.026274
2025-08-13,2935,2025081304015399,BPCL,Opal Securities Investment (PVT) Ltd.,Sri Hari Securities Pvt. Ltd.,63,849.0,53487.0,2025-08-13 14:57:49.303160
2025-08-13,2934,2025081304015400,BPCL,Opal Securities Investment (PVT) Ltd.,S.P.S.A. Securities Limited,5937,850.0,5046450.0,2025-08-13 14:57:49.303375
2025-08-13,2892,2025081304015410,BPCL,Imperial Securities Company Pvt. Ltd.,INDEX SECURITIES LIMITED,50,848.5,42425.0,2025-08-13 14:57:51.460204
2025-08-13,2891,2025081304015411,BPCL,ABC Securities Private Limited,INDEX SECURITIES LIMITED,150,848.0,127200.0,2025-08-13 14:57:51.460454
2025-08-13,2808,2025081304015432,BPCL,Dipshikha Dhitopatra Karobar Co. Pvt Ltd.,S.P.S.A. Securities Limited,1000,850.0,850000.0,2025-08-13 14:57:57.730952
2025-08-13,2640,2025081304015466,BPCL,Naasa Securities Co. Ltd.,S.P.S.A. Securities Limited,500,850.0,425000.0,2025-08-13 14:58:07.851195
2025-08-13,2634,2025081304015469,BPCL,Vision Securities Pvt. Ltd,S.P.S.A. Securities Limited,339,850.0,288150.0,2025-08-13 14:58:08.408369
2025-08-13,2633,2025081304015470,BPCL,Vision Securities Pvt. Ltd,Citizens Share Broker Limited,100,850.0,85000.0,2025-08-13 14:58:08.408769
2025-08-13,2546,2025081304015502,BPCL,Vision Securities Pvt. Ltd,Naasa Securities Co. Ltd.,1561,853.0,1331533.0,2025-08-13 14:58:16.011354
2025-08-13,2525,2025081304015505,BPCL,Magnet Securities and Investment Company Private Limited,INDEX SECURITIES LIMITED,50,848.1,42405.0,2025-08-13 14:58:17.541520
2025-08-13,2294,2025081304015560,BPCL,Vision Securities Pvt. Ltd,Sri Hari Securities Pvt. Ltd.,10,853.0,8530.0,2025-08-13 14:58:32.738744
2025-08-13,2077,2025081304015603,BPCL,Naasa Securities Co. Ltd.,Sri Hari Securities Pvt. Ltd.,200,850.0,170000.0,2025-08-13 14:58:44.721034
2025-08-13,2076,2025081304015604,BPCL,Dakshinkali Investment & Securities Pvt. Ltd.,Sri Hari Securities Pvt. Ltd.,200,850.0,170000.0,2025-08-13 14:58:44.721415
2025-08-13,1997,2025081304015621,BPCL,Vision Securities Pvt. Ltd,Sri Hari Securities Pvt. Ltd.,600,850.0,510000.0,2025-08-13 14:58:49.965638
2025-08-13,1996,2025081304015622,BPCL,Vision Securities Pvt. Ltd,Naasa Securities Co. Ltd.,400,852.0,340800.0,2025-08-13 14:58:49.965854
2025-08-13,1504,2025081304015783,BPCL,Primo Securities (PVT) Ltd.,Naasa Securities Co. Ltd.,439,848.2,372359.8,2025-08-13 14:59:14.635299
2025-08-13,1276,2025081304015828,BPCL,SUN SECURITIES PVT LTD,SUN SECURITIES PVT LTD,50,849.0,42450.0,2025-08-13 14:59:24.010634
2025-08-13,1053,2025081304015872,BPCL,Primo Securities (PVT) Ltd.,Naasa Securities Co. Ltd.,60,848.2,50892.0,2025-08-13 14:59:30.916140
2025-08-13,1052,2025081304015873,BPCL,Citizens Share Broker Limited,Naasa Securities Co. Ltd.,100,848.2,84820.0,2025-08-13 14:59:30.916330
2025-08-13,1051,2025081304015874,BPCL,Magnet Securities and Investment Company Private Limited,Naasa Securities Co. Ltd.,50,848.1,42405.0,2025-08-13 14:59:30.916420
2025-08-13,1050,2025081304015875,BPCL,ABC Securities Private Limited,Naasa Securities Co. Ltd.,350,848.0,296800.0,2025-08-13 14:59:30.916508
2025-08-13,1049,2025081304015876,BPCL,Dakshinkali Investment & Securities Pvt. Ltd.,Naasa Securities Co. Ltd.,40,848.0,33920.0,2025-08-13 14:59:30.916603
2025-08-13,563,2025081304015970,BPCL,Kohinoor Investment & Securities Pvt. Ltd.,SUN SECURITIES PVT LTD,20,849.9,16998.0,2025-08-13 14:59:44.529687
2025-08-13,245,2025081304016026,BPCL,Trademow Securities Private Limited,Naasa Securities Co. Ltd.,10,849.0,8490.0,2025-08-13 14:59:54.691578
2025-08-13,244,2025081304016027,BPCL,Dakshinkali Investment & Securities Pvt. Ltd.,Naasa Securities Co. Ltd.,60,848.0,50880.0,2025-08-13 14:59:54.691774
2025-08-13,243,2025081304016028,BPCL,Naasa Securities Co. Ltd.,Naasa Securities Co. Ltd.,100,848.0,84800.0,2025-08-13 14:59:54.691862
2025-08-13,242,2025081304016029,BPCL,Trishakti Securities Public Limited,Naasa Securities Co. Ltd.,50,848.0,42400.0,2025-08-13 14:59:54.691944
2025-08-13,241,2025081304016030,BPCL,Elite Stock House Limited,Naasa Securities Co. Ltd.,100,848.0,84800.0,2025-08-13 14:59:54.692027
2025-08-13,240,2025081304016031,BPCL,Sewa Securities Pvt. Ltd.,Naasa Securities Co. Ltd.,60,848.0,50880.0,2025-08-13 14:59:54.692115
2025-08-13,239,2025081304016032,BPCL,Naasa Securities Co. Ltd.,Naasa Securities Co. Ltd.,70,848.0,59360.0,2025-08-13 14:59:54.692193
2025-08-13,238,2025081304016033,BPCL,Dipshikha Dhitopatra Karobar Co. Pvt Ltd.,Naasa Securities Co. Ltd.,110,847.7,93247.0,2025-08-13 14:59:54.692284
2025-08-13,237,2025081304016034,BPCL,Imperial Securities Company Pvt. Ltd.,Naasa Securities Co. Ltd.,100,847.7,84770.0,2025-08-13 14:59:54.692370
2025-08-13,236,2025081304016035,BPCL,Sani Securities Company Ltd.,Naasa Securities Co. Ltd.,25,847.0,21175.0,2025-08-13 14:59:54.692449
2025-08-13,235,2025081304016036,BPCL,Capital Max Securities Ltd,Naasa Securities Co. Ltd.,200,847.0,169400.0,2025-08-13 14:59:54.692525
2025-08-13,234,2025081304016037,BPCL,SUN SECURITIES PVT LTD,Naasa Securities Co. Ltd.,115,845.4,97221.0,2025-08-13 14:59:54.692617
2025-08-13,165,2025081304016047,BPCL,Naasa Securities Co. Ltd.,Thrive Brokerage House Pvt. Ltd,28,849.5,23786.0,2025-08-13 14:59:57.231792
2025-08-13,164,2025081304016048,BPCL,Naasa Securities Co. Ltd.,SUN SECURITIES PVT LTD,430,849.9,365457.0,2025-08-13 14:59:57.232011
2025-08-13,163,2025081304016049,BPCL,Naasa Securities Co. Ltd.,Sri Hari Securities Pvt. Ltd.,542,850.0,460700.0,2025-08-13 14:59:57.232105
