Date,S.N.,contract_id,symbol,buyer_broker,seller_broker,volume,price,amount,transaction_time
2025-08-28,78258,2025082801000018,EBL,Naasa Securities Co. Ltd.,Naasa Securities Co. Ltd.,20,745.0,14900.0,2025-08-28 11:00:41.511119
2025-08-28,78257,2025082801000019,EBL,Vision Securities Pvt. Ltd,Naasa Securities Co. Ltd.,180,745.0,134100.0,2025-08-28 11:00:41.511259
2025-08-28,78107,2025082801000057,EBL,Primo Securities (PVT) Ltd.,Sweta Securities Private Limited,93,750.0,69750.0,2025-08-28 11:01:37.819631
2025-08-28,78021,2025082801000082,EBL,Vision Securities Pvt. Ltd,Nepal Stock House (PVT) Ltd.,90,745.0,67050.0,2025-08-28 11:02:13.323596
2025-08-28,78020,2025082801000083,EBL,Cristal Kanchanjanga Securites Pvt. Ltd.,Nepal Stock House (PVT) Ltd.,410,745.0,305450.0,2025-08-28 11:02:13.323753
2025-08-28,77230,2025082801000296,EBL,Sewa Securities Pvt. Ltd.,Secured Securities Ltd.,50,745.3,37265.0,2025-08-28 11:05:13.680613
2025-08-28,77169,2025082801000314,EBL,Imperial Securities Company Pvt. Ltd.,Kumari Securities Private Limited,50,746.0,37300.0,2025-08-28 11:05:29.743792
2025-08-28,76992,2025082801000355,EBL,Imperial Securities Company Pvt. Ltd.,Naasa Securities Co. Ltd.,1081,746.0,806426.0,2025-08-28 11:06:11.823042
2025-08-28,76662,2025082801000456,EBL,South Asian Bulls Pvt. Ltd.,Vision Securities Pvt. Ltd,100,746.1,74610.0,2025-08-28 11:07:36.783643
2025-08-28,76661,2025082801000457,EBL,Primo Securities (PVT) Ltd.,Vision Securities Pvt. Ltd,100,746.1,74610.0,2025-08-28 11:07:36.783733
2025-08-28,76660,2025082801000458,EBL,Imperial Securities Company Pvt. Ltd.,Vision Securities Pvt. Ltd,300,746.0,223800.0,2025-08-28 11:07:36.783783
2025-08-28,76628,2025082801000463,EBL,Imperial Securities Company Pvt. Ltd.,Opal Securities Investment (PVT) Ltd.,513,748.5,383980.5,2025-08-28 11:07:45.608227
2025-08-28,76627,2025082801000464,EBL,Imperial Securities Company Pvt. Ltd.,Naasa Securities Co. Ltd.,356,748.9,266608.4,2025-08-28 11:07:45.608322
2025-08-28,76602,2025082801000471,EBL,Sani Securities Company Ltd.,Dipshikha Dhitopatra Karobar Co. Pvt Ltd.,200,746.0,149200.0,2025-08-28 11:07:50.774454
2025-08-28,76213,2025082801000548,EBL,Sri Hari Securities Pvt. Ltd.,Naasa Securities Co. Ltd.,10,748.9,7489.0,2025-08-28 11:09:15.905996
2025-08-28,76186,2025082801000555,EBL,Sani Securities Company Ltd.,Aryatara Investment & Securities,100,746.0,74600.0,2025-08-28 11:09:26.854519
2025-08-28,76185,2025082801000556,EBL,Sani Securities Company Ltd.,Aryatara Investment & Securities,225,746.0,167850.0,2025-08-28 11:09:26.854726
2025-08-28,76184,2025082801000557,EBL,Imperial Securities Company Pvt. Ltd.,Aryatara Investment & Securities,175,746.0,130550.0,2025-08-28 11:09:26.854861
2025-08-28,75990,2025082801000594,EBL,Imperial Securities Company Pvt. Ltd.,Naasa Securities Co. Ltd.,134,748.9,100352.6,2025-08-28 11:10:12.349020
2025-08-28,75989,2025082801000595,EBL,Imperial Securities Company Pvt. Ltd.,Imperial Securities Company Pvt. Ltd.,17,749.0,12733.0,2025-08-28 11:10:12.349134
2025-08-28,75988,2025082801000596,EBL,Imperial Securities Company Pvt. Ltd.,Aryatara Investment & Securities,849,750.0,636750.0,2025-08-28 11:10:12.349178
2025-08-28,75960,2025082801000602,EBL,Imperial Securities Company Pvt. Ltd.,Aryatara Investment & Securities,151,750.0,113250.0,2025-08-28 11:10:19.420509
2025-08-28,75959,2025082801000603,EBL,Imperial Securities Company Pvt. Ltd.,Sani Securities Company Ltd.,50,750.0,37500.0,2025-08-28 11:10:19.420608
2025-08-28,75268,2025082801000754,EBL,Imperial Securities Company Pvt. Ltd.,Naasa Securities Co. Ltd.,10,747.0,7470.0,2025-08-28 11:12:49.485505
2025-08-28,75230,2025082801000763,EBL,Secured Securities Ltd.,Naasa Securities Co. Ltd.,30,750.0,22500.0,2025-08-28 11:13:01.511132
2025-08-28,74650,2025082801000888,EBL,Aryatara Investment & Securities,Imperial Securities Company Pvt. Ltd.,10,752.9,7529.0,2025-08-28 11:14:57.863437
2025-08-28,74337,2025082801000936,EBL,Sweta Securities Private Limited,Imperial Securities Company Pvt. Ltd.,40,752.9,30116.0,2025-08-28 11:15:46.926069
2025-08-28,74336,2025082801000937,EBL,Sweta Securities Private Limited,Aryatara Investment & Securities,1000,753.0,753000.0,2025-08-28 11:15:46.926186
2025-08-28,74262,2025082801000951,EBL,Sweta Securities Private Limited,Shree Krishna Securities Ltd.,10,755.0,7550.0,2025-08-28 11:15:59.025615
2025-08-28,72726,2025082801001365,EBL,Cristal Kanchanjanga Securites Pvt. Ltd.,Neev Securities Pvt. Ltd.,90,749.0,67410.0,2025-08-28 11:20:52.219437
2025-08-28,72725,2025082801001366,EBL,Imperial Securities Company Pvt. Ltd.,Neev Securities Pvt. Ltd.,20,749.0,14980.0,2025-08-28 11:20:52.219581
2025-08-28,72724,2025082801001367,EBL,Sani Securities Company Ltd.,Neev Securities Pvt. Ltd.,166,748.7,124284.2,2025-08-28 11:20:52.219648
2025-08-28,72293,2025082801001464,EBL,Sweta Securities Private Limited,Online Securities Pvt. Ltd.,100,749.0,74900.0,2025-08-28 11:22:08.847474
2025-08-28,72007,2025082801001528,EBL,Naasa Securities Co. Ltd.,Magnet Securities and Investment Company Private Limited,64,749.7,47980.8,2025-08-28 11:22:53.183082
2025-08-28,72006,2025082801001529,EBL,Sweta Securities Private Limited,Magnet Securities and Investment Company Private Limited,136,749.0,101864.0,2025-08-28 11:22:53.183420
2025-08-28,71110,2025082801001746,EBL,Dynamic Money Managers Securities Pvt. Ltd.,Arun Securities (PVT) Ltd.,50,750.0,37500.0,2025-08-28 11:24:55.951391
2025-08-28,70721,2025082801001832,EBL,Naasa Securities Co. Ltd.,Sri Hari Securities Pvt. Ltd.,13,750.0,9750.0,2025-08-28 11:25:57.095728
2025-08-28,70704,2025082801001838,EBL,Sweta Securities Private Limited,Arun Securities (PVT) Ltd.,49,749.0,36701.0,2025-08-28 11:26:01.270470
2025-08-28,70458,2025082801001886,EBL,Sweta Securities Private Limited,Cristal Kanchanjanga Securites Pvt. Ltd.,15,749.0,11235.0,2025-08-28 11:26:43.327670
2025-08-28,70457,2025082801001887,EBL,Sani Securities Company Ltd.,Cristal Kanchanjanga Securites Pvt. Ltd.,434,748.7,324935.8,2025-08-28 11:26:43.327818
2025-08-28,70456,2025082801001888,EBL,Dynamic Money Managers Securities Pvt. Ltd.,Cristal Kanchanjanga Securites Pvt. Ltd.,51,748.6,38178.6,2025-08-28 11:26:43.327902
2025-08-28,70253,2025082801001919,EBL,Dynamic Money Managers Securities Pvt. Ltd.,Dakshinkali Investment & Securities Pvt. Ltd.,900,748.6,673740.0,2025-08-28 11:27:19.053848
2025-08-28,69957,2025082801001982,EBL,Dynamic Money Managers Securities Pvt. Ltd.,Vision Securities Pvt. Ltd,49,748.6,36681.4,2025-08-28 11:28:14.551927
2025-08-28,69543,2025082801002076,EBL,Nabil Stock Dealer Ltd.,Naasa Securities Co. Ltd.,20,748.6,14972.0,2025-08-28 11:29:31.187192
2025-08-28,69542,2025082801002077,EBL,Sumeru Securities Pvt. Ltd.,Naasa Securities Co. Ltd.,50,748.0,37400.0,2025-08-28 11:29:31.187362
2025-08-28,69541,2025082801002078,EBL,Naasa Securities Co. Ltd.,Naasa Securities Co. Ltd.,10,748.0,7480.0,2025-08-28 11:29:31.187443
2025-08-28,69258,2025082801002146,EBL,Imperial Securities Company Pvt. Ltd.,Kohinoor Investment & Securities Pvt. Ltd.,368,747.0,274896.0,2025-08-28 11:30:22.691643
2025-08-28,68313,2025082801002348,EBL,Imperial Securities Company Pvt. Ltd.,Imperial Securities Company Pvt. Ltd.,400,747.9,299160.0,2025-08-28 11:33:06.440764
2025-08-28,68312,2025082801002349,EBL,Imperial Securities Company Pvt. Ltd.,Naasa Securities Co. Ltd.,600,748.0,448800.0,2025-08-28 11:33:06.440933
2025-08-28,67410,2025082801002524,EBL,Imperial Securities Company Pvt. Ltd.,Sani Securities Company Ltd.,200,747.0,149400.0,2025-08-28 11:35:35.374399
2025-08-28,67395,2025082801002531,EBL,Cristal Kanchanjanga Securites Pvt. Ltd.,Naasa Securities Co. Ltd.,320,748.0,239360.0,2025-08-28 11:35:38.844053
2025-08-28,67394,2025082801002532,EBL,Cristal Kanchanjanga Securites Pvt. Ltd.,Online Securities Pvt. Ltd.,180,748.0,134640.0,2025-08-28 11:35:38.844213
2025-08-28,66275,2025082801002817,EBL,Naasa Securities Co. Ltd.,Imperial Securities Company Pvt. Ltd.,10,747.9,7479.0,2025-08-28 11:40:17.522958
2025-08-28,66228,2025082801002836,EBL,Imperial Securities Company Pvt. Ltd.,Secured Securities Ltd.,46,747.0,34362.0,2025-08-28 11:40:28.501528
2025-08-28,66048,2025082801002892,EBL,Nabil Stock Dealer Ltd.,Sani Securities Company Ltd.,20,747.0,14940.0,2025-08-28 11:41:14.512311
2025-08-28,65972,2025082801002909,EBL,S.P.S.A. Securities Limited,Sani Securities Company Ltd.,30,746.5,22395.0,2025-08-28 11:41:33.626513
2025-08-28,65971,2025082801002910,EBL,Sani Securities Company Ltd.,Sani Securities Company Ltd.,10,746.5,7465.0,2025-08-28 11:41:33.626861
2025-08-28,65963,2025082801002912,EBL,Agrawal Securities (PVT) Ltd.,Sani Securities Company Ltd.,10,746.5,7465.0,2025-08-28 11:41:36.583001
2025-08-28,65947,2025082801002916,EBL,Opal Securities Investment (PVT) Ltd.,Sani Securities Company Ltd.,30,746.5,22395.0,2025-08-28 11:41:40.105513
2025-08-28,65946,2025082801002917,EBL,Opal Securities Investment (PVT) Ltd.,Imperial Securities Company Pvt. Ltd.,470,747.9,351513.0,2025-08-28 11:41:40.105551
2025-08-28,65734,2025082801002974,EBL,Imperial Securities Company Pvt. Ltd.,Imperial Securities Company Pvt. Ltd.,20,746.1,14922.0,2025-08-28 11:42:31.202049
2025-08-28,65660,2025082801002991,EBL,Imperial Securities Company Pvt. Ltd.,Online Securities Pvt. Ltd.,473,748.0,353804.0,2025-08-28 11:42:48.370651
2025-08-28,65659,2025082801002992,EBL,Imperial Securities Company Pvt. Ltd.,Deevyaa Securities & Stock House Pvt. Ltd,200,749.0,149800.0,2025-08-28 11:42:48.370994
2025-08-28,65658,2025082801002993,EBL,Imperial Securities Company Pvt. Ltd.,Secured Securities Ltd.,927,749.0,694323.0,2025-08-28 11:42:48.371232
2025-08-28,64831,2025082801003163,EBL,Naasa Securities Co. Ltd.,Secured Securities Ltd.,40,749.0,29960.0,2025-08-28 11:46:11.398857
2025-08-28,63477,2025082801003475,EBL,Kumari Securities Private Limited,Sewa Securities Pvt. Ltd.,10,748.0,7480.0,2025-08-28 11:51:37.505467
2025-08-28,63476,2025082801003476,EBL,Kumari Securities Private Limited,Secured Securities Ltd.,33,749.0,24717.0,2025-08-28 11:51:37.505856
2025-08-28,63475,2025082801003477,EBL,Kumari Securities Private Limited,Malla & Malla Stock Broking Company Pvt. Limited,57,749.0,42693.0,2025-08-28 11:51:37.506220
2025-08-28,62636,2025082801003656,EBL,J.F. Securites (PVT) Ltd.,Naasa Securities Co. Ltd.,1,740.0,740.0,2025-08-28 11:54:23.338809
2025-08-28,62127,2025082801003763,EBL,Magnet Securities and Investment Company Private Limited,Malla & Malla Stock Broking Company Pvt. Limited,443,749.0,331807.0,2025-08-28 11:56:25.248432
2025-08-28,62066,2025082801003773,EBL,Magnet Securities and Investment Company Private Limited,Naasa Securities Co. Ltd.,57,749.0,42693.0,2025-08-28 11:56:37.456921
2025-08-28,61659,2025082801003842,EBL,Online Securities Pvt. Ltd.,Naasa Securities Co. Ltd.,74,749.0,55426.0,2025-08-28 11:58:02.448562
2025-08-28,61525,2025082801003860,EBL,Siprabi Securities Pvt. Ltd.,Naasa Securities Co. Ltd.,25,749.0,18725.0,2025-08-28 11:58:26.581180
2025-08-28,60384,2025082801004112,EBL,Online Securities Pvt. Ltd.,Linch Stock Market Ltd.,100,750.0,75000.0,2025-08-28 12:02:45.383004
2025-08-28,60365,2025082801004116,EBL,J.F. Securites (PVT) Ltd.,Malla & Malla Stock Broking Company Pvt. Limited,14,750.0,10500.0,2025-08-28 12:02:50.409337
2025-08-28,60364,2025082801004117,EBL,J.F. Securites (PVT) Ltd.,ABC Securities Private Limited,31,750.0,23250.0,2025-08-28 12:02:50.409776
2025-08-28,59865,2025082801004206,EBL,Aryatara Investment & Securities,Dynamic Money Managers Securities Pvt. Ltd.,30,751.0,22530.0,2025-08-28 12:04:41.774448
2025-08-28,59726,2025082801004230,EBL,Thrive Brokerage House Pvt. Ltd,Dynamic Money Managers Securities Pvt. Ltd.,10,751.0,7510.0,2025-08-28 12:05:12.016314
2025-08-28,59430,2025082801004273,EBL,Trisul Securities & Invt. Ltd.,Dynamic Money Managers Securities Pvt. Ltd.,134,751.0,100634.0,2025-08-28 12:06:13.368313
2025-08-28,59314,2025082801004297,EBL,Opal Securities Investment (PVT) Ltd.,Dynamic Money Managers Securities Pvt. Ltd.,26,751.0,19526.0,2025-08-28 12:06:42.088255
2025-08-28,59313,2025082801004298,EBL,Opal Securities Investment (PVT) Ltd.,Vision Securities Pvt. Ltd,50,751.9,37595.0,2025-08-28 12:06:42.088358
2025-08-28,59312,2025082801004299,EBL,Opal Securities Investment (PVT) Ltd.,Neev Securities Pvt. Ltd.,30,751.9,22557.0,2025-08-28 12:06:42.088431
2025-08-28,59311,2025082801004300,EBL,Opal Securities Investment (PVT) Ltd.,Malla & Malla Stock Broking Company Pvt. Limited,394,752.0,296288.0,2025-08-28 12:06:42.088542
2025-08-28,59188,2025082801004314,EBL,Dynamic Money Managers Securities Pvt. Ltd.,Asian Securities Private Ltd.,1000,751.0,751000.0,2025-08-28 12:07:16.543681
2025-08-28,58882,2025082801004359,EBL,Dynamic Money Managers Securities Pvt. Ltd.,Asian Securities Private Ltd.,1000,750.1,750100.0,2025-08-28 12:08:17.175079
2025-08-28,58801,2025082801004390,EBL,Citizens Share Broker Limited,Malla & Malla Stock Broking Company Pvt. Limited,106,752.0,79712.0,2025-08-28 12:08:29.119459
2025-08-28,58800,2025082801004391,EBL,Citizens Share Broker Limited,Property Wiard Limited,50,752.0,37600.0,2025-08-28 12:08:29.119640
2025-08-28,58799,2025082801004392,EBL,Citizens Share Broker Limited,Asian Securities Private Ltd.,344,752.0,258688.0,2025-08-28 12:08:29.119705
2025-08-28,58307,2025082801004463,EBL,Dynamic Money Managers Securities Pvt. Ltd.,Indira securities pvt. ltd,450,750.1,337545.0,2025-08-28 12:09:33.623199
2025-08-28,58306,2025082801004464,EBL,Agrawal Securities (PVT) Ltd.,Indira securities pvt. ltd,200,750.0,150000.0,2025-08-28 12:09:33.623469
2025-08-28,57285,2025082801004661,EBL,Imperial Securities Company Pvt. Ltd.,Dynamic Money Managers Securities Pvt. Ltd.,34,748.2,25438.8,2025-08-28 12:12:13.663763
2025-08-28,56868,2025082801004800,EBL,Imperial Securities Company Pvt. Ltd.,Malla & Malla Stock Broking Company Pvt. Limited,500,748.2,374100.0,2025-08-28 12:13:27.325325
2025-08-28,56431,2025082801004882,EBL,Imperial Securities Company Pvt. Ltd.,Sundhara Securities Limited,200,748.2,149640.0,2025-08-28 12:15:26.325006
2025-08-28,56305,2025082801004903,EBL,Imperial Securities Company Pvt. Ltd.,Imperial Securities Company Pvt. Ltd.,266,748.2,199021.2,2025-08-28 12:16:00.137749
2025-08-28,56304,2025082801004904,EBL,Imperial Securities Company Pvt. Ltd.,Imperial Securities Company Pvt. Ltd.,334,748.2,249898.8,2025-08-28 12:16:00.137978
2025-08-28,55709,2025082801005068,EBL,Sharepro Securities Private Limited,Sumeru Securities Pvt. Ltd.,37,749.0,27713.0,2025-08-28 12:18:49.892881
2025-08-28,55588,2025082801005094,EBL,Kumari Securities Private Limited,Dynamic Money Managers Securities Pvt. Ltd.,50,749.6,37480.0,2025-08-28 12:19:30.868482
2025-08-28,54694,2025082801005331,EBL,Magnet Securities and Investment Company Private Limited,Dynamic Money Managers Securities Pvt. Ltd.,100,749.6,74960.0,2025-08-28 12:23:18.954388
2025-08-28,54693,2025082801005332,EBL,Magnet Securities and Investment Company Private Limited,Nepal Stock House (PVT) Ltd.,400,749.6,299840.0,2025-08-28 12:23:18.954643
2025-08-28,54692,2025082801005333,EBL,Magnet Securities and Investment Company Private Limited,Indira securities pvt. ltd,355,750.0,266250.0,2025-08-28 12:23:18.954756
2025-08-28,54691,2025082801005334,EBL,Magnet Securities and Investment Company Private Limited,Agrawal Securities (PVT) Ltd.,145,750.0,108750.0,2025-08-28 12:23:18.954851
2025-08-28,54628,2025082801005346,EBL,Sharepro Securities Private Limited,Imperial Securities Company Pvt. Ltd.,13,749.0,9737.0,2025-08-28 12:23:36.522085
2025-08-28,54627,2025082801005347,EBL,Magnet Securities and Investment Company Private Limited,Imperial Securities Company Pvt. Ltd.,139,748.3,104013.7,2025-08-28 12:23:36.522153
2025-08-28,54438,2025082801005390,EBL,Magnet Securities and Investment Company Private Limited,Naasa Securities Co. Ltd.,280,748.3,209524.0,2025-08-28 12:24:18.812853
2025-08-28,54406,2025082801005399,EBL,Magnet Securities and Investment Company Private Limited,Agrawal Securities (PVT) Ltd.,81,748.3,60612.3,2025-08-28 12:24:26.221160
2025-08-28,54405,2025082801005400,EBL,Imperial Securities Company Pvt. Ltd.,Agrawal Securities (PVT) Ltd.,66,748.2,49381.2,2025-08-28 12:24:26.221207
2025-08-28,54404,2025082801005401,EBL,Imperial Securities Company Pvt. Ltd.,Agrawal Securities (PVT) Ltd.,400,748.2,299280.0,2025-08-28 12:24:26.221233
2025-08-28,54403,2025082801005402,EBL,Sani Securities Company Ltd.,Agrawal Securities (PVT) Ltd.,30,748.1,22443.0,2025-08-28 12:24:26.221260
2025-08-28,54402,2025082801005403,EBL,Naasa Securities Co. Ltd.,Agrawal Securities (PVT) Ltd.,100,748.0,74800.0,2025-08-28 12:24:26.221295
2025-08-28,54401,2025082801005404,EBL,Kalika Securities Pvt. Ltd.,Agrawal Securities (PVT) Ltd.,10,748.0,7480.0,2025-08-28 12:24:26.221321
2025-08-28,54400,2025082801005405,EBL,Siprabi Securities Pvt. Ltd.,Agrawal Securities (PVT) Ltd.,50,748.0,37400.0,2025-08-28 12:24:26.221344
2025-08-28,54399,2025082801005406,EBL,Sweta Securities Private Limited,Agrawal Securities (PVT) Ltd.,15,747.0,11205.0,2025-08-28 12:24:26.221368
2025-08-28,54398,2025082801005407,EBL,Magnet Securities and Investment Company Private Limited,Agrawal Securities (PVT) Ltd.,1000,747.0,747000.0,2025-08-28 12:24:26.221392
2025-08-28,54397,2025082801005408,EBL,Cristal Kanchanjanga Securites Pvt. Ltd.,Agrawal Securities (PVT) Ltd.,248,746.4,185107.2,2025-08-28 12:24:26.221416
2025-08-28,54357,2025082801005415,EBL,Agrawal Securities (PVT) Ltd.,Secured Securities Ltd.,10,751.0,7510.0,2025-08-28 12:24:37.286933
2025-08-28,54065,2025082801005487,EBL,Naasa Securities Co. Ltd.,Imperial Securities Company Pvt. Ltd.,46,749.0,34454.0,2025-08-28 12:26:07.178044
2025-08-28,52561,2025082801005822,EBL,Online Securities Pvt. Ltd.,Imperial Securities Company Pvt. Ltd.,174,749.0,130326.0,2025-08-28 12:31:04.360164
2025-08-28,51334,2025082801006078,EBL,Naasa Securities Co. Ltd.,Kohinoor Investment & Securities Pvt. Ltd.,10,749.0,7490.0,2025-08-28 12:33:32.695358
2025-08-28,51333,2025082801006079,EBL,Sumeru Securities Pvt. Ltd.,Kohinoor Investment & Securities Pvt. Ltd.,100,747.0,74700.0,2025-08-28 12:33:32.695812
2025-08-28,51332,2025082801006080,EBL,Magnet Securities and Investment Company Private Limited,Kohinoor Investment & Securities Pvt. Ltd.,500,746.5,373250.0,2025-08-28 12:33:32.696131
2025-08-28,51331,2025082801006081,EBL,Naasa Securities Co. Ltd.,Kohinoor Investment & Securities Pvt. Ltd.,390,746.5,291135.0,2025-08-28 12:33:32.696543
2025-08-28,51047,2025082801006132,EBL,Naasa Securities Co. Ltd.,Kohinoor Investment & Securities Pvt. Ltd.,110,746.5,82115.0,2025-08-28 12:34:05.954682
2025-08-28,51046,2025082801006133,EBL,Trishakti Securities Public Limited,Kohinoor Investment & Securities Pvt. Ltd.,30,746.5,22395.0,2025-08-28 12:34:05.955145
2025-08-28,51045,2025082801006134,EBL,Cristal Kanchanjanga Securites Pvt. Ltd.,Kohinoor Investment & Securities Pvt. Ltd.,252,746.4,188092.8,2025-08-28 12:34:05.955447
2025-08-28,51044,2025082801006135,EBL,Roadshow securities limited,Kohinoor Investment & Securities Pvt. Ltd.,1000,746.3,746300.0,2025-08-28 12:34:05.955728
2025-08-28,51043,2025082801006136,EBL,Imperial Securities Company Pvt. Ltd.,Kohinoor Investment & Securities Pvt. Ltd.,108,746.2,80589.6,2025-08-28 12:34:05.956062
2025-08-28,48743,2025082801006507,EBL,Imperial Securities Company Pvt. Ltd.,Oxford Securities Pvt. Ltd.,500,746.2,373100.0,2025-08-28 12:39:23.444584
2025-08-28,47569,2025082801006756,EBL,Imperial Securities Company Pvt. Ltd.,Naasa Securities Co. Ltd.,100,746.2,74620.0,2025-08-28 12:42:31.971617
2025-08-28,47503,2025082801006770,EBL,Opal Securities Investment (PVT) Ltd.,Agrawal Securities (PVT) Ltd.,150,749.1,112365.0,2025-08-28 12:42:46.242156
2025-08-28,47502,2025082801006771,EBL,Opal Securities Investment (PVT) Ltd.,Agrawal Securities (PVT) Ltd.,200,749.5,149900.0,2025-08-28 12:42:46.242214
2025-08-28,47501,2025082801006772,EBL,Opal Securities Investment (PVT) Ltd.,Online Securities Pvt. Ltd.,110,749.9,82489.0,2025-08-28 12:42:46.242241
2025-08-28,47500,2025082801006773,EBL,Opal Securities Investment (PVT) Ltd.,Linch Stock Market Ltd.,40,749.9,29996.0,2025-08-28 12:42:46.242278
2025-08-28,47133,2025082801006844,EBL,Opal Securities Investment (PVT) Ltd.,Asian Securities Private Ltd.,94,749.5,70453.0,2025-08-28 12:43:56.569280
2025-08-28,47132,2025082801006845,EBL,Opal Securities Investment (PVT) Ltd.,Linch Stock Market Ltd.,112,749.9,83988.8,2025-08-28 12:43:56.569373
2025-08-28,47131,2025082801006846,EBL,Opal Securities Investment (PVT) Ltd.,Agrawal Securities (PVT) Ltd.,150,749.9,112485.0,2025-08-28 12:43:56.569402
2025-08-28,47130,2025082801006847,EBL,Opal Securities Investment (PVT) Ltd.,Shree Krishna Securities Ltd.,144,750.0,108000.0,2025-08-28 12:43:56.569428
2025-08-28,46301,2025082801007049,EBL,Imperial Securities Company Pvt. Ltd.,Shree Krishna Securities Ltd.,1856,750.0,1392000.0,2025-08-28 12:47:18.326093
2025-08-28,46300,2025082801007050,EBL,Imperial Securities Company Pvt. Ltd.,Sumeru Securities Pvt. Ltd.,500,750.0,375000.0,2025-08-28 12:47:18.326567
2025-08-28,46299,2025082801007051,EBL,Imperial Securities Company Pvt. Ltd.,Creative Securities Pvt Ltd,50,750.0,37500.0,2025-08-28 12:47:18.326877
2025-08-28,46298,2025082801007052,EBL,Imperial Securities Company Pvt. Ltd.,Sani Securities Company Ltd.,550,750.0,412500.0,2025-08-28 12:47:18.327207
2025-08-28,44900,2025082801007382,EBL,J.F. Securites (PVT) Ltd.,Vision Securities Pvt. Ltd,1,740.0,740.0,2025-08-28 12:53:22.317186
2025-08-28,44823,2025082801007399,EBL,ABC Securities Private Limited,Ashutosh Brokerage & Securities (PVT) Ltd.,17,747.5,12707.5,2025-08-28 12:53:47.630943
2025-08-28,44656,2025082801007424,EBL,Kohinoor Investment & Securities Pvt. Ltd.,Deevyaa Securities & Stock House Pvt. Ltd,10,750.0,7500.0,2025-08-28 12:54:29.436988
2025-08-28,44362,2025082801007472,EBL,ABC Securities Private Limited,Ashutosh Brokerage & Securities (PVT) Ltd.,27,747.5,20182.5,2025-08-28 12:55:44.178806
2025-08-28,44051,2025082801007512,EBL,Online Securities Pvt. Ltd.,Deevyaa Securities & Stock House Pvt. Ltd,10,750.0,7500.0,2025-08-28 12:56:41.563065
2025-08-28,41704,2025082801007941,EBL,Magnet Securities and Investment Company Private Limited,Dynamic Money Managers Securities Pvt. Ltd.,500,747.2,373600.0,2025-08-28 13:04:48.096499
2025-08-28,41703,2025082801007942,EBL,Imperial Securities Company Pvt. Ltd.,Dynamic Money Managers Securities Pvt. Ltd.,1480,747.1,1105708.0,2025-08-28 13:04:48.096833
2025-08-28,41688,2025082801007943,EBL,Opal Securities Investment (PVT) Ltd.,Online Securities Pvt. Ltd.,161,749.9,120733.9,2025-08-28 13:04:51.293464
2025-08-28,41687,2025082801007944,EBL,Opal Securities Investment (PVT) Ltd.,Bhrikuti Stock Broking Co. Pvt. Ltd.,10,749.9,7499.0,2025-08-28 13:04:51.293524
2025-08-28,41686,2025082801007945,EBL,Opal Securities Investment (PVT) Ltd.,Deevyaa Securities & Stock House Pvt. Ltd,80,750.0,60000.0,2025-08-28 13:04:51.293549
2025-08-28,41685,2025082801007946,EBL,Opal Securities Investment (PVT) Ltd.,ABC Securities Private Limited,249,750.0,186750.0,2025-08-28 13:04:51.293576
2025-08-28,40749,2025082801008112,EBL,Deevyaa Securities & Stock House Pvt. Ltd,Malla & Malla Stock Broking Company Pvt. Limited,10,749.9,7499.0,2025-08-28 13:09:19.840744
2025-08-28,40325,2025082801008222,EBL,Pragyan Securities (PVT) Ltd.,Malla & Malla Stock Broking Company Pvt. Limited,41,749.9,30745.9,2025-08-28 13:11:32.807292
2025-08-28,40324,2025082801008223,EBL,Pragyan Securities (PVT) Ltd.,Nepal Stock House (PVT) Ltd.,59,749.9,44244.1,2025-08-28 13:11:32.807581
2025-08-28,40017,2025082801008283,EBL,Imperial Securities Company Pvt. Ltd.,Asian Securities Private Ltd.,330,747.1,246543.0,2025-08-28 13:13:03.478831
2025-08-28,39956,2025082801008295,EBL,Imperial Securities Company Pvt. Ltd.,Vision Securities Pvt. Ltd,50,747.1,37355.0,2025-08-28 13:13:25.646161
2025-08-28,39349,2025082801008451,EBL,Sewa Securities Pvt. Ltd.,Siprabi Securities Pvt. Ltd.,10,747.2,7472.0,2025-08-28 13:16:39.868232
2025-08-28,39121,2025082801008497,EBL,Sewa Securities Pvt. Ltd.,Sundhara Securities Limited,60,747.2,44832.0,2025-08-28 13:17:49.094772
2025-08-28,38809,2025082801008568,EBL,Sewa Securities Pvt. Ltd.,Sundhara Securities Limited,38,747.2,28393.6,2025-08-28 13:19:09.461517
2025-08-28,38721,2025082801008587,EBL,Siprabi Securities Pvt. Ltd.,Primo Securities (PVT) Ltd.,13,749.8,9747.4,2025-08-28 13:19:40.182559
2025-08-28,38720,2025082801008588,EBL,Imperial Securities Company Pvt. Ltd.,Sundhara Securities Limited,62,747.1,46320.2,2025-08-28 13:19:40.596482
2025-08-28,38660,2025082801008598,EBL,Imperial Securities Company Pvt. Ltd.,Naasa Securities Co. Ltd.,78,747.1,58273.8,2025-08-28 13:20:01.763541
2025-08-28,38659,2025082801008599,EBL,Imperial Securities Company Pvt. Ltd.,Naasa Securities Co. Ltd.,66,747.1,49308.6,2025-08-28 13:20:01.764098
2025-08-28,38617,2025082801008607,EBL,Citizens Share Broker Limited,Nepal Stock House (PVT) Ltd.,10,749.9,7499.0,2025-08-28 13:20:15.484859
2025-08-28,36177,2025082801009051,EBL,Trishakti Securities Public Limited,Shree Krishna Securities Ltd.,100,749.7,74970.0,2025-08-28 13:32:22.133515
2025-08-28,35570,2025082801009210,EBL,Primo Securities (PVT) Ltd.,Creative Securities Pvt Ltd,500,748.0,374000.0,2025-08-28 13:35:34.822910
2025-08-28,35412,2025082801009246,EBL,Sani Securities Company Ltd.,Premier Securities Company Ltd.,83,748.1,62092.3,2025-08-28 13:36:13.257335
2025-08-28,35359,2025082801009257,EBL,Sani Securities Company Ltd.,Asian Securities Private Ltd.,167,748.1,124932.7,2025-08-28 13:36:31.026550
2025-08-28,35358,2025082801009258,EBL,Primo Securities (PVT) Ltd.,Asian Securities Private Ltd.,100,748.0,74800.0,2025-08-28 13:36:31.026865
2025-08-28,35357,2025082801009259,EBL,Primo Securities (PVT) Ltd.,Asian Securities Private Ltd.,400,748.0,299200.0,2025-08-28 13:36:31.026987
2025-08-28,35356,2025082801009260,EBL,Imperial Securities Company Pvt. Ltd.,Asian Securities Private Ltd.,333,747.1,248784.3,2025-08-28 13:36:31.027112
2025-08-28,35294,2025082801009276,EBL,Imperial Securities Company Pvt. Ltd.,J.F. Securites (PVT) Ltd.,50,747.1,37355.0,2025-08-28 13:36:51.871053
2025-08-28,35154,2025082801009304,EBL,Imperial Securities Company Pvt. Ltd.,J.F. Securites (PVT) Ltd.,25,747.1,18677.5,2025-08-28 13:37:29.064375
2025-08-28,34758,2025082801009379,EBL,Imperial Securities Company Pvt. Ltd.,ABC Securities Private Limited,100,747.1,74710.0,2025-08-28 13:39:25.377376
2025-08-28,34753,2025082801009380,EBL,Imperial Securities Company Pvt. Ltd.,J.F. Securites (PVT) Ltd.,16,747.1,11953.6,2025-08-28 13:39:27.607349
2025-08-28,34600,2025082801009411,EBL,Imperial Securities Company Pvt. Ltd.,Trishakti Securities Public Limited,410,747.1,306311.0,2025-08-28 13:39:56.730620
2025-08-28,34497,2025082801009447,EBL,Imperial Securities Company Pvt. Ltd.,Trishakti Securities Public Limited,116,747.0,86652.0,2025-08-28 13:40:20.861738
2025-08-28,34325,2025082801009494,EBL,Sani Securities Company Ltd.,Malla & Malla Stock Broking Company Pvt. Limited,50,747.1,37355.0,2025-08-28 13:41:07.793257
2025-08-28,34324,2025082801009495,EBL,Imperial Securities Company Pvt. Ltd.,Malla & Malla Stock Broking Company Pvt. Limited,176,747.0,131472.0,2025-08-28 13:41:07.793792
2025-08-28,34323,2025082801009496,EBL,Sumeru Securities Pvt. Ltd.,Malla & Malla Stock Broking Company Pvt. Limited,30,747.0,22410.0,2025-08-28 13:41:07.794181
2025-08-28,34322,2025082801009497,EBL,Thrive Brokerage House Pvt. Ltd,Malla & Malla Stock Broking Company Pvt. Limited,44,747.0,32868.0,2025-08-28 13:41:07.794524
2025-08-28,34280,2025082801009505,EBL,Thrive Brokerage House Pvt. Ltd,Malla & Malla Stock Broking Company Pvt. Limited,400,747.0,298800.0,2025-08-28 13:41:17.824811
2025-08-28,34051,2025082801009543,EBL,Thrive Brokerage House Pvt. Ltd,Malla & Malla Stock Broking Company Pvt. Limited,56,747.0,41832.0,2025-08-28 13:42:35.098294
2025-08-28,34050,2025082801009544,EBL,Magnet Securities and Investment Company Private Limited,Malla & Malla Stock Broking Company Pvt. Limited,115,746.3,85824.5,2025-08-28 13:42:35.098572
2025-08-28,33226,2025082801009759,EBL,Imperial Securities Company Pvt. Ltd.,Ashutosh Brokerage & Securities (PVT) Ltd.,500,746.5,373250.0,2025-08-28 13:45:09.191899
2025-08-28,33207,2025082801009764,EBL,Imperial Securities Company Pvt. Ltd.,Ashutosh Brokerage & Securities (PVT) Ltd.,480,746.5,358320.0,2025-08-28 13:45:13.207720
2025-08-28,33206,2025082801009765,EBL,Magnet Securities and Investment Company Private Limited,Ashutosh Brokerage & Securities (PVT) Ltd.,20,746.3,14926.0,2025-08-28 13:45:13.208076
2025-08-28,33102,2025082801009790,EBL,Magnet Securities and Investment Company Private Limited,N.I.M.B. Stock Markets Limited,365,746.3,272399.5,2025-08-28 13:45:31.722597
2025-08-28,33101,2025082801009791,EBL,Naasa Securities Co. Ltd.,N.I.M.B. Stock Markets Limited,10,746.2,7462.0,2025-08-28 13:45:31.723163
2025-08-28,33100,2025082801009792,EBL,Primo Securities (PVT) Ltd.,N.I.M.B. Stock Markets Limited,20,746.2,14924.0,2025-08-28 13:45:31.723531
2025-08-28,33099,2025082801009793,EBL,Asian Securities Private Ltd.,N.I.M.B. Stock Markets Limited,300,746.1,223830.0,2025-08-28 13:45:31.723877
2025-08-28,33098,2025082801009794,EBL,Sani Securities Company Ltd.,N.I.M.B. Stock Markets Limited,10,746.1,7461.0,2025-08-28 13:45:31.724233
2025-08-28,33097,2025082801009795,EBL,Sani Securities Company Ltd.,N.I.M.B. Stock Markets Limited,10,746.1,7461.0,2025-08-28 13:45:31.724577
2025-08-28,32794,2025082801009846,EBL,South Asian Bulls Pvt. Ltd.,N.I.M.B. Stock Markets Limited,20,746.1,14922.0,2025-08-28 13:46:22.753599
2025-08-28,32770,2025082801009849,EBL,Sani Securities Company Ltd.,South Asian Bulls Pvt. Ltd.,20,746.0,14920.0,2025-08-28 13:46:26.772872
2025-08-28,32769,2025082801009850,EBL,Naasa Securities Co. Ltd.,South Asian Bulls Pvt. Ltd.,10,746.0,7460.0,2025-08-28 13:46:26.773407
2025-08-28,32768,2025082801009851,EBL,Online Securities Pvt. Ltd.,South Asian Bulls Pvt. Ltd.,177,746.0,132042.0,2025-08-28 13:46:26.773774
2025-08-28,31689,2025082801010020,EBL,Online Securities Pvt. Ltd.,Primo Securities (PVT) Ltd.,200,746.0,149200.0,2025-08-28 13:49:18.555920
2025-08-28,31601,2025082801010041,EBL,Online Securities Pvt. Ltd.,Oxford Securities Pvt. Ltd.,23,746.0,17158.0,2025-08-28 13:49:34.067079
2025-08-28,31600,2025082801010042,EBL,Sundhara Securities Limited,Oxford Securities Pvt. Ltd.,38,746.0,28348.0,2025-08-28 13:49:34.067612
2025-08-28,31599,2025082801010043,EBL,Bhrikuti Stock Broking Co. Pvt. Ltd.,Oxford Securities Pvt. Ltd.,439,745.1,327098.9,2025-08-28 13:49:34.067965
2025-08-28,31451,2025082801010065,EBL,Bhrikuti Stock Broking Co. Pvt. Ltd.,N.I.M.B. Stock Markets Limited,561,745.1,418001.1,2025-08-28 13:49:58.060691
2025-08-28,31450,2025082801010066,EBL,Dipshikha Dhitopatra Karobar Co. Pvt Ltd.,N.I.M.B. Stock Markets Limited,100,745.0,74500.0,2025-08-28 13:49:58.060968
2025-08-28,31449,2025082801010067,EBL,Kalika Securities Pvt. Ltd.,N.I.M.B. Stock Markets Limited,253,745.0,188485.0,2025-08-28 13:49:58.061091
2025-08-28,31387,2025082801010078,EBL,Kalika Securities Pvt. Ltd.,Asian Securities Private Ltd.,57,745.0,42465.0,2025-08-28 13:50:06.570673
2025-08-28,31386,2025082801010079,EBL,J.F. Securites (PVT) Ltd.,Asian Securities Private Ltd.,63,745.0,46935.0,2025-08-28 13:50:06.571205
2025-08-28,31355,2025082801010084,EBL,J.F. Securites (PVT) Ltd.,Oxford Securities Pvt. Ltd.,37,745.0,27565.0,2025-08-28 13:50:12.266455
2025-08-28,31354,2025082801010085,EBL,Sweta Securities Private Limited,Oxford Securities Pvt. Ltd.,13,745.0,9685.0,2025-08-28 13:50:12.266750
2025-08-28,30950,2025082801010164,EBL,Imperial Securities Company Pvt. Ltd.,Dipshikha Dhitopatra Karobar Co. Pvt Ltd.,11,745.1,8196.1,2025-08-28 13:51:26.269547
2025-08-28,29739,2025082801010412,EBL,Imperial Securities Company Pvt. Ltd.,Aryatara Investment & Securities,250,745.1,186275.0,2025-08-28 13:55:25.045986
2025-08-28,29129,2025082801010577,EBL,Imperial Securities Company Pvt. Ltd.,Sani Securities Company Ltd.,26,745.1,19372.6,2025-08-28 13:57:17.644295
2025-08-28,28454,2025082801010776,EBL,Roadshow securities limited,Thrive Brokerage House Pvt. Ltd,500,745.2,372600.0,2025-08-28 13:59:34.380881
2025-08-28,28028,2025082801010848,EBL,Roadshow securities limited,Oxford Securities Pvt. Ltd.,100,745.2,74520.0,2025-08-28 14:00:52.230669
2025-08-28,27424,2025082801010943,EBL,Naasa Securities Co. Ltd.,Naasa Securities Co. Ltd.,1,745.0,745.0,2025-08-28 14:02:35.959721
2025-08-28,27230,2025082801010973,EBL,Roadshow securities limited,Midas Stock Broking Company Private Limited,100,745.2,74520.0,2025-08-28 14:03:11.684176
2025-08-28,27156,2025082801010981,EBL,Roadshow securities limited,ABC Securities Private Limited,50,745.2,37260.0,2025-08-28 14:03:28.153588
2025-08-28,26652,2025082801011090,EBL,Roadshow securities limited,Sharepro Securities Private Limited,250,745.2,186300.0,2025-08-28 14:05:18.720069
2025-08-28,26651,2025082801011091,EBL,Thrive Brokerage House Pvt. Ltd,Sharepro Securities Private Limited,150,745.2,111780.0,2025-08-28 14:05:18.720591
2025-08-28,26430,2025082801011131,EBL,Thrive Brokerage House Pvt. Ltd,Sweta Securities Private Limited,50,745.2,37260.0,2025-08-28 14:06:10.552902
2025-08-28,26429,2025082801011132,EBL,Imperial Securities Company Pvt. Ltd.,Sweta Securities Private Limited,50,745.1,37255.0,2025-08-28 14:06:10.553197
2025-08-28,26173,2025082801011169,EBL,Linch Stock Market Ltd.,Trishakti Securities Public Limited,50,747.0,37350.0,2025-08-28 14:06:53.153086
2025-08-28,26172,2025082801011170,EBL,Linch Stock Market Ltd.,Asian Securities Private Ltd.,20,747.0,14940.0,2025-08-28 14:06:53.153394
2025-08-28,26039,2025082801011193,EBL,Imperial Securities Company Pvt. Ltd.,Asian Securities Private Ltd.,180,747.0,134460.0,2025-08-28 14:07:19.708041
2025-08-28,26038,2025082801011194,EBL,Imperial Securities Company Pvt. Ltd.,Trisul Securities & Invt. Ltd.,100,747.0,74700.0,2025-08-28 14:07:19.708374
2025-08-28,26037,2025082801011195,EBL,Imperial Securities Company Pvt. Ltd.,Sani Securities Company Ltd.,50,747.0,37350.0,2025-08-28 14:07:19.708508
2025-08-28,24476,2025082801011573,EBL,Nepal Investment And Securities Trading Private Limited,Dakshinkali Investment & Securities Pvt. Ltd.,30,746.0,22380.0,2025-08-28 14:13:18.009360
2025-08-28,24475,2025082801011574,EBL,Imperial Securities Company Pvt. Ltd.,Dakshinkali Investment & Securities Pvt. Ltd.,200,745.2,149040.0,2025-08-28 14:13:18.009882
2025-08-28,24474,2025082801011575,EBL,Roadshow securities limited,Dakshinkali Investment & Securities Pvt. Ltd.,150,745.2,111780.0,2025-08-28 14:13:18.010256
2025-08-28,24473,2025082801011576,EBL,Oxford Securities Pvt. Ltd.,Dakshinkali Investment & Securities Pvt. Ltd.,320,745.2,238464.0,2025-08-28 14:13:18.010622
2025-08-28,24099,2025082801011665,EBL,Imperial Securities Company Pvt. Ltd.,ABC Securities Private Limited,50,748.0,37400.0,2025-08-28 14:14:41.603733
2025-08-28,24098,2025082801011666,EBL,Imperial Securities Company Pvt. Ltd.,Bhrikuti Stock Broking Co. Pvt. Ltd.,300,748.0,224400.0,2025-08-28 14:14:41.604311
2025-08-28,24097,2025082801011667,EBL,Imperial Securities Company Pvt. Ltd.,Sharepro Securities Private Limited,1000,748.0,748000.0,2025-08-28 14:14:41.604701
2025-08-28,24009,2025082801011694,EBL,Imperial Securities Company Pvt. Ltd.,Opal Securities Investment (PVT) Ltd.,24,748.9,17973.6,2025-08-28 14:14:59.864798
2025-08-28,24008,2025082801011695,EBL,Imperial Securities Company Pvt. Ltd.,Midas Stock Broking Company Private Limited,1000,749.0,749000.0,2025-08-28 14:14:59.865369
2025-08-28,24007,2025082801011696,EBL,Imperial Securities Company Pvt. Ltd.,Sani Securities Company Ltd.,100,749.0,74900.0,2025-08-28 14:14:59.865729
2025-08-28,24006,2025082801011697,EBL,Imperial Securities Company Pvt. Ltd.,Linch Stock Market Ltd.,500,749.0,374500.0,2025-08-28 14:14:59.866097
2025-08-28,24005,2025082801011698,EBL,Imperial Securities Company Pvt. Ltd.,Linch Stock Market Ltd.,500,749.0,374500.0,2025-08-28 14:14:59.866441
2025-08-28,22989,2025082801011913,EBL,Oxford Securities Pvt. Ltd.,Kohinoor Investment & Securities Pvt. Ltd.,2680,748.6,2006248.0,2025-08-28 14:18:23.376789
2025-08-28,22653,2025082801011985,EBL,Imperial Securities Company Pvt. Ltd.,Dakshinkali Investment & Securities Pvt. Ltd.,10,746.2,7462.0,2025-08-28 14:19:35.063239
2025-08-28,22568,2025082801012000,EBL,Sewa Securities Pvt. Ltd.,Dakshinkali Investment & Securities Pvt. Ltd.,10,746.5,7465.0,2025-08-28 14:19:57.225386
2025-08-28,22110,2025082801012069,EBL,Imperial Securities Company Pvt. Ltd.,Opal Securities Investment (PVT) Ltd.,500,746.2,373100.0,2025-08-28 14:21:22.671778
2025-08-28,21588,2025082801012156,EBL,Midas Stock Broking Company Private Limited,Kumari Securities Private Limited,24,748.4,17961.6,2025-08-28 14:22:39.915164
2025-08-28,20712,2025082801012292,EBL,Nepal Stock House (PVT) Ltd.,Naasa Securities Co. Ltd.,20,748.0,14960.0,2025-08-28 14:24:45.905753
2025-08-28,20012,2025082801012385,EBL,N.M.B. SECURITIES LIMITED,Sri Hari Securities Pvt. Ltd.,100,747.0,74700.0,2025-08-28 14:26:31.332014
2025-08-28,19598,2025082801012430,EBL,Sumeru Securities Pvt. Ltd.,Nepal Investment And Securities Trading Private Limited,100,747.0,74700.0,2025-08-28 14:27:29.579690
2025-08-28,19597,2025082801012431,EBL,N.M.B. SECURITIES LIMITED,Nepal Investment And Securities Trading Private Limited,100,746.5,74650.0,2025-08-28 14:27:29.580006
2025-08-28,19596,2025082801012432,EBL,Oxford Securities Pvt. Ltd.,Nepal Investment And Securities Trading Private Limited,300,746.5,223950.0,2025-08-28 14:27:29.580165
2025-08-28,18966,2025082801012503,EBL,Miyo Securities Pvt Ltd,Nepal Stock House (PVT) Ltd.,133,746.6,99297.8,2025-08-28 14:28:45.711937
2025-08-28,18965,2025082801012504,EBL,J.F. Securites (PVT) Ltd.,Nepal Stock House (PVT) Ltd.,10,746.6,7466.0,2025-08-28 14:28:45.712253
2025-08-28,18964,2025082801012505,EBL,Miyo Securities Pvt Ltd,Nepal Stock House (PVT) Ltd.,210,746.6,156786.0,2025-08-28 14:28:45.712389
2025-08-28,18963,2025082801012506,EBL,Oxford Securities Pvt. Ltd.,Nepal Stock House (PVT) Ltd.,197,746.6,147080.2,2025-08-28 14:28:45.712512
2025-08-28,18727,2025082801012546,EBL,Imperial Securities Company Pvt. Ltd.,Magnet Securities and Investment Company Private Limited,220,748.0,164560.0,2025-08-28 14:29:31.497724
2025-08-28,18726,2025082801012547,EBL,Imperial Securities Company Pvt. Ltd.,Trishakti Securities Public Limited,764,748.0,571472.0,2025-08-28 14:29:31.498040
2025-08-28,18725,2025082801012548,EBL,Imperial Securities Company Pvt. Ltd.,Vision Securities Pvt. Ltd,270,748.5,202095.0,2025-08-28 14:29:31.498178
2025-08-28,18724,2025082801012549,EBL,Imperial Securities Company Pvt. Ltd.,Bhrikuti Stock Broking Co. Pvt. Ltd.,10,749.5,7495.0,2025-08-28 14:29:31.498303
2025-08-28,18723,2025082801012550,EBL,Imperial Securities Company Pvt. Ltd.,Primo Securities (PVT) Ltd.,150,749.7,112455.0,2025-08-28 14:29:31.498429
2025-08-28,18722,2025082801012551,EBL,Imperial Securities Company Pvt. Ltd.,Primo Securities (PVT) Ltd.,50,749.8,37490.0,2025-08-28 14:29:31.498557
2025-08-28,18721,2025082801012552,EBL,Imperial Securities Company Pvt. Ltd.,Asian Securities Private Ltd.,536,749.8,401892.8,2025-08-28 14:29:31.498688
2025-08-28,18606,2025082801012573,EBL,Imperial Securities Company Pvt. Ltd.,Asian Securities Private Ltd.,464,749.8,347907.2,2025-08-28 14:29:55.768651
2025-08-28,18605,2025082801012574,EBL,Imperial Securities Company Pvt. Ltd.,Nepal Stock House (PVT) Ltd.,131,749.9,98236.9,2025-08-28 14:29:55.769256
2025-08-28,18604,2025082801012575,EBL,Imperial Securities Company Pvt. Ltd.,Asian Securities Private Ltd.,1000,749.9,749900.0,2025-08-28 14:29:55.769625
2025-08-28,18603,2025082801012576,EBL,Imperial Securities Company Pvt. Ltd.,ABC Securities Private Limited,251,750.0,188250.0,2025-08-28 14:29:55.769990
2025-08-28,18602,2025082801012577,EBL,Imperial Securities Company Pvt. Ltd.,Agrawal Securities (PVT) Ltd.,50,750.0,37500.0,2025-08-28 14:29:55.770365
2025-08-28,18601,2025082801012578,EBL,Imperial Securities Company Pvt. Ltd.,Agrawal Securities (PVT) Ltd.,150,750.0,112500.0,2025-08-28 14:29:55.770725
2025-08-28,18600,2025082801012579,EBL,Imperial Securities Company Pvt. Ltd.,Agrawal Securities (PVT) Ltd.,100,750.0,75000.0,2025-08-28 14:29:55.771091
2025-08-28,18599,2025082801012580,EBL,Imperial Securities Company Pvt. Ltd.,Deevyaa Securities & Stock House Pvt. Ltd,100,750.0,75000.0,2025-08-28 14:29:55.771436
2025-08-28,18598,2025082801012581,EBL,Imperial Securities Company Pvt. Ltd.,Ashutosh Brokerage & Securities (PVT) Ltd.,55,750.0,41250.0,2025-08-28 14:29:55.771782
2025-08-28,18597,2025082801012582,EBL,Imperial Securities Company Pvt. Ltd.,Machhapuchchhre Securities Limited,160,750.0,120000.0,2025-08-28 14:29:55.772142
2025-08-28,18596,2025082801012583,EBL,Imperial Securities Company Pvt. Ltd.,ABC Securities Private Limited,220,750.0,165000.0,2025-08-28 14:29:55.772495
2025-08-28,18595,2025082801012584,EBL,Imperial Securities Company Pvt. Ltd.,Sani Securities Company Ltd.,74,750.0,55500.0,2025-08-28 14:29:55.772834
2025-08-28,18594,2025082801012585,EBL,Imperial Securities Company Pvt. Ltd.,Dipshikha Dhitopatra Karobar Co. Pvt Ltd.,100,750.0,75000.0,2025-08-28 14:29:55.773230
2025-08-28,18593,2025082801012586,EBL,Imperial Securities Company Pvt. Ltd.,Naasa Securities Co. Ltd.,160,750.0,120000.0,2025-08-28 14:29:55.773580
2025-08-28,18592,2025082801012587,EBL,Imperial Securities Company Pvt. Ltd.,Asian Securities Private Ltd.,1524,750.0,1143000.0,2025-08-28 14:29:55.773930
2025-08-28,18591,2025082801012588,EBL,Imperial Securities Company Pvt. Ltd.,Miyo Securities Pvt Ltd,32,750.0,24000.0,2025-08-28 14:29:55.774288
2025-08-28,18590,2025082801012589,EBL,Imperial Securities Company Pvt. Ltd.,Sumeru Securities Pvt. Ltd.,60,750.0,45000.0,2025-08-28 14:29:55.774637
2025-08-28,18589,2025082801012590,EBL,Imperial Securities Company Pvt. Ltd.,Sani Securities Company Ltd.,70,750.0,52500.0,2025-08-28 14:29:55.774979
2025-08-28,18588,2025082801012591,EBL,Imperial Securities Company Pvt. Ltd.,Vision Securities Pvt. Ltd,100,750.0,75000.0,2025-08-28 14:29:55.775344
2025-08-28,18587,2025082801012592,EBL,Imperial Securities Company Pvt. Ltd.,Imperial Securities Company Pvt. Ltd.,330,750.0,247500.0,2025-08-28 14:29:55.775675
2025-08-28,18586,2025082801012593,EBL,Imperial Securities Company Pvt. Ltd.,Aryatara Investment & Securities,869,750.0,651750.0,2025-08-28 14:29:55.776012
2025-08-28,18423,2025082801012626,EBL,Imperial Securities Company Pvt. Ltd.,Deevyaa Securities & Stock House Pvt. Ltd,25,747.1,18677.5,2025-08-28 14:30:24.113406
2025-08-28,17661,2025082801012788,EBL,Sipla Securities Private Limited,Asian Securities Private Ltd.,2000,748.0,1496000.0,2025-08-28 14:32:37.877283
2025-08-28,17309,2025082801012854,EBL,Sipla Securities Private Limited,Asian Securities Private Ltd.,2000,748.0,1496000.0,2025-08-28 14:33:52.396357
2025-08-28,17282,2025082801012861,EBL,Sipla Securities Private Limited,SUN SECURITIES PVT LTD,20,748.0,14960.0,2025-08-28 14:33:58.648362
2025-08-28,17140,2025082801012927,EBL,Sipla Securities Private Limited,Siprabi Securities Pvt. Ltd.,525,748.0,392700.0,2025-08-28 14:34:20.029364
2025-08-28,16793,2025082801013020,EBL,Pragyan Securities (PVT) Ltd.,Online Securities Pvt. Ltd.,32,749.0,23968.0,2025-08-28 14:35:24.380079
2025-08-28,16727,2025082801013026,EBL,Pragyan Securities (PVT) Ltd.,Online Securities Pvt. Ltd.,18,749.0,13482.0,2025-08-28 14:35:34.483731
2025-08-28,16725,2025082801013027,EBL,J.F. Securites (PVT) Ltd.,Online Securities Pvt. Ltd.,12,749.0,8988.0,2025-08-28 14:35:34.706680
2025-08-28,16188,2025082801013111,EBL,Capital Max Securities Ltd,Primo Securities (PVT) Ltd.,100,749.5,74950.0,2025-08-28 14:37:00.720655
2025-08-28,16187,2025082801013112,EBL,Capital Max Securities Ltd,Online Securities Pvt. Ltd.,70,749.5,52465.0,2025-08-28 14:37:00.720948
2025-08-28,16186,2025082801013113,EBL,Capital Max Securities Ltd,J.F. Securites (PVT) Ltd.,30,749.9,22497.0,2025-08-28 14:37:00.721084
2025-08-28,16185,2025082801013114,EBL,Capital Max Securities Ltd,Asian Securities Private Ltd.,1000,749.9,749900.0,2025-08-28 14:37:00.721201
2025-08-28,16184,2025082801013115,EBL,Capital Max Securities Ltd,J.F. Securites (PVT) Ltd.,10,749.9,7499.0,2025-08-28 14:37:00.721318
2025-08-28,16183,2025082801013116,EBL,Capital Max Securities Ltd,Aryatara Investment & Securities,131,750.0,98250.0,2025-08-28 14:37:00.721433
2025-08-28,16182,2025082801013117,EBL,Capital Max Securities Ltd,Aryatara Investment & Securities,500,750.0,375000.0,2025-08-28 14:37:00.721557
2025-08-28,16181,2025082801013118,EBL,Capital Max Securities Ltd,Malla & Malla Stock Broking Company Pvt. Limited,300,750.0,225000.0,2025-08-28 14:37:00.721676
2025-08-28,16180,2025082801013119,EBL,Capital Max Securities Ltd,Asian Securities Private Ltd.,859,750.0,644250.0,2025-08-28 14:37:00.721797
2025-08-28,15997,2025082801013156,EBL,Capital Max Securities Ltd,Asian Securities Private Ltd.,1000,749.5,749500.0,2025-08-28 14:37:33.860602
2025-08-28,15726,2025082801013228,EBL,Pragyan Securities (PVT) Ltd.,Market Securities & Exchange (PVT) Ltd.,50,749.0,37450.0,2025-08-28 14:38:19.714196
2025-08-28,15650,2025082801013244,EBL,Pragyan Securities (PVT) Ltd.,Online Securities Pvt. Ltd.,37,749.0,27713.0,2025-08-28 14:38:32.521377
2025-08-28,15392,2025082801013298,EBL,South Asian Bulls Pvt. Ltd.,Malla & Malla Stock Broking Company Pvt. Limited,20,749.5,14990.0,2025-08-28 14:39:06.740729
2025-08-28,15330,2025082801013310,EBL,Online Securities Pvt. Ltd.,Asian Securities Private Ltd.,50,749.7,37485.0,2025-08-28 14:39:12.900741
2025-08-28,15198,2025082801013338,EBL,South Asian Bulls Pvt. Ltd.,Malla & Malla Stock Broking Company Pvt. Limited,13,749.5,9743.5,2025-08-28 14:39:30.820484
2025-08-28,15091,2025082801013357,EBL,South Asian Bulls Pvt. Ltd.,Premier Securities Company Ltd.,67,749.5,50216.5,2025-08-28 14:39:45.950683
2025-08-28,14942,2025082801013389,EBL,Oxford Securities Pvt. Ltd.,Premier Securities Company Ltd.,33,749.5,24733.5,2025-08-28 14:40:12.068508
2025-08-28,14941,2025082801013390,EBL,Oxford Securities Pvt. Ltd.,Asian Securities Private Ltd.,470,749.7,352359.0,2025-08-28 14:40:12.068807
2025-08-28,14115,2025082801013551,EBL,Sagarmatha Securities Private Limited,Property Wiard Limited,100,749.0,74900.0,2025-08-28 14:41:57.575074
2025-08-28,14114,2025082801013552,EBL,Ashutosh Brokerage & Securities (PVT) Ltd.,Property Wiard Limited,50,749.0,37450.0,2025-08-28 14:41:57.575640
2025-08-28,14113,2025082801013553,EBL,Investment Management Nepal Pvt. Ltd.,Property Wiard Limited,130,749.0,97370.0,2025-08-28 14:41:57.576045
2025-08-28,13576,2025082801013673,EBL,Imperial Securities Company Pvt. Ltd.,Naasa Securities Co. Ltd.,48,749.0,35952.0,2025-08-28 14:42:59.824215
2025-08-28,13575,2025082801013674,EBL,Imperial Securities Company Pvt. Ltd.,Capital Max Securities Ltd,300,749.0,224700.0,2025-08-28 14:43:00.492492
2025-08-28,13476,2025082801013704,EBL,Imperial Securities Company Pvt. Ltd.,Oxford Securities Pvt. Ltd.,100,749.0,74900.0,2025-08-28 14:43:14.350038
2025-08-28,13340,2025082801013723,EBL,Imperial Securities Company Pvt. Ltd.,Online Securities Pvt. Ltd.,12,749.0,8988.0,2025-08-28 14:43:27.925259
2025-08-28,13296,2025082801013730,EBL,Imperial Securities Company Pvt. Ltd.,Creative Securities Pvt Ltd,50,749.0,37450.0,2025-08-28 14:43:33.271360
2025-08-28,13180,2025082801013746,EBL,Imperial Securities Company Pvt. Ltd.,Asian Securities Private Ltd.,490,749.0,367010.0,2025-08-28 14:43:48.515989
2025-08-28,12089,2025082801013908,EBL,Vision Securities Pvt. Ltd,Online Securities Pvt. Ltd.,10,748.6,7486.0,2025-08-28 14:45:29.349819
2025-08-28,11438,2025082801013985,EBL,Sani Securities Company Ltd.,Asian Securities Private Ltd.,27,749.0,20223.0,2025-08-28 14:46:33.965883
2025-08-28,11000,2025082801014040,EBL,Vision Securities Pvt. Ltd,Pragyan Securities (PVT) Ltd.,30,748.6,22458.0,2025-08-28 14:47:22.657142
2025-08-28,10999,2025082801014041,EBL,Sagarmatha Securities Private Limited,Pragyan Securities (PVT) Ltd.,170,748.2,127194.0,2025-08-28 14:47:22.657689
2025-08-28,10914,2025082801014052,EBL,Sani Securities Company Ltd.,Asian Securities Private Ltd.,27,749.0,20223.0,2025-08-28 14:47:28.554454
2025-08-28,10690,2025082801014100,EBL,Sagarmatha Securities Private Limited,Machhapuchchhre Securities Limited,30,748.2,22446.0,2025-08-28 14:47:51.107640
2025-08-28,10689,2025082801014101,EBL,Imperial Securities Company Pvt. Ltd.,Machhapuchchhre Securities Limited,72,748.1,53863.2,2025-08-28 14:47:51.107952
2025-08-28,10366,2025082801014169,EBL,Sani Securities Company Ltd.,Vision Securities Pvt. Ltd,27,748.9,20220.3,2025-08-28 14:48:25.308437
2025-08-28,9706,2025082801014265,EBL,Imperial Securities Company Pvt. Ltd.,Dipshikha Dhitopatra Karobar Co. Pvt Ltd.,591,748.1,442127.1,2025-08-28 14:49:43.635778
2025-08-28,9398,2025082801014319,EBL,Sumeru Securities Pvt. Ltd.,Online Securities Pvt. Ltd.,140,748.1,104734.0,2025-08-28 14:50:15.993859
2025-08-28,9353,2025082801014320,EBL,Sumeru Securities Pvt. Ltd.,Sipla Securities Private Limited,500,748.1,374050.0,2025-08-28 14:50:16.988114
2025-08-28,9250,2025082801014327,EBL,Sumeru Securities Pvt. Ltd.,Sipla Securities Private Limited,360,748.1,269316.0,2025-08-28 14:50:23.006382
2025-08-28,9249,2025082801014328,EBL,Dynamic Money Managers Securities Pvt. Ltd.,Sipla Securities Private Limited,140,748.0,104720.0,2025-08-28 14:50:23.006889
2025-08-28,8700,2025082801014428,EBL,Malla & Malla Stock Broking Company Pvt. Limited,Primo Securities (PVT) Ltd.,50,748.8,37440.0,2025-08-28 14:51:17.377006
2025-08-28,8699,2025082801014429,EBL,Malla & Malla Stock Broking Company Pvt. Limited,Online Securities Pvt. Ltd.,50,748.8,37440.0,2025-08-28 14:51:17.377559
2025-08-28,8692,2025082801014430,EBL,Dynamic Money Managers Securities Pvt. Ltd.,Market Securities & Exchange (PVT) Ltd.,95,748.0,71060.0,2025-08-28 14:51:17.874268
2025-08-28,8691,2025082801014431,EBL,Primo Securities (PVT) Ltd.,Market Securities & Exchange (PVT) Ltd.,50,748.0,37400.0,2025-08-28 14:51:17.874790
2025-08-28,8690,2025082801014432,EBL,Sumeru Securities Pvt. Ltd.,Market Securities & Exchange (PVT) Ltd.,1000,748.0,748000.0,2025-08-28 14:51:17.875150
2025-08-28,8689,2025082801014433,EBL,Capital Max Securities Ltd,Market Securities & Exchange (PVT) Ltd.,355,748.0,265540.0,2025-08-28 14:51:17.875536
2025-08-28,8305,2025082801014524,EBL,Capital Max Securities Ltd,ABC Securities Private Limited,100,748.0,74800.0,2025-08-28 14:51:53.682138
2025-08-28,8104,2025082801014567,EBL,Capital Max Securities Ltd,Vision Securities Pvt. Ltd,10,748.0,7480.0,2025-08-28 14:52:05.634268
2025-08-28,7547,2025082801014677,EBL,Capital Max Securities Ltd,Dipshikha Dhitopatra Karobar Co. Pvt Ltd.,35,748.0,26180.0,2025-08-28 14:52:49.033620
2025-08-28,7546,2025082801014678,EBL,Creative Securities Pvt Ltd,Dipshikha Dhitopatra Karobar Co. Pvt Ltd.,68,748.0,50864.0,2025-08-28 14:52:49.034173
2025-08-28,7064,2025082801014777,EBL,Creative Securities Pvt Ltd,Linch Stock Market Ltd.,11,748.0,8228.0,2025-08-28 14:53:26.380096
2025-08-28,7014,2025082801014784,EBL,Sumeru Securities Pvt. Ltd.,Trisul Securities & Invt. Ltd.,10,748.7,7487.0,2025-08-28 14:53:32.172921
2025-08-28,6954,2025082801014804,EBL,Creative Securities Pvt Ltd,Asian Securities Private Ltd.,800,748.0,598400.0,2025-08-28 14:53:39.565291
2025-08-28,6679,2025082801014986,EBL,Creative Securities Pvt Ltd,Siprabi Securities Pvt. Ltd.,50,748.0,37400.0,2025-08-28 14:53:50.877965
2025-08-28,6629,2025082801014995,EBL,Creative Securities Pvt Ltd,Neev Securities Pvt. Ltd.,20,748.0,14960.0,2025-08-28 14:53:55.451362
2025-08-28,6041,2025082801015099,EBL,Creative Securities Pvt Ltd,Online Securities Pvt. Ltd.,30,748.0,22440.0,2025-08-28 14:54:42.716377
2025-08-28,5143,2025082801015299,EBL,Creative Securities Pvt Ltd,Trisul Securities & Invt. Ltd.,21,748.0,15708.0,2025-08-28 14:55:52.192996
2025-08-28,5142,2025082801015300,EBL,ABC Securities Private Limited,Trisul Securities & Invt. Ltd.,10,748.0,7480.0,2025-08-28 14:55:52.193259
2025-08-28,4790,2025082801015372,EBL,Imperial Securities Company Pvt. Ltd.,Shree Krishna Securities Ltd.,100,747.1,74710.0,2025-08-28 14:56:21.563098
2025-08-28,4582,2025082801015400,EBL,Imperial Securities Company Pvt. Ltd.,Vision Securities Pvt. Ltd,350,747.1,261485.0,2025-08-28 14:56:37.314369
2025-08-28,4470,2025082801015415,EBL,Imperial Securities Company Pvt. Ltd.,Sundhara Securities Limited,15,747.1,11206.5,2025-08-28 14:56:45.024168
2025-08-28,4469,2025082801015416,EBL,Neev Securities Pvt. Ltd.,Sundhara Securities Limited,20,747.1,14942.0,2025-08-28 14:56:45.024469
2025-08-28,4302,2025082801015443,EBL,Pragyan Securities (PVT) Ltd.,Trisul Securities & Invt. Ltd.,15,748.0,11220.0,2025-08-28 14:56:55.547302
2025-08-28,4267,2025082801015453,EBL,Agrawal Securities (PVT) Ltd.,Trisul Securities & Invt. Ltd.,94,748.0,70312.0,2025-08-28 14:56:56.888692
2025-08-28,4266,2025082801015454,EBL,Agrawal Securities (PVT) Ltd.,Online Securities Pvt. Ltd.,20,748.0,14960.0,2025-08-28 14:56:56.888981
2025-08-28,4265,2025082801015455,EBL,Agrawal Securities (PVT) Ltd.,ABC Securities Private Limited,86,748.0,64328.0,2025-08-28 14:56:56.889116
2025-08-28,3311,2025082801015606,EBL,Neev Securities Pvt. Ltd.,Online Securities Pvt. Ltd.,140,747.1,104594.0,2025-08-28 14:57:57.123780
2025-08-28,3237,2025082801015617,EBL,J.F. Securites (PVT) Ltd.,Secured Securities Ltd.,4,747.0,2988.0,2025-08-28 14:58:02.543080
2025-08-28,3150,2025082801015626,EBL,pahiinvestment,Ashutosh Brokerage & Securities (PVT) Ltd.,10,747.9,7479.0,2025-08-28 14:58:07.266246
2025-08-28,3006,2025082801015645,EBL,Imperial Securities Company Pvt. Ltd.,Vision Securities Pvt. Ltd,13,747.2,9713.6,2025-08-28 14:58:15.941517
2025-08-28,2946,2025082801015661,EBL,Imperial Securities Company Pvt. Ltd.,Ashutosh Brokerage & Securities (PVT) Ltd.,90,747.9,67311.0,2025-08-28 14:58:19.562938
2025-08-28,2945,2025082801015662,EBL,Imperial Securities Company Pvt. Ltd.,ABC Securities Private Limited,137,748.0,102476.0,2025-08-28 14:58:19.563503
2025-08-28,2944,2025082801015663,EBL,Imperial Securities Company Pvt. Ltd.,Sumeru Securities Pvt. Ltd.,430,748.0,321640.0,2025-08-28 14:58:19.563842
2025-08-28,2943,2025082801015664,EBL,Imperial Securities Company Pvt. Ltd.,Sweta Securities Private Limited,11,748.0,8228.0,2025-08-28 14:58:19.564187
2025-08-28,2942,2025082801015665,EBL,Imperial Securities Company Pvt. Ltd.,Linch Stock Market Ltd.,300,748.0,224400.0,2025-08-28 14:58:19.564520
2025-08-28,2941,2025082801015666,EBL,Imperial Securities Company Pvt. Ltd.,Online Securities Pvt. Ltd.,32,748.8,23961.6,2025-08-28 14:58:19.564836
2025-08-28,2642,2025082801015747,EBL,Dynamic Money Managers Securities Pvt. Ltd.,Siprabi Securities Pvt. Ltd.,100,747.9,74790.0,2025-08-28 14:58:34.306757
2025-08-28,2641,2025082801015748,EBL,Imperial Securities Company Pvt. Ltd.,Siprabi Securities Pvt. Ltd.,600,747.2,448320.0,2025-08-28 14:58:34.307051
2025-08-28,2423,2025082801015800,EBL,Imperial Securities Company Pvt. Ltd.,Vision Securities Pvt. Ltd,1300,747.2,971360.0,2025-08-28 14:58:41.321976
2025-08-28,1380,2025082801016002,EBL,Opal Securities Investment (PVT) Ltd.,Linch Stock Market Ltd.,50,747.3,37365.0,2025-08-28 14:59:23.704475
2025-08-28,982,2025082801016056,EBL,Miyo Securities Pvt Ltd,Trisul Securities & Invt. Ltd.,140,747.4,104636.0,2025-08-28 14:59:34.685555
2025-08-28,981,2025082801016057,EBL,Opal Securities Investment (PVT) Ltd.,Trisul Securities & Invt. Ltd.,450,747.3,336285.0,2025-08-28 14:59:34.685802
2025-08-28,980,2025082801016058,EBL,Online Securities Pvt. Ltd.,Trisul Securities & Invt. Ltd.,40,747.3,29892.0,2025-08-28 14:59:34.685921
2025-08-28,979,2025082801016059,EBL,Malla & Malla Stock Broking Company Pvt. Limited,Trisul Securities & Invt. Ltd.,50,747.3,37365.0,2025-08-28 14:59:34.686043
2025-08-28,978,2025082801016060,EBL,Imperial Securities Company Pvt. Ltd.,Trisul Securities & Invt. Ltd.,87,747.2,65006.4,2025-08-28 14:59:34.686157
2025-08-28,977,2025082801016061,EBL,Machhapuchchhre Securities Limited,Trisul Securities & Invt. Ltd.,20,747.2,14944.0,2025-08-28 14:59:34.686275
2025-08-28,976,2025082801016062,EBL,Neev Securities Pvt. Ltd.,Trisul Securities & Invt. Ltd.,140,747.1,104594.0,2025-08-28 14:59:34.686387
2025-08-28,975,2025082801016063,EBL,Sumeru Securities Pvt. Ltd.,Trisul Securities & Invt. Ltd.,1000,747.1,747100.0,2025-08-28 14:59:34.686498
2025-08-28,974,2025082801016064,EBL,Dakshinkali Investment & Securities Pvt. Ltd.,Trisul Securities & Invt. Ltd.,100,747.0,74700.0,2025-08-28 14:59:34.686608
2025-08-28,973,2025082801016065,EBL,Neev Securities Pvt. Ltd.,Trisul Securities & Invt. Ltd.,130,747.0,97110.0,2025-08-28 14:59:34.686720
2025-08-28,886,2025082801016079,EBL,Siprabi Securities Pvt. Ltd.,Asian Securities Private Ltd.,2,749.8,1499.6,2025-08-28 14:59:37.062489
2025-08-28,778,2025082801016091,EBL,ABC Securities Private Limited,Sumeru Securities Pvt. Ltd.,10,746.5,7465.0,2025-08-28 14:59:40.400816
2025-08-28,198,2025082801016169,EBL,Kumari Securities Private Limited,Trisul Securities & Invt. Ltd.,58,747.0,43326.0,2025-08-28 14:59:56.337934
