Date,S.N.,Contract ID,Symbol,Buyer Broker,Seller Broker,quantity,rate,amount,transaction_time
2025-08-28,78182,2025082803000032,GBBL,Sweta Securities Private Limited,Aryatara Investment & Securities,57,441.0,25137.0,2025-08-28 11:01:04.287358
2025-08-28,77996,2025082803000058,GBBL,Vision Securities Pvt. Ltd,Ashutosh Brokerage & Securities (PVT) Ltd.,30,443.9,13317.0,2025-08-28 11:02:20.698808
2025-08-28,77861,2025082803000071,GBBL,Trishakti Securities Public Limited,Asian Securities Private Ltd.,20,442.0,8840.0,2025-08-28 11:02:57.803333
2025-08-28,77795,2025082803000078,GBBL,Trishakti Securities Public Limited,Ashutosh Brokerage & Securities (PVT) Ltd.,30,442.0,13260.0,2025-08-28 11:03:12.700953
2025-08-28,77668,2025082803000090,GBBL,Sweta Securities Private Limited,Kohinoor Investment & Securities Pvt. Ltd.,23,441.0,10143.0,2025-08-28 11:03:45.932290
2025-08-28,77464,2025082803000105,GBBL,Thrive Brokerage House Pvt. Ltd,Cristal Kanchanjanga Securites Pvt. Ltd.,1000,442.0,442000.0,2025-08-28 11:04:24.864663
2025-08-28,75756,2025082803000331,GBBL,Kohinoor Investment & Securities Pvt. Ltd.,Kohinoor Investment & Securities Pvt. Ltd.,25,442.0,11050.0,2025-08-28 11:10:58.500963
2025-08-28,75511,2025082803000366,GBBL,Naasa Securities Co. Ltd.,Dynamic Money Managers Securities Pvt. Ltd.,200,442.0,88400.0,2025-08-28 11:11:50.783706
2025-08-28,75356,2025082803000384,GBBL,ABC Securities Private Limited,Ashutosh Brokerage & Securities (PVT) Ltd.,374,443.7,165943.8,2025-08-28 11:12:27.978249
2025-08-28,75355,2025082803000385,GBBL,ABC Securities Private Limited,Capital Max Securities Ltd,200,443.8,88760.0,2025-08-28 11:12:27.978327
2025-08-28,75354,2025082803000386,GBBL,ABC Securities Private Limited,Imperial Securities Company Pvt. Ltd.,100,444.0,44400.0,2025-08-28 11:12:27.978366
2025-08-28,75353,2025082803000387,GBBL,ABC Securities Private Limited,ABC Securities Private Limited,326,445.0,145070.0,2025-08-28 11:12:27.978406
2025-08-28,75192,2025082803000418,GBBL,ABC Securities Private Limited,Himalayan Securities Limited,200,443.0,88600.0,2025-08-28 11:13:10.455918
2025-08-28,74049,2025082803000555,GBBL,SHUBHAKAMANA SECURITIES PVT. LTD,Investment Management Nepal Pvt. Ltd.,300,444.0,133200.0,2025-08-28 11:16:37.416961
2025-08-28,73370,2025082803000642,GBBL,Kumari Securities Private Limited,Ashutosh Brokerage & Securities (PVT) Ltd.,10,443.1,4431.0,2025-08-28 11:18:55.081309
2025-08-28,73369,2025082803000643,GBBL,Naasa Securities Co. Ltd.,Ashutosh Brokerage & Securities (PVT) Ltd.,90,442.0,39780.0,2025-08-28 11:18:55.081494
2025-08-28,72304,2025082803000787,GBBL,SHUBHAKAMANA SECURITIES PVT. LTD,ABC Securities Private Limited,500,441.0,220500.0,2025-08-28 11:22:08.070388
2025-08-28,72303,2025082803000788,GBBL,Opal Securities Investment (PVT) Ltd.,ABC Securities Private Limited,3500,441.0,1543500.0,2025-08-28 11:22:08.070607
2025-08-28,72027,2025082803000827,GBBL,Opal Securities Investment (PVT) Ltd.,Neev Securities Pvt. Ltd.,30,441.0,13230.0,2025-08-28 11:22:51.796525
2025-08-28,72026,2025082803000828,GBBL,Naasa Securities Co. Ltd.,Neev Securities Pvt. Ltd.,100,441.0,44100.0,2025-08-28 11:22:51.796759
2025-08-28,72025,2025082803000829,GBBL,Midas Stock Broking Company Private Limited,Neev Securities Pvt. Ltd.,47,440.1,20684.7,2025-08-28 11:22:51.796905
2025-08-28,72024,2025082803000830,GBBL,Kohinoor Investment & Securities Pvt. Ltd.,Neev Securities Pvt. Ltd.,100,440.0,44000.0,2025-08-28 11:22:51.797061
2025-08-28,72023,2025082803000831,GBBL,Imperial Securities Company Pvt. Ltd.,Neev Securities Pvt. Ltd.,80,440.0,35200.0,2025-08-28 11:22:51.797201
2025-08-28,72022,2025082803000832,GBBL,Naasa Securities Co. Ltd.,Neev Securities Pvt. Ltd.,50,440.0,22000.0,2025-08-28 11:22:51.797336
2025-08-28,72021,2025082803000833,GBBL,Online Securities Pvt. Ltd.,Neev Securities Pvt. Ltd.,60,440.0,26400.0,2025-08-28 11:22:51.797471
2025-08-28,72020,2025082803000834,GBBL,ABC Securities Private Limited,Neev Securities Pvt. Ltd.,200,440.0,88000.0,2025-08-28 11:22:51.797602
2025-08-28,71981,2025082803000837,GBBL,Trishakti Securities Public Limited,Neev Securities Pvt. Ltd.,80,439.3,35144.0,2025-08-28 11:22:58.582150
2025-08-28,71744,2025082803000864,GBBL,Trishakti Securities Public Limited,Midas Stock Broking Company Private Limited,300,440.0,132000.0,2025-08-28 11:23:26.941076
2025-08-28,70946,2025082803001023,GBBL,Sani Securities Company Ltd.,Online Securities Pvt. Ltd.,10,443.0,4430.0,2025-08-28 11:25:17.718665
2025-08-28,69716,2025082803001268,GBBL,Trishakti Securities Public Limited,Vision Securities Pvt. Ltd,61,440.0,26840.0,2025-08-28 11:29:03.862390
2025-08-28,69715,2025082803001269,GBBL,ABC Securities Private Limited,Vision Securities Pvt. Ltd,30,440.0,13200.0,2025-08-28 11:29:03.862438
2025-08-28,69714,2025082803001270,GBBL,Imperial Securities Company Pvt. Ltd.,Vision Securities Pvt. Ltd,456,439.1,200229.6,2025-08-28 11:29:03.862473
2025-08-28,69560,2025082803001313,GBBL,Imperial Securities Company Pvt. Ltd.,Linch Stock Market Ltd.,25,439.1,10977.5,2025-08-28 11:29:25.898494
2025-08-28,69230,2025082803001349,GBBL,Dynamic Money Managers Securities Pvt. Ltd.,Investment Management Nepal Pvt. Ltd.,100,439.2,43920.0,2025-08-28 11:30:28.252188
2025-08-28,69187,2025082803001357,GBBL,Dynamic Money Managers Securities Pvt. Ltd.,Trishakti Securities Public Limited,200,439.2,87840.0,2025-08-28 11:30:35.881798
2025-08-28,69186,2025082803001358,GBBL,Imperial Securities Company Pvt. Ltd.,Trishakti Securities Public Limited,278,439.1,122069.8,2025-08-28 11:30:35.881936
2025-08-28,69127,2025082803001365,GBBL,Dipshikha Dhitopatra Karobar Co. Pvt Ltd.,Malla & Malla Stock Broking Company Pvt. Limited,50,439.5,21975.0,2025-08-28 11:30:48.032983
2025-08-28,69126,2025082803001366,GBBL,Imperial Securities Company Pvt. Ltd.,Malla & Malla Stock Broking Company Pvt. Limited,150,439.1,65865.0,2025-08-28 11:30:48.033127
2025-08-28,69092,2025082803001374,GBBL,Imperial Securities Company Pvt. Ltd.,Trishakti Securities Public Limited,20,439.1,8782.0,2025-08-28 11:30:55.965965
2025-08-28,69029,2025082803001376,GBBL,Imperial Securities Company Pvt. Ltd.,Secured Securities Ltd.,10,439.1,4391.0,2025-08-28 11:31:05.618292
2025-08-28,68977,2025082803001382,GBBL,Imperial Securities Company Pvt. Ltd.,Dipshikha Dhitopatra Karobar Co. Pvt Ltd.,61,439.1,26785.1,2025-08-28 11:31:14.066376
2025-08-28,68976,2025082803001383,GBBL,Creative Securities Pvt Ltd,Dipshikha Dhitopatra Karobar Co. Pvt Ltd.,29,439.1,12733.9,2025-08-28 11:31:14.066519
2025-08-28,68302,2025082803001543,GBBL,Kohinoor Investment & Securities Pvt. Ltd.,Premier Securities Company Ltd.,13,440.0,5720.0,2025-08-28 11:33:08.645969
2025-08-28,68236,2025082803001560,GBBL,Kohinoor Investment & Securities Pvt. Ltd.,Dynamic Money Managers Securities Pvt. Ltd.,5,442.0,2210.0,2025-08-28 11:33:19.392077
2025-08-28,68195,2025082803001576,GBBL,Creative Securities Pvt Ltd,Himalayan Securities Limited,71,439.1,31176.1,2025-08-28 11:33:23.705515
2025-08-28,68194,2025082803001577,GBBL,SHUBHAKAMANA SECURITIES PVT. LTD,Himalayan Securities Limited,129,439.0,56631.0,2025-08-28 11:33:23.705646
2025-08-28,68068,2025082803001600,GBBL,SHUBHAKAMANA SECURITIES PVT. LTD,Creative Securities Pvt Ltd,871,439.0,382369.0,2025-08-28 11:33:47.934711
2025-08-28,68067,2025082803001601,GBBL,SHUBHAKAMANA SECURITIES PVT. LTD,Creative Securities Pvt Ltd,129,439.0,56631.0,2025-08-28 11:33:47.934820
2025-08-28,67965,2025082803001619,GBBL,SHUBHAKAMANA SECURITIES PVT. LTD,Investment Management Nepal Pvt. Ltd.,200,439.0,87800.0,2025-08-28 11:34:03.172208
2025-08-28,67874,2025082803001632,GBBL,Kohinoor Investment & Securities Pvt. Ltd.,Vision Securities Pvt. Ltd,1500,440.0,660000.0,2025-08-28 11:34:18.098320
2025-08-28,67629,2025082803001671,GBBL,Naasa Securities Co. Ltd.,Kumari Securities Private Limited,25,439.1,10977.5,2025-08-28 11:34:57.669512
2025-08-28,67628,2025082803001672,GBBL,SHUBHAKAMANA SECURITIES PVT. LTD,Kumari Securities Private Limited,171,439.0,75069.0,2025-08-28 11:34:57.669629
2025-08-28,67627,2025082803001673,GBBL,Siprabi Securities Pvt. Ltd.,Kumari Securities Private Limited,200,439.0,87800.0,2025-08-28 11:34:57.669679
2025-08-28,66871,2025082803001776,GBBL,Dynamic Money Managers Securities Pvt. Ltd.,Sundhara Securities Limited,10,438.0,4380.0,2025-08-28 11:37:45.025899
2025-08-28,66131,2025082803001879,GBBL,Dynamic Money Managers Securities Pvt. Ltd.,Neev Securities Pvt. Ltd.,100,438.0,43800.0,2025-08-28 11:40:58.034204
2025-08-28,65498,2025082803001990,GBBL,Premier Securities Company Ltd.,Online Securities Pvt. Ltd.,26,438.1,11390.6,2025-08-28 11:43:22.674755
2025-08-28,64709,2025082803002104,GBBL,Premier Securities Company Ltd.,Premier Securities Company Ltd.,100,438.1,43810.0,2025-08-28 11:46:37.618836
2025-08-28,63899,2025082803002223,GBBL,Premier Securities Company Ltd.,Deevyaa Securities & Stock House Pvt. Ltd,12,438.1,5257.2,2025-08-28 11:50:02.760616
2025-08-28,63820,2025082803002236,GBBL,Premier Securities Company Ltd.,Kumari Securities Private Limited,262,438.1,114782.2,2025-08-28 11:50:26.808330
2025-08-28,63819,2025082803002237,GBBL,Dynamic Money Managers Securities Pvt. Ltd.,Kumari Securities Private Limited,90,438.0,39420.0,2025-08-28 11:50:26.808368
2025-08-28,63818,2025082803002238,GBBL,SHUBHAKAMANA SECURITIES PVT. LTD,Kumari Securities Private Limited,148,438.0,64824.0,2025-08-28 11:50:26.808391
2025-08-28,63766,2025082803002240,GBBL,Vision Securities Pvt. Ltd,Deevyaa Securities & Stock House Pvt. Ltd,20,439.0,8780.0,2025-08-28 11:50:35.414057
2025-08-28,63765,2025082803002241,GBBL,Vision Securities Pvt. Ltd,Vision Securities Pvt. Ltd,80,439.5,35160.0,2025-08-28 11:50:35.414190
2025-08-28,63764,2025082803002242,GBBL,Vision Securities Pvt. Ltd,Premier Securities Company Ltd.,37,440.0,16280.0,2025-08-28 11:50:35.414513
2025-08-28,63482,2025082803002283,GBBL,Vision Securities Pvt. Ltd,Investment Management Nepal Pvt. Ltd.,100,440.0,44000.0,2025-08-28 11:51:37.344377
2025-08-28,63019,2025082803002345,GBBL,SHUBHAKAMANA SECURITIES PVT. LTD,Agrawal Securities (PVT) Ltd.,200,441.0,88200.0,2025-08-28 11:53:10.783320
2025-08-28,63018,2025082803002346,GBBL,SHUBHAKAMANA SECURITIES PVT. LTD,Dynamic Money Managers Securities Pvt. Ltd.,300,441.9,132570.0,2025-08-28 11:53:10.783485
2025-08-28,63017,2025082803002347,GBBL,SHUBHAKAMANA SECURITIES PVT. LTD,Neev Securities Pvt. Ltd.,1000,442.0,442000.0,2025-08-28 11:53:10.783560
2025-08-28,63016,2025082803002348,GBBL,SHUBHAKAMANA SECURITIES PVT. LTD,APPLE SECURITIES PRIVATE LIMITED,1000,442.0,442000.0,2025-08-28 11:53:10.783617
2025-08-28,61528,2025082803002569,GBBL,Imperial Securities Company Pvt. Ltd.,Investment Management Nepal Pvt. Ltd.,10,442.9,4429.0,2025-08-28 11:58:26.171791
2025-08-28,61203,2025082803002615,GBBL,Vision Securities Pvt. Ltd,Investment Management Nepal Pvt. Ltd.,90,442.9,39861.0,2025-08-28 11:59:35.224771
2025-08-28,61202,2025082803002616,GBBL,Vision Securities Pvt. Ltd,Online Securities Pvt. Ltd.,190,443.0,84170.0,2025-08-28 11:59:35.224958
2025-08-28,61201,2025082803002617,GBBL,Vision Securities Pvt. Ltd,Investment Management Nepal Pvt. Ltd.,100,443.0,44300.0,2025-08-28 11:59:35.225040
2025-08-28,61200,2025082803002618,GBBL,Vision Securities Pvt. Ltd,Himalayan Securities Limited,220,443.0,97460.0,2025-08-28 11:59:35.225098
2025-08-28,61199,2025082803002619,GBBL,Vision Securities Pvt. Ltd,APPLE SECURITIES PRIVATE LIMITED,4000,443.6,1774400.0,2025-08-28 11:59:35.225154
2025-08-28,61143,2025082803002628,GBBL,Vision Securities Pvt. Ltd,Agrawal Securities (PVT) Ltd.,10,443.6,4436.0,2025-08-28 11:59:40.899078
2025-08-28,60965,2025082803002663,GBBL,Online Securities Pvt. Ltd.,Dynamic Money Managers Securities Pvt. Ltd.,50,443.8,22190.0,2025-08-28 12:00:25.456761
2025-08-28,60932,2025082803002676,GBBL,Vision Securities Pvt. Ltd,Dynamic Money Managers Securities Pvt. Ltd.,250,443.8,110950.0,2025-08-28 12:00:29.864418
2025-08-28,60931,2025082803002677,GBBL,Vision Securities Pvt. Ltd,Sundhara Securities Limited,300,443.9,133170.0,2025-08-28 12:00:29.864554
2025-08-28,60930,2025082803002678,GBBL,Vision Securities Pvt. Ltd,Kalika Securities Pvt. Ltd.,1000,443.9,443900.0,2025-08-28 12:00:29.864615
2025-08-28,60929,2025082803002679,GBBL,Vision Securities Pvt. Ltd,Dipshikha Dhitopatra Karobar Co. Pvt Ltd.,25,444.0,11100.0,2025-08-28 12:00:29.864670
2025-08-28,60928,2025082803002680,GBBL,Vision Securities Pvt. Ltd,Sani Securities Company Ltd.,50,444.0,22200.0,2025-08-28 12:00:29.864754
2025-08-28,60927,2025082803002681,GBBL,Vision Securities Pvt. Ltd,Dakshinkali Investment & Securities Pvt. Ltd.,1000,444.0,444000.0,2025-08-28 12:00:29.864824
2025-08-28,60926,2025082803002682,GBBL,Vision Securities Pvt. Ltd,Malla & Malla Stock Broking Company Pvt. Limited,75,444.0,33300.0,2025-08-28 12:00:29.864897
2025-08-28,60828,2025082803002696,GBBL,Deevyaa Securities & Stock House Pvt. Ltd,Trishakti Securities Public Limited,50,444.6,22230.0,2025-08-28 12:00:55.201356
2025-08-28,60723,2025082803002708,GBBL,Vision Securities Pvt. Ltd,Trishakti Securities Public Limited,150,444.6,66690.0,2025-08-28 12:01:25.257032
2025-08-28,60722,2025082803002709,GBBL,Vision Securities Pvt. Ltd,Dynamic Money Managers Securities Pvt. Ltd.,300,444.8,133440.0,2025-08-28 12:01:25.257203
2025-08-28,60721,2025082803002710,GBBL,Vision Securities Pvt. Ltd,Infinity Securities Limited,180,444.8,80064.0,2025-08-28 12:01:25.257261
2025-08-28,60720,2025082803002711,GBBL,Vision Securities Pvt. Ltd,ABC Securities Private Limited,133,445.0,59185.0,2025-08-28 12:01:25.257315
2025-08-28,60661,2025082803002719,GBBL,Vision Securities Pvt. Ltd,Investment Management Nepal Pvt. Ltd.,200,444.0,88800.0,2025-08-28 12:01:39.051978
2025-08-28,60579,2025082803002734,GBBL,Vision Securities Pvt. Ltd,ABC Securities Private Limited,541,445.0,240745.0,2025-08-28 12:01:59.559122
2025-08-28,60578,2025082803002735,GBBL,Vision Securities Pvt. Ltd,Premier Securities Company Ltd.,300,445.0,133500.0,2025-08-28 12:01:59.559269
2025-08-28,60577,2025082803002736,GBBL,Vision Securities Pvt. Ltd,South Asian Bulls Pvt. Ltd.,500,445.0,222500.0,2025-08-28 12:01:59.559338
2025-08-28,60576,2025082803002737,GBBL,Vision Securities Pvt. Ltd,Naasa Securities Co. Ltd.,20,445.0,8900.0,2025-08-28 12:01:59.559390
2025-08-28,60575,2025082803002738,GBBL,Vision Securities Pvt. Ltd,Nepal Investment And Securities Trading Private Limited,50,445.0,22250.0,2025-08-28 12:01:59.559442
2025-08-28,60574,2025082803002739,GBBL,Vision Securities Pvt. Ltd,Naasa Securities Co. Ltd.,400,445.0,178000.0,2025-08-28 12:01:59.559494
2025-08-28,60573,2025082803002740,GBBL,Vision Securities Pvt. Ltd,Investment Management Nepal Pvt. Ltd.,500,445.0,222500.0,2025-08-28 12:01:59.559566
2025-08-28,60572,2025082803002741,GBBL,Vision Securities Pvt. Ltd,Midas Stock Broking Company Private Limited,63,445.0,28035.0,2025-08-28 12:01:59.559633
2025-08-28,60571,2025082803002742,GBBL,Vision Securities Pvt. Ltd,Aakashbhairab Securities Ltd.,33,445.0,14685.0,2025-08-28 12:01:59.559698
2025-08-28,60570,2025082803002743,GBBL,Vision Securities Pvt. Ltd,Sweta Securities Private Limited,150,445.0,66750.0,2025-08-28 12:01:59.559784
2025-08-28,60569,2025082803002744,GBBL,Vision Securities Pvt. Ltd,Bhrikuti Stock Broking Co. Pvt. Ltd.,100,445.0,44500.0,2025-08-28 12:01:59.559846
2025-08-28,60568,2025082803002745,GBBL,Vision Securities Pvt. Ltd,Naasa Securities Co. Ltd.,200,446.0,89200.0,2025-08-28 12:01:59.559906
2025-08-28,60567,2025082803002746,GBBL,Vision Securities Pvt. Ltd,Vision Securities Pvt. Ltd,90,446.0,40140.0,2025-08-28 12:01:59.559958
2025-08-28,60566,2025082803002747,GBBL,Vision Securities Pvt. Ltd,Bhrikuti Stock Broking Co. Pvt. Ltd.,300,446.0,133800.0,2025-08-28 12:01:59.560011
2025-08-28,60565,2025082803002748,GBBL,Vision Securities Pvt. Ltd,Nepal Stock House (PVT) Ltd.,779,446.0,347434.0,2025-08-28 12:01:59.560103
2025-08-28,60564,2025082803002749,GBBL,Vision Securities Pvt. Ltd,K.B.L. Securities Limited ,100,446.0,44600.0,2025-08-28 12:01:59.560171
2025-08-28,60563,2025082803002750,GBBL,Vision Securities Pvt. Ltd,APPLE SECURITIES PRIVATE LIMITED,4874,446.0,2173804.0,2025-08-28 12:01:59.560220
2025-08-28,59276,2025082803002970,GBBL,Sewa Securities Pvt. Ltd.,Bhrikuti Stock Broking Co. Pvt. Ltd.,1,437.1,437.1,2025-08-28 12:06:54.024701
2025-08-28,59036,2025082803003025,GBBL,Vision Securities Pvt. Ltd,Cristal Kanchanjanga Securites Pvt. Ltd.,7000,444.0,3108000.0,2025-08-28 12:07:52.029761
2025-08-28,59027,2025082803003028,GBBL,Vision Securities Pvt. Ltd,Linch Stock Market Ltd.,100,444.0,44400.0,2025-08-28 12:07:53.402231
2025-08-28,58507,2025082803003122,GBBL,Vision Securities Pvt. Ltd,Linch Stock Market Ltd.,390,443.6,173004.0,2025-08-28 12:09:06.334983
2025-08-28,58236,2025082803003167,GBBL,Sewa Securities Pvt. Ltd.,Bhrikuti Stock Broking Co. Pvt. Ltd.,3,434.8,1304.4,2025-08-28 12:09:45.920468
2025-08-28,57904,2025082803003234,GBBL,Agrawal Securities (PVT) Ltd.,Cristal Kanchanjanga Securites Pvt. Ltd.,20,441.0,8820.0,2025-08-28 12:10:29.809869
2025-08-28,57903,2025082803003235,GBBL,Imperial Securities Company Pvt. Ltd.,Cristal Kanchanjanga Securites Pvt. Ltd.,10,440.1,4401.0,2025-08-28 12:10:29.810029
2025-08-28,57902,2025082803003236,GBBL,Aryatara Investment & Securities,Cristal Kanchanjanga Securites Pvt. Ltd.,1000,440.0,440000.0,2025-08-28 12:10:29.810089
2025-08-28,57901,2025082803003237,GBBL,Vision Securities Pvt. Ltd,Cristal Kanchanjanga Securites Pvt. Ltd.,10,440.0,4400.0,2025-08-28 12:10:29.810144
2025-08-28,57900,2025082803003238,GBBL,APPLE SECURITIES PRIVATE LIMITED,Cristal Kanchanjanga Securites Pvt. Ltd.,4960,440.0,2182400.0,2025-08-28 12:10:29.810194
2025-08-28,57668,2025082803003269,GBBL,APPLE SECURITIES PRIVATE LIMITED,Sani Securities Company Ltd.,40,440.0,17600.0,2025-08-28 12:11:09.749864
2025-08-28,57667,2025082803003270,GBBL,Cristal Kanchanjanga Securites Pvt. Ltd.,Sani Securities Company Ltd.,300,440.0,132000.0,2025-08-28 12:11:09.750312
2025-08-28,57666,2025082803003271,GBBL,Siprabi Securities Pvt. Ltd.,Sani Securities Company Ltd.,25,440.0,11000.0,2025-08-28 12:11:09.750464
2025-08-28,57049,2025082803003371,GBBL,SHUBHAKAMANA SECURITIES PVT. LTD,South Asian Bulls Pvt. Ltd.,500,439.0,219500.0,2025-08-28 12:12:50.407034
2025-08-28,56730,2025082803003411,GBBL,SHUBHAKAMANA SECURITIES PVT. LTD,Kumari Securities Private Limited,250,439.0,109750.0,2025-08-28 12:14:03.183108
2025-08-28,56561,2025082803003431,GBBL,SHUBHAKAMANA SECURITIES PVT. LTD,Kumari Securities Private Limited,250,439.0,109750.0,2025-08-28 12:14:47.486075
2025-08-28,55557,2025082803003587,GBBL,Vision Securities Pvt. Ltd,South Asian Bulls Pvt. Ltd.,1000,440.0,440000.0,2025-08-28 12:19:45.462610
2025-08-28,52853,2025082803004079,GBBL,Sewa Securities Pvt. Ltd.,Kumari Securities Private Limited,10,439.9,4399.0,2025-08-28 12:30:10.042942
2025-08-28,52560,2025082803004141,GBBL,Online Securities Pvt. Ltd.,Secured Securities Ltd.,10,438.6,4386.0,2025-08-28 12:31:04.569668
2025-08-28,52559,2025082803004142,GBBL,Dynamic Money Managers Securities Pvt. Ltd.,Secured Securities Ltd.,10,438.6,4386.0,2025-08-28 12:31:04.569829
2025-08-28,52288,2025082803004168,GBBL,Dynamic Money Managers Securities Pvt. Ltd.,Sani Securities Company Ltd.,135,438.6,59211.0,2025-08-28 12:31:40.647799
2025-08-28,51995,2025082803004219,GBBL,Kumari Securities Private Limited,Kumari Securities Private Limited,40,439.9,17596.0,2025-08-28 12:32:16.166112
2025-08-28,50869,2025082803004396,GBBL,SHUBHAKAMANA SECURITIES PVT. LTD,J.F. Securites (PVT) Ltd.,1000,439.9,439900.0,2025-08-28 12:34:30.271316
2025-08-28,50808,2025082803004402,GBBL,Online Securities Pvt. Ltd.,Neev Securities Pvt. Ltd.,10,438.7,4387.0,2025-08-28 12:34:35.719456
2025-08-28,50807,2025082803004403,GBBL,Dynamic Money Managers Securities Pvt. Ltd.,Neev Securities Pvt. Ltd.,55,438.6,24123.0,2025-08-28 12:34:35.719625
2025-08-28,50806,2025082803004404,GBBL,Online Securities Pvt. Ltd.,Neev Securities Pvt. Ltd.,170,438.5,74545.0,2025-08-28 12:34:35.719697
2025-08-28,50805,2025082803004405,GBBL,Dynamic Money Managers Securities Pvt. Ltd.,Neev Securities Pvt. Ltd.,300,438.4,131520.0,2025-08-28 12:34:35.719756
2025-08-28,50804,2025082803004406,GBBL,Premier Securities Company Ltd.,Neev Securities Pvt. Ltd.,475,438.3,208192.5,2025-08-28 12:34:35.719817
2025-08-28,50803,2025082803004407,GBBL,Dynamic Money Managers Securities Pvt. Ltd.,Neev Securities Pvt. Ltd.,500,438.2,219100.0,2025-08-28 12:34:35.719878
2025-08-28,50802,2025082803004408,GBBL,Online Securities Pvt. Ltd.,Neev Securities Pvt. Ltd.,50,438.1,21905.0,2025-08-28 12:34:35.719943
2025-08-28,50801,2025082803004409,GBBL,Dynamic Money Managers Securities Pvt. Ltd.,Neev Securities Pvt. Ltd.,440,438.1,192764.0,2025-08-28 12:34:35.719997
2025-08-28,50723,2025082803004419,GBBL,Dynamic Money Managers Securities Pvt. Ltd.,Neev Securities Pvt. Ltd.,60,438.1,26286.0,2025-08-28 12:34:47.765490
2025-08-28,50722,2025082803004420,GBBL,SHUBHAKAMANA SECURITIES PVT. LTD,Neev Securities Pvt. Ltd.,352,438.0,154176.0,2025-08-28 12:34:47.765656
2025-08-28,50721,2025082803004421,GBBL,Ashutosh Brokerage & Securities (PVT) Ltd.,Neev Securities Pvt. Ltd.,220,438.0,96360.0,2025-08-28 12:34:47.765718
2025-08-28,50720,2025082803004422,GBBL,Midas Stock Broking Company Private Limited,Neev Securities Pvt. Ltd.,368,438.0,161184.0,2025-08-28 12:34:47.765774
2025-08-28,50557,2025082803004438,GBBL,Midas Stock Broking Company Private Limited,Neev Securities Pvt. Ltd.,427,438.0,187026.0,2025-08-28 12:35:02.851102
2025-08-28,50556,2025082803004439,GBBL,Dynamic Money Managers Securities Pvt. Ltd.,Neev Securities Pvt. Ltd.,300,437.2,131160.0,2025-08-28 12:35:02.851285
2025-08-28,50555,2025082803004440,GBBL,Thrive Brokerage House Pvt. Ltd,Neev Securities Pvt. Ltd.,500,437.2,218600.0,2025-08-28 12:35:02.851396
2025-08-28,50554,2025082803004441,GBBL,Market Securities & Exchange (PVT) Ltd.,Neev Securities Pvt. Ltd.,200,437.0,87400.0,2025-08-28 12:35:02.851452
2025-08-28,50553,2025082803004442,GBBL,Imperial Securities Company Pvt. Ltd.,Neev Securities Pvt. Ltd.,150,437.0,65550.0,2025-08-28 12:35:02.851509
2025-08-28,50552,2025082803004443,GBBL,Nepal Stock House (PVT) Ltd.,Neev Securities Pvt. Ltd.,500,437.0,218500.0,2025-08-28 12:35:02.851563
2025-08-28,50551,2025082803004444,GBBL,ABC Securities Private Limited,Neev Securities Pvt. Ltd.,923,437.0,403351.0,2025-08-28 12:35:02.851616
2025-08-28,50483,2025082803004454,GBBL,Linch Stock Market Ltd.,Dipshikha Dhitopatra Karobar Co. Pvt Ltd.,10,439.9,4399.0,2025-08-28 12:35:14.097460
2025-08-28,50100,2025082803004537,GBBL,SHUBHAKAMANA SECURITIES PVT. LTD,Dipshikha Dhitopatra Karobar Co. Pvt Ltd.,90,439.9,39591.0,2025-08-28 12:36:09.551913
2025-08-28,50099,2025082803004538,GBBL,SHUBHAKAMANA SECURITIES PVT. LTD,Dynamic Money Managers Securities Pvt. Ltd.,120,440.0,52800.0,2025-08-28 12:36:09.552072
2025-08-28,50098,2025082803004539,GBBL,SHUBHAKAMANA SECURITIES PVT. LTD,Imperial Securities Company Pvt. Ltd.,790,440.0,347600.0,2025-08-28 12:36:09.552135
2025-08-28,49744,2025082803004591,GBBL,SHUBHAKAMANA SECURITIES PVT. LTD,Imperial Securities Company Pvt. Ltd.,210,440.0,92400.0,2025-08-28 12:37:00.699215
2025-08-28,49743,2025082803004592,GBBL,SHUBHAKAMANA SECURITIES PVT. LTD,Bhrikuti Stock Broking Co. Pvt. Ltd.,100,440.0,44000.0,2025-08-28 12:37:00.699414
2025-08-28,49742,2025082803004593,GBBL,SHUBHAKAMANA SECURITIES PVT. LTD,Trisul Securities & Invt. Ltd.,40,440.0,17600.0,2025-08-28 12:37:00.699470
2025-08-28,49741,2025082803004594,GBBL,SHUBHAKAMANA SECURITIES PVT. LTD,South Asian Bulls Pvt. Ltd.,500,440.0,220000.0,2025-08-28 12:37:00.699527
2025-08-28,48137,2025082803004932,GBBL,Market Securities & Exchange (PVT) Ltd.,Neev Securities Pvt. Ltd.,500,437.1,218550.0,2025-08-28 12:40:53.644738
2025-08-28,48136,2025082803004933,GBBL,ABC Securities Private Limited,Neev Securities Pvt. Ltd.,77,437.0,33649.0,2025-08-28 12:40:53.644903
2025-08-28,48135,2025082803004934,GBBL,Nepal Stock House (PVT) Ltd.,Neev Securities Pvt. Ltd.,200,437.0,87400.0,2025-08-28 12:40:53.644972
2025-08-28,48134,2025082803004935,GBBL,N.M.B. SECURITIES LIMITED,Neev Securities Pvt. Ltd.,100,437.0,43700.0,2025-08-28 12:40:53.645045
2025-08-28,48133,2025082803004936,GBBL,APPLE SECURITIES PRIVATE LIMITED,Neev Securities Pvt. Ltd.,5000,437.0,2185000.0,2025-08-28 12:40:53.645120
2025-08-28,48132,2025082803004937,GBBL,N.M.B. SECURITIES LIMITED,Neev Securities Pvt. Ltd.,100,437.0,43700.0,2025-08-28 12:40:53.645194
2025-08-28,47837,2025082803005014,GBBL,Dynamic Money Managers Securities Pvt. Ltd.,Dynamic Money Managers Securities Pvt. Ltd.,500,436.5,218250.0,2025-08-28 12:41:42.051958
2025-08-28,47836,2025082803005015,GBBL,Dynamic Money Managers Securities Pvt. Ltd.,Dynamic Money Managers Securities Pvt. Ltd.,500,436.4,218200.0,2025-08-28 12:41:42.052099
2025-08-28,47835,2025082803005016,GBBL,Shree Krishna Securities Ltd.,Dynamic Money Managers Securities Pvt. Ltd.,200,436.4,87280.0,2025-08-28 12:41:42.052157
2025-08-28,47809,2025082803005022,GBBL,N.M.B. SECURITIES LIMITED,Neev Securities Pvt. Ltd.,23,437.0,10051.0,2025-08-28 12:41:47.978367
2025-08-28,47688,2025082803005043,GBBL,N.M.B. SECURITIES LIMITED,Neev Securities Pvt. Ltd.,177,437.0,77349.0,2025-08-28 12:42:11.046872
2025-08-28,47687,2025082803005044,GBBL,Sewa Securities Pvt. Ltd.,Neev Securities Pvt. Ltd.,12,437.0,5244.0,2025-08-28 12:42:11.047055
2025-08-28,47686,2025082803005045,GBBL,Shree Krishna Securities Ltd.,Neev Securities Pvt. Ltd.,300,436.4,130920.0,2025-08-28 12:42:11.047112
2025-08-28,47685,2025082803005046,GBBL,Dynamic Money Managers Securities Pvt. Ltd.,Neev Securities Pvt. Ltd.,1000,435.2,435200.0,2025-08-28 12:42:11.047166
2025-08-28,47684,2025082803005047,GBBL,Ashutosh Brokerage & Securities (PVT) Ltd.,Neev Securities Pvt. Ltd.,110,435.0,47850.0,2025-08-28 12:42:11.047222
2025-08-28,47683,2025082803005048,GBBL,Naasa Securities Co. Ltd.,Neev Securities Pvt. Ltd.,100,435.0,43500.0,2025-08-28 12:42:11.047280
2025-08-28,47682,2025082803005049,GBBL,Malla & Malla Stock Broking Company Pvt. Limited,Neev Securities Pvt. Ltd.,10,435.0,4350.0,2025-08-28 12:42:11.047335
2025-08-28,47681,2025082803005050,GBBL,SHUBHAKAMANA SECURITIES PVT. LTD,Neev Securities Pvt. Ltd.,100,435.0,43500.0,2025-08-28 12:42:11.047392
2025-08-28,47680,2025082803005051,GBBL,Online Securities Pvt. Ltd.,Neev Securities Pvt. Ltd.,600,435.0,261000.0,2025-08-28 12:42:11.047440
2025-08-28,47679,2025082803005052,GBBL,Malla & Malla Stock Broking Company Pvt. Limited,Neev Securities Pvt. Ltd.,30,435.0,13050.0,2025-08-28 12:42:11.047490
2025-08-28,47678,2025082803005053,GBBL,Imperial Securities Company Pvt. Ltd.,Neev Securities Pvt. Ltd.,500,435.0,217500.0,2025-08-28 12:42:11.047541
2025-08-28,47677,2025082803005054,GBBL,ABC Securities Private Limited,Neev Securities Pvt. Ltd.,50,435.0,21750.0,2025-08-28 12:42:11.047591
2025-08-28,47676,2025082803005055,GBBL,APPLE SECURITIES PRIVATE LIMITED,Neev Securities Pvt. Ltd.,20,435.0,8700.0,2025-08-28 12:42:11.047641
2025-08-28,46896,2025082803005180,GBBL,Kohinoor Investment & Securities Pvt. Ltd.,Aryatara Investment & Securities,90,439.0,39510.0,2025-08-28 12:44:55.058230
2025-08-28,45615,2025082803005387,GBBL,APPLE SECURITIES PRIVATE LIMITED,J.F. Securites (PVT) Ltd.,1980,437.0,865260.0,2025-08-28 12:50:15.338303
2025-08-28,45230,2025082803005458,GBBL,SHUBHAKAMANA SECURITIES PVT. LTD,Capital Max Securities Ltd,50,438.9,21945.0,2025-08-28 12:51:54.484116
2025-08-28,45229,2025082803005459,GBBL,SHUBHAKAMANA SECURITIES PVT. LTD,J.F. Securites (PVT) Ltd.,2000,439.0,878000.0,2025-08-28 12:51:54.484290
2025-08-28,45228,2025082803005460,GBBL,SHUBHAKAMANA SECURITIES PVT. LTD,Ashutosh Brokerage & Securities (PVT) Ltd.,50,439.9,21995.0,2025-08-28 12:51:54.484353
2025-08-28,45227,2025082803005461,GBBL,SHUBHAKAMANA SECURITIES PVT. LTD,Kohinoor Investment & Securities Pvt. Ltd.,50,439.9,21995.0,2025-08-28 12:51:54.484412
2025-08-28,45226,2025082803005462,GBBL,SHUBHAKAMANA SECURITIES PVT. LTD,J.F. Securites (PVT) Ltd.,70,440.0,30800.0,2025-08-28 12:51:54.484467
2025-08-28,45225,2025082803005463,GBBL,SHUBHAKAMANA SECURITIES PVT. LTD,Naasa Securities Co. Ltd.,500,440.0,220000.0,2025-08-28 12:51:54.484520
2025-08-28,45224,2025082803005464,GBBL,SHUBHAKAMANA SECURITIES PVT. LTD,Dipshikha Dhitopatra Karobar Co. Pvt Ltd.,220,440.0,96800.0,2025-08-28 12:51:54.484575
2025-08-28,45182,2025082803005471,GBBL,SHUBHAKAMANA SECURITIES PVT. LTD,Cristal Kanchanjanga Securites Pvt. Ltd.,500,440.0,220000.0,2025-08-28 12:52:10.269643
2025-08-28,45174,2025082803005474,GBBL,SHUBHAKAMANA SECURITIES PVT. LTD,Asian Securities Private Ltd.,60,440.0,26400.0,2025-08-28 12:52:13.640263
2025-08-28,44989,2025082803005494,GBBL,SHUBHAKAMANA SECURITIES PVT. LTD,Asian Securities Private Ltd.,340,440.0,149600.0,2025-08-28 12:52:58.710644
2025-08-28,44945,2025082803005500,GBBL,SHUBHAKAMANA SECURITIES PVT. LTD,Kohinoor Investment & Securities Pvt. Ltd.,1005,440.0,442200.0,2025-08-28 12:53:08.009748
2025-08-28,44853,2025082803005524,GBBL,SHUBHAKAMANA SECURITIES PVT. LTD,Sani Securities Company Ltd.,500,440.0,220000.0,2025-08-28 12:53:41.490701
2025-08-28,44761,2025082803005542,GBBL,SHUBHAKAMANA SECURITIES PVT. LTD,Kumari Securities Private Limited,31,440.0,13640.0,2025-08-28 12:53:58.351176
2025-08-28,44717,2025082803005559,GBBL,SHUBHAKAMANA SECURITIES PVT. LTD,SUN SECURITIES PVT LTD,124,440.0,54560.0,2025-08-28 12:54:07.489277
2025-08-28,43202,2025082803005869,GBBL,Opal Securities Investment (PVT) Ltd.,Sweta Securities Private Limited,100,436.0,43600.0,2025-08-28 13:00:01.942681
2025-08-28,42948,2025082803005911,GBBL,SHUBHAKAMANA SECURITIES PVT. LTD,Aryatara Investment & Securities,23,439.0,10097.0,2025-08-28 13:00:52.924968
2025-08-28,42728,2025082803005978,GBBL,SHUBHAKAMANA SECURITIES PVT. LTD,Vision Securities Pvt. Ltd,490,439.0,215110.0,2025-08-28 13:01:40.780660
2025-08-28,42652,2025082803005990,GBBL,ABC Securities Private Limited,Dipshikha Dhitopatra Karobar Co. Pvt Ltd.,200,439.3,87860.0,2025-08-28 13:01:52.396264
2025-08-28,42546,2025082803006006,GBBL,SHUBHAKAMANA SECURITIES PVT. LTD,SUN SECURITIES PVT LTD,487,439.0,213793.0,2025-08-28 13:02:07.835566
2025-08-28,41743,2025082803006138,GBBL,SHUBHAKAMANA SECURITIES PVT. LTD,Agrawal Securities (PVT) Ltd.,200,439.0,87800.0,2025-08-28 13:04:38.022347
2025-08-28,41742,2025082803006139,GBBL,SHUBHAKAMANA SECURITIES PVT. LTD,Naasa Securities Co. Ltd.,100,439.0,43900.0,2025-08-28 13:04:38.022499
2025-08-28,41670,2025082803006148,GBBL,SHUBHAKAMANA SECURITIES PVT. LTD,SUN SECURITIES PVT LTD,700,439.0,307300.0,2025-08-28 13:04:55.306374
2025-08-28,41493,2025082803006188,GBBL,Trisul Securities & Invt. Ltd.,Dipshikha Dhitopatra Karobar Co. Pvt Ltd.,100,439.3,43930.0,2025-08-28 13:05:54.086447
2025-08-28,41382,2025082803006208,GBBL,Kumari Securities Private Limited,Aryatara Investment & Securities,4,440.0,1760.0,2025-08-28 13:06:20.411956
2025-08-28,40893,2025082803006290,GBBL,Nepal Stock House (PVT) Ltd.,Neev Securities Pvt. Ltd.,7,432.0,3024.0,2025-08-28 13:08:31.048408
2025-08-28,40498,2025082803006350,GBBL,SHUBHAKAMANA SECURITIES PVT. LTD,Thrive Brokerage House Pvt. Ltd,100,438.8,43880.0,2025-08-28 13:10:47.177712
2025-08-28,40497,2025082803006351,GBBL,SHUBHAKAMANA SECURITIES PVT. LTD,Dipshikha Dhitopatra Karobar Co. Pvt Ltd.,200,438.9,87780.0,2025-08-28 13:10:47.178053
2025-08-28,40496,2025082803006352,GBBL,SHUBHAKAMANA SECURITIES PVT. LTD,Sundhara Securities Limited,500,439.0,219500.0,2025-08-28 13:10:47.178239
2025-08-28,40495,2025082803006353,GBBL,SHUBHAKAMANA SECURITIES PVT. LTD,J.F. Securites (PVT) Ltd.,1000,439.0,439000.0,2025-08-28 13:10:47.178415
2025-08-28,40494,2025082803006354,GBBL,SHUBHAKAMANA SECURITIES PVT. LTD,Sani Securities Company Ltd.,100,439.0,43900.0,2025-08-28 13:10:47.178591
2025-08-28,39574,2025082803006506,GBBL,Pragyan Securities (PVT) Ltd.,Kumari Securities Private Limited,500,437.0,218500.0,2025-08-28 13:15:50.234923
2025-08-28,38674,2025082803006643,GBBL,Imperial Securities Company Pvt. Ltd.,Dynamic Money Managers Securities Pvt. Ltd.,1,433.0,433.0,2025-08-28 13:19:58.737347
2025-08-28,38479,2025082803006677,GBBL,Oxford Securities Pvt. Ltd.,KALASH STOCK MARKET PVT. LTD.,20,437.0,8740.0,2025-08-28 13:20:54.001386
2025-08-28,38478,2025082803006678,GBBL,Opal Securities Investment (PVT) Ltd.,KALASH STOCK MARKET PVT. LTD.,80,436.0,34880.0,2025-08-28 13:20:54.001699
2025-08-28,38476,2025082803006679,GBBL,SHUBHAKAMANA SECURITIES PVT. LTD,Sweta Securities Private Limited,61,439.0,26779.0,2025-08-28 13:20:55.013978
2025-08-28,38475,2025082803006680,GBBL,SHUBHAKAMANA SECURITIES PVT. LTD,Thrive Brokerage House Pvt. Ltd,100,439.0,43900.0,2025-08-28 13:20:55.014297
2025-08-28,38474,2025082803006681,GBBL,SHUBHAKAMANA SECURITIES PVT. LTD,Capital Max Securities Ltd,50,439.0,21950.0,2025-08-28 13:20:55.014471
2025-08-28,38473,2025082803006682,GBBL,SHUBHAKAMANA SECURITIES PVT. LTD,Sundhara Securities Limited,123,439.4,54046.2,2025-08-28 13:20:55.014645
2025-08-28,38472,2025082803006683,GBBL,SHUBHAKAMANA SECURITIES PVT. LTD,South Asian Bulls Pvt. Ltd.,500,439.5,219750.0,2025-08-28 13:20:55.014862
2025-08-28,38471,2025082803006684,GBBL,SHUBHAKAMANA SECURITIES PVT. LTD,Asian Securities Private Ltd.,166,439.9,73023.4,2025-08-28 13:20:55.015042
2025-08-28,37457,2025082803006824,GBBL,Imperial Securities Company Pvt. Ltd.,Kumari Securities Private Limited,50,439.0,21950.0,2025-08-28 13:26:04.138293
2025-08-28,35893,2025082803007096,GBBL,Nabil Stock Dealer Ltd.,Kumari Securities Private Limited,200,438.0,87600.0,2025-08-28 13:33:54.220751
2025-08-28,35237,2025082803007229,GBBL,Nepal Stock House (PVT) Ltd.,Sweta Securities Private Limited,100,437.0,43700.0,2025-08-28 13:37:10.092375
2025-08-28,35233,2025082803007230,GBBL,Nepal Stock House (PVT) Ltd.,Imperial Securities Company Pvt. Ltd.,200,437.0,87400.0,2025-08-28 13:37:11.195441
2025-08-28,35125,2025082803007250,GBBL,SHUBHAKAMANA SECURITIES PVT. LTD,Dipshikha Dhitopatra Karobar Co. Pvt Ltd.,100,438.0,43800.0,2025-08-28 13:37:37.891698
2025-08-28,35124,2025082803007251,GBBL,SHUBHAKAMANA SECURITIES PVT. LTD,J.F. Securites (PVT) Ltd.,1000,439.0,439000.0,2025-08-28 13:37:37.891874
2025-08-28,35123,2025082803007252,GBBL,SHUBHAKAMANA SECURITIES PVT. LTD,Sundhara Securities Limited,500,439.5,219750.0,2025-08-28 13:37:37.891937
2025-08-28,35122,2025082803007253,GBBL,SHUBHAKAMANA SECURITIES PVT. LTD,Dynamic Money Managers Securities Pvt. Ltd.,200,439.8,87960.0,2025-08-28 13:37:37.892003
2025-08-28,35121,2025082803007254,GBBL,SHUBHAKAMANA SECURITIES PVT. LTD,J.F. Securites (PVT) Ltd.,1000,439.8,439800.0,2025-08-28 13:37:37.892073
2025-08-28,35120,2025082803007255,GBBL,SHUBHAKAMANA SECURITIES PVT. LTD,Asian Securities Private Ltd.,34,439.9,14956.6,2025-08-28 13:37:37.892136
2025-08-28,35119,2025082803007256,GBBL,SHUBHAKAMANA SECURITIES PVT. LTD,Secured Securities Ltd.,666,439.9,292973.4,2025-08-28 13:37:37.892194
2025-08-28,33979,2025082803007459,GBBL,Imperial Securities Company Pvt. Ltd.,Deevyaa Securities & Stock House Pvt. Ltd,30,439.7,13191.0,2025-08-28 13:42:53.567455
2025-08-28,33842,2025082803007484,GBBL,SHUBHAKAMANA SECURITIES PVT. LTD,Deevyaa Securities & Stock House Pvt. Ltd,970,439.7,426509.0,2025-08-28 13:43:29.914213
2025-08-28,33841,2025082803007485,GBBL,SHUBHAKAMANA SECURITIES PVT. LTD,J.F. Securites (PVT) Ltd.,2000,439.8,879600.0,2025-08-28 13:43:29.914370
2025-08-28,33840,2025082803007486,GBBL,Online Securities Pvt. Ltd.,Imperial Securities Company Pvt. Ltd.,50,437.0,21850.0,2025-08-28 13:43:29.971165
2025-08-28,33839,2025082803007487,GBBL,Capital Max Securities Ltd,Imperial Securities Company Pvt. Ltd.,50,436.7,21835.0,2025-08-28 13:43:29.971315
2025-08-28,33838,2025082803007488,GBBL,Aryatara Investment & Securities,Imperial Securities Company Pvt. Ltd.,100,436.6,43660.0,2025-08-28 13:43:29.971387
2025-08-28,33501,2025082803007534,GBBL,Aryatara Investment & Securities,Investment Management Nepal Pvt. Ltd.,130,436.6,56758.0,2025-08-28 13:44:32.248594
2025-08-28,33500,2025082803007535,GBBL,Naasa Securities Co. Ltd.,Investment Management Nepal Pvt. Ltd.,20,436.5,8730.0,2025-08-28 13:44:32.248694
2025-08-28,33499,2025082803007536,GBBL,Naasa Securities Co. Ltd.,Investment Management Nepal Pvt. Ltd.,420,436.4,183288.0,2025-08-28 13:44:32.248756
2025-08-28,33498,2025082803007537,GBBL,Opal Securities Investment (PVT) Ltd.,Investment Management Nepal Pvt. Ltd.,49,436.0,21364.0,2025-08-28 13:44:32.248822
2025-08-28,33497,2025082803007538,GBBL,Aryatara Investment & Securities,Investment Management Nepal Pvt. Ltd.,150,436.0,65400.0,2025-08-28 13:44:32.248884
2025-08-28,33496,2025082803007539,GBBL,Global IME Securities Limited,Investment Management Nepal Pvt. Ltd.,25,436.0,10900.0,2025-08-28 13:44:32.248944
2025-08-28,33495,2025082803007540,GBBL,Imperial Securities Company Pvt. Ltd.,Investment Management Nepal Pvt. Ltd.,50,435.0,21750.0,2025-08-28 13:44:32.249006
2025-08-28,33494,2025082803007541,GBBL,Arun Securities (PVT) Ltd.,Investment Management Nepal Pvt. Ltd.,100,435.0,43500.0,2025-08-28 13:44:32.249089
2025-08-28,33493,2025082803007542,GBBL,Sewa Securities Pvt. Ltd.,Investment Management Nepal Pvt. Ltd.,10,435.0,4350.0,2025-08-28 13:44:32.249150
2025-08-28,33492,2025082803007543,GBBL,J.F. Securites (PVT) Ltd.,Investment Management Nepal Pvt. Ltd.,115,435.0,50025.0,2025-08-28 13:44:32.249209
2025-08-28,33491,2025082803007544,GBBL,Imperial Securities Company Pvt. Ltd.,Investment Management Nepal Pvt. Ltd.,90,434.0,39060.0,2025-08-28 13:44:32.249310
2025-08-28,33490,2025082803007545,GBBL,Malla & Malla Stock Broking Company Pvt. Limited,Investment Management Nepal Pvt. Ltd.,50,434.0,21700.0,2025-08-28 13:44:32.249378
2025-08-28,33489,2025082803007546,GBBL,Market Securities & Exchange (PVT) Ltd.,Investment Management Nepal Pvt. Ltd.,500,433.5,216750.0,2025-08-28 13:44:32.249447
2025-08-28,33488,2025082803007547,GBBL,Kumari Securities Private Limited,Investment Management Nepal Pvt. Ltd.,126,433.3,54595.8,2025-08-28 13:44:32.249516
2025-08-28,33487,2025082803007548,GBBL,Dipshikha Dhitopatra Karobar Co. Pvt Ltd.,Investment Management Nepal Pvt. Ltd.,100,433.2,43320.0,2025-08-28 13:44:32.249580
2025-08-28,33486,2025082803007549,GBBL,Deevyaa Securities & Stock House Pvt. Ltd,Investment Management Nepal Pvt. Ltd.,65,433.1,28151.5,2025-08-28 13:44:32.249643
2025-08-28,33400,2025082803007564,GBBL,Deevyaa Securities & Stock House Pvt. Ltd,Imperial Securities Company Pvt. Ltd.,1000,433.1,433100.0,2025-08-28 13:44:47.835201
2025-08-28,33044,2025082803007641,GBBL,Deevyaa Securities & Stock House Pvt. Ltd,Neev Securities Pvt. Ltd.,100,433.1,43310.0,2025-08-28 13:45:41.780985
2025-08-28,31221,2025082803008095,GBBL,Vision Securities Pvt. Ltd,KALASH STOCK MARKET PVT. LTD.,100,434.1,43410.0,2025-08-28 13:50:40.597905
2025-08-28,30249,2025082803008306,GBBL,Online Securities Pvt. Ltd.,Premier Securities Company Ltd.,10,434.2,4342.0,2025-08-28 13:53:43.537880
2025-08-28,30248,2025082803008307,GBBL,Vision Securities Pvt. Ltd,Premier Securities Company Ltd.,400,434.1,173640.0,2025-08-28 13:53:43.538090
2025-08-28,30247,2025082803008308,GBBL,SHUBHAKAMANA SECURITIES PVT. LTD,Premier Securities Company Ltd.,153,434.0,66402.0,2025-08-28 13:53:43.538157
2025-08-28,30152,2025082803008327,GBBL,SHUBHAKAMANA SECURITIES PVT. LTD,Deevyaa Securities & Stock House Pvt. Ltd,100,435.0,43500.0,2025-08-28 13:54:04.041368
2025-08-28,30151,2025082803008328,GBBL,SHUBHAKAMANA SECURITIES PVT. LTD,Imperial Securities Company Pvt. Ltd.,480,437.0,209760.0,2025-08-28 13:54:04.041675
2025-08-28,30150,2025082803008329,GBBL,SHUBHAKAMANA SECURITIES PVT. LTD,Nepal Investment And Securities Trading Private Limited,420,437.0,183540.0,2025-08-28 13:54:04.041859
2025-08-28,29717,2025082803008392,GBBL,Online Securities Pvt. Ltd.,Vision Securities Pvt. Ltd,10,434.1,4341.0,2025-08-28 13:55:28.658317
2025-08-28,29716,2025082803008393,GBBL,SHUBHAKAMANA SECURITIES PVT. LTD,Vision Securities Pvt. Ltd,87,434.0,37758.0,2025-08-28 13:55:28.658608
2025-08-28,28958,2025082803008511,GBBL,SHUBHAKAMANA SECURITIES PVT. LTD,Linch Stock Market Ltd.,500,434.0,217000.0,2025-08-28 13:58:01.937494
2025-08-28,28648,2025082803008554,GBBL,SHUBHAKAMANA SECURITIES PVT. LTD,Bhrikuti Stock Broking Co. Pvt. Ltd.,100,434.0,43400.0,2025-08-28 13:58:57.536106
2025-08-28,28374,2025082803008599,GBBL,Naasa Securities Co. Ltd.,Trishakti Securities Public Limited,1,434.0,434.0,2025-08-28 13:59:48.072380
2025-08-28,28262,2025082803008621,GBBL,SHUBHAKAMANA SECURITIES PVT. LTD,Aryatara Investment & Securities,30,435.0,13050.0,2025-08-28 14:00:09.177582
2025-08-28,28261,2025082803008622,GBBL,SHUBHAKAMANA SECURITIES PVT. LTD,Dynamic Money Managers Securities Pvt. Ltd.,100,435.0,43500.0,2025-08-28 14:00:09.177762
2025-08-28,28260,2025082803008623,GBBL,SHUBHAKAMANA SECURITIES PVT. LTD,Kalika Securities Pvt. Ltd.,50,437.0,21850.0,2025-08-28 14:00:09.177828
2025-08-28,28259,2025082803008624,GBBL,SHUBHAKAMANA SECURITIES PVT. LTD,Sharepro Securities Private Limited,70,437.0,30590.0,2025-08-28 14:00:09.177903
2025-08-28,27066,2025082803008791,GBBL,SHUBHAKAMANA SECURITIES PVT. LTD,J.F. Securites (PVT) Ltd.,100,434.0,43400.0,2025-08-28 14:03:42.369309
2025-08-28,26946,2025082803008834,GBBL,Investment Management Nepal Pvt. Ltd.,Thrive Brokerage House Pvt. Ltd,25,436.8,10920.0,2025-08-28 14:04:10.451008
2025-08-28,26899,2025082803008838,GBBL,SHUBHAKAMANA SECURITIES PVT. LTD,Thrive Brokerage House Pvt. Ltd,75,436.8,32760.0,2025-08-28 14:04:27.981941
2025-08-28,26898,2025082803008839,GBBL,SHUBHAKAMANA SECURITIES PVT. LTD,Sharepro Securities Private Limited,930,437.0,406410.0,2025-08-28 14:04:27.982254
2025-08-28,26897,2025082803008840,GBBL,SHUBHAKAMANA SECURITIES PVT. LTD,Oxford Securities Pvt. Ltd.,495,437.0,216315.0,2025-08-28 14:04:27.982461
2025-08-28,25533,2025082803009121,GBBL,SHUBHAKAMANA SECURITIES PVT. LTD,Swarna Laxmi Securities Pvt. Ltd.,500,437.8,218900.0,2025-08-28 14:08:55.757779
2025-08-28,25532,2025082803009122,GBBL,SHUBHAKAMANA SECURITIES PVT. LTD,Swarna Laxmi Securities Pvt. Ltd.,100,437.9,43790.0,2025-08-28 14:08:55.758141
2025-08-28,25531,2025082803009123,GBBL,SHUBHAKAMANA SECURITIES PVT. LTD,J.F. Securites (PVT) Ltd.,400,438.0,175200.0,2025-08-28 14:08:55.758325
2025-08-28,25439,2025082803009140,GBBL,SHUBHAKAMANA SECURITIES PVT. LTD,Siprabi Securities Pvt. Ltd.,300,437.7,131310.0,2025-08-28 14:09:14.813060
2025-08-28,25438,2025082803009141,GBBL,SHUBHAKAMANA SECURITIES PVT. LTD,Kohinoor Investment & Securities Pvt. Ltd.,1000,437.7,437700.0,2025-08-28 14:09:14.813273
2025-08-28,25437,2025082803009142,GBBL,SHUBHAKAMANA SECURITIES PVT. LTD,J.F. Securites (PVT) Ltd.,200,438.0,87600.0,2025-08-28 14:09:14.813338
2025-08-28,25258,2025082803009165,GBBL,SHUBHAKAMANA SECURITIES PVT. LTD,J.F. Securites (PVT) Ltd.,400,438.0,175200.0,2025-08-28 14:09:51.921468
2025-08-28,25180,2025082803009179,GBBL,SHUBHAKAMANA SECURITIES PVT. LTD,SUN SECURITIES PVT LTD,989,438.0,433182.0,2025-08-28 14:10:07.944231
2025-08-28,25179,2025082803009180,GBBL,SHUBHAKAMANA SECURITIES PVT. LTD,Vision Securities Pvt. Ltd,60,438.5,26310.0,2025-08-28 14:10:08.971387
2025-08-28,25177,2025082803009181,GBBL,SHUBHAKAMANA SECURITIES PVT. LTD,J.F. Securites (PVT) Ltd.,611,438.0,267618.0,2025-08-28 14:10:09.820555
2025-08-28,24138,2025082803009354,GBBL,SHUBHAKAMANA SECURITIES PVT. LTD,Imperial Securities Company Pvt. Ltd.,500,435.0,217500.0,2025-08-28 14:14:31.499795
2025-08-28,23658,2025082803009411,GBBL,SHUBHAKAMANA SECURITIES PVT. LTD,J.F. Securites (PVT) Ltd.,989,438.0,433182.0,2025-08-28 14:16:06.058534
2025-08-28,23657,2025082803009412,GBBL,SHUBHAKAMANA SECURITIES PVT. LTD,Siprabi Securities Pvt. Ltd.,700,438.0,306600.0,2025-08-28 14:16:06.058718
2025-08-28,23636,2025082803009414,GBBL,SHUBHAKAMANA SECURITIES PVT. LTD,Sharepro Securities Private Limited,1500,435.0,652500.0,2025-08-28 14:16:10.966221
2025-08-28,23635,2025082803009415,GBBL,Infinity Securities Limited,Sharepro Securities Private Limited,100,435.0,43500.0,2025-08-28 14:16:10.966398
2025-08-28,22425,2025082803009640,GBBL,SHUBHAKAMANA SECURITIES PVT. LTD,South Asian Bulls Pvt. Ltd.,500,438.2,219100.0,2025-08-28 14:20:19.854093
2025-08-28,22126,2025082803009683,GBBL,SHUBHAKAMANA SECURITIES PVT. LTD,South Asian Bulls Pvt. Ltd.,500,438.2,219100.0,2025-08-28 14:21:21.039449
2025-08-28,22125,2025082803009684,GBBL,SHUBHAKAMANA SECURITIES PVT. LTD,Sharepro Securities Private Limited,300,438.3,131490.0,2025-08-28 14:21:21.039627
2025-08-28,22124,2025082803009685,GBBL,SHUBHAKAMANA SECURITIES PVT. LTD,Cristal Kanchanjanga Securites Pvt. Ltd.,100,438.4,43840.0,2025-08-28 14:21:21.039693
2025-08-28,22123,2025082803009686,GBBL,SHUBHAKAMANA SECURITIES PVT. LTD,Kumari Securities Private Limited,100,438.4,43840.0,2025-08-28 14:21:21.039766
2025-08-28,21096,2025082803009902,GBBL,Sewa Securities Pvt. Ltd.,J.F. Securites (PVT) Ltd.,10,434.5,4345.0,2025-08-28 14:23:50.847950
2025-08-28,21095,2025082803009903,GBBL,Online Securities Pvt. Ltd.,J.F. Securites (PVT) Ltd.,10,434.1,4341.0,2025-08-28 14:23:50.848288
2025-08-28,21094,2025082803009904,GBBL,Aryatara Investment & Securities,J.F. Securites (PVT) Ltd.,100,434.0,43400.0,2025-08-28 14:23:50.848509
2025-08-28,21093,2025082803009905,GBBL,Aryatara Investment & Securities,J.F. Securites (PVT) Ltd.,500,434.0,217000.0,2025-08-28 14:23:50.848782
2025-08-28,21092,2025082803009906,GBBL,South Asian Bulls Pvt. Ltd.,J.F. Securites (PVT) Ltd.,380,433.4,164692.0,2025-08-28 14:23:50.849053
2025-08-28,20745,2025082803009984,GBBL,South Asian Bulls Pvt. Ltd.,J.F. Securites (PVT) Ltd.,120,433.4,52008.0,2025-08-28 14:24:39.142309
2025-08-28,20443,2025082803010047,GBBL,SHUBHAKAMANA SECURITIES PVT. LTD,J.F. Securites (PVT) Ltd.,900,433.4,390060.0,2025-08-28 14:25:26.823412
2025-08-28,20442,2025082803010048,GBBL,SHUBHAKAMANA SECURITIES PVT. LTD,J.F. Securites (PVT) Ltd.,1000,433.4,433400.0,2025-08-28 14:25:26.823727
2025-08-28,19080,2025082803010298,GBBL,Premier Securities Company Ltd.,Aryatara Investment & Securities,150,433.5,65025.0,2025-08-28 14:28:27.468920
2025-08-28,18902,2025082803010334,GBBL,SHUBHAKAMANA SECURITIES PVT. LTD,Online Securities Pvt. Ltd.,220,437.9,96338.0,2025-08-28 14:28:58.516281
2025-08-28,18901,2025082803010335,GBBL,SHUBHAKAMANA SECURITIES PVT. LTD,Malla & Malla Stock Broking Company Pvt. Limited,50,438.0,21900.0,2025-08-28 14:28:58.516450
2025-08-28,18900,2025082803010336,GBBL,SHUBHAKAMANA SECURITIES PVT. LTD,J.F. Securites (PVT) Ltd.,271,438.0,118698.0,2025-08-28 14:28:58.516514
2025-08-28,18734,2025082803010361,GBBL,SHUBHAKAMANA SECURITIES PVT. LTD,Secured Securities Ltd.,334,437.9,146258.6,2025-08-28 14:29:30.610730
2025-08-28,18733,2025082803010362,GBBL,SHUBHAKAMANA SECURITIES PVT. LTD,J.F. Securites (PVT) Ltd.,266,438.0,116508.0,2025-08-28 14:29:30.610907
2025-08-28,17943,2025082803010532,GBBL,Premier Securities Company Ltd.,Primo Securities (PVT) Ltd.,50,433.5,21675.0,2025-08-28 14:31:46.338944
2025-08-28,17942,2025082803010533,GBBL,Deevyaa Securities & Stock House Pvt. Ltd,Primo Securities (PVT) Ltd.,335,433.1,145088.5,2025-08-28 14:31:46.338996
2025-08-28,17941,2025082803010534,GBBL,Imperial Securities Company Pvt. Ltd.,Primo Securities (PVT) Ltd.,115,433.0,49795.0,2025-08-28 14:31:46.339028
2025-08-28,17461,2025082803010654,GBBL,Naasa Securities Co. Ltd.,Naasa Securities Co. Ltd.,10,433.1,4331.0,2025-08-28 14:33:29.142845
2025-08-28,17460,2025082803010655,GBBL,Imperial Securities Company Pvt. Ltd.,Naasa Securities Co. Ltd.,40,433.0,17320.0,2025-08-28 14:33:29.142929
2025-08-28,17076,2025082803010724,GBBL,Sipla Securities Private Limited,J.F. Securites (PVT) Ltd.,463,435.0,201405.0,2025-08-28 14:34:29.325889
2025-08-28,16075,2025082803010969,GBBL,Sewa Securities Pvt. Ltd.,Dynamic Money Managers Securities Pvt. Ltd.,4,433.5,1734.0,2025-08-28 14:37:18.389175
2025-08-28,15012,2025082803011197,GBBL,Premier Securities Company Ltd.,Sani Securities Company Ltd.,39,435.3,16976.7,2025-08-28 14:40:00.732699
2025-08-28,14751,2025082803011276,GBBL,Premier Securities Company Ltd.,Dakshinkali Investment & Securities Pvt. Ltd.,99,435.3,43094.7,2025-08-28 14:40:36.117469
2025-08-28,13837,2025082803011418,GBBL,Online Securities Pvt. Ltd.,Aryatara Investment & Securities,10,435.2,4352.0,2025-08-28 14:42:32.303317
2025-08-28,13836,2025082803011419,GBBL,Sipla Securities Private Limited,Aryatara Investment & Securities,110,435.0,47850.0,2025-08-28 14:42:32.303497
2025-08-28,13675,2025082803011454,GBBL,Sipla Securities Private Limited,Agrawal Securities (PVT) Ltd.,28,435.0,12180.0,2025-08-28 14:42:49.751337
2025-08-28,13417,2025082803011512,GBBL,Sipla Securities Private Limited,Imperial Securities Company Pvt. Ltd.,1304,435.0,567240.0,2025-08-28 14:43:20.903124
2025-08-28,11236,2025082803011859,GBBL,Imperial Securities Company Pvt. Ltd.,Sani Securities Company Ltd.,25,436.9,10922.5,2025-08-28 14:46:57.471939
2025-08-28,9856,2025082803012203,GBBL,Sipla Securities Private Limited,Creative Securities Pvt Ltd,1095,435.0,476325.0,2025-08-28 14:49:21.277880
2025-08-28,9855,2025082803012204,GBBL,Naasa Securities Co. Ltd.,Creative Securities Pvt Ltd,100,435.0,43500.0,2025-08-28 14:49:21.278059
2025-08-28,9854,2025082803012205,GBBL,Sani Securities Company Ltd.,Creative Securities Pvt Ltd,137,435.0,59595.0,2025-08-28 14:49:21.278127
2025-08-28,9853,2025082803012206,GBBL,Sani Securities Company Ltd.,Creative Securities Pvt Ltd,100,435.0,43500.0,2025-08-28 14:49:21.278193
2025-08-28,8676,2025082803012457,GBBL,Cristal Kanchanjanga Securites Pvt. Ltd.,Deevyaa Securities & Stock House Pvt. Ltd,100,434.0,43400.0,2025-08-28 14:51:19.123666
2025-08-28,8675,2025082803012458,GBBL,Kumari Securities Private Limited,Deevyaa Securities & Stock House Pvt. Ltd,200,434.0,86800.0,2025-08-28 14:51:19.124086
2025-08-28,8437,2025082803012490,GBBL,Imperial Securities Company Pvt. Ltd.,Vision Securities Pvt. Ltd,345,433.0,149385.0,2025-08-28 14:51:38.182306
2025-08-28,8436,2025082803012491,GBBL,Nepal Stock House (PVT) Ltd.,Vision Securities Pvt. Ltd,95,433.0,41135.0,2025-08-28 14:51:38.182609
2025-08-28,6423,2025082803012922,GBBL,Naasa Securities Co. Ltd.,Dipshikha Dhitopatra Karobar Co. Pvt Ltd.,100,433.0,43300.0,2025-08-28 14:54:07.915857
2025-08-28,6422,2025082803012923,GBBL,Ashutosh Brokerage & Securities (PVT) Ltd.,Dipshikha Dhitopatra Karobar Co. Pvt Ltd.,50,433.0,21650.0,2025-08-28 14:54:07.916205
2025-08-28,4989,2025082803013161,GBBL,Miyo Securities Pvt Ltd,Trishakti Securities Public Limited,700,433.1,303170.0,2025-08-28 14:56:03.459325
2025-08-28,4521,2025082803013253,GBBL,Market Securities & Exchange (PVT) Ltd.,Trishakti Securities Public Limited,200,433.1,86620.0,2025-08-28 14:56:42.012843
2025-08-28,4450,2025082803013287,GBBL,Dynamic Money Managers Securities Pvt. Ltd.,BHOLE GANESH SECURITIES LTD,100,433.0,43300.0,2025-08-28 14:56:45.586412
2025-08-28,4449,2025082803013288,GBBL,Dynamic Money Managers Securities Pvt. Ltd.,BHOLE GANESH SECURITIES LTD,400,432.4,172960.0,2025-08-28 14:56:45.586613
2025-08-28,3829,2025082803013422,GBBL,Dynamic Money Managers Securities Pvt. Ltd.,Online Securities Pvt. Ltd.,90,432.4,38916.0,2025-08-28 14:57:24.690439
2025-08-28,3542,2025082803013461,GBBL,Nabil Stock Dealer Ltd.,Linch Stock Market Ltd.,28,433.0,12124.0,2025-08-28 14:57:41.600410
2025-08-28,2313,2025082803013689,GBBL,Dynamic Money Managers Securities Pvt. Ltd.,Linch Stock Market Ltd.,10,432.4,4324.0,2025-08-28 14:58:46.331033
2025-08-28,2312,2025082803013690,GBBL,Market Securities & Exchange (PVT) Ltd.,Linch Stock Market Ltd.,22,432.2,9508.4,2025-08-28 14:58:46.331193
2025-08-28,1585,2025082803013823,GBBL,Market Securities & Exchange (PVT) Ltd.,Primo Securities (PVT) Ltd.,478,432.2,206591.6,2025-08-28 14:59:18.237372
2025-08-28,1584,2025082803013824,GBBL,Creative Securities Pvt Ltd,Primo Securities (PVT) Ltd.,100,432.2,43220.0,2025-08-28 14:59:18.237410
2025-08-28,1583,2025082803013825,GBBL,Cristal Kanchanjanga Securites Pvt. Ltd.,Primo Securities (PVT) Ltd.,50,432.1,21605.0,2025-08-28 14:59:18.237441
2025-08-28,1582,2025082803013826,GBBL,Premier Securities Company Ltd.,Primo Securities (PVT) Ltd.,872,432.1,376791.2,2025-08-28 14:59:18.237469
2025-08-28,893,2025082803013959,GBBL,Online Securities Pvt. Ltd.,Thrive Brokerage House Pvt. Ltd,10,432.9,4329.0,2025-08-28 14:59:36.762836
