Date,S.N.,Contract ID,Symbol,Buyer Broker,Seller Broker,volume,rate,amount,transaction_time
2025-08-28,78097,2025082803000050,GRDBL,Dipshikha Dhitopatra Karobar Co. Pvt Ltd.,Kalika Securities Pvt. Ltd.,20,1155.6,23112.0,2025-08-28 11:01:41.963951
2025-08-28,76841,2025082803000184,GRDBL,Hatemalo Financial Services Private Limited,Naasa Securities Co. Ltd.,100,1178.4,117840.0,2025-08-28 11:06:51.965031
2025-08-28,72953,2025082803000693,GRDBL,KALASH STOCK MARKET PVT. LTD.,Thrive Brokerage House Pvt. Ltd,10,1177.9,11779.0,2025-08-28 11:20:07.970842
2025-08-28,72952,2025082803000694,GRDBL,KALASH STOCK MARKET PVT. LTD.,Siprabi Securities Pvt. Ltd.,29,1178.0,34162.0,2025-08-28 11:20:07.970942
2025-08-28,72951,2025082803000695,GRDBL,KALASH STOCK MARKET PVT. LTD.,Aryatara Investment & Securities,10,1178.0,11780.0,2025-08-28 11:20:07.971015
2025-08-28,72950,2025082803000696,GRDBL,KALASH STOCK MARKET PVT. LTD.,Midas Stock Broking Company Private Limited,320,1178.7,377184.0,2025-08-28 11:20:07.971118
2025-08-28,72523,2025082803000753,GRDBL,Dipshikha Dhitopatra Karobar Co. Pvt Ltd.,Shree Krishna Securities Ltd.,10,1161.0,11610.0,2025-08-28 11:21:26.507289
2025-08-28,72481,2025082803000763,GRDBL,Sundhara Securities Limited,Nabil Stock Dealer Ltd.,9,1150.0,10350.0,2025-08-28 11:21:37.013379
2025-08-28,71196,2025082803000981,GRDBL,Sundhara Securities Limited,Sani Securities Company Ltd.,7,1155.0,8085.0,2025-08-28 11:24:43.817178
2025-08-28,70652,2025082803001065,GRDBL,Dynamic Money Managers Securities Pvt. Ltd.,Investment Management Nepal Pvt. Ltd.,48,1173.4,56323.2,2025-08-28 11:26:08.046188
2025-08-28,70487,2025082803001113,GRDBL,Sundhara Securities Limited,Ashutosh Brokerage & Securities (PVT) Ltd.,2,1155.0,2310.0,2025-08-28 11:26:34.395296
2025-08-28,70343,2025082803001145,GRDBL,Kumari Securities Private Limited,Sumeru Securities Pvt. Ltd.,2,1152.0,2304.0,2025-08-28 11:27:08.070032
2025-08-28,68122,2025082803001591,GRDBL,Dipshikha Dhitopatra Karobar Co. Pvt Ltd.,Shree Krishna Securities Ltd.,10,1166.2,11662.0,2025-08-28 11:33:38.584153
2025-08-28,63082,2025082803002340,GRDBL,Naasa Securities Co. Ltd.,Imperial Securities Company Pvt. Ltd.,10,1186.5,11865.0,2025-08-28 11:53:03.805615
2025-08-28,63081,2025082803002341,GRDBL,Naasa Securities Co. Ltd.,Nepal Stock House (PVT) Ltd.,36,1186.5,42714.0,2025-08-28 11:53:03.805721
2025-08-28,62667,2025082803002393,GRDBL,Miyo Securities Pvt Ltd,Aryatara Investment & Securities,100,1188.0,118800.0,2025-08-28 11:54:17.067610
2025-08-28,62666,2025082803002394,GRDBL,Miyo Securities Pvt Ltd,Primo Securities (PVT) Ltd.,230,1189.0,273470.0,2025-08-28 11:54:17.067858
2025-08-28,62665,2025082803002395,GRDBL,Miyo Securities Pvt Ltd,Malla & Malla Stock Broking Company Pvt. Limited,534,1189.0,634926.0,2025-08-28 11:54:17.067999
2025-08-28,62664,2025082803002396,GRDBL,Miyo Securities Pvt Ltd,Agrawal Securities (PVT) Ltd.,50,1189.5,59475.0,2025-08-28 11:54:17.068150
2025-08-28,62663,2025082803002397,GRDBL,Miyo Securities Pvt Ltd,Sweta Securities Private Limited,50,1195.0,59750.0,2025-08-28 11:54:17.068288
2025-08-28,62447,2025082803002416,GRDBL,Naasa Securities Co. Ltd.,Naasa Securities Co. Ltd.,100,1196.0,119600.0,2025-08-28 11:55:09.678708
2025-08-28,62123,2025082803002472,GRDBL,Miyo Securities Pvt Ltd,Trishakti Securities Public Limited,36,1195.0,43020.0,2025-08-28 11:56:26.345039
2025-08-28,62101,2025082803002474,GRDBL,Shree Krishna Securities Ltd.,ABC Securities Private Limited,10,1195.0,11950.0,2025-08-28 11:56:30.516050
2025-08-28,62082,2025082803002476,GRDBL,Shree Krishna Securities Ltd.,Midas Stock Broking Company Private Limited,50,1195.0,59750.0,2025-08-28 11:56:32.869443
2025-08-28,62031,2025082803002488,GRDBL,Shree Krishna Securities Ltd.,Imperial Securities Company Pvt. Ltd.,20,1195.0,23900.0,2025-08-28 11:56:47.310115
2025-08-28,61890,2025082803002509,GRDBL,Shree Krishna Securities Ltd.,Linch Stock Market Ltd.,110,1195.1,131461.0,2025-08-28 11:57:17.577530
2025-08-28,61869,2025082803002512,GRDBL,Shree Krishna Securities Ltd.,KALASH STOCK MARKET PVT. LTD.,100,1195.1,119510.0,2025-08-28 11:57:22.185159
2025-08-28,61670,2025082803002535,GRDBL,Sri Hari Securities Pvt. Ltd.,Dipshikha Dhitopatra Karobar Co. Pvt Ltd.,100,1196.7,119670.0,2025-08-28 11:58:01.402016
2025-08-28,61669,2025082803002536,GRDBL,Sri Hari Securities Pvt. Ltd.,Online Securities Pvt. Ltd.,300,1196.8,359040.0,2025-08-28 11:58:01.402148
2025-08-28,61658,2025082803002537,GRDBL,Sri Hari Securities Pvt. Ltd.,Dynamic Money Managers Securities Pvt. Ltd.,100,1197.0,119700.0,2025-08-28 11:58:02.471309
2025-08-28,61657,2025082803002538,GRDBL,Shree Krishna Securities Ltd.,Dynamic Money Managers Securities Pvt. Ltd.,248,1195.1,296384.8,2025-08-28 11:58:02.471446
2025-08-28,61582,2025082803002561,GRDBL,Shree Krishna Securities Ltd.,Trishakti Securities Public Limited,30,1196.0,35880.0,2025-08-28 11:58:15.853113
2025-08-28,61581,2025082803002562,GRDBL,Shree Krishna Securities Ltd.,Naasa Securities Co. Ltd.,10,1196.0,11960.0,2025-08-28 11:58:15.934339
2025-08-28,61523,2025082803002570,GRDBL,Shree Krishna Securities Ltd.,Sweta Securities Private Limited,10,1199.0,11990.0,2025-08-28 11:58:27.710534
2025-08-28,61139,2025082803002629,GRDBL,Midas Stock Broking Company Private Limited,Sweta Securities Private Limited,100,1199.0,119900.0,2025-08-28 11:59:41.712075
2025-08-28,61138,2025082803002630,GRDBL,Midas Stock Broking Company Private Limited,Aakashbhairab Securities Ltd.,100,1200.0,120000.0,2025-08-28 11:59:41.712120
2025-08-28,61137,2025082803002631,GRDBL,Midas Stock Broking Company Private Limited,Nepal Investment And Securities Trading Private Limited,100,1200.0,120000.0,2025-08-28 11:59:41.712146
2025-08-28,61114,2025082803002633,GRDBL,Shree Krishna Securities Ltd.,Shree Krishna Securities Ltd.,80,1198.9,95912.0,2025-08-28 11:59:45.995438
2025-08-28,61065,2025082803002640,GRDBL,Shree Krishna Securities Ltd.,Naasa Securities Co. Ltd.,10,1200.0,12000.0,2025-08-28 11:59:58.036799
2025-08-28,61060,2025082803002642,GRDBL,Trishakti Securities Public Limited,Sani Securities Company Ltd.,100,1201.0,120100.0,2025-08-28 12:00:01.445981
2025-08-28,61059,2025082803002643,GRDBL,Trishakti Securities Public Limited,Hatemalo Financial Services Private Limited,50,1201.0,60050.0,2025-08-28 12:00:01.446115
2025-08-28,61058,2025082803002644,GRDBL,Trishakti Securities Public Limited,Sweta Securities Private Limited,100,1201.0,120100.0,2025-08-28 12:00:01.446168
2025-08-28,61057,2025082803002645,GRDBL,Trishakti Securities Public Limited,Citizens Share Broker Limited,50,1201.0,60050.0,2025-08-28 12:00:01.446217
2025-08-28,60919,2025082803002683,GRDBL,Shree Krishna Securities Ltd.,Dynamic Money Managers Securities Pvt. Ltd.,929,1199.0,1113871.0,2025-08-28 12:00:32.605125
2025-08-28,60847,2025082803002691,GRDBL,MILKY WAY SHARE BROKER COMPANY LTD ,Citizens Share Broker Limited,141,1201.0,169341.0,2025-08-28 12:00:50.255768
2025-08-28,60846,2025082803002692,GRDBL,MILKY WAY SHARE BROKER COMPANY LTD ,Hatemalo Financial Services Private Limited,75,1201.0,90075.0,2025-08-28 12:00:50.255883
2025-08-28,60845,2025082803002693,GRDBL,MILKY WAY SHARE BROKER COMPANY LTD ,Sumeru Securities Pvt. Ltd.,10,1201.0,12010.0,2025-08-28 12:00:50.255933
2025-08-28,60791,2025082803002701,GRDBL,Shree Krishna Securities Ltd.,Trishakti Securities Public Limited,20,1200.9,24018.0,2025-08-28 12:01:03.806428
2025-08-28,60729,2025082803002706,GRDBL,Shree Krishna Securities Ltd.,Imperial Securities Company Pvt. Ltd.,10,1201.0,12010.0,2025-08-28 12:01:21.217942
2025-08-28,60693,2025082803002716,GRDBL,Dipshikha Dhitopatra Karobar Co. Pvt Ltd.,Sweta Securities Private Limited,50,1201.5,60075.0,2025-08-28 12:01:34.563631
2025-08-28,60539,2025082803002755,GRDBL,Shree Krishna Securities Ltd.,Sumeru Securities Pvt. Ltd.,20,1201.0,24020.0,2025-08-28 12:02:05.493061
2025-08-28,60512,2025082803002757,GRDBL,Shree Krishna Securities Ltd.,Secured Securities Ltd.,20,1201.0,24020.0,2025-08-28 12:02:13.327420
2025-08-28,60409,2025082803002764,GRDBL,Shree Krishna Securities Ltd.,Arun Securities (PVT) Ltd.,103,1201.0,123703.0,2025-08-28 12:02:39.396726
2025-08-28,60355,2025082803002781,GRDBL,Shree Krishna Securities Ltd.,Naasa Securities Co. Ltd.,10,1201.9,12019.0,2025-08-28 12:02:51.764103
2025-08-28,60264,2025082803002797,GRDBL,Shree Krishna Securities Ltd.,Prabhu Stock Market Limited,1000,1201.0,1201000.0,2025-08-28 12:03:10.437491
2025-08-28,60186,2025082803002809,GRDBL,Citizens Share Broker Limited,Naasa Securities Co. Ltd.,20,1201.9,24038.0,2025-08-28 12:03:24.361847
2025-08-28,60185,2025082803002810,GRDBL,Citizens Share Broker Limited,Kohinoor Investment & Securities Pvt. Ltd.,100,1201.9,120190.0,2025-08-28 12:03:24.362005
2025-08-28,60155,2025082803002819,GRDBL,Shree Krishna Securities Ltd.,Arun Securities (PVT) Ltd.,10,1205.0,12050.0,2025-08-28 12:03:29.909200
2025-08-28,60095,2025082803002827,GRDBL,Aryatara Investment & Securities,Arun Securities (PVT) Ltd.,10,1205.0,12050.0,2025-08-28 12:03:41.357603
2025-08-28,60072,2025082803002831,GRDBL,Dipshikha Dhitopatra Karobar Co. Pvt Ltd.,Sani Securities Company Ltd.,50,1204.0,60200.0,2025-08-28 12:03:46.628803
2025-08-28,60071,2025082803002832,GRDBL,Dipshikha Dhitopatra Karobar Co. Pvt Ltd.,Arun Securities (PVT) Ltd.,50,1205.0,60250.0,2025-08-28 12:03:46.628967
2025-08-28,60053,2025082803002836,GRDBL,Shree Krishna Securities Ltd.,Sweta Securities Private Limited,30,1201.0,36030.0,2025-08-28 12:03:50.228686
2025-08-28,60019,2025082803002847,GRDBL,Dipshikha Dhitopatra Karobar Co. Pvt Ltd.,Arun Securities (PVT) Ltd.,30,1205.0,36150.0,2025-08-28 12:03:58.713469
2025-08-28,60018,2025082803002848,GRDBL,Dipshikha Dhitopatra Karobar Co. Pvt Ltd.,Trishakti Securities Public Limited,20,1205.0,24100.0,2025-08-28 12:03:58.713707
2025-08-28,59950,2025082803002857,GRDBL,Investment Management Nepal Pvt. Ltd.,Miyo Securities Pvt Ltd,200,1215.0,243000.0,2025-08-28 12:04:13.850128
2025-08-28,59949,2025082803002858,GRDBL,Investment Management Nepal Pvt. Ltd.,Sumeru Securities Pvt. Ltd.,20,1215.0,24300.0,2025-08-28 12:04:13.850325
2025-08-28,59948,2025082803002859,GRDBL,Investment Management Nepal Pvt. Ltd.,Imperial Securities Company Pvt. Ltd.,20,1217.0,24340.0,2025-08-28 12:04:13.850379
2025-08-28,59947,2025082803002860,GRDBL,Investment Management Nepal Pvt. Ltd.,Linch Stock Market Ltd.,60,1217.0,73020.0,2025-08-28 12:04:13.850427
2025-08-28,59941,2025082803002861,GRDBL,Shree Krishna Securities Ltd.,Linch Stock Market Ltd.,10,1217.0,12170.0,2025-08-28 12:04:17.067549
2025-08-28,59674,2025082803002910,GRDBL,J.F. Securites (PVT) Ltd.,Shree Krishna Securities Ltd.,100,1203.0,120300.0,2025-08-28 12:05:24.321104
2025-08-28,59572,2025082803002922,GRDBL,Shree Krishna Securities Ltd.,Trishakti Securities Public Limited,10,1210.0,12100.0,2025-08-28 12:05:39.380436
2025-08-28,59270,2025082803002973,GRDBL,J.F. Securites (PVT) Ltd.,Shree Krishna Securities Ltd.,100,1202.5,120250.0,2025-08-28 12:06:55.719438
2025-08-28,59213,2025082803002985,GRDBL,Prabhu Stock Market Limited,Primo Securities (PVT) Ltd.,500,1205.0,602500.0,2025-08-28 12:07:11.002999
2025-08-28,59151,2025082803003002,GRDBL,Shree Krishna Securities Ltd.,ABC Securities Private Limited,10,1205.0,12050.0,2025-08-28 12:07:27.866639
2025-08-28,59005,2025082803003031,GRDBL,Dakshinkali Investment & Securities Pvt. Ltd.,Trishakti Securities Public Limited,10,1210.0,12100.0,2025-08-28 12:07:57.631169
2025-08-28,59004,2025082803003032,GRDBL,Dakshinkali Investment & Securities Pvt. Ltd.,Naasa Securities Co. Ltd.,100,1212.0,121200.0,2025-08-28 12:07:57.631362
2025-08-28,59003,2025082803003033,GRDBL,Dakshinkali Investment & Securities Pvt. Ltd.,Trishakti Securities Public Limited,70,1214.0,84980.0,2025-08-28 12:07:57.631419
2025-08-28,59002,2025082803003034,GRDBL,Dakshinkali Investment & Securities Pvt. Ltd.,Naasa Securities Co. Ltd.,10,1215.0,12150.0,2025-08-28 12:07:57.631470
2025-08-28,59001,2025082803003035,GRDBL,Dakshinkali Investment & Securities Pvt. Ltd.,Miyo Securities Pvt Ltd,10,1215.0,12150.0,2025-08-28 12:07:57.631521
2025-08-28,57972,2025082803003207,GRDBL,Dipshikha Dhitopatra Karobar Co. Pvt Ltd.,Sweta Securities Private Limited,100,1202.3,120230.0,2025-08-28 12:10:18.859227
2025-08-28,57971,2025082803003208,GRDBL,Sani Securities Company Ltd.,Sweta Securities Private Limited,400,1202.1,480840.0,2025-08-28 12:10:18.859261
2025-08-28,57961,2025082803003212,GRDBL,Sani Securities Company Ltd.,Shree Krishna Securities Ltd.,100,1202.1,120210.0,2025-08-28 12:10:23.454616
2025-08-28,57960,2025082803003213,GRDBL,J.F. Securites (PVT) Ltd.,Shree Krishna Securities Ltd.,300,1202.0,360600.0,2025-08-28 12:10:23.454754
2025-08-28,57959,2025082803003214,GRDBL,Linch Stock Market Ltd.,Shree Krishna Securities Ltd.,100,1196.5,119650.0,2025-08-28 12:10:23.454850
2025-08-28,57958,2025082803003215,GRDBL,Sumeru Securities Pvt. Ltd.,Shree Krishna Securities Ltd.,170,1180.9,200753.0,2025-08-28 12:10:23.454922
2025-08-28,57957,2025082803003216,GRDBL,MILKY WAY SHARE BROKER COMPANY LTD ,Shree Krishna Securities Ltd.,130,1172.0,152360.0,2025-08-28 12:10:23.454996
2025-08-28,57944,2025082803003219,GRDBL,MILKY WAY SHARE BROKER COMPANY LTD ,Oxford Securities Pvt. Ltd.,70,1172.0,82040.0,2025-08-28 12:10:25.084474
2025-08-28,57943,2025082803003220,GRDBL,Midas Stock Broking Company Private Limited,Oxford Securities Pvt. Ltd.,100,1171.2,117120.0,2025-08-28 12:10:25.084527
2025-08-28,57942,2025082803003221,GRDBL,Dynamic Money Managers Securities Pvt. Ltd.,Oxford Securities Pvt. Ltd.,200,1171.2,234240.0,2025-08-28 12:10:25.084566
2025-08-28,57941,2025082803003222,GRDBL,Dipshikha Dhitopatra Karobar Co. Pvt Ltd.,Oxford Securities Pvt. Ltd.,90,1167.2,105048.0,2025-08-28 12:10:25.084603
2025-08-28,57940,2025082803003223,GRDBL,Dipshikha Dhitopatra Karobar Co. Pvt Ltd.,Oxford Securities Pvt. Ltd.,40,1167.0,46680.0,2025-08-28 12:10:25.084643
2025-08-28,57939,2025082803003224,GRDBL,Dipshikha Dhitopatra Karobar Co. Pvt Ltd.,Oxford Securities Pvt. Ltd.,10,1166.6,11666.0,2025-08-28 12:10:25.084666
2025-08-28,57938,2025082803003225,GRDBL,Dipshikha Dhitopatra Karobar Co. Pvt Ltd.,Oxford Securities Pvt. Ltd.,10,1166.5,11665.0,2025-08-28 12:10:25.084698
2025-08-28,57937,2025082803003226,GRDBL,Dipshikha Dhitopatra Karobar Co. Pvt Ltd.,Oxford Securities Pvt. Ltd.,10,1166.4,11664.0,2025-08-28 12:10:25.084733
2025-08-28,57936,2025082803003227,GRDBL,Agrawal Securities (PVT) Ltd.,Oxford Securities Pvt. Ltd.,50,1166.0,58300.0,2025-08-28 12:10:25.084759
2025-08-28,57935,2025082803003228,GRDBL,Trishakti Securities Public Limited,Oxford Securities Pvt. Ltd.,420,1164.0,488880.0,2025-08-28 12:10:25.084786
2025-08-28,55907,2025082803003518,GRDBL,Kumari Securities Private Limited,Aryatara Investment & Securities,1,1146.0,1146.0,2025-08-28 12:17:38.830597
2025-08-28,51542,2025082803004284,GRDBL,Aryatara Investment & Securities,Vision Securities Pvt. Ltd,60,1174.0,70440.0,2025-08-28 12:33:06.317766
2025-08-28,51541,2025082803004285,GRDBL,Linch Stock Market Ltd.,Vision Securities Pvt. Ltd,20,1173.0,23460.0,2025-08-28 12:33:06.317828
2025-08-28,51540,2025082803004286,GRDBL,Siprabi Securities Pvt. Ltd.,Vision Securities Pvt. Ltd,30,1171.1,35133.0,2025-08-28 12:33:06.317855
2025-08-28,51539,2025082803004287,GRDBL,Naasa Securities Co. Ltd.,Vision Securities Pvt. Ltd,150,1171.0,175650.0,2025-08-28 12:33:06.317880
2025-08-28,51538,2025082803004288,GRDBL,Hatemalo Financial Services Private Limited,Vision Securities Pvt. Ltd,20,1168.3,23366.0,2025-08-28 12:33:06.317915
2025-08-28,51537,2025082803004289,GRDBL,Hatemalo Financial Services Private Limited,Vision Securities Pvt. Ltd,10,1168.3,11683.0,2025-08-28 12:33:06.317938
2025-08-28,51536,2025082803004290,GRDBL,Sundhara Securities Limited,Vision Securities Pvt. Ltd,299,1168.3,349321.7,2025-08-28 12:33:06.317959
2025-08-28,51535,2025082803004291,GRDBL,Sani Securities Company Ltd.,Vision Securities Pvt. Ltd,311,1168.2,363310.2,2025-08-28 12:33:06.317992
2025-08-28,43203,2025082803005868,GRDBL,Kumari Securities Private Limited,Agrawal Securities (PVT) Ltd.,1,1145.0,1145.0,2025-08-28 13:00:01.649833
2025-08-28,42665,2025082803005985,GRDBL,Trishakti Securities Public Limited,Linch Stock Market Ltd.,10,1170.0,11700.0,2025-08-28 13:01:49.761398
2025-08-28,42288,2025082803006047,GRDBL,Hatemalo Financial Services Private Limited,Miyo Securities Pvt Ltd,1,1150.0,1150.0,2025-08-28 13:02:59.233582
2025-08-28,41250,2025082803006221,GRDBL,Trishakti Securities Public Limited,Naasa Securities Co. Ltd.,17,1170.0,19890.0,2025-08-28 13:06:51.761816
2025-08-28,40622,2025082803006332,GRDBL,Sundhara Securities Limited,Trishakti Securities Public Limited,1,1147.0,1147.0,2025-08-28 13:10:00.245322
2025-08-28,37900,2025082803006769,GRDBL,Linch Stock Market Ltd.,Linch Stock Market Ltd.,100,1171.0,117100.0,2025-08-28 13:23:54.061594
2025-08-28,37862,2025082803006770,GRDBL,Imperial Securities Company Pvt. Ltd.,Imperial Securities Company Pvt. Ltd.,10,1174.0,11740.0,2025-08-28 13:23:59.844588
2025-08-28,37075,2025082803006880,GRDBL,Trishakti Securities Public Limited,Naasa Securities Co. Ltd.,10,1170.0,11700.0,2025-08-28 13:27:59.375872
2025-08-28,37017,2025082803006898,GRDBL,Linch Stock Market Ltd.,Naasa Securities Co. Ltd.,10,1170.0,11700.0,2025-08-28 13:28:16.536998
2025-08-28,34143,2025082803007429,GRDBL,Linch Stock Market Ltd.,Linch Stock Market Ltd.,10,1170.0,11700.0,2025-08-28 13:42:04.586162
2025-08-28,34142,2025082803007430,GRDBL,Malla & Malla Stock Broking Company Pvt. Limited,Linch Stock Market Ltd.,30,1170.0,35100.0,2025-08-28 13:42:04.586213
2025-08-28,34141,2025082803007431,GRDBL,Prabhu Stock Market Limited,Linch Stock Market Ltd.,260,1170.0,304200.0,2025-08-28 13:42:04.586241
2025-08-28,32001,2025082803007913,GRDBL,Prabhu Stock Market Limited,Linch Stock Market Ltd.,40,1170.0,46800.0,2025-08-28 13:48:26.876835
2025-08-28,32000,2025082803007914,GRDBL,Naasa Securities Co. Ltd.,Linch Stock Market Ltd.,60,1170.0,70200.0,2025-08-28 13:48:26.876876
2025-08-28,31829,2025082803007974,GRDBL,Naasa Securities Co. Ltd.,Malla & Malla Stock Broking Company Pvt. Limited,40,1170.0,46800.0,2025-08-28 13:48:53.378434
2025-08-28,31583,2025082803008020,GRDBL,Prabhu Stock Market Limited,Miyo Securities Pvt Ltd,200,1168.4,233680.0,2025-08-28 13:49:37.416323
2025-08-28,31582,2025082803008021,GRDBL,Prabhu Stock Market Limited,Miyo Securities Pvt Ltd,500,1168.3,584150.0,2025-08-28 13:49:37.416621
2025-08-28,31581,2025082803008022,GRDBL,Sani Securities Company Ltd.,Miyo Securities Pvt Ltd,39,1168.2,45559.8,2025-08-28 13:49:37.416801
2025-08-28,31580,2025082803008023,GRDBL,Nepal Stock House (PVT) Ltd.,Miyo Securities Pvt Ltd,61,1168.2,71260.2,2025-08-28 13:49:37.416983
2025-08-28,31460,2025082803008048,GRDBL,Nepal Stock House (PVT) Ltd.,Himalayan Brokerage Company Limited,100,1168.2,116820.0,2025-08-28 13:49:56.447812
2025-08-28,31349,2025082803008064,GRDBL,Nepal Stock House (PVT) Ltd.,SHUBHAKAMANA SECURITIES PVT. LTD,300,1168.2,350460.0,2025-08-28 13:50:14.278747
2025-08-28,31130,2025082803008120,GRDBL,Nepal Stock House (PVT) Ltd.,Miyo Securities Pvt Ltd,39,1168.2,45559.8,2025-08-28 13:50:58.743754
2025-08-28,31129,2025082803008121,GRDBL,Trishakti Securities Public Limited,Miyo Securities Pvt Ltd,50,1168.0,58400.0,2025-08-28 13:50:58.744104
2025-08-28,31128,2025082803008122,GRDBL,Imperial Securities Company Pvt. Ltd.,Miyo Securities Pvt Ltd,11,1167.0,12837.0,2025-08-28 13:50:58.744303
2025-08-28,30927,2025082803008155,GRDBL,Investment Management Nepal Pvt. Ltd.,Hatemalo Financial Services Private Limited,10,1160.0,11600.0,2025-08-28 13:51:30.219458
2025-08-28,28031,2025082803008645,GRDBL,Dipshikha Dhitopatra Karobar Co. Pvt Ltd.,Deevyaa Securities & Stock House Pvt. Ltd,100,1161.0,116100.0,2025-08-28 14:00:51.104310
2025-08-28,25722,2025082803009057,GRDBL,Aryatara Investment & Securities,Opal Securities Investment (PVT) Ltd.,20,1162.0,23240.0,2025-08-28 14:08:16.369247
2025-08-28,24294,2025082803009322,GRDBL,Shree Krishna Securities Ltd.,Imperial Securities Company Pvt. Ltd.,10,1175.0,11750.0,2025-08-28 14:14:01.970458
2025-08-28,24293,2025082803009323,GRDBL,Shree Krishna Securities Ltd.,Imperial Securities Company Pvt. Ltd.,10,1178.0,11780.0,2025-08-28 14:14:01.970499
2025-08-28,24053,2025082803009367,GRDBL,Miyo Securities Pvt Ltd,SHUBHAKAMANA SECURITIES PVT. LTD,110,1179.9,129789.0,2025-08-28 14:14:51.526148
2025-08-28,22818,2025082803009544,GRDBL,Prabhu Stock Market Limited,Shree Krishna Securities Ltd.,1000,1165.1,1165100.0,2025-08-28 14:19:02.425116
2025-08-28,22817,2025082803009545,GRDBL,Global IME Securities Limited,Shree Krishna Securities Ltd.,2508,1165.0,2921820.0,2025-08-28 14:19:02.425217
2025-08-28,22766,2025082803009561,GRDBL,Global IME Securities Limited,Capital Max Securities Ltd,10,1165.0,11650.0,2025-08-28 14:19:11.790246
2025-08-28,22660,2025082803009571,GRDBL,Global IME Securities Limited,Malla & Malla Stock Broking Company Pvt. Limited,100,1165.0,116500.0,2025-08-28 14:19:33.181800
2025-08-28,20740,2025082803009986,GRDBL,Vision Securities Pvt. Ltd,KALASH STOCK MARKET PVT. LTD.,100,1170.0,117000.0,2025-08-28 14:24:40.436137
2025-08-28,20527,2025082803010029,GRDBL,Sweta Securities Private Limited,SHUBHAKAMANA SECURITIES PVT. LTD,30,1166.2,34986.0,2025-08-28 14:25:10.755126
2025-08-28,20526,2025082803010030,GRDBL,Naasa Securities Co. Ltd.,SHUBHAKAMANA SECURITIES PVT. LTD,23,1166.1,26820.3,2025-08-28 14:25:10.755293
2025-08-28,20471,2025082803010035,GRDBL,Naasa Securities Co. Ltd.,Deevyaa Securities & Stock House Pvt. Ltd,50,1166.1,58305.0,2025-08-28 14:25:21.855713
2025-08-28,20431,2025082803010052,GRDBL,Shree Krishna Securities Ltd.,KALASH STOCK MARKET PVT. LTD.,10,1179.0,11790.0,2025-08-28 14:25:29.279165
2025-08-28,18633,2025082803010383,GRDBL,Sweta Securities Private Limited,SHUBHAKAMANA SECURITIES PVT. LTD,20,1166.2,23324.0,2025-08-28 14:29:50.677545
2025-08-28,18632,2025082803010384,GRDBL,Naasa Securities Co. Ltd.,SHUBHAKAMANA SECURITIES PVT. LTD,127,1166.1,148094.7,2025-08-28 14:29:50.677889
2025-08-28,18631,2025082803010385,GRDBL,Sani Securities Company Ltd.,SHUBHAKAMANA SECURITIES PVT. LTD,68,1166.1,79294.8,2025-08-28 14:29:50.678096
2025-08-28,18278,2025082803010469,GRDBL,Sani Securities Company Ltd.,SHUBHAKAMANA SECURITIES PVT. LTD,132,1166.1,153925.2,2025-08-28 14:30:46.837128
2025-08-28,18277,2025082803010470,GRDBL,Global IME Securities Limited,SHUBHAKAMANA SECURITIES PVT. LTD,268,1165.0,312220.0,2025-08-28 14:30:46.837312
2025-08-28,16554,2025082803010813,GRDBL,Shree Krishna Securities Ltd.,Deevyaa Securities & Stock House Pvt. Ltd,10,1174.0,11740.0,2025-08-28 14:35:57.142923
2025-08-28,15093,2025082803011183,GRDBL,Sani Securities Company Ltd.,Siprabi Securities Pvt. Ltd.,70,1172.0,82040.0,2025-08-28 14:39:45.520718
2025-08-28,15022,2025082803011196,GRDBL,Sani Securities Company Ltd.,KALASH STOCK MARKET PVT. LTD.,66,1173.0,77418.0,2025-08-28 14:39:58.705383
2025-08-28,14851,2025082803011243,GRDBL,Bhrikuti Stock Broking Co. Pvt. Ltd.,Kumari Securities Private Limited,50,1173.0,58650.0,2025-08-28 14:40:21.848672
2025-08-28,14850,2025082803011244,GRDBL,Bhrikuti Stock Broking Co. Pvt. Ltd.,Deevyaa Securities & Stock House Pvt. Ltd,40,1174.0,46960.0,2025-08-28 14:40:21.848860
2025-08-28,14849,2025082803011245,GRDBL,Bhrikuti Stock Broking Co. Pvt. Ltd.,Trisul Securities & Invt. Ltd.,30,1174.0,35220.0,2025-08-28 14:40:21.848928
2025-08-28,14267,2025082803011368,GRDBL,Global IME Securities Limited,Trisul Securities & Invt. Ltd.,120,1174.0,140880.0,2025-08-28 14:41:39.866906
2025-08-28,14266,2025082803011369,GRDBL,Global IME Securities Limited,Malla & Malla Stock Broking Company Pvt. Limited,160,1174.8,187968.0,2025-08-28 14:41:39.867221
2025-08-28,14265,2025082803011370,GRDBL,Global IME Securities Limited,Aryatara Investment & Securities,274,1175.0,321950.0,2025-08-28 14:41:39.867409
2025-08-28,13875,2025082803011413,GRDBL,Bhrikuti Stock Broking Co. Pvt. Ltd.,Vision Securities Pvt. Ltd,80,1170.0,93600.0,2025-08-28 14:42:24.640172
2025-08-28,13284,2025082803011528,GRDBL,Sani Securities Company Ltd.,Vision Securities Pvt. Ltd,55,1170.0,64350.0,2025-08-28 14:43:33.644632
2025-08-28,12980,2025082803011583,GRDBL,Imperial Securities Company Pvt. Ltd.,Vision Securities Pvt. Ltd,20,1170.0,23400.0,2025-08-28 14:44:10.786033
2025-08-28,10664,2025082803011987,GRDBL,Secured Securities Ltd.,Vision Securities Pvt. Ltd,23,1170.0,26910.0,2025-08-28 14:47:53.353473
2025-08-28,10180,2025082803012094,GRDBL,Vision Securities Pvt. Ltd,Vision Securities Pvt. Ltd,131,1170.0,153270.0,2025-08-28 14:48:50.047958
2025-08-28,10125,2025082803012108,GRDBL,Shree Krishna Securities Ltd.,Siprabi Securities Pvt. Ltd.,21,1173.0,24633.0,2025-08-28 14:48:57.319075
2025-08-28,10076,2025082803012117,GRDBL,Shree Krishna Securities Ltd.,Aryatara Investment & Securities,17,1175.0,19975.0,2025-08-28 14:49:01.346372
2025-08-28,10029,2025082803012121,GRDBL,Shree Krishna Securities Ltd.,Aryatara Investment & Securities,10,1176.0,11760.0,2025-08-28 14:49:09.387311
2025-08-28,9217,2025082803012332,GRDBL,Shree Krishna Securities Ltd.,Naasa Securities Co. Ltd.,80,1175.0,94000.0,2025-08-28 14:50:25.338421
2025-08-28,9051,2025082803012368,GRDBL,Shree Krishna Securities Ltd.,Aryatara Investment & Securities,181,1176.0,212856.0,2025-08-28 14:50:42.942163
2025-08-28,9004,2025082803012369,GRDBL,Shree Krishna Securities Ltd.,Sewa Securities Pvt. Ltd.,41,1179.8,48371.8,2025-08-28 14:50:47.976322
2025-08-28,8931,2025082803012391,GRDBL,Shree Krishna Securities Ltd.,Primo Securities (PVT) Ltd.,11,1183.9,13022.9,2025-08-28 14:50:55.021666
2025-08-28,8902,2025082803012400,GRDBL,Cristal Kanchanjanga Securites Pvt. Ltd.,Linch Stock Market Ltd.,10,1183.9,11839.0,2025-08-28 14:50:57.317817
2025-08-28,8789,2025082803012431,GRDBL,Shree Krishna Securities Ltd.,Linch Stock Market Ltd.,31,1183.9,36700.9,2025-08-28 14:51:08.088371
2025-08-28,8750,2025082803012438,GRDBL,Shree Krishna Securities Ltd.,Kohinoor Investment & Securities Pvt. Ltd.,11,1185.0,13035.0,2025-08-28 14:51:11.107052
2025-08-28,8685,2025082803012455,GRDBL,Shree Krishna Securities Ltd.,Creative Securities Pvt Ltd,10,1187.0,11870.0,2025-08-28 14:51:18.174391
2025-08-28,8299,2025082803012534,GRDBL,Imperial Securities Company Pvt. Ltd.,INDEX SECURITIES LIMITED,200,1175.1,235020.0,2025-08-28 14:51:54.422428
2025-08-28,8298,2025082803012535,GRDBL,Shree Krishna Securities Ltd.,INDEX SECURITIES LIMITED,3027,1175.0,3556725.0,2025-08-28 14:51:54.422591
2025-08-28,8212,2025082803012546,GRDBL,Shree Krishna Securities Ltd.,Asian Securities Private Ltd.,12,1175.0,14100.0,2025-08-28 14:51:58.808460
2025-08-28,8115,2025082803012586,GRDBL,Shree Krishna Securities Ltd.,Midas Stock Broking Company Private Limited,400,1175.0,470000.0,2025-08-28 14:52:04.340399
2025-08-28,7777,2025082803012656,GRDBL,Shree Krishna Securities Ltd.,Sani Securities Company Ltd.,11,1185.0,13035.0,2025-08-28 14:52:30.649043
2025-08-28,5840,2025082803013021,GRDBL,Online Securities Pvt. Ltd.,Dipshikha Dhitopatra Karobar Co. Pvt Ltd.,10,1175.0,11750.0,2025-08-28 14:54:59.995938
2025-08-28,4763,2025082803013203,GRDBL,ABC Securities Private Limited,KALASH STOCK MARKET PVT. LTD.,50,1176.0,58800.0,2025-08-28 14:56:24.070558
2025-08-28,4762,2025082803013204,GRDBL,Online Securities Pvt. Ltd.,KALASH STOCK MARKET PVT. LTD.,50,1175.0,58750.0,2025-08-28 14:56:24.070730
2025-08-28,4155,2025082803013361,GRDBL,Online Securities Pvt. Ltd.,Oxford Securities Pvt. Ltd.,65,1175.0,76375.0,2025-08-28 14:57:04.641579
2025-08-28,4061,2025082803013382,GRDBL,Online Securities Pvt. Ltd.,Kumari Securities Private Limited,23,1175.0,27025.0,2025-08-28 14:57:11.806111
2025-08-28,2481,2025082803013641,GRDBL,Vision Securities Pvt. Ltd,Sweta Securities Private Limited,10,1170.0,11700.0,2025-08-28 14:58:39.734428
2025-08-28,706,2025082803014010,GRDBL,Vision Securities Pvt. Ltd,Vision Securities Pvt. Ltd,50,1170.0,58500.0,2025-08-28 14:59:42.829368
2025-08-28,705,2025082803014011,GRDBL,Ashutosh Brokerage & Securities (PVT) Ltd.,Vision Securities Pvt. Ltd,100,1170.0,117000.0,2025-08-28 14:59:42.829547
