Date,S.N.,contract_id,symbol,buyer_broker,seller_broker,volume,price,amount,transaction_time
2025-08-28,77941,2025082801000104,HBL,Aryatara Investment & Securities,Trishakti Securities Public Limited,300,213.0,63900.0,2025-08-28 11:02:37.722040
2025-08-28,77577,2025082801000207,HBL,Trishakti Securities Public Limited,Online Securities Pvt. Ltd.,11,211.27,2323.97,2025-08-28 11:04:04.846960
2025-08-28,77149,2025082801000318,HBL,Trishakti Securities Public Limited,N.I.M.B. Stock Markets Limited,90,211.27,19014.3,2025-08-28 11:05:35.559373
2025-08-28,76976,2025082801000363,HBL,Trishakti Securities Public Limited,Nabil Stock Dealer Ltd.,40,211.27,8450.8,2025-08-28 11:06:16.618567
2025-08-28,76275,2025082801000534,HBL,Dipshikha Dhitopatra Karobar Co. Pvt Ltd.,Imperial Securities Company Pvt. Ltd.,50,212.0,10600.0,2025-08-28 11:08:58.303138
2025-08-28,75646,2025082801000666,HBL,N.M.B. SECURITIES LIMITED,Imperial Securities Company Pvt. Ltd.,10,212.0,2120.0,2025-08-28 11:11:24.654726
2025-08-28,73923,2025082801001048,HBL,Kohinoor Investment & Securities Pvt. Ltd.,Imperial Securities Company Pvt. Ltd.,20,211.5,4230.0,2025-08-28 11:17:01.740865
2025-08-28,73904,2025082801001055,HBL,Trishakti Securities Public Limited,Nabil Stock Dealer Ltd.,40,211.27,8450.8,2025-08-28 11:17:06.650144
2025-08-28,73864,2025082801001068,HBL,Trishakti Securities Public Limited,Nabil Stock Dealer Ltd.,10,211.27,2112.7,2025-08-28 11:17:13.667244
2025-08-28,72777,2025082801001351,HBL,Ashutosh Brokerage & Securities (PVT) Ltd.,Kumari Securities Private Limited,200,210.1,42020.0,2025-08-28 11:20:42.938621
2025-08-28,72776,2025082801001352,HBL,Deevyaa Securities & Stock House Pvt. Ltd,Kumari Securities Private Limited,200,210.0,42000.0,2025-08-28 11:20:42.938708
2025-08-28,71036,2025082801001757,HBL,J.F. Securites (PVT) Ltd.,Trishakti Securities Public Limited,4,208.0,832.0,2025-08-28 11:25:06.808088
2025-08-28,70981,2025082801001770,HBL,J.F. Securites (PVT) Ltd.,Deevyaa Securities & Stock House Pvt. Ltd,1,210.0,210.0,2025-08-28 11:25:13.886635
2025-08-28,70105,2025082801001940,HBL,Agrawal Securities (PVT) Ltd.,Nabil Stock Dealer Ltd.,50,211.0,10550.0,2025-08-28 11:27:43.369222
2025-08-28,69278,2025082801002139,HBL,Thrive Brokerage House Pvt. Ltd,Investment Management Nepal Pvt. Ltd.,88,210.3,18506.4,2025-08-28 11:30:19.191526
2025-08-28,68946,2025082801002208,HBL,Kohinoor Investment & Securities Pvt. Ltd.,Nepal Stock House (PVT) Ltd.,800,210.5,168400.0,2025-08-28 11:31:17.617542
2025-08-28,68862,2025082801002228,HBL,Kohinoor Investment & Securities Pvt. Ltd.,J.F. Securites (PVT) Ltd.,150,210.5,31575.0,2025-08-28 11:31:37.170021
2025-08-28,68861,2025082801002229,HBL,Thrive Brokerage House Pvt. Ltd,J.F. Securites (PVT) Ltd.,152,210.3,31965.6,2025-08-28 11:31:37.170152
2025-08-28,68860,2025082801002230,HBL,Malla & Malla Stock Broking Company Pvt. Limited,J.F. Securites (PVT) Ltd.,50,210.0,10500.0,2025-08-28 11:31:37.170202
2025-08-28,68859,2025082801002231,HBL,Naasa Securities Co. Ltd.,J.F. Securites (PVT) Ltd.,28,210.0,5880.0,2025-08-28 11:31:37.170244
2025-08-28,68858,2025082801002232,HBL,Naasa Securities Co. Ltd.,J.F. Securites (PVT) Ltd.,10,210.0,2100.0,2025-08-28 11:31:37.170293
2025-08-28,68197,2025082801002373,HBL,Siprabi Securities Pvt. Ltd.,J.F. Securites (PVT) Ltd.,50,210.0,10500.0,2025-08-28 11:33:23.576260
2025-08-28,67737,2025082801002468,HBL,Oxford Securities Pvt. Ltd.,J.F. Securites (PVT) Ltd.,400,210.0,84000.0,2025-08-28 11:34:41.622879
2025-08-28,67052,2025082801002627,HBL,ABC Securities Private Limited,J.F. Securites (PVT) Ltd.,50,210.0,10500.0,2025-08-28 11:36:59.024791
2025-08-28,66691,2025082801002719,HBL,Oxford Securities Pvt. Ltd.,Opal Securities Investment (PVT) Ltd.,150,209.3,31395.0,2025-08-28 11:38:34.440239
2025-08-28,66690,2025082801002720,HBL,Hatemalo Financial Services Private Limited,Opal Securities Investment (PVT) Ltd.,200,209.3,41860.0,2025-08-28 11:38:34.440280
2025-08-28,66689,2025082801002721,HBL,Malla & Malla Stock Broking Company Pvt. Limited,Opal Securities Investment (PVT) Ltd.,112,209.3,23441.6,2025-08-28 11:38:34.440304
2025-08-28,66688,2025082801002722,HBL,Capital Hub P. Ltd,Opal Securities Investment (PVT) Ltd.,38,209.2,7949.6,2025-08-28 11:38:34.440336
2025-08-28,66454,2025082801002779,HBL,Capital Hub P. Ltd,Secured Securities Ltd.,200,209.2,41840.0,2025-08-28 11:39:30.345093
2025-08-28,65491,2025082801003015,HBL,Agrawal Securities (PVT) Ltd.,J.F. Securites (PVT) Ltd.,110,210.0,23100.0,2025-08-28 11:43:24.418720
2025-08-28,65346,2025082801003043,HBL,Nabil Stock Dealer Ltd.,Dynamic Money Managers Securities Pvt. Ltd.,3,209.3,627.9,2025-08-28 11:43:58.838643
2025-08-28,64778,2025082801003178,HBL,Agrawal Securities (PVT) Ltd.,Sumeru Securities Pvt. Ltd.,30,210.0,6300.0,2025-08-28 11:46:27.371973
2025-08-28,64777,2025082801003179,HBL,Dakshinkali Investment & Securities Pvt. Ltd.,Sumeru Securities Pvt. Ltd.,114,210.0,23940.0,2025-08-28 11:46:27.372241
2025-08-28,64317,2025082801003280,HBL,Machhapuchchhre Securities Limited,Sani Securities Company Ltd.,10,211.4,2114.0,2025-08-28 11:48:31.540220
2025-08-28,63584,2025082801003438,HBL,Naasa Securities Co. Ltd.,Sani Securities Company Ltd.,28,211.4,5919.2,2025-08-28 11:51:23.620786
2025-08-28,63323,2025082801003512,HBL,Dakshinkali Investment & Securities Pvt. Ltd.,Capital Max Securities Ltd,12,210.5,2526.0,2025-08-28 11:52:08.990747
2025-08-28,63284,2025082801003516,HBL,Machhapuchchhre Securities Limited,Sani Securities Company Ltd.,10,211.4,2114.0,2025-08-28 11:52:20.120222
2025-08-28,62497,2025082801003682,HBL,Siprabi Securities Pvt. Ltd.,J.F. Securites (PVT) Ltd.,300,211.3,63390.0,2025-08-28 11:55:00.913413
2025-08-28,62179,2025082801003754,HBL,Dakshinkali Investment & Securities Pvt. Ltd.,Secured Securities Ltd.,25,210.5,5262.5,2025-08-28 11:56:12.993237
2025-08-28,61944,2025082801003794,HBL,Machhapuchchhre Securities Limited,J.F. Securites (PVT) Ltd.,10,211.3,2113.0,2025-08-28 11:57:07.813470
2025-08-28,61728,2025082801003830,HBL,Naasa Securities Co. Ltd.,J.F. Securites (PVT) Ltd.,20,211.3,4226.0,2025-08-28 11:57:50.231807
2025-08-28,59644,2025082801004247,HBL,Naasa Securities Co. Ltd.,Imperial Securities Company Pvt. Ltd.,100,211.1,21110.0,2025-08-28 12:05:28.186746
2025-08-28,59550,2025082801004257,HBL,Dakshinkali Investment & Securities Pvt. Ltd.,Linch Stock Market Ltd.,88,210.5,18524.0,2025-08-28 12:05:41.594651
2025-08-28,59422,2025082801004277,HBL,Naasa Securities Co. Ltd.,Imperial Securities Company Pvt. Ltd.,100,211.1,21110.0,2025-08-28 12:06:15.577716
2025-08-28,58051,2025082801004500,HBL,Thrive Brokerage House Pvt. Ltd,Vision Securities Pvt. Ltd,100,211.0,21100.0,2025-08-28 12:10:10.304757
2025-08-28,57380,2025082801004644,HBL,Dakshinkali Investment & Securities Pvt. Ltd.,K.B.L. Securities Limited ,125,210.5,26312.5,2025-08-28 12:11:51.770073
2025-08-28,57379,2025082801004645,HBL,Aryatara Investment & Securities,K.B.L. Securities Limited ,50,210.5,10525.0,2025-08-28 12:11:51.770217
2025-08-28,55884,2025082801005021,HBL,Aryatara Investment & Securities,Sani Securities Company Ltd.,150,210.9,31635.0,2025-08-28 12:17:52.910485
2025-08-28,55545,2025082801005108,HBL,Sri Hari Securities Pvt. Ltd.,J.F. Securites (PVT) Ltd.,300,210.3,63090.0,2025-08-28 12:19:46.549815
2025-08-28,55544,2025082801005109,HBL,Dakshinkali Investment & Securities Pvt. Ltd.,J.F. Securites (PVT) Ltd.,136,210.0,28560.0,2025-08-28 12:19:46.550096
2025-08-28,55543,2025082801005110,HBL,Malla & Malla Stock Broking Company Pvt. Limited,J.F. Securites (PVT) Ltd.,10,210.0,2100.0,2025-08-28 12:19:46.550281
2025-08-28,55542,2025082801005111,HBL,Imperial Securities Company Pvt. Ltd.,J.F. Securites (PVT) Ltd.,50,210.0,10500.0,2025-08-28 12:19:46.550456
2025-08-28,55541,2025082801005112,HBL,Sani Securities Company Ltd.,J.F. Securites (PVT) Ltd.,100,210.0,21000.0,2025-08-28 12:19:46.550639
2025-08-28,55540,2025082801005113,HBL,Linch Stock Market Ltd.,J.F. Securites (PVT) Ltd.,74,210.0,15540.0,2025-08-28 12:19:46.550815
2025-08-28,55496,2025082801005117,HBL,Machhapuchchhre Securities Limited,Sani Securities Company Ltd.,10,210.9,2109.0,2025-08-28 12:20:01.318415
2025-08-28,54296,2025082801005431,HBL,Oxford Securities Pvt. Ltd.,Sani Securities Company Ltd.,50,210.9,10545.0,2025-08-28 12:24:53.633351
2025-08-28,53485,2025082801005612,HBL,Primo Securities (PVT) Ltd.,Imperial Securities Company Pvt. Ltd.,500,210.1,105050.0,2025-08-28 12:27:59.809380
2025-08-28,52390,2025082801005843,HBL,J.F. Securites (PVT) Ltd.,Online Securities Pvt. Ltd.,7,208.0,1456.0,2025-08-28 12:31:23.149849
2025-08-28,51893,2025082801005936,HBL,Dakshinkali Investment & Securities Pvt. Ltd.,Sani Securities Company Ltd.,15,210.9,3163.5,2025-08-28 12:32:31.522578
2025-08-28,51589,2025082801006003,HBL,Linch Stock Market Ltd.,Imperial Securities Company Pvt. Ltd.,226,210.0,47460.0,2025-08-28 12:33:03.403454
2025-08-28,51588,2025082801006004,HBL,Vision Securities Pvt. Ltd,Imperial Securities Company Pvt. Ltd.,20,210.0,4200.0,2025-08-28 12:33:03.403785
2025-08-28,51587,2025082801006005,HBL,Sri Hari Securities Pvt. Ltd.,Imperial Securities Company Pvt. Ltd.,100,210.0,21000.0,2025-08-28 12:33:03.403982
2025-08-28,51586,2025082801006006,HBL,Sani Securities Company Ltd.,Imperial Securities Company Pvt. Ltd.,90,210.0,18900.0,2025-08-28 12:33:03.404201
2025-08-28,51585,2025082801006007,HBL,Naasa Securities Co. Ltd.,Imperial Securities Company Pvt. Ltd.,40,210.0,8400.0,2025-08-28 12:33:03.404398
2025-08-28,51584,2025082801006008,HBL,Premier Securities Company Ltd.,Imperial Securities Company Pvt. Ltd.,10,210.0,2100.0,2025-08-28 12:33:03.404580
2025-08-28,51583,2025082801006009,HBL,Shree Krishna Securities Ltd.,Imperial Securities Company Pvt. Ltd.,25,210.0,5250.0,2025-08-28 12:33:03.404774
2025-08-28,51582,2025082801006010,HBL,Naasa Securities Co. Ltd.,Imperial Securities Company Pvt. Ltd.,50,210.0,10500.0,2025-08-28 12:33:03.404955
2025-08-28,51042,2025082801006137,HBL,Creative Securities Pvt Ltd,Imperial Securities Company Pvt. Ltd.,30,209.7,6291.0,2025-08-28 12:34:06.170752
2025-08-28,51041,2025082801006138,HBL,Dakshinkali Investment & Securities Pvt. Ltd.,Imperial Securities Company Pvt. Ltd.,250,209.7,52425.0,2025-08-28 12:34:06.171086
2025-08-28,51040,2025082801006139,HBL,Sweta Securities Private Limited,Imperial Securities Company Pvt. Ltd.,280,209.7,58716.0,2025-08-28 12:34:06.171286
2025-08-28,51038,2025082801006140,HBL,Sweta Securities Private Limited,Imperial Securities Company Pvt. Ltd.,220,209.7,46134.0,2025-08-28 12:34:07.181242
2025-08-28,51037,2025082801006141,HBL,Primo Securities (PVT) Ltd.,Imperial Securities Company Pvt. Ltd.,500,209.7,104850.0,2025-08-28 12:34:07.181438
2025-08-28,51036,2025082801006142,HBL,Sewa Securities Pvt. Ltd.,Imperial Securities Company Pvt. Ltd.,100,209.5,20950.0,2025-08-28 12:34:07.181508
2025-08-28,51035,2025082801006143,HBL,Dakshinkali Investment & Securities Pvt. Ltd.,Imperial Securities Company Pvt. Ltd.,250,209.5,52375.0,2025-08-28 12:34:07.181572
2025-08-28,51034,2025082801006144,HBL,Secured Securities Ltd.,Imperial Securities Company Pvt. Ltd.,200,209.5,41900.0,2025-08-28 12:34:07.181634
2025-08-28,51033,2025082801006145,HBL,Naasa Securities Co. Ltd.,Imperial Securities Company Pvt. Ltd.,190,209.4,39786.0,2025-08-28 12:34:07.181696
2025-08-28,51032,2025082801006146,HBL,Kohinoor Investment & Securities Pvt. Ltd.,Imperial Securities Company Pvt. Ltd.,100,209.4,20940.0,2025-08-28 12:34:07.181762
2025-08-28,51031,2025082801006147,HBL,Primo Securities (PVT) Ltd.,Imperial Securities Company Pvt. Ltd.,200,209.4,41880.0,2025-08-28 12:34:07.181826
2025-08-28,51030,2025082801006148,HBL,Primo Securities (PVT) Ltd.,Imperial Securities Company Pvt. Ltd.,100,209.4,20940.0,2025-08-28 12:34:07.181895
2025-08-28,50992,2025082801006153,HBL,Trishakti Securities Public Limited,Imperial Securities Company Pvt. Ltd.,140,209.4,29316.0,2025-08-28 12:34:13.349769
2025-08-28,50678,2025082801006206,HBL,Trishakti Securities Public Limited,Imperial Securities Company Pvt. Ltd.,360,209.8,75528.0,2025-08-28 12:34:54.623109
2025-08-28,50677,2025082801006207,HBL,Sundhara Securities Limited,Imperial Securities Company Pvt. Ltd.,50,209.8,10490.0,2025-08-28 12:34:54.623290
2025-08-28,50676,2025082801006208,HBL,Sewa Securities Pvt. Ltd.,Imperial Securities Company Pvt. Ltd.,270,209.3,56511.0,2025-08-28 12:34:54.623367
2025-08-28,50275,2025082801006260,HBL,Sewa Securities Pvt. Ltd.,Oxford Securities Pvt. Ltd.,100,209.3,20930.0,2025-08-28 12:35:45.220982
2025-08-28,47731,2025082801006708,HBL,Naasa Securities Co. Ltd.,Thrive Brokerage House Pvt. Ltd,50,209.5,10475.0,2025-08-28 12:42:01.537009
2025-08-28,47730,2025082801006709,HBL,Sewa Securities Pvt. Ltd.,Thrive Brokerage House Pvt. Ltd,159,209.3,33278.7,2025-08-28 12:42:01.537188
2025-08-28,46751,2025082801006929,HBL,Linch Stock Market Ltd.,K.B.L. Securities Limited ,15,209.6,3144.0,2025-08-28 12:45:22.654277
2025-08-28,46469,2025082801007000,HBL,Vision Securities Pvt. Ltd,Imperial Securities Company Pvt. Ltd.,30,210.0,6300.0,2025-08-28 12:46:29.752112
2025-08-28,46096,2025082801007100,HBL,Sipla Securities Private Limited,Imperial Securities Company Pvt. Ltd.,307,210.0,64470.0,2025-08-28 12:48:12.568329
2025-08-28,46095,2025082801007101,HBL,Sipla Securities Private Limited,K.B.L. Securities Limited ,100,210.0,21000.0,2025-08-28 12:48:12.568498
2025-08-28,46094,2025082801007102,HBL,Sipla Securities Private Limited,Shree Krishna Securities Ltd.,1593,210.0,334530.0,2025-08-28 12:48:12.568563
2025-08-28,45820,2025082801007158,HBL,Linch Stock Market Ltd.,Imperial Securities Company Pvt. Ltd.,15,209.6,3144.0,2025-08-28 12:49:20.598124
2025-08-28,45819,2025082801007159,HBL,Sewa Securities Pvt. Ltd.,Imperial Securities Company Pvt. Ltd.,471,209.3,98580.3,2025-08-28 12:49:20.598313
2025-08-28,45818,2025082801007160,HBL,Naasa Securities Co. Ltd.,Imperial Securities Company Pvt. Ltd.,100,209.3,20930.0,2025-08-28 12:49:20.598384
2025-08-28,45817,2025082801007161,HBL,Kohinoor Investment & Securities Pvt. Ltd.,Imperial Securities Company Pvt. Ltd.,250,209.3,52325.0,2025-08-28 12:49:20.598458
2025-08-28,45816,2025082801007162,HBL,Capital Hub P. Ltd,Imperial Securities Company Pvt. Ltd.,762,209.2,159410.4,2025-08-28 12:49:20.598524
2025-08-28,45815,2025082801007163,HBL,ABC Securities Private Limited,Imperial Securities Company Pvt. Ltd.,50,209.2,10460.0,2025-08-28 12:49:20.598590
2025-08-28,45814,2025082801007164,HBL,Sani Securities Company Ltd.,Imperial Securities Company Pvt. Ltd.,251,209.2,52509.2,2025-08-28 12:49:20.598654
2025-08-28,45813,2025082801007165,HBL,Online Securities Pvt. Ltd.,Imperial Securities Company Pvt. Ltd.,100,209.2,20920.0,2025-08-28 12:49:20.598717
2025-08-28,45812,2025082801007166,HBL,Trishakti Securities Public Limited,Imperial Securities Company Pvt. Ltd.,2000,209.1,418200.0,2025-08-28 12:49:20.598783
2025-08-28,45811,2025082801007167,HBL,Bhrikuti Stock Broking Co. Pvt. Ltd.,Imperial Securities Company Pvt. Ltd.,475,209.1,99322.5,2025-08-28 12:49:20.598855
2025-08-28,45810,2025082801007168,HBL,Dipshikha Dhitopatra Karobar Co. Pvt Ltd.,Imperial Securities Company Pvt. Ltd.,10,209.0,2090.0,2025-08-28 12:49:20.598929
2025-08-28,45809,2025082801007169,HBL,Kohinoor Investment & Securities Pvt. Ltd.,Imperial Securities Company Pvt. Ltd.,180,209.0,37620.0,2025-08-28 12:49:20.599017
2025-08-28,45808,2025082801007170,HBL,Secured Securities Ltd.,Imperial Securities Company Pvt. Ltd.,100,209.0,20900.0,2025-08-28 12:49:20.599093
2025-08-28,45807,2025082801007171,HBL,Vision Securities Pvt. Ltd,Imperial Securities Company Pvt. Ltd.,150,209.0,31350.0,2025-08-28 12:49:20.599157
2025-08-28,45806,2025082801007172,HBL,Investment Management Nepal Pvt. Ltd.,Imperial Securities Company Pvt. Ltd.,50,209.0,10450.0,2025-08-28 12:49:20.599217
2025-08-28,45805,2025082801007173,HBL,KALASH STOCK MARKET PVT. LTD.,Imperial Securities Company Pvt. Ltd.,100,209.0,20900.0,2025-08-28 12:49:20.599278
2025-08-28,45804,2025082801007174,HBL,Trishakti Securities Public Limited,Imperial Securities Company Pvt. Ltd.,100,209.0,20900.0,2025-08-28 12:49:20.599340
2025-08-28,45803,2025082801007175,HBL,Magnet Securities and Investment Company Private Limited,Imperial Securities Company Pvt. Ltd.,836,209.0,174724.0,2025-08-28 12:49:20.599421
2025-08-28,44764,2025082801007406,HBL,Kohinoor Investment & Securities Pvt. Ltd.,Ashutosh Brokerage & Securities (PVT) Ltd.,27,209.1,5645.7,2025-08-28 12:53:57.678611
2025-08-28,44459,2025082801007459,HBL,Naasa Securities Co. Ltd.,Shree Krishna Securities Ltd.,10,210.0,2100.0,2025-08-28 12:55:25.615105
2025-08-28,44361,2025082801007473,HBL,Kohinoor Investment & Securities Pvt. Ltd.,Sri Hari Securities Pvt. Ltd.,30,209.1,6273.0,2025-08-28 12:55:44.992535
2025-08-28,44237,2025082801007495,HBL,Magnet Securities and Investment Company Private Limited,Ashutosh Brokerage & Securities (PVT) Ltd.,40,209.0,8360.0,2025-08-28 12:56:02.258013
2025-08-28,43574,2025082801007592,HBL,Machhapuchchhre Securities Limited,Shree Krishna Securities Ltd.,10,210.0,2100.0,2025-08-28 12:58:33.582187
2025-08-28,43501,2025082801007610,HBL,J.F. Securites (PVT) Ltd.,Primo Securities (PVT) Ltd.,8,210.5,1684.0,2025-08-28 12:58:51.016163
2025-08-28,40728,2025082801008121,HBL,Naasa Securities Co. Ltd.,Shree Krishna Securities Ltd.,500,210.0,105000.0,2025-08-28 13:09:26.237708
2025-08-28,40326,2025082801008221,HBL,J.F. Securites (PVT) Ltd.,Shree Krishna Securities Ltd.,21,210.0,4410.0,2025-08-28 13:11:32.148700
2025-08-28,40320,2025082801008224,HBL,Naasa Securities Co. Ltd.,Shree Krishna Securities Ltd.,95,210.0,19950.0,2025-08-28 13:11:34.877420
2025-08-28,40012,2025082801008285,HBL,Kohinoor Investment & Securities Pvt. Ltd.,Shree Krishna Securities Ltd.,313,210.0,65730.0,2025-08-28 13:13:08.152225
2025-08-28,39960,2025082801008292,HBL,Imperial Securities Company Pvt. Ltd.,Agrawal Securities (PVT) Ltd.,937,209.2,196020.4,2025-08-28 13:13:24.969277
2025-08-28,39037,2025082801008508,HBL,Machhapuchchhre Securities Limited,Imperial Securities Company Pvt. Ltd.,10,210.0,2100.0,2025-08-28 13:18:10.427699
2025-08-28,39016,2025082801008516,HBL,Bhrikuti Stock Broking Co. Pvt. Ltd.,Shree Krishna Securities Ltd.,15,209.3,3139.5,2025-08-28 13:18:20.099899
2025-08-28,39015,2025082801008517,HBL,Sani Securities Company Ltd.,Shree Krishna Securities Ltd.,200,209.3,41860.0,2025-08-28 13:18:20.100155
2025-08-28,39014,2025082801008518,HBL,Imperial Securities Company Pvt. Ltd.,Shree Krishna Securities Ltd.,63,209.2,13179.6,2025-08-28 13:18:20.100279
2025-08-28,39013,2025082801008519,HBL,ABC Securities Private Limited,Shree Krishna Securities Ltd.,50,209.2,10460.0,2025-08-28 13:18:20.100356
2025-08-28,39012,2025082801008520,HBL,Thrive Brokerage House Pvt. Ltd,Shree Krishna Securities Ltd.,440,209.2,92048.0,2025-08-28 13:18:20.100430
2025-08-28,39009,2025082801008522,HBL,Siprabi Securities Pvt. Ltd.,Imperial Securities Company Pvt. Ltd.,15,210.0,3150.0,2025-08-28 13:18:21.621793
2025-08-28,38710,2025082801008590,HBL,Naasa Securities Co. Ltd.,Imperial Securities Company Pvt. Ltd.,100,210.0,21000.0,2025-08-28 13:19:44.083905
2025-08-28,38287,2025082801008673,HBL,Vision Securities Pvt. Ltd,Imperial Securities Company Pvt. Ltd.,15,210.0,3150.0,2025-08-28 13:21:51.048744
2025-08-28,38281,2025082801008674,HBL,Naasa Securities Co. Ltd.,Imperial Securities Company Pvt. Ltd.,90,210.0,18900.0,2025-08-28 13:21:56.003040
2025-08-28,37979,2025082801008729,HBL,Thrive Brokerage House Pvt. Ltd,Oxford Securities Pvt. Ltd.,60,209.2,12552.0,2025-08-28 13:23:33.884935
2025-08-28,37978,2025082801008730,HBL,Sani Securities Company Ltd.,Oxford Securities Pvt. Ltd.,30,209.2,6276.0,2025-08-28 13:23:33.885135
2025-08-28,37949,2025082801008733,HBL,Sani Securities Company Ltd.,Siprabi Securities Pvt. Ltd.,124,209.2,25940.8,2025-08-28 13:23:38.348758
2025-08-28,37771,2025082801008762,HBL,Machhapuchchhre Securities Limited,Imperial Securities Company Pvt. Ltd.,10,210.0,2100.0,2025-08-28 13:24:40.375418
2025-08-28,35631,2025082801009197,HBL,Sharepro Securities Private Limited,Imperial Securities Company Pvt. Ltd.,238,210.0,49980.0,2025-08-28 13:35:16.557013
2025-08-28,34599,2025082801009412,HBL,Naasa Securities Co. Ltd.,Imperial Securities Company Pvt. Ltd.,862,209.3,180416.6,2025-08-28 13:39:57.776388
2025-08-28,34598,2025082801009413,HBL,Sani Securities Company Ltd.,Imperial Securities Company Pvt. Ltd.,346,209.2,72383.2,2025-08-28 13:39:57.776579
2025-08-28,34597,2025082801009414,HBL,Trishakti Securities Public Limited,Imperial Securities Company Pvt. Ltd.,1000,209.2,209200.0,2025-08-28 13:39:57.776667
2025-08-28,34596,2025082801009415,HBL,Agrawal Securities (PVT) Ltd.,Imperial Securities Company Pvt. Ltd.,300,209.2,62760.0,2025-08-28 13:39:57.776746
2025-08-28,34595,2025082801009416,HBL,Arun Securities (PVT) Ltd.,Imperial Securities Company Pvt. Ltd.,9014,209.1,1884827.4,2025-08-28 13:39:57.776825
2025-08-28,34550,2025082801009429,HBL,Thrive Brokerage House Pvt. Ltd,Imperial Securities Company Pvt. Ltd.,500,209.3,104650.0,2025-08-28 13:40:09.880761
2025-08-28,34549,2025082801009430,HBL,Arun Securities (PVT) Ltd.,Imperial Securities Company Pvt. Ltd.,986,209.1,206172.6,2025-08-28 13:40:09.880996
2025-08-28,34548,2025082801009431,HBL,Magnet Securities and Investment Company Private Limited,Imperial Securities Company Pvt. Ltd.,124,209.0,25916.0,2025-08-28 13:40:09.881088
2025-08-28,34547,2025082801009432,HBL,Imperial Securities Company Pvt. Ltd.,Imperial Securities Company Pvt. Ltd.,100,209.0,20900.0,2025-08-28 13:40:09.881199
2025-08-28,34546,2025082801009433,HBL,Market Securities & Exchange (PVT) Ltd.,Imperial Securities Company Pvt. Ltd.,80,209.0,16720.0,2025-08-28 13:40:09.881285
2025-08-28,34545,2025082801009434,HBL,Aryatara Investment & Securities,Imperial Securities Company Pvt. Ltd.,1000,209.0,209000.0,2025-08-28 13:40:09.881362
2025-08-28,34544,2025082801009435,HBL,Sani Securities Company Ltd.,Imperial Securities Company Pvt. Ltd.,20,209.0,4180.0,2025-08-28 13:40:09.881438
2025-08-28,34543,2025082801009436,HBL,Sri Hari Securities Pvt. Ltd.,Imperial Securities Company Pvt. Ltd.,190,209.0,39710.0,2025-08-28 13:40:09.881510
2025-08-28,34485,2025082801009453,HBL,Sri Hari Securities Pvt. Ltd.,Premier Securities Company Ltd.,20,209.0,4180.0,2025-08-28 13:40:25.992213
2025-08-28,33853,2025082801009626,HBL,Imperial Securities Company Pvt. Ltd.,J.F. Securites (PVT) Ltd.,23,209.1,4809.3,2025-08-28 13:43:27.761387
2025-08-28,33743,2025082801009643,HBL,Nabil Stock Dealer Ltd.,Sundhara Securities Limited,4,209.0,836.0,2025-08-28 13:43:51.725430
2025-08-28,32879,2025082801009828,HBL,Imperial Securities Company Pvt. Ltd.,Shree Krishna Securities Ltd.,77,209.1,16100.7,2025-08-28 13:46:11.189090
2025-08-28,32878,2025082801009829,HBL,Nepal Investment And Securities Trading Private Limited,Shree Krishna Securities Ltd.,20,209.1,4182.0,2025-08-28 13:46:11.189327
2025-08-28,31649,2025082801010025,HBL,Sani Securities Company Ltd.,Malla & Malla Stock Broking Company Pvt. Limited,80,209.3,16744.0,2025-08-28 13:49:27.555167
2025-08-28,31648,2025082801010026,HBL,Linch Stock Market Ltd.,Malla & Malla Stock Broking Company Pvt. Limited,480,209.2,100416.0,2025-08-28 13:49:27.555515
2025-08-28,31647,2025082801010027,HBL,Nepal Investment And Securities Trading Private Limited,Malla & Malla Stock Broking Company Pvt. Limited,80,209.1,16728.0,2025-08-28 13:49:27.555759
2025-08-28,31646,2025082801010028,HBL,ABC Securities Private Limited,Malla & Malla Stock Broking Company Pvt. Limited,500,209.1,104550.0,2025-08-28 13:49:27.555997
2025-08-28,31645,2025082801010029,HBL,Sri Hari Securities Pvt. Ltd.,Malla & Malla Stock Broking Company Pvt. Limited,270,209.0,56430.0,2025-08-28 13:49:27.556238
2025-08-28,31644,2025082801010030,HBL,Naasa Securities Co. Ltd.,Malla & Malla Stock Broking Company Pvt. Limited,10,209.0,2090.0,2025-08-28 13:49:27.556468
2025-08-28,31643,2025082801010031,HBL,Oxford Securities Pvt. Ltd.,Malla & Malla Stock Broking Company Pvt. Limited,100,209.0,20900.0,2025-08-28 13:49:27.556689
2025-08-28,31642,2025082801010032,HBL,Sani Securities Company Ltd.,Malla & Malla Stock Broking Company Pvt. Limited,80,209.0,16720.0,2025-08-28 13:49:27.556897
2025-08-28,30781,2025082801010199,HBL,Sani Securities Company Ltd.,Premier Securities Company Ltd.,20,209.0,4180.0,2025-08-28 13:51:57.836469
2025-08-28,30780,2025082801010200,HBL,Vision Securities Pvt. Ltd,Premier Securities Company Ltd.,40,209.0,8360.0,2025-08-28 13:51:57.836650
2025-08-28,30779,2025082801010201,HBL,Oxford Securities Pvt. Ltd.,Premier Securities Company Ltd.,400,209.0,83600.0,2025-08-28 13:51:57.836751
2025-08-28,30778,2025082801010202,HBL,Sani Securities Company Ltd.,Premier Securities Company Ltd.,100,209.0,20900.0,2025-08-28 13:51:57.836826
2025-08-28,30777,2025082801010203,HBL,J.F. Securites (PVT) Ltd.,Premier Securities Company Ltd.,100,209.0,20900.0,2025-08-28 13:51:57.836901
2025-08-28,30776,2025082801010204,HBL,Trishakti Securities Public Limited,Premier Securities Company Ltd.,940,209.0,196460.0,2025-08-28 13:51:57.836974
2025-08-28,30700,2025082801010221,HBL,Trishakti Securities Public Limited,Premier Securities Company Ltd.,750,209.0,156750.0,2025-08-28 13:52:09.911015
2025-08-28,30631,2025082801010230,HBL,Trishakti Securities Public Limited,Premier Securities Company Ltd.,310,209.0,64790.0,2025-08-28 13:52:24.023521
2025-08-28,30630,2025082801010231,HBL,Secured Securities Ltd.,Premier Securities Company Ltd.,20,209.0,4180.0,2025-08-28 13:52:24.023862
2025-08-28,30629,2025082801010232,HBL,Oxford Securities Pvt. Ltd.,Premier Securities Company Ltd.,60,209.0,12540.0,2025-08-28 13:52:24.024091
2025-08-28,30628,2025082801010233,HBL,Sharepro Securities Private Limited,Premier Securities Company Ltd.,10,209.0,2090.0,2025-08-28 13:52:24.024299
2025-08-28,30421,2025082801010278,HBL,Dipshikha Dhitopatra Karobar Co. Pvt Ltd.,Naasa Securities Co. Ltd.,10,210.0,2100.0,2025-08-28 13:53:08.071366
2025-08-28,30420,2025082801010279,HBL,Dipshikha Dhitopatra Karobar Co. Pvt Ltd.,Bhrikuti Stock Broking Co. Pvt. Ltd.,90,210.0,18900.0,2025-08-28 13:53:08.071696
2025-08-28,29761,2025082801010401,HBL,Sharepro Securities Private Limited,Imperial Securities Company Pvt. Ltd.,60,209.0,12540.0,2025-08-28 13:55:18.606319
2025-08-28,29760,2025082801010402,HBL,Naasa Securities Co. Ltd.,Imperial Securities Company Pvt. Ltd.,50,209.0,10450.0,2025-08-28 13:55:18.606661
2025-08-28,29759,2025082801010403,HBL,Dipshikha Dhitopatra Karobar Co. Pvt Ltd.,Imperial Securities Company Pvt. Ltd.,10,209.0,2090.0,2025-08-28 13:55:18.606881
2025-08-28,29758,2025082801010404,HBL,Imperial Securities Company Pvt. Ltd.,Imperial Securities Company Pvt. Ltd.,20,209.0,4180.0,2025-08-28 13:55:18.607105
2025-08-28,29757,2025082801010405,HBL,Naasa Securities Co. Ltd.,Imperial Securities Company Pvt. Ltd.,200,209.0,41800.0,2025-08-28 13:55:18.607312
2025-08-28,29756,2025082801010406,HBL,Thrive Brokerage House Pvt. Ltd,Imperial Securities Company Pvt. Ltd.,500,208.9,104450.0,2025-08-28 13:55:18.607528
2025-08-28,29755,2025082801010407,HBL,Premier Securities Company Ltd.,Imperial Securities Company Pvt. Ltd.,1160,208.7,242092.0,2025-08-28 13:55:18.607740
2025-08-28,29707,2025082801010420,HBL,Premier Securities Company Ltd.,Imperial Securities Company Pvt. Ltd.,240,208.7,50088.0,2025-08-28 13:55:31.726638
2025-08-28,29706,2025082801010421,HBL,Dynamic Money Managers Securities Pvt. Ltd.,Imperial Securities Company Pvt. Ltd.,1000,208.6,208600.0,2025-08-28 13:55:31.727008
2025-08-28,29705,2025082801010422,HBL,South Asian Bulls Pvt. Ltd.,Imperial Securities Company Pvt. Ltd.,158,208.5,32943.0,2025-08-28 13:55:31.727379
2025-08-28,29704,2025082801010423,HBL,Online Securities Pvt. Ltd.,Imperial Securities Company Pvt. Ltd.,25,208.5,5212.5,2025-08-28 13:55:31.727685
2025-08-28,29703,2025082801010424,HBL,Siprabi Securities Pvt. Ltd.,Imperial Securities Company Pvt. Ltd.,50,208.5,10425.0,2025-08-28 13:55:31.727992
2025-08-28,29702,2025082801010425,HBL,ABC Securities Private Limited,Imperial Securities Company Pvt. Ltd.,10,208.5,2085.0,2025-08-28 13:55:31.728388
2025-08-28,29701,2025082801010426,HBL,Bhrikuti Stock Broking Co. Pvt. Ltd.,Imperial Securities Company Pvt. Ltd.,10,208.5,2085.0,2025-08-28 13:55:31.728695
2025-08-28,29700,2025082801010427,HBL,Naasa Securities Co. Ltd.,Imperial Securities Company Pvt. Ltd.,100,208.4,20840.0,2025-08-28 13:55:31.729003
2025-08-28,29699,2025082801010428,HBL,Aryatara Investment & Securities,Imperial Securities Company Pvt. Ltd.,1000,208.3,208300.0,2025-08-28 13:55:31.729316
2025-08-28,29698,2025082801010429,HBL,Thrive Brokerage House Pvt. Ltd,Imperial Securities Company Pvt. Ltd.,50,208.3,10415.0,2025-08-28 13:55:31.729651
2025-08-28,29697,2025082801010430,HBL,Trishakti Securities Public Limited,Imperial Securities Company Pvt. Ltd.,100,208.2,20820.0,2025-08-28 13:55:31.729936
2025-08-28,29696,2025082801010431,HBL,Online Securities Pvt. Ltd.,Imperial Securities Company Pvt. Ltd.,1000,208.1,208100.0,2025-08-28 13:55:31.730265
2025-08-28,29695,2025082801010432,HBL,South Asian Bulls Pvt. Ltd.,Imperial Securities Company Pvt. Ltd.,50,208.1,10405.0,2025-08-28 13:55:31.730561
2025-08-28,29694,2025082801010433,HBL,Trisul Securities & Invt. Ltd.,Imperial Securities Company Pvt. Ltd.,50,208.1,10405.0,2025-08-28 13:55:31.730824
2025-08-28,29693,2025082801010434,HBL,Investment Management Nepal Pvt. Ltd.,Imperial Securities Company Pvt. Ltd.,380,208.1,79078.0,2025-08-28 13:55:31.731128
2025-08-28,29692,2025082801010435,HBL,Himalayan Brokerage Company Limited,Imperial Securities Company Pvt. Ltd.,777,208.0,161616.0,2025-08-28 13:55:31.731413
2025-08-28,29641,2025082801010441,HBL,Himalayan Brokerage Company Limited,Imperial Securities Company Pvt. Ltd.,223,208.0,46384.0,2025-08-28 13:55:41.973606
2025-08-28,29640,2025082801010442,HBL,Imperial Securities Company Pvt. Ltd.,Imperial Securities Company Pvt. Ltd.,170,208.0,35360.0,2025-08-28 13:55:41.973952
2025-08-28,29639,2025082801010443,HBL,Opal Securities Investment (PVT) Ltd.,Imperial Securities Company Pvt. Ltd.,40,208.0,8320.0,2025-08-28 13:55:41.974185
2025-08-28,29638,2025082801010444,HBL,Sweta Securities Private Limited,Imperial Securities Company Pvt. Ltd.,25,208.0,5200.0,2025-08-28 13:55:41.974379
2025-08-28,29637,2025082801010445,HBL,Online Securities Pvt. Ltd.,Imperial Securities Company Pvt. Ltd.,15,208.0,3120.0,2025-08-28 13:55:41.974560
2025-08-28,29636,2025082801010446,HBL,Capital Hub P. Ltd,Imperial Securities Company Pvt. Ltd.,1000,208.0,208000.0,2025-08-28 13:55:41.974742
2025-08-28,29635,2025082801010447,HBL,Elite Stock House Limited,Imperial Securities Company Pvt. Ltd.,100,208.0,20800.0,2025-08-28 13:55:41.974921
2025-08-28,29634,2025082801010448,HBL,Dynamic Money Managers Securities Pvt. Ltd.,Imperial Securities Company Pvt. Ltd.,500,208.0,104000.0,2025-08-28 13:55:41.975107
2025-08-28,29633,2025082801010449,HBL,Dakshinkali Investment & Securities Pvt. Ltd.,Imperial Securities Company Pvt. Ltd.,300,208.0,62400.0,2025-08-28 13:55:41.975430
2025-08-28,29632,2025082801010450,HBL,Midas Stock Broking Company Private Limited,Imperial Securities Company Pvt. Ltd.,115,208.0,23920.0,2025-08-28 13:55:41.975655
2025-08-28,29631,2025082801010451,HBL,J.F. Securites (PVT) Ltd.,Imperial Securities Company Pvt. Ltd.,100,208.0,20800.0,2025-08-28 13:55:41.975915
2025-08-28,29630,2025082801010452,HBL,Aryatara Investment & Securities,Imperial Securities Company Pvt. Ltd.,250,208.0,52000.0,2025-08-28 13:55:41.976103
2025-08-28,29629,2025082801010453,HBL,INDEX SECURITIES LIMITED,Imperial Securities Company Pvt. Ltd.,150,208.0,31200.0,2025-08-28 13:55:41.976311
2025-08-28,29628,2025082801010454,HBL,Premier Securities Company Ltd.,Imperial Securities Company Pvt. Ltd.,500,208.0,104000.0,2025-08-28 13:55:41.976495
2025-08-28,29627,2025082801010455,HBL,Naasa Securities Co. Ltd.,Imperial Securities Company Pvt. Ltd.,100,208.0,20800.0,2025-08-28 13:55:41.976669
2025-08-28,29626,2025082801010456,HBL,Linch Stock Market Ltd.,Imperial Securities Company Pvt. Ltd.,100,208.0,20800.0,2025-08-28 13:55:41.976857
2025-08-28,29625,2025082801010457,HBL,Sumeru Securities Pvt. Ltd.,Imperial Securities Company Pvt. Ltd.,33,208.0,6864.0,2025-08-28 13:55:41.977075
2025-08-28,29624,2025082801010458,HBL,Linch Stock Market Ltd.,Imperial Securities Company Pvt. Ltd.,50,208.0,10400.0,2025-08-28 13:55:41.977246
2025-08-28,29623,2025082801010459,HBL,Trisul Securities & Invt. Ltd.,Imperial Securities Company Pvt. Ltd.,14,208.0,2912.0,2025-08-28 13:55:41.977418
2025-08-28,29622,2025082801010460,HBL,Midas Stock Broking Company Private Limited,Imperial Securities Company Pvt. Ltd.,215,208.0,44720.0,2025-08-28 13:55:41.977587
2025-08-28,28196,2025082801010820,HBL,Machhapuchchhre Securities Limited,Sweta Securities Private Limited,10,209.5,2095.0,2025-08-28 14:00:22.314763
2025-08-28,26729,2025082801011078,HBL,Naasa Securities Co. Ltd.,Imperial Securities Company Pvt. Ltd.,1500,208.5,312750.0,2025-08-28 14:04:59.905106
2025-08-28,26728,2025082801011079,HBL,Dynamic Money Managers Securities Pvt. Ltd.,Imperial Securities Company Pvt. Ltd.,500,208.1,104050.0,2025-08-28 14:04:59.905412
2025-08-28,26222,2025082801011150,HBL,ABC Securities Private Limited,KALASH STOCK MARKET PVT. LTD.,100,208.0,20800.0,2025-08-28 14:06:45.699823
2025-08-28,24841,2025082801011481,HBL,Arun Securities (PVT) Ltd.,Himalayan Brokerage Company Limited,1800,208.9,376020.0,2025-08-28 14:11:44.100969
2025-08-28,24440,2025082801011590,HBL,Online Securities Pvt. Ltd.,Sani Securities Company Ltd.,35,208.1,7283.5,2025-08-28 14:13:24.984160
2025-08-28,24439,2025082801011591,HBL,Trishakti Securities Public Limited,Sani Securities Company Ltd.,100,208.1,20810.0,2025-08-28 14:13:24.984346
2025-08-28,24281,2025082801011629,HBL,Global IME Securities Limited,Dipshikha Dhitopatra Karobar Co. Pvt Ltd.,25,208.0,5200.0,2025-08-28 14:14:03.486344
2025-08-28,24280,2025082801011630,HBL,Agrawal Securities (PVT) Ltd.,Dipshikha Dhitopatra Karobar Co. Pvt Ltd.,25,208.0,5200.0,2025-08-28 14:14:03.486682
2025-08-28,24243,2025082801011640,HBL,Vision Securities Pvt. Ltd,Sani Securities Company Ltd.,65,208.1,13526.5,2025-08-28 14:14:11.366905
2025-08-28,23808,2025082801011759,HBL,Machhapuchchhre Securities Limited,Himalayan Brokerage Company Limited,10,208.9,2089.0,2025-08-28 14:15:46.575702
2025-08-28,23648,2025082801011781,HBL,Midas Stock Broking Company Private Limited,Himalayan Brokerage Company Limited,275,208.9,57447.5,2025-08-28 14:16:08.720852
2025-08-28,22026,2025082801012086,HBL,Naasa Securities Co. Ltd.,Himalayan Brokerage Company Limited,500,208.9,104450.0,2025-08-28 14:21:33.489985
2025-08-28,20273,2025082801012352,HBL,Aryatara Investment & Securities,Sani Securities Company Ltd.,100,208.2,20820.0,2025-08-28 14:26:02.350903
2025-08-28,19332,2025082801012447,HBL,Primo Securities (PVT) Ltd.,Himalayan Brokerage Company Limited,100,208.9,20890.0,2025-08-28 14:27:55.272305
2025-08-28,18783,2025082801012541,HBL,Dipshikha Dhitopatra Karobar Co. Pvt Ltd.,Dipshikha Dhitopatra Karobar Co. Pvt Ltd.,80,208.5,16680.0,2025-08-28 14:29:18.210338
2025-08-28,18782,2025082801012542,HBL,Siprabi Securities Pvt. Ltd.,Dipshikha Dhitopatra Karobar Co. Pvt Ltd.,91,208.3,18955.3,2025-08-28 14:29:18.210584
2025-08-28,18781,2025082801012543,HBL,Naasa Securities Co. Ltd.,Dipshikha Dhitopatra Karobar Co. Pvt Ltd.,49,208.3,10206.7,2025-08-28 14:29:18.210711
2025-08-28,18137,2025082801012705,HBL,Imperial Securities Company Pvt. Ltd.,Himalayan Brokerage Company Limited,50,208.9,10445.0,2025-08-28 14:31:12.684429
2025-08-28,18110,2025082801012707,HBL,J.F. Securites (PVT) Ltd.,Naasa Securities Co. Ltd.,4,205.0,820.0,2025-08-28 14:31:16.031297
2025-08-28,18070,2025082801012710,HBL,Naasa Securities Co. Ltd.,Himalayan Brokerage Company Limited,10,208.9,2089.0,2025-08-28 14:31:20.735603
2025-08-28,17822,2025082801012757,HBL,Naasa Securities Co. Ltd.,Primo Securities (PVT) Ltd.,171,208.3,35619.3,2025-08-28 14:32:10.430915
2025-08-28,17821,2025082801012758,HBL,Trisul Securities & Invt. Ltd.,Primo Securities (PVT) Ltd.,329,208.3,68530.7,2025-08-28 14:32:10.430966
2025-08-28,17769,2025082801012763,HBL,Asian Securities Private Ltd.,Himalayan Brokerage Company Limited,750,208.9,156675.0,2025-08-28 14:32:17.738915
2025-08-28,17285,2025082801012860,HBL,Sani Securities Company Ltd.,Himalayan Brokerage Company Limited,11,208.9,2297.9,2025-08-28 14:33:58.185687
2025-08-28,17276,2025082801012863,HBL,Thrive Brokerage House Pvt. Ltd,Imperial Securities Company Pvt. Ltd.,500,208.4,104200.0,2025-08-28 14:34:00.714258
2025-08-28,17275,2025082801012864,HBL,Naasa Securities Co. Ltd.,Imperial Securities Company Pvt. Ltd.,151,208.4,31468.4,2025-08-28 14:34:00.714644
2025-08-28,17274,2025082801012865,HBL,Trisul Securities & Invt. Ltd.,Imperial Securities Company Pvt. Ltd.,883,208.3,183928.9,2025-08-28 14:34:00.714884
2025-08-28,17273,2025082801012866,HBL,Elite Stock House Limited,Imperial Securities Company Pvt. Ltd.,260,208.3,54158.0,2025-08-28 14:34:00.715119
2025-08-28,17272,2025082801012867,HBL,Naasa Securities Co. Ltd.,Imperial Securities Company Pvt. Ltd.,65,208.2,13533.0,2025-08-28 14:34:00.715344
2025-08-28,17271,2025082801012868,HBL,Vision Securities Pvt. Ltd,Imperial Securities Company Pvt. Ltd.,285,208.1,59308.5,2025-08-28 14:34:00.715570
2025-08-28,17270,2025082801012869,HBL,Dynamic Money Managers Securities Pvt. Ltd.,Imperial Securities Company Pvt. Ltd.,800,208.1,166480.0,2025-08-28 14:34:00.715812
2025-08-28,17269,2025082801012870,HBL,Capital Max Securities Ltd,Imperial Securities Company Pvt. Ltd.,50,208.0,10400.0,2025-08-28 14:34:00.716058
2025-08-28,17268,2025082801012871,HBL,Vision Securities Pvt. Ltd,Imperial Securities Company Pvt. Ltd.,100,208.0,20800.0,2025-08-28 14:34:00.716319
2025-08-28,17267,2025082801012872,HBL,Malla & Malla Stock Broking Company Pvt. Limited,Imperial Securities Company Pvt. Ltd.,100,208.0,20800.0,2025-08-28 14:34:00.716551
2025-08-28,17266,2025082801012873,HBL,K.B.L. Securities Limited ,Imperial Securities Company Pvt. Ltd.,100,208.0,20800.0,2025-08-28 14:34:00.716792
2025-08-28,17265,2025082801012874,HBL,Naasa Securities Co. Ltd.,Imperial Securities Company Pvt. Ltd.,100,208.0,20800.0,2025-08-28 14:34:00.717021
2025-08-28,17264,2025082801012875,HBL,Sri Hari Securities Pvt. Ltd.,Imperial Securities Company Pvt. Ltd.,80,208.0,16640.0,2025-08-28 14:34:00.717255
2025-08-28,17263,2025082801012876,HBL,Malla & Malla Stock Broking Company Pvt. Limited,Imperial Securities Company Pvt. Ltd.,500,208.0,104000.0,2025-08-28 14:34:00.717458
2025-08-28,17262,2025082801012877,HBL,Aryatara Investment & Securities,Imperial Securities Company Pvt. Ltd.,1000,208.0,208000.0,2025-08-28 14:34:00.717668
2025-08-28,17261,2025082801012878,HBL,Deevyaa Securities & Stock House Pvt. Ltd,Imperial Securities Company Pvt. Ltd.,990,208.0,205920.0,2025-08-28 14:34:00.717889
2025-08-28,17260,2025082801012879,HBL,Asian Securities Private Ltd.,Imperial Securities Company Pvt. Ltd.,50,208.0,10400.0,2025-08-28 14:34:00.718114
2025-08-28,17259,2025082801012880,HBL,J.F. Securites (PVT) Ltd.,Imperial Securities Company Pvt. Ltd.,100,208.0,20800.0,2025-08-28 14:34:00.718336
2025-08-28,17258,2025082801012881,HBL,Sri Hari Securities Pvt. Ltd.,Imperial Securities Company Pvt. Ltd.,250,208.0,52000.0,2025-08-28 14:34:00.718567
2025-08-28,17257,2025082801012882,HBL,Sundhara Securities Limited,Imperial Securities Company Pvt. Ltd.,165,208.0,34320.0,2025-08-28 14:34:00.718774
2025-08-28,17256,2025082801012883,HBL,Deevyaa Securities & Stock House Pvt. Ltd,Imperial Securities Company Pvt. Ltd.,1000,208.0,208000.0,2025-08-28 14:34:00.718989
2025-08-28,17255,2025082801012884,HBL,Naasa Securities Co. Ltd.,Imperial Securities Company Pvt. Ltd.,471,208.0,97968.0,2025-08-28 14:34:00.719214
2025-08-28,17191,2025082801012913,HBL,Trishakti Securities Public Limited,Imperial Securities Company Pvt. Ltd.,100,208.3,20830.0,2025-08-28 14:34:09.843120
2025-08-28,17190,2025082801012914,HBL,Naasa Securities Co. Ltd.,Imperial Securities Company Pvt. Ltd.,1529,208.0,318032.0,2025-08-28 14:34:09.843521
2025-08-28,17189,2025082801012915,HBL,Naasa Securities Co. Ltd.,Imperial Securities Company Pvt. Ltd.,15,208.0,3120.0,2025-08-28 14:34:09.843735
2025-08-28,17188,2025082801012916,HBL,Secured Securities Ltd.,Imperial Securities Company Pvt. Ltd.,41,208.0,8528.0,2025-08-28 14:34:09.843958
2025-08-28,17187,2025082801012917,HBL,Kumari Securities Private Limited,Imperial Securities Company Pvt. Ltd.,240,208.0,49920.0,2025-08-28 14:34:09.844175
2025-08-28,17186,2025082801012918,HBL,Oxford Securities Pvt. Ltd.,Imperial Securities Company Pvt. Ltd.,10,208.0,2080.0,2025-08-28 14:34:09.844388
2025-08-28,17185,2025082801012919,HBL,Aryatara Investment & Securities,Imperial Securities Company Pvt. Ltd.,65,208.0,13520.0,2025-08-28 14:34:09.844587
2025-08-28,16288,2025082801013087,HBL,Vision Securities Pvt. Ltd,Trisul Securities & Invt. Ltd.,380,208.1,79078.0,2025-08-28 14:36:40.742434
2025-08-28,16157,2025082801013125,HBL,Vision Securities Pvt. Ltd,Vision Securities Pvt. Ltd,43,208.1,8948.3,2025-08-28 14:37:06.243880
2025-08-28,16064,2025082801013136,HBL,Vision Securities Pvt. Ltd,Imperial Securities Company Pvt. Ltd.,77,208.1,16023.7,2025-08-28 14:37:21.150098
2025-08-28,16063,2025082801013137,HBL,Sumeru Securities Pvt. Ltd.,Imperial Securities Company Pvt. Ltd.,50,208.1,10405.0,2025-08-28 14:37:21.150271
2025-08-28,16062,2025082801013138,HBL,Vision Securities Pvt. Ltd,Imperial Securities Company Pvt. Ltd.,60,208.1,12486.0,2025-08-28 14:37:21.150348
2025-08-28,16061,2025082801013139,HBL,Aryatara Investment & Securities,Imperial Securities Company Pvt. Ltd.,35,208.0,7280.0,2025-08-28 14:37:21.150413
2025-08-28,16060,2025082801013140,HBL,Asian Securities Private Ltd.,Imperial Securities Company Pvt. Ltd.,200,208.0,41600.0,2025-08-28 14:37:21.150481
2025-08-28,16059,2025082801013141,HBL,Naasa Securities Co. Ltd.,Imperial Securities Company Pvt. Ltd.,78,208.0,16224.0,2025-08-28 14:37:21.150547
2025-08-28,15984,2025082801013159,HBL,Naasa Securities Co. Ltd.,Aryatara Investment & Securities,200,208.0,41600.0,2025-08-28 14:37:37.894631
2025-08-28,15915,2025082801013177,HBL,Naasa Securities Co. Ltd.,Midas Stock Broking Company Private Limited,333,208.0,69264.0,2025-08-28 14:37:49.021395
2025-08-28,15914,2025082801013178,HBL,Trisul Securities & Invt. Ltd.,Midas Stock Broking Company Private Limited,109,208.0,22672.0,2025-08-28 14:37:49.021565
2025-08-28,15913,2025082801013179,HBL,Imperial Securities Company Pvt. Ltd.,Midas Stock Broking Company Private Limited,20,208.0,4160.0,2025-08-28 14:37:49.021640
2025-08-28,15608,2025082801013252,HBL,Capital Max Securities Ltd,Midas Stock Broking Company Private Limited,50,208.0,10400.0,2025-08-28 14:38:40.211095
2025-08-28,15500,2025082801013285,HBL,Aryatara Investment & Securities,Midas Stock Broking Company Private Limited,1000,208.0,208000.0,2025-08-28 14:38:53.725109
2025-08-28,15328,2025082801013312,HBL,Market Securities & Exchange (PVT) Ltd.,Midas Stock Broking Company Private Limited,100,208.0,20800.0,2025-08-28 14:39:14.062183
2025-08-28,15212,2025082801013337,HBL,Sri Hari Securities Pvt. Ltd.,Midas Stock Broking Company Private Limited,480,208.0,99840.0,2025-08-28 14:39:28.696948
2025-08-28,15175,2025082801013340,HBL,Secured Securities Ltd.,Secured Securities Ltd.,10,207.9,2079.0,2025-08-28 14:39:34.064357
2025-08-28,15174,2025082801013341,HBL,Shree Krishna Securities Ltd.,Secured Securities Ltd.,90,207.9,18711.0,2025-08-28 14:39:34.064527
2025-08-28,14930,2025082801013393,HBL,Vision Securities Pvt. Ltd,Midas Stock Broking Company Private Limited,200,208.0,41600.0,2025-08-28 14:40:13.205139
2025-08-28,14163,2025082801013536,HBL,Secured Securities Ltd.,Midas Stock Broking Company Private Limited,50,208.0,10400.0,2025-08-28 14:41:51.512718
2025-08-28,13788,2025082801013620,HBL,Shree Krishna Securities Ltd.,Magnet Securities and Investment Company Private Limited,10,207.9,2079.0,2025-08-28 14:42:36.055790
2025-08-28,13787,2025082801013621,HBL,Naasa Securities Co. Ltd.,Magnet Securities and Investment Company Private Limited,480,207.9,99792.0,2025-08-28 14:42:36.055956
2025-08-28,13786,2025082801013622,HBL,Sani Securities Company Ltd.,Magnet Securities and Investment Company Private Limited,100,207.8,20780.0,2025-08-28 14:42:36.056072
2025-08-28,13785,2025082801013623,HBL,Imperial Securities Company Pvt. Ltd.,Magnet Securities and Investment Company Private Limited,60,207.8,12468.0,2025-08-28 14:42:36.056142
2025-08-28,13784,2025082801013624,HBL,Sumeru Securities Pvt. Ltd.,Magnet Securities and Investment Company Private Limited,50,207.8,10390.0,2025-08-28 14:42:36.056213
2025-08-28,13783,2025082801013625,HBL,Sri Hari Securities Pvt. Ltd.,Magnet Securities and Investment Company Private Limited,20,207.8,4156.0,2025-08-28 14:42:36.056281
2025-08-28,13782,2025082801013626,HBL,Sri Hari Securities Pvt. Ltd.,Magnet Securities and Investment Company Private Limited,330,207.8,68574.0,2025-08-28 14:42:36.056350
2025-08-28,13781,2025082801013627,HBL,Himalayan Securities Limited,Magnet Securities and Investment Company Private Limited,100,207.7,20770.0,2025-08-28 14:42:36.056417
2025-08-28,13780,2025082801013628,HBL,Trishakti Securities Public Limited,Magnet Securities and Investment Company Private Limited,100,207.6,20760.0,2025-08-28 14:42:36.056487
2025-08-28,13779,2025082801013629,HBL,Imperial Securities Company Pvt. Ltd.,Magnet Securities and Investment Company Private Limited,70,207.5,14525.0,2025-08-28 14:42:36.056557
2025-08-28,13778,2025082801013630,HBL,Vision Securities Pvt. Ltd,Magnet Securities and Investment Company Private Limited,288,207.5,59760.0,2025-08-28 14:42:36.056624
2025-08-28,13695,2025082801013641,HBL,Oxford Securities Pvt. Ltd.,Sweta Securities Private Limited,24,207.9,4989.6,2025-08-28 14:42:45.167284
2025-08-28,13694,2025082801013642,HBL,Oxford Securities Pvt. Ltd.,Midas Stock Broking Company Private Limited,46,208.0,9568.0,2025-08-28 14:42:45.167627
2025-08-28,13686,2025082801013644,HBL,Sani Securities Company Ltd.,Midas Stock Broking Company Private Limited,24,208.0,4992.0,2025-08-28 14:42:48.116303
2025-08-28,13390,2025082801013715,HBL,Sri Hari Securities Pvt. Ltd.,Himalayan Brokerage Company Limited,10,208.9,2089.0,2025-08-28 14:43:23.537726
2025-08-28,12702,2025082801013814,HBL,Vision Securities Pvt. Ltd,Naasa Securities Co. Ltd.,24,208.1,4994.4,2025-08-28 14:44:31.485805
2025-08-28,11698,2025082801013956,HBL,Sri Hari Securities Pvt. Ltd.,Himalayan Brokerage Company Limited,10,208.9,2089.0,2025-08-28 14:46:06.933935
2025-08-28,10729,2025082801014095,HBL,Sumeru Securities Pvt. Ltd.,Himalayan Brokerage Company Limited,10,208.9,2089.0,2025-08-28 14:47:46.737070
2025-08-28,10632,2025082801014115,HBL,Thrive Brokerage House Pvt. Ltd,Himalayan Brokerage Company Limited,400,208.9,83560.0,2025-08-28 14:47:56.349461
2025-08-28,10364,2025082801014170,HBL,J.F. Securites (PVT) Ltd.,Himalayan Brokerage Company Limited,8,208.0,1664.0,2025-08-28 14:48:26.152392
2025-08-28,10158,2025082801014196,HBL,Trishakti Securities Public Limited,Machhapuchchhre Securities Limited,50,208.3,10415.0,2025-08-28 14:48:52.271211
2025-08-28,10152,2025082801014198,HBL,Trishakti Securities Public Limited,Ashutosh Brokerage & Securities (PVT) Ltd.,200,208.3,41660.0,2025-08-28 14:48:53.824137
2025-08-28,10063,2025082801014207,HBL,Sri Hari Securities Pvt. Ltd.,Himalayan Brokerage Company Limited,10,208.9,2089.0,2025-08-28 14:49:03.953593
2025-08-28,9815,2025082801014243,HBL,Naasa Securities Co. Ltd.,Himalayan Brokerage Company Limited,75,208.9,15667.5,2025-08-28 14:49:23.239103
2025-08-28,8032,2025082801014591,HBL,Aryatara Investment & Securities,Himalayan Brokerage Company Limited,89,208.9,18592.1,2025-08-28 14:52:12.021095
2025-08-28,8031,2025082801014592,HBL,Aryatara Investment & Securities,Linch Stock Market Ltd.,370,209.0,77330.0,2025-08-28 14:52:12.021265
2025-08-28,8030,2025082801014593,HBL,Aryatara Investment & Securities,Naasa Securities Co. Ltd.,10,209.0,2090.0,2025-08-28 14:52:12.021349
2025-08-28,8029,2025082801014594,HBL,Aryatara Investment & Securities,Naasa Securities Co. Ltd.,60,209.0,12540.0,2025-08-28 14:52:12.021426
2025-08-28,7866,2025082801014617,HBL,Sri Hari Securities Pvt. Ltd.,Neev Securities Pvt. Ltd.,10,209.9,2099.0,2025-08-28 14:52:25.090550
2025-08-28,6746,2025082801014976,HBL,Aryatara Investment & Securities,Neev Securities Pvt. Ltd.,90,209.0,18810.0,2025-08-28 14:53:43.403585
2025-08-28,6361,2025082801015052,HBL,Sri Hari Securities Pvt. Ltd.,Dipshikha Dhitopatra Karobar Co. Pvt Ltd.,10,210.0,2100.0,2025-08-28 14:54:12.449248
2025-08-28,5382,2025082801015241,HBL,Sani Securities Company Ltd.,Dipshikha Dhitopatra Karobar Co. Pvt Ltd.,15,210.0,3150.0,2025-08-28 14:55:34.038890
2025-08-28,5118,2025082801015302,HBL,Aryatara Investment & Securities,Sri Hari Securities Pvt. Ltd.,54,209.5,11313.0,2025-08-28 14:55:53.556000
2025-08-28,4878,2025082801015358,HBL,Nepal Stock House (PVT) Ltd.,Dipshikha Dhitopatra Karobar Co. Pvt Ltd.,73,210.0,15330.0,2025-08-28 14:56:13.262671
2025-08-28,4877,2025082801015359,HBL,Nepal Stock House (PVT) Ltd.,ABC Securities Private Limited,17,210.0,3570.0,2025-08-28 14:56:13.262843
2025-08-28,4375,2025082801015431,HBL,Thrive Brokerage House Pvt. Ltd,J.F. Securites (PVT) Ltd.,500,209.9,104950.0,2025-08-28 14:56:51.999376
2025-08-28,3256,2025082801015613,HBL,Aryatara Investment & Securities,J.F. Securites (PVT) Ltd.,327,209.9,68637.3,2025-08-28 14:58:01.001735
2025-08-28,1825,2025082801015908,HBL,Sipla Securities Private Limited,J.F. Securites (PVT) Ltd.,1000,209.9,209900.0,2025-08-28 14:59:08.597264
2025-08-28,1493,2025082801015965,HBL,Naasa Securities Co. Ltd.,Agrawal Securities (PVT) Ltd.,95,209.7,19921.5,2025-08-28 14:59:20.840620
2025-08-28,1492,2025082801015966,HBL,Aryatara Investment & Securities,Agrawal Securities (PVT) Ltd.,300,209.6,62880.0,2025-08-28 14:59:20.840801
2025-08-28,1491,2025082801015967,HBL,Primo Securities (PVT) Ltd.,Agrawal Securities (PVT) Ltd.,205,209.6,42968.0,2025-08-28 14:59:20.840883
2025-08-28,1346,2025082801016008,HBL,Sipla Securities Private Limited,Dipshikha Dhitopatra Karobar Co. Pvt Ltd.,100,209.8,20980.0,2025-08-28 14:59:24.643570
2025-08-28,1345,2025082801016009,HBL,Sipla Securities Private Limited,J.F. Securites (PVT) Ltd.,173,209.9,36312.7,2025-08-28 14:59:24.643933
2025-08-28,1344,2025082801016010,HBL,Sipla Securities Private Limited,ABC Securities Private Limited,183,210.0,38430.0,2025-08-28 14:59:24.644180
2025-08-28,1343,2025082801016011,HBL,Sipla Securities Private Limited,Naasa Securities Co. Ltd.,100,210.0,21000.0,2025-08-28 14:59:24.644427
2025-08-28,1342,2025082801016012,HBL,Sipla Securities Private Limited,Magnet Securities and Investment Company Private Limited,200,210.0,42000.0,2025-08-28 14:59:24.644674
2025-08-28,1341,2025082801016013,HBL,Sipla Securities Private Limited,Sani Securities Company Ltd.,349,210.9,73604.1,2025-08-28 14:59:24.645042
2025-08-28,1340,2025082801016014,HBL,Sipla Securities Private Limited,Vision Securities Pvt. Ltd,175,211.0,36925.0,2025-08-28 14:59:24.645334
2025-08-28,1166,2025082801016031,HBL,Primo Securities (PVT) Ltd.,South Asian Bulls Pvt. Ltd.,25,209.6,5240.0,2025-08-28 14:59:29.890863
2025-08-28,1165,2025082801016032,HBL,Nepal Investment And Securities Trading Private Limited,South Asian Bulls Pvt. Ltd.,500,209.4,104700.0,2025-08-28 14:59:29.891211
2025-08-28,814,2025082801016087,HBL,Aryatara Investment & Securities,Ashutosh Brokerage & Securities (PVT) Ltd.,50,208.5,10425.0,2025-08-28 14:59:39.252704
2025-08-28,813,2025082801016088,HBL,Trishakti Securities Public Limited,Ashutosh Brokerage & Securities (PVT) Ltd.,250,208.3,52075.0,2025-08-28 14:59:39.252897
2025-08-28,114,2025082801016186,HBL,Agrawal Securities (PVT) Ltd.,South Asian Bulls Pvt. Ltd.,100,209.0,20900.0,2025-08-28 14:59:58.476948
2025-08-28,80,2025082801016188,HBL,Sri Hari Securities Pvt. Ltd.,South Asian Bulls Pvt. Ltd.,10,209.0,2090.0,2025-08-28 14:59:58.935043
