Date,S.N.,Contract ID,Symbol,Buyer Broker,Seller Broker,volume,rate,amount,transaction_time
2025-08-28,78222,2025082803000029,MNBBL,Kohinoor Investment & Securities Pvt. Ltd.,Creative Securities Pvt Ltd,35,465.0,16275.0,2025-08-28 11:00:55.104613
2025-08-28,78139,2025082803000043,MNBBL,Trishakti Securities Public Limited,Market Securities & Exchange (PVT) Ltd.,500,464.0,232000.0,2025-08-28 11:01:26.473399
2025-08-28,78049,2025082803000054,MNBBL,Trishakti Securities Public Limited,Creative Securities Pvt Ltd,20,461.2,9224.0,2025-08-28 11:02:05.362066
2025-08-28,78048,2025082803000055,MNBBL,Kumari Securities Private Limited,Creative Securities Pvt Ltd,500,460.0,230000.0,2025-08-28 11:02:05.362194
2025-08-28,78047,2025082803000056,MNBBL,Trishakti Securities Public Limited,Creative Securities Pvt Ltd,20,460.0,9200.0,2025-08-28 11:02:05.362276
2025-08-28,77822,2025082803000072,MNBBL,Vision Securities Pvt. Ltd,Cristal Kanchanjanga Securites Pvt. Ltd.,500,460.0,230000.0,2025-08-28 11:03:06.008396
2025-08-28,77740,2025082803000082,MNBBL,Kumari Securities Private Limited,Cristal Kanchanjanga Securites Pvt. Ltd.,200,460.0,92000.0,2025-08-28 11:03:20.545516
2025-08-28,77675,2025082803000087,MNBBL,Asian Securities Private Ltd.,Creative Securities Pvt Ltd,1000,456.1,456100.0,2025-08-28 11:03:43.168517
2025-08-28,77456,2025082803000107,MNBBL,Malla & Malla Stock Broking Company Pvt. Limited,Cristal Kanchanjanga Securites Pvt. Ltd.,41,460.0,18860.0,2025-08-28 11:04:26.132283
2025-08-28,77218,2025082803000125,MNBBL,Creative Securities Pvt Ltd,ABC Securities Private Limited,300,462.9,138870.0,2025-08-28 11:05:17.662743
2025-08-28,77217,2025082803000126,MNBBL,Creative Securities Pvt Ltd,Sumeru Securities Pvt. Ltd.,130,463.0,60190.0,2025-08-28 11:05:17.662918
2025-08-28,77216,2025082803000127,MNBBL,Creative Securities Pvt Ltd,Creative Securities Pvt Ltd,425,463.9,197157.5,2025-08-28 11:05:17.663020
2025-08-28,77215,2025082803000128,MNBBL,Creative Securities Pvt Ltd,Vision Securities Pvt. Ltd,30,464.0,13920.0,2025-08-28 11:05:17.663135
2025-08-28,77214,2025082803000129,MNBBL,Creative Securities Pvt Ltd,Trisul Securities & Invt. Ltd.,115,464.0,53360.0,2025-08-28 11:05:17.663240
2025-08-28,76676,2025082803000201,MNBBL,Imperial Securities Company Pvt. Ltd.,Trisul Securities & Invt. Ltd.,80,464.0,37120.0,2025-08-28 11:07:32.525743
2025-08-28,76422,2025082803000225,MNBBL,Kumari Securities Private Limited,Trisul Securities & Invt. Ltd.,50,464.0,23200.0,2025-08-28 11:08:25.440807
2025-08-28,76222,2025082803000270,MNBBL,Vision Securities Pvt. Ltd,K.B.L. Securities Limited ,150,463.0,69450.0,2025-08-28 11:09:15.664129
2025-08-28,76221,2025082803000271,MNBBL,Vision Securities Pvt. Ltd,Sani Securities Company Ltd.,20,464.0,9280.0,2025-08-28 11:09:15.664220
2025-08-28,76220,2025082803000272,MNBBL,Vision Securities Pvt. Ltd,Trisul Securities & Invt. Ltd.,330,464.0,153120.0,2025-08-28 11:09:15.664262
2025-08-28,75769,2025082803000329,MNBBL,Nepal Investment And Securities Trading Private Limited,J.F. Securites (PVT) Ltd.,50,463.9,23195.0,2025-08-28 11:10:56.490220
2025-08-28,75086,2025082803000434,MNBBL,Nepal Stock House (PVT) Ltd.,Bhrikuti Stock Broking Co. Pvt. Ltd.,500,461.5,230750.0,2025-08-28 11:13:35.857336
2025-08-28,75085,2025082803000435,MNBBL,SHUBHAKAMANA SECURITIES PVT. LTD,Bhrikuti Stock Broking Co. Pvt. Ltd.,500,460.1,230050.0,2025-08-28 11:13:35.857465
2025-08-28,73462,2025082803000624,MNBBL,Siprabi Securities Pvt. Ltd.,Trisul Securities & Invt. Ltd.,170,462.0,78540.0,2025-08-28 11:18:37.700755
2025-08-28,73308,2025082803000649,MNBBL,Naasa Securities Co. Ltd.,Nepal Investment And Securities Trading Private Limited,40,463.0,18520.0,2025-08-28 11:19:09.597456
2025-08-28,73307,2025082803000650,MNBBL,Naasa Securities Co. Ltd.,Nepal Investment And Securities Trading Private Limited,40,463.0,18520.0,2025-08-28 11:19:09.597591
2025-08-28,73306,2025082803000651,MNBBL,Naasa Securities Co. Ltd.,Aryatara Investment & Securities,49,463.0,22687.0,2025-08-28 11:19:09.597650
2025-08-28,73305,2025082803000652,MNBBL,Naasa Securities Co. Ltd.,Online Securities Pvt. Ltd.,871,463.0,403273.0,2025-08-28 11:19:09.597711
2025-08-28,73208,2025082803000666,MNBBL,Nepal Stock House (PVT) Ltd.,Online Securities Pvt. Ltd.,113,463.0,52319.0,2025-08-28 11:19:26.937566
2025-08-28,73146,2025082803000669,MNBBL,Sani Securities Company Ltd.,Online Securities Pvt. Ltd.,47,463.0,21761.0,2025-08-28 11:19:37.435303
2025-08-28,72768,2025082803000720,MNBBL,Arun Securities (PVT) Ltd.,South Asian Bulls Pvt. Ltd.,30,463.8,13914.0,2025-08-28 11:20:43.930185
2025-08-28,72702,2025082803000734,MNBBL,Arun Securities (PVT) Ltd.,Online Securities Pvt. Ltd.,70,463.8,32466.0,2025-08-28 11:20:55.255526
2025-08-28,72661,2025082803000740,MNBBL,Nepal Stock House (PVT) Ltd.,Online Securities Pvt. Ltd.,15,463.8,6957.0,2025-08-28 11:20:59.709488
2025-08-28,72660,2025082803000741,MNBBL,Kumari Securities Private Limited,Online Securities Pvt. Ltd.,100,463.8,46380.0,2025-08-28 11:21:00.064738
2025-08-28,72055,2025082803000821,MNBBL,Trisul Securities & Invt. Ltd.,K.B.L. Securities Limited ,600,463.0,277800.0,2025-08-28 11:22:47.376484
2025-08-28,72054,2025082803000822,MNBBL,Agrawal Securities (PVT) Ltd.,K.B.L. Securities Limited ,250,463.0,115750.0,2025-08-28 11:22:47.376617
2025-08-28,71588,2025082803000891,MNBBL,Siprabi Securities Pvt. Ltd.,K.B.L. Securities Limited ,830,462.0,383460.0,2025-08-28 11:23:51.569835
2025-08-28,71587,2025082803000892,MNBBL,Sumeru Securities Pvt. Ltd.,K.B.L. Securities Limited ,20,462.0,9240.0,2025-08-28 11:23:51.569983
2025-08-28,71360,2025082803000946,MNBBL,Sumeru Securities Pvt. Ltd.,K.B.L. Securities Limited ,20,461.3,9226.0,2025-08-28 11:24:26.719557
2025-08-28,71359,2025082803000947,MNBBL,Kumari Securities Private Limited,K.B.L. Securities Limited ,10,461.2,4612.0,2025-08-28 11:24:26.719687
2025-08-28,71358,2025082803000948,MNBBL,Naasa Securities Co. Ltd.,K.B.L. Securities Limited ,1000,461.0,461000.0,2025-08-28 11:24:26.719748
2025-08-28,71357,2025082803000949,MNBBL,Dipshikha Dhitopatra Karobar Co. Pvt Ltd.,K.B.L. Securities Limited ,120,461.0,55320.0,2025-08-28 11:24:26.719804
2025-08-28,71283,2025082803000966,MNBBL,Dipshikha Dhitopatra Karobar Co. Pvt Ltd.,Nepal Stock House (PVT) Ltd.,150,461.0,69150.0,2025-08-28 11:24:35.550830
2025-08-28,71130,2025082803000990,MNBBL,Secured Securities Ltd.,K.B.L. Securities Limited ,150,462.0,69300.0,2025-08-28 11:24:51.757181
2025-08-28,71129,2025082803000991,MNBBL,Secured Securities Ltd.,Premier Securities Company Ltd.,10,462.9,4629.0,2025-08-28 11:24:51.757440
2025-08-28,71091,2025082803001000,MNBBL,Secured Securities Ltd.,SHUBHAKAMANA SECURITIES PVT. LTD,250,463.0,115750.0,2025-08-28 11:24:59.960093
2025-08-28,71025,2025082803001012,MNBBL,Secured Securities Ltd.,K.B.L. Securities Limited ,20,463.0,9260.0,2025-08-28 11:25:07.847141
2025-08-28,70700,2025082803001060,MNBBL,Dipshikha Dhitopatra Karobar Co. Pvt Ltd.,Vision Securities Pvt. Ltd,230,461.0,106030.0,2025-08-28 11:26:03.363833
2025-08-28,70699,2025082803001061,MNBBL,Sumeru Securities Pvt. Ltd.,Vision Securities Pvt. Ltd,20,460.2,9204.0,2025-08-28 11:26:03.363966
2025-08-28,70698,2025082803001062,MNBBL,SHUBHAKAMANA SECURITIES PVT. LTD,Vision Securities Pvt. Ltd,500,460.1,230050.0,2025-08-28 11:26:03.364060
2025-08-28,70697,2025082803001063,MNBBL,Aryatara Investment & Securities,Vision Securities Pvt. Ltd,100,460.0,46000.0,2025-08-28 11:26:03.364118
2025-08-28,70696,2025082803001064,MNBBL,Deevyaa Securities & Stock House Pvt. Ltd,Vision Securities Pvt. Ltd,150,460.0,69000.0,2025-08-28 11:26:03.364174
2025-08-28,70583,2025082803001083,MNBBL,Nepal Stock House (PVT) Ltd.,Property Wiard Limited,50,460.2,23010.0,2025-08-28 11:26:18.181317
2025-08-28,70582,2025082803001084,MNBBL,Deevyaa Securities & Stock House Pvt. Ltd,Property Wiard Limited,350,460.0,161000.0,2025-08-28 11:26:18.181579
2025-08-28,70533,2025082803001096,MNBBL,J.F. Securites (PVT) Ltd.,Himalayan Brokerage Company Limited,500,460.1,230050.0,2025-08-28 11:26:29.643035
2025-08-28,70532,2025082803001097,MNBBL,Deevyaa Securities & Stock House Pvt. Ltd,Himalayan Brokerage Company Limited,500,460.0,230000.0,2025-08-28 11:26:29.643166
2025-08-28,69235,2025082803001344,MNBBL,Shree Krishna Securities Ltd.,Capital Hub P. Ltd,120,461.5,55380.0,2025-08-28 11:30:28.123292
2025-08-28,69234,2025082803001345,MNBBL,J.F. Securites (PVT) Ltd.,Capital Hub P. Ltd,500,460.1,230050.0,2025-08-28 11:30:28.123432
2025-08-28,69233,2025082803001346,MNBBL,Secured Securities Ltd.,Capital Hub P. Ltd,1000,460.1,460100.0,2025-08-28 11:30:28.123495
2025-08-28,69232,2025082803001347,MNBBL,Naasa Securities Co. Ltd.,Capital Hub P. Ltd,50,460.0,23000.0,2025-08-28 11:30:28.123556
2025-08-28,69231,2025082803001348,MNBBL,Trishakti Securities Public Limited,Capital Hub P. Ltd,907,460.0,417220.0,2025-08-28 11:30:28.123613
2025-08-28,69217,2025082803001352,MNBBL,Trishakti Securities Public Limited,Sani Securities Company Ltd.,22,460.0,10120.0,2025-08-28 11:30:29.988505
2025-08-28,69026,2025082803001377,MNBBL,Kumari Securities Private Limited,Naasa Securities Co. Ltd.,20,461.6,9232.0,2025-08-28 11:31:05.959492
2025-08-28,68757,2025082803001438,MNBBL,Kumari Securities Private Limited,Sundhara Securities Limited,50,461.6,23080.0,2025-08-28 11:31:57.682689
2025-08-28,68704,2025082803001457,MNBBL,Kumari Securities Private Limited,Dynamic Money Managers Securities Pvt. Ltd.,30,461.6,13848.0,2025-08-28 11:32:07.778328
2025-08-28,68650,2025082803001462,MNBBL,Trishakti Securities Public Limited,Naasa Securities Co. Ltd.,71,460.0,32660.0,2025-08-28 11:32:16.733650
2025-08-28,68649,2025082803001463,MNBBL,Aryatara Investment & Securities,Naasa Securities Co. Ltd.,50,460.0,23000.0,2025-08-28 11:32:16.733913
2025-08-28,68648,2025082803001464,MNBBL,Agrawal Securities (PVT) Ltd.,Naasa Securities Co. Ltd.,30,460.0,13800.0,2025-08-28 11:32:16.734104
2025-08-28,68327,2025082803001536,MNBBL,Online Securities Pvt. Ltd.,Deevyaa Securities & Stock House Pvt. Ltd,100,460.0,46000.0,2025-08-28 11:33:03.980035
2025-08-28,68243,2025082803001555,MNBBL,Roadshow securities limited,Creative Securities Pvt Ltd,789,459.1,362229.9,2025-08-28 11:33:18.705861
2025-08-28,68242,2025082803001556,MNBBL,Opal Securities Investment (PVT) Ltd.,Creative Securities Pvt Ltd,50,459.0,22950.0,2025-08-28 11:33:18.706021
2025-08-28,68241,2025082803001557,MNBBL,Deevyaa Securities & Stock House Pvt. Ltd,Creative Securities Pvt Ltd,161,459.0,73899.0,2025-08-28 11:33:18.706119
2025-08-28,68089,2025082803001595,MNBBL,Asian Securities Private Ltd.,Secured Securities Ltd.,1000,459.1,459100.0,2025-08-28 11:33:43.799451
2025-08-28,67895,2025082803001625,MNBBL,Kumari Securities Private Limited,Vision Securities Pvt. Ltd,50,460.0,23000.0,2025-08-28 11:34:12.417098
2025-08-28,67894,2025082803001626,MNBBL,Kumari Securities Private Limited,Investment Management Nepal Pvt. Ltd.,300,460.0,138000.0,2025-08-28 11:34:12.417441
2025-08-28,67736,2025082803001654,MNBBL,SHUBHAKAMANA SECURITIES PVT. LTD,Investment Management Nepal Pvt. Ltd.,200,460.0,92000.0,2025-08-28 11:34:41.732243
2025-08-28,67735,2025082803001655,MNBBL,SHUBHAKAMANA SECURITIES PVT. LTD,Creative Securities Pvt Ltd,300,461.5,138450.0,2025-08-28 11:34:41.732516
2025-08-28,67401,2025082803001692,MNBBL,Online Securities Pvt. Ltd.,Sweta Securities Private Limited,1000,461.0,461000.0,2025-08-28 11:35:38.379232
2025-08-28,66776,2025082803001790,MNBBL,Naasa Securities Co. Ltd.,Sundhara Securities Limited,10,461.0,4610.0,2025-08-28 11:38:13.412475
2025-08-28,66758,2025082803001791,MNBBL,Deevyaa Securities & Stock House Pvt. Ltd,Himalayan Brokerage Company Limited,1000,459.0,459000.0,2025-08-28 11:38:19.584138
2025-08-28,66720,2025082803001798,MNBBL,Deevyaa Securities & Stock House Pvt. Ltd,Himalayan Brokerage Company Limited,1000,459.0,459000.0,2025-08-28 11:38:28.609185
2025-08-28,66467,2025082803001829,MNBBL,Deevyaa Securities & Stock House Pvt. Ltd,Sri Hari Securities Pvt. Ltd.,2839,459.0,1303101.0,2025-08-28 11:39:27.782284
2025-08-28,66466,2025082803001830,MNBBL,Agrawal Securities (PVT) Ltd.,Sri Hari Securities Pvt. Ltd.,161,459.0,73899.0,2025-08-28 11:39:27.782563
2025-08-28,66138,2025082803001877,MNBBL,Agrawal Securities (PVT) Ltd.,Naasa Securities Co. Ltd.,10,459.0,4590.0,2025-08-28 11:40:56.163109
2025-08-28,65771,2025082803001942,MNBBL,SHUBHAKAMANA SECURITIES PVT. LTD,Creative Securities Pvt Ltd,400,460.9,184360.0,2025-08-28 11:42:21.041081
2025-08-28,65770,2025082803001943,MNBBL,SHUBHAKAMANA SECURITIES PVT. LTD,Sundhara Securities Limited,38,461.0,17518.0,2025-08-28 11:42:21.041242
2025-08-28,65769,2025082803001944,MNBBL,SHUBHAKAMANA SECURITIES PVT. LTD,Sri Hari Securities Pvt. Ltd.,62,461.0,28582.0,2025-08-28 11:42:21.041306
2025-08-28,65752,2025082803001948,MNBBL,Agrawal Securities (PVT) Ltd.,Creative Securities Pvt Ltd,49,459.0,22491.0,2025-08-28 11:42:28.464422
2025-08-28,65445,2025082803001997,MNBBL,Aryatara Investment & Securities,Sweta Securities Private Limited,25,460.0,11500.0,2025-08-28 11:43:37.692417
2025-08-28,65237,2025082803002023,MNBBL,Aryatara Investment & Securities,Creative Securities Pvt Ltd,50,458.0,22900.0,2025-08-28 11:44:21.902006
2025-08-28,65044,2025082803002044,MNBBL,Sumeru Securities Pvt. Ltd.,Trishakti Securities Public Limited,20,458.2,9164.0,2025-08-28 11:45:08.588007
2025-08-28,65043,2025082803002045,MNBBL,J.F. Securites (PVT) Ltd.,Trishakti Securities Public Limited,126,458.0,57708.0,2025-08-28 11:45:08.588180
2025-08-28,64541,2025082803002137,MNBBL,Aryatara Investment & Securities,Oxford Securities Pvt. Ltd.,35,460.0,16100.0,2025-08-28 11:47:28.453834
2025-08-28,64162,2025082803002187,MNBBL,J.F. Securites (PVT) Ltd.,Online Securities Pvt. Ltd.,374,458.0,171292.0,2025-08-28 11:49:01.198557
2025-08-28,64161,2025082803002188,MNBBL,Deevyaa Securities & Stock House Pvt. Ltd,Online Securities Pvt. Ltd.,200,458.0,91600.0,2025-08-28 11:49:01.198603
2025-08-28,64160,2025082803002189,MNBBL,Asian Securities Private Ltd.,Online Securities Pvt. Ltd.,442,457.4,202170.8,2025-08-28 11:49:01.198639
2025-08-28,63595,2025082803002266,MNBBL,KALASH STOCK MARKET PVT. LTD.,KALASH STOCK MARKET PVT. LTD.,50,459.9,22995.0,2025-08-28 11:51:20.158593
2025-08-28,63492,2025082803002281,MNBBL,KALASH STOCK MARKET PVT. LTD.,Oxford Securities Pvt. Ltd.,215,460.0,98900.0,2025-08-28 11:51:35.211900
2025-08-28,63491,2025082803002282,MNBBL,KALASH STOCK MARKET PVT. LTD.,Sri Hari Securities Pvt. Ltd.,735,461.0,338835.0,2025-08-28 11:51:35.212082
2025-08-28,63423,2025082803002296,MNBBL,Vision Securities Pvt. Ltd,Sri Hari Securities Pvt. Ltd.,103,461.0,47483.0,2025-08-28 11:51:46.165142
2025-08-28,63422,2025082803002297,MNBBL,Vision Securities Pvt. Ltd,Capital Max Securities Ltd,100,461.0,46100.0,2025-08-28 11:51:46.165195
2025-08-28,63421,2025082803002298,MNBBL,Vision Securities Pvt. Ltd,Dynamic Money Managers Securities Pvt. Ltd.,70,461.6,32312.0,2025-08-28 11:51:46.165222
2025-08-28,63420,2025082803002299,MNBBL,Vision Securities Pvt. Ltd,Aryatara Investment & Securities,90,461.6,41544.0,2025-08-28 11:51:46.165247
2025-08-28,63419,2025082803002300,MNBBL,Vision Securities Pvt. Ltd,K.B.L. Securities Limited ,637,462.0,294294.0,2025-08-28 11:51:46.165286
2025-08-28,62275,2025082803002446,MNBBL,Miyo Securities Pvt Ltd,Investment Management Nepal Pvt. Ltd.,500,460.0,230000.0,2025-08-28 11:55:45.402759
2025-08-28,61642,2025082803002540,MNBBL,Sharepro Securities Private Limited,Investment Management Nepal Pvt. Ltd.,580,460.0,266800.0,2025-08-28 11:58:05.322667
2025-08-28,61641,2025082803002541,MNBBL,Sharepro Securities Private Limited,Oxford Securities Pvt. Ltd.,10,460.0,4600.0,2025-08-28 11:58:05.322911
2025-08-28,61175,2025082803002623,MNBBL,Midas Stock Broking Company Private Limited,Agrawal Securities (PVT) Ltd.,10,461.0,4610.0,2025-08-28 11:59:37.665495
2025-08-28,60945,2025082803002666,MNBBL,Vision Securities Pvt. Ltd,Agrawal Securities (PVT) Ltd.,90,461.0,41490.0,2025-08-28 12:00:28.812787
2025-08-28,60944,2025082803002667,MNBBL,Vision Securities Pvt. Ltd,Nepal Stock House (PVT) Ltd.,10,461.0,4610.0,2025-08-28 12:00:28.812991
2025-08-28,60943,2025082803002668,MNBBL,Vision Securities Pvt. Ltd,K.B.L. Securities Limited ,2000,461.8,923600.0,2025-08-28 12:00:28.813082
2025-08-28,60942,2025082803002669,MNBBL,Vision Securities Pvt. Ltd,Linch Stock Market Ltd.,100,461.8,46180.0,2025-08-28 12:00:28.813160
2025-08-28,60941,2025082803002670,MNBBL,Vision Securities Pvt. Ltd,Sri Hari Securities Pvt. Ltd.,1000,461.9,461900.0,2025-08-28 12:00:28.813242
2025-08-28,60940,2025082803002671,MNBBL,Vision Securities Pvt. Ltd,K.B.L. Securities Limited ,363,462.0,167706.0,2025-08-28 12:00:28.813314
2025-08-28,60939,2025082803002672,MNBBL,Vision Securities Pvt. Ltd,KALASH STOCK MARKET PVT. LTD.,10,462.0,4620.0,2025-08-28 12:00:28.813385
2025-08-28,60938,2025082803002673,MNBBL,Vision Securities Pvt. Ltd,Linch Stock Market Ltd.,100,462.0,46200.0,2025-08-28 12:00:28.813461
2025-08-28,60937,2025082803002674,MNBBL,Vision Securities Pvt. Ltd,Aryatara Investment & Securities,1000,462.0,462000.0,2025-08-28 12:00:28.813531
2025-08-28,60623,2025082803002722,MNBBL,Primo Securities (PVT) Ltd.,Online Securities Pvt. Ltd.,50,463.8,23190.0,2025-08-28 12:01:48.363948
2025-08-28,60611,2025082803002725,MNBBL,J.F. Securites (PVT) Ltd.,ABC Securities Private Limited,1,455.0,455.0,2025-08-28 12:01:52.107958
2025-08-28,59853,2025082803002879,MNBBL,J.F. Securites (PVT) Ltd.,ABC Securities Private Limited,1,456.0,456.0,2025-08-28 12:04:46.930818
2025-08-28,59561,2025082803002923,MNBBL,Naasa Securities Co. Ltd.,Bhrikuti Stock Broking Co. Pvt. Ltd.,100,462.5,46250.0,2025-08-28 12:05:40.792474
2025-08-28,59224,2025082803002980,MNBBL,Naasa Securities Co. Ltd.,K.B.L. Securities Limited ,100,462.5,46250.0,2025-08-28 12:07:08.883556
2025-08-28,58816,2025082803003072,MNBBL,Market Securities & Exchange (PVT) Ltd.,Kalika Securities Pvt. Ltd.,120,462.1,55452.0,2025-08-28 12:08:26.735762
2025-08-28,58610,2025082803003097,MNBBL,Market Securities & Exchange (PVT) Ltd.,Nepal Stock House (PVT) Ltd.,80,462.1,36968.0,2025-08-28 12:08:52.428974
2025-08-28,58609,2025082803003098,MNBBL,Vision Securities Pvt. Ltd,Nepal Stock House (PVT) Ltd.,327,462.0,151074.0,2025-08-28 12:08:52.429059
2025-08-28,58608,2025082803003099,MNBBL,Vision Securities Pvt. Ltd,Nepal Stock House (PVT) Ltd.,500,462.0,231000.0,2025-08-28 12:08:52.429087
2025-08-28,58607,2025082803003100,MNBBL,Kalika Securities Pvt. Ltd.,Nepal Stock House (PVT) Ltd.,20,462.0,9240.0,2025-08-28 12:08:52.429121
2025-08-28,58606,2025082803003101,MNBBL,Himalayan Brokerage Company Limited,Nepal Stock House (PVT) Ltd.,2000,460.1,920200.0,2025-08-28 12:08:52.429147
2025-08-28,58605,2025082803003102,MNBBL,Shree Krishna Securities Ltd.,Nepal Stock House (PVT) Ltd.,150,460.0,69000.0,2025-08-28 12:08:52.429174
2025-08-28,58604,2025082803003103,MNBBL,APPLE SECURITIES PRIVATE LIMITED,Nepal Stock House (PVT) Ltd.,923,460.0,424580.0,2025-08-28 12:08:52.429211
2025-08-28,58509,2025082803003120,MNBBL,APPLE SECURITIES PRIVATE LIMITED,Capital Hub P. Ltd,2077,460.0,955420.0,2025-08-28 12:09:06.247435
2025-08-28,58508,2025082803003121,MNBBL,Nepal Investment And Securities Trading Private Limited,Capital Hub P. Ltd,100,460.0,46000.0,2025-08-28 12:09:06.247626
2025-08-28,57983,2025082803003206,MNBBL,Asian Securities Private Ltd.,Kohinoor Investment & Securities Pvt. Ltd.,100,459.7,45970.0,2025-08-28 12:10:18.216558
2025-08-28,57895,2025082803003239,MNBBL,Market Securities & Exchange (PVT) Ltd.,Kohinoor Investment & Securities Pvt. Ltd.,100,459.7,45970.0,2025-08-28 12:10:31.164482
2025-08-28,57894,2025082803003240,MNBBL,Market Securities & Exchange (PVT) Ltd.,K.B.L. Securities Limited ,100,460.0,46000.0,2025-08-28 12:10:31.164700
2025-08-28,57368,2025082803003326,MNBBL,Trishakti Securities Public Limited,K.B.L. Securities Limited ,501,460.0,230460.0,2025-08-28 12:11:54.465437
2025-08-28,57365,2025082803003328,MNBBL,Aryatara Investment & Securities,Imperial Securities Company Pvt. Ltd.,20,459.6,9192.0,2025-08-28 12:11:54.810424
2025-08-28,57282,2025082803003342,MNBBL,Aryatara Investment & Securities,ABC Securities Private Limited,180,459.6,82728.0,2025-08-28 12:12:14.134809
2025-08-28,57177,2025082803003365,MNBBL,Aryatara Investment & Securities,Vision Securities Pvt. Ltd,398,459.5,182881.0,2025-08-28 12:12:31.986904
2025-08-28,57173,2025082803003366,MNBBL,SHUBHAKAMANA SECURITIES PVT. LTD,ABC Securities Private Limited,320,459.6,147072.0,2025-08-28 12:12:32.342183
2025-08-28,57013,2025082803003380,MNBBL,SHUBHAKAMANA SECURITIES PVT. LTD,Kohinoor Investment & Securities Pvt. Ltd.,130,459.6,59748.0,2025-08-28 12:12:56.971969
2025-08-28,56680,2025082803003418,MNBBL,Opal Securities Investment (PVT) Ltd.,K.B.L. Securities Limited ,399,460.0,183540.0,2025-08-28 12:14:14.077138
2025-08-28,56679,2025082803003419,MNBBL,Opal Securities Investment (PVT) Ltd.,Malla & Malla Stock Broking Company Pvt. Limited,201,460.0,92460.0,2025-08-28 12:14:14.077343
2025-08-28,56467,2025082803003449,MNBBL,Kohinoor Investment & Securities Pvt. Ltd.,Malla & Malla Stock Broking Company Pvt. Limited,49,460.0,22540.0,2025-08-28 12:15:16.704607
2025-08-28,56466,2025082803003450,MNBBL,Kohinoor Investment & Securities Pvt. Ltd.,K.B.L. Securities Limited ,2451,460.0,1127460.0,2025-08-28 12:15:16.704792
2025-08-28,55963,2025082803003510,MNBBL,Imperial Securities Company Pvt. Ltd.,K.B.L. Securities Limited ,10,460.0,4600.0,2025-08-28 12:17:17.876327
2025-08-28,55811,2025082803003538,MNBBL,Imperial Securities Company Pvt. Ltd.,K.B.L. Securities Limited ,39,460.0,17940.0,2025-08-28 12:18:19.502577
2025-08-28,55810,2025082803003539,MNBBL,Imperial Securities Company Pvt. Ltd.,Sanima Securities Limited,11,460.0,5060.0,2025-08-28 12:18:19.502793
2025-08-28,55624,2025082803003570,MNBBL,SHUBHAKAMANA SECURITIES PVT. LTD,Linch Stock Market Ltd.,50,459.6,22980.0,2025-08-28 12:19:18.896623
2025-08-28,55597,2025082803003577,MNBBL,SHUBHAKAMANA SECURITIES PVT. LTD,Imperial Securities Company Pvt. Ltd.,500,459.6,229800.0,2025-08-28 12:19:28.102361
2025-08-28,55596,2025082803003578,MNBBL,Aryatara Investment & Securities,Imperial Securities Company Pvt. Ltd.,500,459.5,229750.0,2025-08-28 12:19:28.102510
2025-08-28,55555,2025082803003589,MNBBL,Aryatara Investment & Securities,Naasa Securities Co. Ltd.,200,459.4,91880.0,2025-08-28 12:19:45.513335
2025-08-28,55554,2025082803003590,MNBBL,Thrive Brokerage House Pvt. Ltd,Naasa Securities Co. Ltd.,500,459.0,229500.0,2025-08-28 12:19:45.513388
2025-08-28,55553,2025082803003591,MNBBL,Swarna Laxmi Securities Pvt. Ltd.,Naasa Securities Co. Ltd.,900,459.0,413100.0,2025-08-28 12:19:45.513413
2025-08-28,55030,2025082803003648,MNBBL,Agrawal Securities (PVT) Ltd.,Neev Securities Pvt. Ltd.,1,449.9,449.9,2025-08-28 12:21:54.199494
2025-08-28,54687,2025082803003738,MNBBL,Nepal Investment And Securities Trading Private Limited,Asian Securities Private Ltd.,50,458.1,22905.0,2025-08-28 12:23:23.337648
2025-08-28,54686,2025082803003739,MNBBL,Trisul Securities & Invt. Ltd.,Asian Securities Private Ltd.,950,458.1,435195.0,2025-08-28 12:23:23.337959
2025-08-28,54632,2025082803003741,MNBBL,Imperial Securities Company Pvt. Ltd.,Asian Securities Private Ltd.,50,459.0,22950.0,2025-08-28 12:23:36.392711
2025-08-28,54631,2025082803003742,MNBBL,Trisul Securities & Invt. Ltd.,Asian Securities Private Ltd.,50,458.1,22905.0,2025-08-28 12:23:36.393213
2025-08-28,54630,2025082803003743,MNBBL,Shree Krishna Securities Ltd.,Asian Securities Private Ltd.,150,458.0,68700.0,2025-08-28 12:23:36.393592
2025-08-28,54629,2025082803003744,MNBBL,Roadshow securities limited,Asian Securities Private Ltd.,750,458.0,343500.0,2025-08-28 12:23:36.394222
2025-08-28,54356,2025082803003779,MNBBL,Roadshow securities limited,Asian Securities Private Ltd.,251,458.0,114958.0,2025-08-28 12:24:37.666407
2025-08-28,54355,2025082803003780,MNBBL,Kumari Securities Private Limited,Asian Securities Private Ltd.,100,458.0,45800.0,2025-08-28 12:24:37.666682
2025-08-28,54354,2025082803003781,MNBBL,SUN SECURITIES PVT LTD,Asian Securities Private Ltd.,649,458.0,297242.0,2025-08-28 12:24:37.666779
2025-08-28,54332,2025082803003783,MNBBL,Deevyaa Securities & Stock House Pvt. Ltd,Kohinoor Investment & Securities Pvt. Ltd.,100,459.9,45990.0,2025-08-28 12:24:42.947315
2025-08-28,54331,2025082803003784,MNBBL,Deevyaa Securities & Stock House Pvt. Ltd,K.B.L. Securities Limited ,1500,460.0,690000.0,2025-08-28 12:24:42.947354
2025-08-28,54330,2025082803003785,MNBBL,Deevyaa Securities & Stock House Pvt. Ltd,Siprabi Securities Pvt. Ltd.,50,460.0,23000.0,2025-08-28 12:24:42.947386
2025-08-28,54329,2025082803003786,MNBBL,Deevyaa Securities & Stock House Pvt. Ltd,Online Securities Pvt. Ltd.,50,460.1,23005.0,2025-08-28 12:24:42.947411
2025-08-28,54328,2025082803003787,MNBBL,Deevyaa Securities & Stock House Pvt. Ltd,Agrawal Securities (PVT) Ltd.,300,461.0,138300.0,2025-08-28 12:24:42.947481
2025-08-28,54312,2025082803003789,MNBBL,SUN SECURITIES PVT LTD,Asian Securities Private Ltd.,170,458.0,77860.0,2025-08-28 12:24:47.723345
2025-08-28,53233,2025082803003984,MNBBL,Midas Stock Broking Company Private Limited,Capital Hub P. Ltd,60,458.1,27486.0,2025-08-28 12:28:51.689114
2025-08-28,53232,2025082803003985,MNBBL,SUN SECURITIES PVT LTD,Capital Hub P. Ltd,1356,458.0,621048.0,2025-08-28 12:28:51.689525
2025-08-28,53231,2025082803003986,MNBBL,Roadshow securities limited,Capital Hub P. Ltd,200,458.0,91600.0,2025-08-28 12:28:51.689793
2025-08-28,53230,2025082803003987,MNBBL,Aryatara Investment & Securities,Capital Hub P. Ltd,500,458.0,229000.0,2025-08-28 12:28:51.690062
2025-08-28,53187,2025082803003995,MNBBL,Trisul Securities & Invt. Ltd.,Naasa Securities Co. Ltd.,250,457.3,114325.0,2025-08-28 12:28:59.862267
2025-08-28,53090,2025082803004026,MNBBL,Trisul Securities & Invt. Ltd.,Imperial Securities Company Pvt. Ltd.,750,457.3,342975.0,2025-08-28 12:29:19.557980
2025-08-28,53089,2025082803004027,MNBBL,Trisul Securities & Invt. Ltd.,Imperial Securities Company Pvt. Ltd.,1000,457.2,457200.0,2025-08-28 12:29:19.558014
2025-08-28,53046,2025082803004036,MNBBL,Aryatara Investment & Securities,Nepal Stock House (PVT) Ltd.,210,457.1,95991.0,2025-08-28 12:29:28.560248
2025-08-28,53045,2025082803004037,MNBBL,Online Securities Pvt. Ltd.,Nepal Stock House (PVT) Ltd.,290,457.0,132530.0,2025-08-28 12:29:28.560519
2025-08-28,53003,2025082803004051,MNBBL,Online Securities Pvt. Ltd.,Secured Securities Ltd.,45,457.0,20565.0,2025-08-28 12:29:37.877186
2025-08-28,53002,2025082803004052,MNBBL,Aryatara Investment & Securities,Secured Securities Ltd.,30,457.0,13710.0,2025-08-28 12:29:37.877447
2025-08-28,53001,2025082803004053,MNBBL,Sewa Securities Pvt. Ltd.,Secured Securities Ltd.,10,457.0,4570.0,2025-08-28 12:29:37.877584
2025-08-28,53000,2025082803004054,MNBBL,Dipshikha Dhitopatra Karobar Co. Pvt Ltd.,Secured Securities Ltd.,500,457.0,228500.0,2025-08-28 12:29:37.877709
2025-08-28,52999,2025082803004055,MNBBL,Kohinoor Investment & Securities Pvt. Ltd.,Secured Securities Ltd.,503,457.0,229871.0,2025-08-28 12:29:37.877829
2025-08-28,52521,2025082803004146,MNBBL,MILKY WAY SHARE BROKER COMPANY LTD ,Sweta Securities Private Limited,28,457.2,12801.6,2025-08-28 12:31:11.378275
2025-08-28,52178,2025082803004181,MNBBL,MILKY WAY SHARE BROKER COMPANY LTD ,SUN SECURITIES PVT LTD,500,457.2,228600.0,2025-08-28 12:31:56.634828
2025-08-28,51721,2025082803004259,MNBBL,MILKY WAY SHARE BROKER COMPANY LTD ,ABC Securities Private Limited,16,457.2,7315.2,2025-08-28 12:32:46.410204
2025-08-28,51644,2025082803004268,MNBBL,MILKY WAY SHARE BROKER COMPANY LTD ,Imperial Securities Company Pvt. Ltd.,456,457.2,208483.2,2025-08-28 12:32:57.358799
2025-08-28,51643,2025082803004269,MNBBL,Nepal Stock House (PVT) Ltd.,Imperial Securities Company Pvt. Ltd.,20,457.1,9142.0,2025-08-28 12:32:57.358861
2025-08-28,51642,2025082803004270,MNBBL,Nepal Stock House (PVT) Ltd.,Imperial Securities Company Pvt. Ltd.,30,457.1,13713.0,2025-08-28 12:32:57.358890
2025-08-28,51641,2025082803004271,MNBBL,Kohinoor Investment & Securities Pvt. Ltd.,Imperial Securities Company Pvt. Ltd.,2398,457.0,1095886.0,2025-08-28 12:32:57.358916
2025-08-28,51054,2025082803004368,MNBBL,Kohinoor Investment & Securities Pvt. Ltd.,South Asian Bulls Pvt. Ltd.,317,457.0,144869.0,2025-08-28 12:34:05.113715
2025-08-28,50953,2025082803004374,MNBBL,SHUBHAKAMANA SECURITIES PVT. LTD,Capital Max Securities Ltd,685,457.2,313182.0,2025-08-28 12:34:18.236667
2025-08-28,50952,2025082803004375,MNBBL,SHUBHAKAMANA SECURITIES PVT. LTD,Aryatara Investment & Securities,146,458.0,66868.0,2025-08-28 12:34:18.237097
2025-08-28,50951,2025082803004376,MNBBL,SHUBHAKAMANA SECURITIES PVT. LTD,Sharepro Securities Private Limited,169,459.0,77571.0,2025-08-28 12:34:18.237357
2025-08-28,50431,2025082803004470,MNBBL,Roadshow securities limited,Sani Securities Company Ltd.,200,458.9,91780.0,2025-08-28 12:35:21.282614
2025-08-28,50430,2025082803004471,MNBBL,Roadshow securities limited,Sharepro Securities Private Limited,800,459.0,367200.0,2025-08-28 12:35:21.282827
2025-08-28,50352,2025082803004482,MNBBL,SHUBHAKAMANA SECURITIES PVT. LTD,Sharepro Securities Private Limited,31,459.0,14229.0,2025-08-28 12:35:34.450456
2025-08-28,50351,2025082803004483,MNBBL,SHUBHAKAMANA SECURITIES PVT. LTD,Cristal Kanchanjanga Securites Pvt. Ltd.,500,459.0,229500.0,2025-08-28 12:35:34.450870
2025-08-28,50350,2025082803004484,MNBBL,SHUBHAKAMANA SECURITIES PVT. LTD,Capital Hub P. Ltd,884,459.9,406551.6,2025-08-28 12:35:34.451154
2025-08-28,50168,2025082803004520,MNBBL,SHUBHAKAMANA SECURITIES PVT. LTD,Imperial Securities Company Pvt. Ltd.,1000,459.9,459900.0,2025-08-28 12:35:57.220386
2025-08-28,50164,2025082803004522,MNBBL,SHUBHAKAMANA SECURITIES PVT. LTD,Agrawal Securities (PVT) Ltd.,85,459.9,39091.5,2025-08-28 12:35:57.667149
2025-08-28,49461,2025082803004659,MNBBL,SHUBHAKAMANA SECURITIES PVT. LTD,Agrawal Securities (PVT) Ltd.,695,459.0,319005.0,2025-08-28 12:37:48.839182
2025-08-28,49460,2025082803004660,MNBBL,SHUBHAKAMANA SECURITIES PVT. LTD,Sani Securities Company Ltd.,305,459.9,140269.5,2025-08-28 12:37:48.839408
2025-08-28,49451,2025082803004664,MNBBL,Vision Securities Pvt. Ltd,Kumari Securities Private Limited,300,457.1,137130.0,2025-08-28 12:37:51.234908
2025-08-28,49450,2025082803004665,MNBBL,Kohinoor Investment & Securities Pvt. Ltd.,Kumari Securities Private Limited,200,457.0,91400.0,2025-08-28 12:37:51.235398
2025-08-28,48964,2025082803004762,MNBBL,Kohinoor Investment & Securities Pvt. Ltd.,Creative Securities Pvt Ltd,500,457.0,228500.0,2025-08-28 12:38:57.980021
2025-08-28,48864,2025082803004770,MNBBL,Kohinoor Investment & Securities Pvt. Ltd.,Sri Hari Securities Pvt. Ltd.,82,457.0,37474.0,2025-08-28 12:39:09.004221
2025-08-28,48863,2025082803004771,MNBBL,Naasa Securities Co. Ltd.,Sri Hari Securities Pvt. Ltd.,10000,456.9,4569000.0,2025-08-28 12:39:09.004431
2025-08-28,48862,2025082803004772,MNBBL,Imperial Securities Company Pvt. Ltd.,Sri Hari Securities Pvt. Ltd.,50,456.9,22845.0,2025-08-28 12:39:09.004525
2025-08-28,48768,2025082803004792,MNBBL,Thrive Brokerage House Pvt. Ltd,Sri Hari Securities Pvt. Ltd.,450,456.9,205605.0,2025-08-28 12:39:20.002207
2025-08-28,48489,2025082803004842,MNBBL,Thrive Brokerage House Pvt. Ltd,Sri Hari Securities Pvt. Ltd.,50,457.1,22855.0,2025-08-28 12:39:58.468208
2025-08-28,48488,2025082803004843,MNBBL,ABC Securities Private Limited,Sri Hari Securities Pvt. Ltd.,50,456.2,22810.0,2025-08-28 12:39:58.468633
2025-08-28,48487,2025082803004844,MNBBL,Sewa Securities Pvt. Ltd.,Sri Hari Securities Pvt. Ltd.,20,456.0,9120.0,2025-08-28 12:39:58.468914
2025-08-28,48486,2025082803004845,MNBBL,Agrawal Securities (PVT) Ltd.,Sri Hari Securities Pvt. Ltd.,250,456.0,114000.0,2025-08-28 12:39:58.469202
2025-08-28,48485,2025082803004846,MNBBL,Dynamic Money Managers Securities Pvt. Ltd.,Sri Hari Securities Pvt. Ltd.,100,456.0,45600.0,2025-08-28 12:39:58.469582
2025-08-28,48484,2025082803004847,MNBBL,Aryatara Investment & Securities,Sri Hari Securities Pvt. Ltd.,20,456.0,9120.0,2025-08-28 12:39:58.469941
2025-08-28,48483,2025082803004848,MNBBL,Aryatara Investment & Securities,Sri Hari Securities Pvt. Ltd.,20,456.0,9120.0,2025-08-28 12:39:58.470292
2025-08-28,48482,2025082803004849,MNBBL,Sani Securities Company Ltd.,Sri Hari Securities Pvt. Ltd.,50,455.0,22750.0,2025-08-28 12:39:58.470653
2025-08-28,48481,2025082803004850,MNBBL,Thrive Brokerage House Pvt. Ltd,Sri Hari Securities Pvt. Ltd.,100,455.0,45500.0,2025-08-28 12:39:58.471093
2025-08-28,48480,2025082803004851,MNBBL,Oxford Securities Pvt. Ltd.,Sri Hari Securities Pvt. Ltd.,10,455.0,4550.0,2025-08-28 12:39:58.471441
2025-08-28,48479,2025082803004852,MNBBL,Imperial Securities Company Pvt. Ltd.,Sri Hari Securities Pvt. Ltd.,90,455.0,40950.0,2025-08-28 12:39:58.471721
2025-08-28,48478,2025082803004853,MNBBL,Market Securities & Exchange (PVT) Ltd.,Sri Hari Securities Pvt. Ltd.,100,455.0,45500.0,2025-08-28 12:39:58.472156
2025-08-28,48477,2025082803004854,MNBBL,Aryatara Investment & Securities,Sri Hari Securities Pvt. Ltd.,30,455.0,13650.0,2025-08-28 12:39:58.472546
2025-08-28,48476,2025082803004855,MNBBL,Vision Securities Pvt. Ltd,Sri Hari Securities Pvt. Ltd.,40,455.0,18200.0,2025-08-28 12:39:58.472979
2025-08-28,48475,2025082803004856,MNBBL,Cristal Kanchanjanga Securites Pvt. Ltd.,Sri Hari Securities Pvt. Ltd.,25,455.0,11375.0,2025-08-28 12:39:58.473290
2025-08-28,48474,2025082803004857,MNBBL,Sewa Securities Pvt. Ltd.,Sri Hari Securities Pvt. Ltd.,20,455.0,9100.0,2025-08-28 12:39:58.473593
2025-08-28,48473,2025082803004858,MNBBL,Dynamic Money Managers Securities Pvt. Ltd.,Sri Hari Securities Pvt. Ltd.,100,455.0,45500.0,2025-08-28 12:39:58.473978
2025-08-28,48472,2025082803004859,MNBBL,Nepal Investment And Securities Trading Private Limited,Sri Hari Securities Pvt. Ltd.,50,455.0,22750.0,2025-08-28 12:39:58.474378
2025-08-28,48471,2025082803004860,MNBBL,Imperial Securities Company Pvt. Ltd.,Sri Hari Securities Pvt. Ltd.,250,455.0,113750.0,2025-08-28 12:39:58.474759
2025-08-28,48470,2025082803004861,MNBBL,Vision Securities Pvt. Ltd,Sri Hari Securities Pvt. Ltd.,100,455.0,45500.0,2025-08-28 12:39:58.475090
2025-08-28,48469,2025082803004862,MNBBL,Deevyaa Securities & Stock House Pvt. Ltd,Sri Hari Securities Pvt. Ltd.,5000,455.0,2275000.0,2025-08-28 12:39:58.475336
2025-08-28,48468,2025082803004863,MNBBL,Vision Securities Pvt. Ltd,Sri Hari Securities Pvt. Ltd.,200,455.0,91000.0,2025-08-28 12:39:58.475756
2025-08-28,48467,2025082803004864,MNBBL,Aryatara Investment & Securities,Sri Hari Securities Pvt. Ltd.,20,455.0,9100.0,2025-08-28 12:39:58.476150
2025-08-28,48399,2025082803004870,MNBBL,Kohinoor Investment & Securities Pvt. Ltd.,Investment Management Nepal Pvt. Ltd.,600,453.8,272280.0,2025-08-28 12:40:11.639669
2025-08-28,48398,2025082803004871,MNBBL,Nepal Investment And Securities Trading Private Limited,Investment Management Nepal Pvt. Ltd.,50,453.0,22650.0,2025-08-28 12:40:11.639864
2025-08-28,48397,2025082803004872,MNBBL,ABC Securities Private Limited,Investment Management Nepal Pvt. Ltd.,200,452.0,90400.0,2025-08-28 12:40:11.639952
2025-08-28,48396,2025082803004873,MNBBL,Online Securities Pvt. Ltd.,Investment Management Nepal Pvt. Ltd.,600,452.0,271200.0,2025-08-28 12:40:11.640045
2025-08-28,48395,2025082803004874,MNBBL,Trishakti Securities Public Limited,Investment Management Nepal Pvt. Ltd.,10,452.0,4520.0,2025-08-28 12:40:11.640124
2025-08-28,48394,2025082803004875,MNBBL,Naasa Securities Co. Ltd.,Investment Management Nepal Pvt. Ltd.,540,452.0,244080.0,2025-08-28 12:40:11.640199
2025-08-28,46882,2025082803005182,MNBBL,Dynamic Money Managers Securities Pvt. Ltd.,Sri Hari Securities Pvt. Ltd.,100,455.1,45510.0,2025-08-28 12:44:58.292529
2025-08-28,46881,2025082803005183,MNBBL,Himalayan Brokerage Company Limited,Sri Hari Securities Pvt. Ltd.,400,455.0,182000.0,2025-08-28 12:44:58.292808
2025-08-28,46607,2025082803005208,MNBBL,Deevyaa Securities & Stock House Pvt. Ltd,KALASH STOCK MARKET PVT. LTD.,100,457.0,45700.0,2025-08-28 12:45:55.953011
2025-08-28,46606,2025082803005209,MNBBL,Deevyaa Securities & Stock House Pvt. Ltd,Deevyaa Securities & Stock House Pvt. Ltd,100,458.0,45800.0,2025-08-28 12:45:55.953242
2025-08-28,46605,2025082803005210,MNBBL,Deevyaa Securities & Stock House Pvt. Ltd,Kalika Securities Pvt. Ltd.,1000,458.0,458000.0,2025-08-28 12:45:55.953289
2025-08-28,46604,2025082803005211,MNBBL,Deevyaa Securities & Stock House Pvt. Ltd,Sani Securities Company Ltd.,500,459.0,229500.0,2025-08-28 12:45:55.953315
2025-08-28,46603,2025082803005212,MNBBL,Deevyaa Securities & Stock House Pvt. Ltd,Sani Securities Company Ltd.,1685,459.7,774594.5,2025-08-28 12:45:55.953338
2025-08-28,46602,2025082803005213,MNBBL,Deevyaa Securities & Stock House Pvt. Ltd,Himalayan Brokerage Company Limited,2000,460.0,920000.0,2025-08-28 12:45:55.953368
2025-08-28,46601,2025082803005214,MNBBL,Deevyaa Securities & Stock House Pvt. Ltd,Online Securities Pvt. Ltd.,615,460.0,282900.0,2025-08-28 12:45:55.953392
2025-08-28,46544,2025082803005223,MNBBL,SHUBHAKAMANA SECURITIES PVT. LTD,Kalika Securities Pvt. Ltd.,1000,457.0,457000.0,2025-08-28 12:46:09.870781
2025-08-28,46543,2025082803005224,MNBBL,Naasa Securities Co. Ltd.,Kalika Securities Pvt. Ltd.,35,456.0,15960.0,2025-08-28 12:46:09.871207
2025-08-28,46316,2025082803005256,MNBBL,SHUBHAKAMANA SECURITIES PVT. LTD,Sani Securities Company Ltd.,300,459.0,137700.0,2025-08-28 12:47:15.637711
2025-08-28,46315,2025082803005257,MNBBL,SHUBHAKAMANA SECURITIES PVT. LTD,Sani Securities Company Ltd.,10,459.0,4590.0,2025-08-28 12:47:15.637954
2025-08-28,46314,2025082803005258,MNBBL,SHUBHAKAMANA SECURITIES PVT. LTD,Deevyaa Securities & Stock House Pvt. Ltd,100,459.9,45990.0,2025-08-28 12:47:15.638070
2025-08-28,46313,2025082803005259,MNBBL,SHUBHAKAMANA SECURITIES PVT. LTD,Online Securities Pvt. Ltd.,90,460.0,41400.0,2025-08-28 12:47:15.638156
2025-08-28,46187,2025082803005276,MNBBL,SHUBHAKAMANA SECURITIES PVT. LTD,Online Securities Pvt. Ltd.,500,460.0,230000.0,2025-08-28 12:47:45.724261
2025-08-28,44864,2025082803005519,MNBBL,Dynamic Money Managers Securities Pvt. Ltd.,Aryatara Investment & Securities,50,458.5,22925.0,2025-08-28 12:53:35.003800
2025-08-28,44863,2025082803005520,MNBBL,Dynamic Money Managers Securities Pvt. Ltd.,Capital Max Securities Ltd,50,458.7,22935.0,2025-08-28 12:53:35.004043
2025-08-28,44800,2025082803005538,MNBBL,Dynamic Money Managers Securities Pvt. Ltd.,KALASH STOCK MARKET PVT. LTD.,50,458.7,22935.0,2025-08-28 12:53:54.153684
2025-08-28,44715,2025082803005560,MNBBL,Primo Securities (PVT) Ltd.,Agrawal Securities (PVT) Ltd.,25,458.8,11470.0,2025-08-28 12:54:08.580952
2025-08-28,44707,2025082803005562,MNBBL,SHUBHAKAMANA SECURITIES PVT. LTD,Agrawal Securities (PVT) Ltd.,975,458.8,447330.0,2025-08-28 12:54:12.941622
2025-08-28,44657,2025082803005566,MNBBL,SHUBHAKAMANA SECURITIES PVT. LTD,Midas Stock Broking Company Private Limited,100,458.8,45880.0,2025-08-28 12:54:28.833613
2025-08-28,44621,2025082803005577,MNBBL,Dynamic Money Managers Securities Pvt. Ltd.,Capital Hub P. Ltd,50,459.0,22950.0,2025-08-28 12:54:47.359458
2025-08-28,44614,2025082803005578,MNBBL,SHUBHAKAMANA SECURITIES PVT. LTD,Deevyaa Securities & Stock House Pvt. Ltd,100,458.8,45880.0,2025-08-28 12:54:48.197772
2025-08-28,44599,2025082803005581,MNBBL,SHUBHAKAMANA SECURITIES PVT. LTD,Investment Management Nepal Pvt. Ltd.,325,458.8,149110.0,2025-08-28 12:54:52.642632
2025-08-28,44532,2025082803005608,MNBBL,Oxford Securities Pvt. Ltd.,Secured Securities Ltd.,1000,456.3,456300.0,2025-08-28 12:55:03.628875
2025-08-28,44531,2025082803005609,MNBBL,SHUBHAKAMANA SECURITIES PVT. LTD,Secured Securities Ltd.,2000,456.2,912400.0,2025-08-28 12:55:03.629104
2025-08-28,44530,2025082803005610,MNBBL,Naasa Securities Co. Ltd.,Secured Securities Ltd.,65,456.0,29640.0,2025-08-28 12:55:03.629198
2025-08-28,44187,2025082803005679,MNBBL,MILKY WAY SHARE BROKER COMPANY LTD ,Himalayan Brokerage Company Limited,700,455.5,318850.0,2025-08-28 12:56:15.317810
2025-08-28,44125,2025082803005707,MNBBL,MILKY WAY SHARE BROKER COMPANY LTD ,Linch Stock Market Ltd.,300,455.5,136650.0,2025-08-28 12:56:23.712539
2025-08-28,44104,2025082803005712,MNBBL,Himalayan Brokerage Company Limited,Secured Securities Ltd.,100,455.0,45500.0,2025-08-28 12:56:29.630717
2025-08-28,44103,2025082803005713,MNBBL,Naasa Securities Co. Ltd.,Secured Securities Ltd.,500,455.0,227500.0,2025-08-28 12:56:29.630964
2025-08-28,43652,2025082803005823,MNBBL,Oxford Securities Pvt. Ltd.,Secured Securities Ltd.,900,455.0,409500.0,2025-08-28 12:58:07.061846
2025-08-28,42842,2025082803005936,MNBBL,Oxford Securities Pvt. Ltd.,Kumari Securities Private Limited,50,454.0,22700.0,2025-08-28 13:01:11.555004
2025-08-28,42766,2025082803005968,MNBBL,MILKY WAY SHARE BROKER COMPANY LTD ,Kumari Securities Private Limited,20,453.5,9070.0,2025-08-28 13:01:31.650777
2025-08-28,42370,2025082803006034,MNBBL,Dynamic Money Managers Securities Pvt. Ltd.,South Asian Bulls Pvt. Ltd.,50,454.0,22700.0,2025-08-28 13:02:35.151191
2025-08-28,42283,2025082803006048,MNBBL,J.F. Securites (PVT) Ltd.,Thrive Brokerage House Pvt. Ltd,500,454.0,227000.0,2025-08-28 13:03:00.086197
2025-08-28,42123,2025082803006074,MNBBL,Capital Hub P. Ltd,Thrive Brokerage House Pvt. Ltd,10,454.0,4540.0,2025-08-28 13:03:24.529697
2025-08-28,42096,2025082803006080,MNBBL,MILKY WAY SHARE BROKER COMPANY LTD ,Neev Securities Pvt. Ltd.,373,453.5,169155.5,2025-08-28 13:03:29.868598
2025-08-28,41645,2025082803006152,MNBBL,Dynamic Money Managers Securities Pvt. Ltd.,Thrive Brokerage House Pvt. Ltd,57,454.0,25878.0,2025-08-28 13:05:02.618244
2025-08-28,41321,2025082803006213,MNBBL,Capital Max Securities Ltd,Thrive Brokerage House Pvt. Ltd,50,454.0,22700.0,2025-08-28 13:06:32.589834
2025-08-28,41232,2025082803006225,MNBBL,Primo Securities (PVT) Ltd.,Secured Securities Ltd.,200,453.6,90720.0,2025-08-28 13:06:56.659936
2025-08-28,41231,2025082803006226,MNBBL,MILKY WAY SHARE BROKER COMPANY LTD ,Secured Securities Ltd.,235,453.6,106596.0,2025-08-28 13:06:56.660395
2025-08-28,41209,2025082803006231,MNBBL,Trishakti Securities Public Limited,Thrive Brokerage House Pvt. Ltd,200,454.0,90800.0,2025-08-28 13:07:04.236117
2025-08-28,40957,2025082803006283,MNBBL,Nepal Stock House (PVT) Ltd.,Thrive Brokerage House Pvt. Ltd,100,454.0,45400.0,2025-08-28 13:08:12.879769
2025-08-28,40800,2025082803006310,MNBBL,SHUBHAKAMANA SECURITIES PVT. LTD,Thrive Brokerage House Pvt. Ltd,83,454.0,37682.0,2025-08-28 13:09:00.895495
2025-08-28,40799,2025082803006311,MNBBL,SHUBHAKAMANA SECURITIES PVT. LTD,Thrive Brokerage House Pvt. Ltd,100,456.9,45690.0,2025-08-28 13:09:00.895772
2025-08-28,40798,2025082803006312,MNBBL,SHUBHAKAMANA SECURITIES PVT. LTD,Kumari Securities Private Limited,500,457.0,228500.0,2025-08-28 13:09:00.895872
2025-08-28,40797,2025082803006313,MNBBL,SHUBHAKAMANA SECURITIES PVT. LTD,Arun Securities (PVT) Ltd.,17,458.0,7786.0,2025-08-28 13:09:00.895967
2025-08-28,40302,2025082803006390,MNBBL,Agrawal Securities (PVT) Ltd.,Trishakti Securities Public Limited,250,454.0,113500.0,2025-08-28 13:11:43.032017
2025-08-28,40301,2025082803006391,MNBBL,Kohinoor Investment & Securities Pvt. Ltd.,Trishakti Securities Public Limited,500,454.0,227000.0,2025-08-28 13:11:43.032293
2025-08-28,40300,2025082803006392,MNBBL,Trisul Securities & Invt. Ltd.,Trishakti Securities Public Limited,50,454.0,22700.0,2025-08-28 13:11:43.032461
2025-08-28,39970,2025082803006436,MNBBL,Trisul Securities & Invt. Ltd.,Online Securities Pvt. Ltd.,90,454.0,40860.0,2025-08-28 13:13:21.852323
2025-08-28,39647,2025082803006495,MNBBL,Trisul Securities & Invt. Ltd.,Cristal Kanchanjanga Securites Pvt. Ltd.,105,454.0,47670.0,2025-08-28 13:15:23.951164
2025-08-28,39646,2025082803006496,MNBBL,Bhrikuti Stock Broking Co. Pvt. Ltd.,Cristal Kanchanjanga Securites Pvt. Ltd.,100,454.0,45400.0,2025-08-28 13:15:23.951628
2025-08-28,39645,2025082803006497,MNBBL,Dynamic Money Managers Securities Pvt. Ltd.,Cristal Kanchanjanga Securites Pvt. Ltd.,105,454.0,47670.0,2025-08-28 13:15:23.952080
2025-08-28,39594,2025082803006503,MNBBL,South Asian Bulls Pvt. Ltd.,APPLE SECURITIES PRIVATE LIMITED,50,453.8,22690.0,2025-08-28 13:15:44.254097
2025-08-28,39593,2025082803006504,MNBBL,Siprabi Securities Pvt. Ltd.,APPLE SECURITIES PRIVATE LIMITED,868,453.7,393811.6,2025-08-28 13:15:44.254567
2025-08-28,39458,2025082803006520,MNBBL,Siprabi Securities Pvt. Ltd.,Cristal Kanchanjanga Securites Pvt. Ltd.,132,453.7,59888.4,2025-08-28 13:16:15.145040
2025-08-28,39457,2025082803006521,MNBBL,Kumari Securities Private Limited,Cristal Kanchanjanga Securites Pvt. Ltd.,500,453.7,226850.0,2025-08-28 13:16:15.145500
2025-08-28,39456,2025082803006522,MNBBL,MILKY WAY SHARE BROKER COMPANY LTD ,Cristal Kanchanjanga Securites Pvt. Ltd.,765,453.6,347004.0,2025-08-28 13:16:15.145793
2025-08-28,39035,2025082803006584,MNBBL,Roadshow securities limited,Cristal Kanchanjanga Securites Pvt. Ltd.,293,454.0,133022.0,2025-08-28 13:18:11.757352
2025-08-28,39034,2025082803006585,MNBBL,Roadshow securities limited,J.F. Securites (PVT) Ltd.,707,454.9,321614.3,2025-08-28 13:18:11.757609
2025-08-28,38645,2025082803006647,MNBBL,Sharepro Securities Private Limited,J.F. Securites (PVT) Ltd.,293,454.9,133285.7,2025-08-28 13:20:08.594665
2025-08-28,38189,2025082803006734,MNBBL,MILKY WAY SHARE BROKER COMPANY LTD ,KALASH STOCK MARKET PVT. LTD.,100,453.5,45350.0,2025-08-28 13:22:24.268255
2025-08-28,37854,2025082803006773,MNBBL,SHUBHAKAMANA SECURITIES PVT. LTD,Stoxkarts Securities Limited,100,455.0,45500.0,2025-08-28 13:24:05.597866
2025-08-28,37853,2025082803006774,MNBBL,SHUBHAKAMANA SECURITIES PVT. LTD,Capital Max Securities Ltd,50,455.0,22750.0,2025-08-28 13:24:05.598337
2025-08-28,37852,2025082803006775,MNBBL,SHUBHAKAMANA SECURITIES PVT. LTD,J.F. Securites (PVT) Ltd.,350,456.0,159600.0,2025-08-28 13:24:05.598631
2025-08-28,37623,2025082803006806,MNBBL,Imperial Securities Company Pvt. Ltd.,J.F. Securites (PVT) Ltd.,50,456.0,22800.0,2025-08-28 13:25:15.688916
2025-08-28,37459,2025082803006823,MNBBL,Market Securities & Exchange (PVT) Ltd.,J.F. Securites (PVT) Ltd.,500,454.0,227000.0,2025-08-28 13:26:03.628976
2025-08-28,37155,2025082803006868,MNBBL,Himalayan Brokerage Company Limited,Kumari Securities Private Limited,200,455.0,91000.0,2025-08-28 13:27:37.384399
2025-08-28,36484,2025082803006951,MNBBL,Himalayan Brokerage Company Limited,Linch Stock Market Ltd.,100,455.0,45500.0,2025-08-28 13:30:49.502881
2025-08-28,36483,2025082803006952,MNBBL,Sweta Securities Private Limited,Linch Stock Market Ltd.,32,455.0,14560.0,2025-08-28 13:30:49.503517
2025-08-28,36482,2025082803006953,MNBBL,Thrive Brokerage House Pvt. Ltd,Linch Stock Market Ltd.,248,455.0,112840.0,2025-08-28 13:30:49.503821
2025-08-28,36480,2025082803006954,MNBBL,Thrive Brokerage House Pvt. Ltd,K.B.L. Securities Limited ,252,455.0,114660.0,2025-08-28 13:30:50.437115
2025-08-28,36479,2025082803006955,MNBBL,Nepal Investment And Securities Trading Private Limited,K.B.L. Securities Limited ,10,455.0,4550.0,2025-08-28 13:30:50.437559
2025-08-28,36348,2025082803006976,MNBBL,Sani Securities Company Ltd.,Asian Securities Private Ltd.,1,448.0,448.0,2025-08-28 13:31:23.973186
2025-08-28,35737,2025082803007132,MNBBL,Kalika Securities Pvt. Ltd.,Vision Securities Pvt. Ltd,10,453.8,4538.0,2025-08-28 13:34:45.923194
2025-08-28,35614,2025082803007149,MNBBL,Kalika Securities Pvt. Ltd.,Capital Max Securities Ltd,264,453.8,119803.2,2025-08-28 13:35:21.420960
2025-08-28,35544,2025082803007166,MNBBL,MILKY WAY SHARE BROKER COMPANY LTD ,Nepal Investment And Securities Trading Private Limited,507,453.5,229924.5,2025-08-28 13:35:41.784943
2025-08-28,35543,2025082803007167,MNBBL,South Asian Bulls Pvt. Ltd.,Nepal Investment And Securities Trading Private Limited,50,453.3,22665.0,2025-08-28 13:35:41.785429
2025-08-28,35542,2025082803007168,MNBBL,Sharepro Securities Private Limited,Nepal Investment And Securities Trading Private Limited,443,453.2,200767.6,2025-08-28 13:35:41.785712
2025-08-28,35354,2025082803007213,MNBBL,Sharepro Securities Private Limited,Thrive Brokerage House Pvt. Ltd,500,453.2,226600.0,2025-08-28 13:36:32.156316
2025-08-28,34852,2025082803007314,MNBBL,Sharepro Securities Private Limited,KALASH STOCK MARKET PVT. LTD.,50,453.2,22660.0,2025-08-28 13:38:47.270082
2025-08-28,34837,2025082803007317,MNBBL,Dipshikha Dhitopatra Karobar Co. Pvt Ltd.,Capital Max Securities Ltd,236,453.1,106931.6,2025-08-28 13:38:55.262632
2025-08-28,34818,2025082803007323,MNBBL,Dipshikha Dhitopatra Karobar Co. Pvt Ltd.,Thrive Brokerage House Pvt. Ltd,80,453.1,36248.0,2025-08-28 13:39:03.719012
2025-08-28,34691,2025082803007332,MNBBL,SHUBHAKAMANA SECURITIES PVT. LTD,Sani Securities Company Ltd.,100,453.8,45380.0,2025-08-28 13:39:38.258494
2025-08-28,34690,2025082803007333,MNBBL,SHUBHAKAMANA SECURITIES PVT. LTD,K.B.L. Securities Limited ,1738,455.0,790790.0,2025-08-28 13:39:38.258807
2025-08-28,34689,2025082803007334,MNBBL,SHUBHAKAMANA SECURITIES PVT. LTD,Sipla Securities Private Limited,400,455.0,182000.0,2025-08-28 13:39:38.258928
2025-08-28,34688,2025082803007335,MNBBL,SHUBHAKAMANA SECURITIES PVT. LTD,J.F. Securites (PVT) Ltd.,600,456.0,273600.0,2025-08-28 13:39:38.259038
2025-08-28,34687,2025082803007336,MNBBL,SHUBHAKAMANA SECURITIES PVT. LTD,Capital Hub P. Ltd,1450,457.0,662650.0,2025-08-28 13:39:38.259138
2025-08-28,34617,2025082803007344,MNBBL,SHUBHAKAMANA SECURITIES PVT. LTD,Nagarik Stock Dealer ,212,457.0,96884.0,2025-08-28 13:39:52.260792
2025-08-28,33809,2025082803007493,MNBBL,Agrawal Securities (PVT) Ltd.,Indira securities pvt. ltd,20,456.9,9138.0,2025-08-28 13:43:33.419377
2025-08-28,33637,2025082803007511,MNBBL,SHUBHAKAMANA SECURITIES PVT. LTD,Indira securities pvt. ltd,80,456.9,36552.0,2025-08-28 13:44:14.045246
2025-08-28,33636,2025082803007512,MNBBL,SHUBHAKAMANA SECURITIES PVT. LTD,Imperial Securities Company Pvt. Ltd.,700,456.9,319830.0,2025-08-28 13:44:14.045552
2025-08-28,33635,2025082803007513,MNBBL,SHUBHAKAMANA SECURITIES PVT. LTD,Nagarik Stock Dealer ,288,457.0,131616.0,2025-08-28 13:44:14.045651
2025-08-28,33634,2025082803007514,MNBBL,SHUBHAKAMANA SECURITIES PVT. LTD,K.B.L. Securities Limited ,2000,457.0,914000.0,2025-08-28 13:44:14.045748
2025-08-28,33633,2025082803007515,MNBBL,SHUBHAKAMANA SECURITIES PVT. LTD,Kohinoor Investment & Securities Pvt. Ltd.,932,457.0,425924.0,2025-08-28 13:44:14.045845
2025-08-28,33242,2025082803007612,MNBBL,SHUBHAKAMANA SECURITIES PVT. LTD,Kohinoor Investment & Securities Pvt. Ltd.,68,454.0,30872.0,2025-08-28 13:45:05.305627
2025-08-28,33197,2025082803007623,MNBBL,SHUBHAKAMANA SECURITIES PVT. LTD,Nepal Stock House (PVT) Ltd.,1432,454.0,650128.0,2025-08-28 13:45:14.716193
2025-08-28,33109,2025082803007630,MNBBL,Kalika Securities Pvt. Ltd.,Opal Securities Investment (PVT) Ltd.,50,453.2,22660.0,2025-08-28 13:45:29.688081
2025-08-28,32837,2025082803007689,MNBBL,Kalika Securities Pvt. Ltd.,Nagarik Stock Dealer ,35,453.2,15862.0,2025-08-28 13:46:17.789980
2025-08-28,32836,2025082803007690,MNBBL,Dipshikha Dhitopatra Karobar Co. Pvt Ltd.,Nagarik Stock Dealer ,214,453.1,96963.4,2025-08-28 13:46:17.790448
2025-08-28,32835,2025082803007691,MNBBL,Oxford Securities Pvt. Ltd.,Nagarik Stock Dealer ,50,453.0,22650.0,2025-08-28 13:46:17.790737
2025-08-28,32834,2025082803007692,MNBBL,Kumari Securities Private Limited,Nagarik Stock Dealer ,120,453.0,54360.0,2025-08-28 13:46:17.791003
2025-08-28,32833,2025082803007693,MNBBL,Imperial Securities Company Pvt. Ltd.,Nagarik Stock Dealer ,100,453.0,45300.0,2025-08-28 13:46:17.791296
2025-08-28,32832,2025082803007694,MNBBL,Imperial Securities Company Pvt. Ltd.,Nagarik Stock Dealer ,100,453.0,45300.0,2025-08-28 13:46:17.791563
2025-08-28,32831,2025082803007695,MNBBL,Sani Securities Company Ltd.,Nagarik Stock Dealer ,1000,452.5,452500.0,2025-08-28 13:46:17.791840
2025-08-28,32830,2025082803007696,MNBBL,Nagarik Stock Dealer ,Nagarik Stock Dealer ,200,452.5,90500.0,2025-08-28 13:46:17.792124
2025-08-28,32829,2025082803007697,MNBBL,Trisul Securities & Invt. Ltd.,Nagarik Stock Dealer ,181,452.3,81866.3,2025-08-28 13:46:17.792415
2025-08-28,32685,2025082803007724,MNBBL,Trisul Securities & Invt. Ltd.,Naasa Securities Co. Ltd.,16,452.3,7236.8,2025-08-28 13:46:39.246178
2025-08-28,32105,2025082803007879,MNBBL,Nepal Investment And Securities Trading Private Limited,Nagarik Stock Dealer ,500,453.1,226550.0,2025-08-28 13:48:13.174816
2025-08-28,31908,2025082803007948,MNBBL,Trisul Securities & Invt. Ltd.,Opal Securities Investment (PVT) Ltd.,30,452.3,13569.0,2025-08-28 13:48:39.559716
2025-08-28,31681,2025082803008016,MNBBL,Trisul Securities & Invt. Ltd.,Oxford Securities Pvt. Ltd.,50,452.3,22615.0,2025-08-28 13:49:21.000400
2025-08-28,31059,2025082803008135,MNBBL,Trisul Securities & Invt. Ltd.,Thrive Brokerage House Pvt. Ltd,200,452.3,90460.0,2025-08-28 13:51:08.434468
2025-08-28,30903,2025082803008160,MNBBL,Trisul Securities & Invt. Ltd.,K.B.L. Securities Limited ,1000,452.3,452300.0,2025-08-28 13:51:34.395216
2025-08-28,29938,2025082803008352,MNBBL,Neev Securities Pvt. Ltd.,Thrive Brokerage House Pvt. Ltd,20,452.4,9048.0,2025-08-28 13:54:42.265755
2025-08-28,29932,2025082803008353,MNBBL,SHUBHAKAMANA SECURITIES PVT. LTD,BHOLE GANESH SECURITIES LTD,250,453.0,113250.0,2025-08-28 13:54:46.164952
2025-08-28,29931,2025082803008354,MNBBL,SHUBHAKAMANA SECURITIES PVT. LTD,Dynamic Money Managers Securities Pvt. Ltd.,500,454.0,227000.0,2025-08-28 13:54:46.165549
2025-08-28,29930,2025082803008355,MNBBL,SHUBHAKAMANA SECURITIES PVT. LTD,Creative Securities Pvt Ltd,100,454.4,45440.0,2025-08-28 13:54:46.166059
2025-08-28,29929,2025082803008356,MNBBL,SHUBHAKAMANA SECURITIES PVT. LTD,Creative Securities Pvt Ltd,150,454.9,68235.0,2025-08-28 13:54:46.166424
2025-08-28,29880,2025082803008361,MNBBL,Trisul Securities & Invt. Ltd.,Thrive Brokerage House Pvt. Ltd,100,452.3,45230.0,2025-08-28 13:54:57.328167
2025-08-28,29032,2025082803008509,MNBBL,Trisul Securities & Invt. Ltd.,MILKY WAY SHARE BROKER COMPANY LTD ,400,452.3,180920.0,2025-08-28 13:57:46.279783
2025-08-28,28839,2025082803008521,MNBBL,Trisul Securities & Invt. Ltd.,Shree Krishna Securities Ltd.,23,452.3,10402.9,2025-08-28 13:58:27.265142
2025-08-28,28838,2025082803008522,MNBBL,Trisul Securities & Invt. Ltd.,Shree Krishna Securities Ltd.,61,452.3,27590.3,2025-08-28 13:58:27.265397
2025-08-28,28314,2025082803008612,MNBBL,Trisul Securities & Invt. Ltd.,Sani Securities Company Ltd.,225,452.3,101767.5,2025-08-28 13:59:58.172319
2025-08-28,27670,2025082803008708,MNBBL,Online Securities Pvt. Ltd.,Secured Securities Ltd.,325,452.1,146932.5,2025-08-28 14:01:49.655668
2025-08-28,27669,2025082803008709,MNBBL,Naasa Securities Co. Ltd.,Secured Securities Ltd.,460,452.0,207920.0,2025-08-28 14:01:49.655934
2025-08-28,27668,2025082803008710,MNBBL,Indira securities pvt. ltd,Secured Securities Ltd.,509,452.0,230068.0,2025-08-28 14:01:49.656050
2025-08-28,27667,2025082803008711,MNBBL,Sewa Securities Pvt. Ltd.,Secured Securities Ltd.,20,452.0,9040.0,2025-08-28 14:01:49.656152
2025-08-28,27666,2025082803008712,MNBBL,Primo Securities (PVT) Ltd.,Secured Securities Ltd.,56,452.0,25312.0,2025-08-28 14:01:49.656254
2025-08-28,27665,2025082803008713,MNBBL,Sumeru Securities Pvt. Ltd.,Secured Securities Ltd.,10,452.0,4520.0,2025-08-28 14:01:49.656355
2025-08-28,27664,2025082803008714,MNBBL,Imperial Securities Company Pvt. Ltd.,Secured Securities Ltd.,50,452.0,22600.0,2025-08-28 14:01:49.656461
2025-08-28,27663,2025082803008715,MNBBL,Sani Securities Company Ltd.,Secured Securities Ltd.,100,451.8,45180.0,2025-08-28 14:01:49.656584
2025-08-28,27662,2025082803008716,MNBBL,Market Securities & Exchange (PVT) Ltd.,Secured Securities Ltd.,100,451.8,45180.0,2025-08-28 14:01:49.656685
2025-08-28,27661,2025082803008717,MNBBL,J.F. Securites (PVT) Ltd.,Secured Securities Ltd.,500,451.1,225550.0,2025-08-28 14:01:49.656781
2025-08-28,27660,2025082803008718,MNBBL,Imperial Securities Company Pvt. Ltd.,Secured Securities Ltd.,870,451.1,392457.0,2025-08-28 14:01:49.656879
2025-08-28,27019,2025082803008813,MNBBL,Midas Stock Broking Company Private Limited,Imperial Securities Company Pvt. Ltd.,73,452.0,32996.0,2025-08-28 14:03:50.126606
2025-08-28,26959,2025082803008832,MNBBL,Midas Stock Broking Company Private Limited,ABC Securities Private Limited,27,452.0,12204.0,2025-08-28 14:04:04.595185
2025-08-28,26909,2025082803008837,MNBBL,Imperial Securities Company Pvt. Ltd.,ABC Securities Private Limited,130,451.1,58643.0,2025-08-28 14:04:24.805838
2025-08-28,26842,2025082803008855,MNBBL,Premier Securities Company Ltd.,Investment Management Nepal Pvt. Ltd.,30,451.0,13530.0,2025-08-28 14:04:40.569887
2025-08-28,26707,2025082803008876,MNBBL,SHUBHAKAMANA SECURITIES PVT. LTD,ABC Securities Private Limited,143,451.1,64507.3,2025-08-28 14:05:06.106201
2025-08-28,26706,2025082803008877,MNBBL,SHUBHAKAMANA SECURITIES PVT. LTD,Sani Securities Company Ltd.,159,453.0,72027.0,2025-08-28 14:05:06.106668
2025-08-28,26705,2025082803008878,MNBBL,SHUBHAKAMANA SECURITIES PVT. LTD,Creative Securities Pvt Ltd,100,454.7,45470.0,2025-08-28 14:05:06.106967
2025-08-28,26704,2025082803008879,MNBBL,SHUBHAKAMANA SECURITIES PVT. LTD,Creative Securities Pvt Ltd,498,454.7,226440.6,2025-08-28 14:05:06.107280
2025-08-28,26490,2025082803008902,MNBBL,Primo Securities (PVT) Ltd.,Nepal Stock House (PVT) Ltd.,100,454.8,45480.0,2025-08-28 14:05:52.427060
2025-08-28,26387,2025082803008916,MNBBL,Midas Stock Broking Company Private Limited,Trishakti Securities Public Limited,200,452.0,90400.0,2025-08-28 14:06:13.400326
2025-08-28,26386,2025082803008917,MNBBL,Premier Securities Company Ltd.,Trishakti Securities Public Limited,170,451.0,76670.0,2025-08-28 14:06:13.400579
2025-08-28,26385,2025082803008918,MNBBL,Vision Securities Pvt. Ltd,Trishakti Securities Public Limited,100,451.0,45100.0,2025-08-28 14:06:13.400685
2025-08-28,26384,2025082803008919,MNBBL,Vision Securities Pvt. Ltd,Trishakti Securities Public Limited,20,451.0,9020.0,2025-08-28 14:06:13.400789
2025-08-28,26383,2025082803008920,MNBBL,K.B.L. Securities Limited ,Trishakti Securities Public Limited,10,451.0,4510.0,2025-08-28 14:06:13.400895
2025-08-28,26295,2025082803008937,MNBBL,K.B.L. Securities Limited ,J.F. Securites (PVT) Ltd.,490,451.0,220990.0,2025-08-28 14:06:29.260412
2025-08-28,26294,2025082803008938,MNBBL,Vision Securities Pvt. Ltd,J.F. Securites (PVT) Ltd.,300,451.0,135300.0,2025-08-28 14:06:29.260885
2025-08-28,26293,2025082803008939,MNBBL,Sani Securities Company Ltd.,J.F. Securites (PVT) Ltd.,30,451.0,13530.0,2025-08-28 14:06:29.261248
2025-08-28,26292,2025082803008940,MNBBL,Siprabi Securities Pvt. Ltd.,J.F. Securites (PVT) Ltd.,180,451.0,81180.0,2025-08-28 14:06:29.261551
2025-08-28,25743,2025082803009049,MNBBL,Siprabi Securities Pvt. Ltd.,Kohinoor Investment & Securities Pvt. Ltd.,20,451.0,9020.0,2025-08-28 14:08:11.936417
2025-08-28,25742,2025082803009050,MNBBL,Naasa Securities Co. Ltd.,Kohinoor Investment & Securities Pvt. Ltd.,200,451.0,90200.0,2025-08-28 14:08:11.936900
2025-08-28,25725,2025082803009054,MNBBL,Infinity Securities Limited,Kohinoor Investment & Securities Pvt. Ltd.,100,451.0,45100.0,2025-08-28 14:08:15.259684
2025-08-28,25518,2025082803009125,MNBBL,Primo Securities (PVT) Ltd.,J.F. Securites (PVT) Ltd.,50,450.8,22540.0,2025-08-28 14:08:57.438614
2025-08-28,25517,2025082803009126,MNBBL,Premier Securities Company Ltd.,J.F. Securites (PVT) Ltd.,30,450.8,13524.0,2025-08-28 14:08:57.438894
2025-08-28,25516,2025082803009127,MNBBL,Midas Stock Broking Company Private Limited,Kohinoor Investment & Securities Pvt. Ltd.,200,451.0,90200.0,2025-08-28 14:08:57.535258
2025-08-28,25447,2025082803009138,MNBBL,J.F. Securites (PVT) Ltd.,Kohinoor Investment & Securities Pvt. Ltd.,480,451.0,216480.0,2025-08-28 14:09:12.523909
2025-08-28,25340,2025082803009159,MNBBL,J.F. Securites (PVT) Ltd.,Sani Securities Company Ltd.,20,453.0,9060.0,2025-08-28 14:09:33.625777
2025-08-28,24997,2025082803009210,MNBBL,Vision Securities Pvt. Ltd,ABC Securities Private Limited,200,451.0,90200.0,2025-08-28 14:10:58.810021
2025-08-28,24961,2025082803009221,MNBBL,SHUBHAKAMANA SECURITIES PVT. LTD,ABC Securities Private Limited,350,451.0,157850.0,2025-08-28 14:11:11.152319
2025-08-28,24960,2025082803009222,MNBBL,SHUBHAKAMANA SECURITIES PVT. LTD,Opal Securities Investment (PVT) Ltd.,100,452.0,45200.0,2025-08-28 14:11:11.152790
2025-08-28,24959,2025082803009223,MNBBL,SHUBHAKAMANA SECURITIES PVT. LTD,Sani Securities Company Ltd.,980,453.0,443940.0,2025-08-28 14:11:11.153114
2025-08-28,24958,2025082803009224,MNBBL,SHUBHAKAMANA SECURITIES PVT. LTD,Kumari Securities Private Limited,200,454.0,90800.0,2025-08-28 14:11:11.153465
2025-08-28,24929,2025082803009228,MNBBL,SHUBHAKAMANA SECURITIES PVT. LTD,J.F. Securites (PVT) Ltd.,870,454.0,394980.0,2025-08-28 14:11:21.287243
2025-08-28,24859,2025082803009245,MNBBL,Nepal Investment And Securities Trading Private Limited,J.F. Securites (PVT) Ltd.,1000,454.0,454000.0,2025-08-28 14:11:40.164628
2025-08-28,24756,2025082803009270,MNBBL,Aryatara Investment & Securities,Opal Securities Investment (PVT) Ltd.,50,452.0,22600.0,2025-08-28 14:12:03.589806
2025-08-28,24704,2025082803009282,MNBBL,Sewa Securities Pvt. Ltd.,Opal Securities Investment (PVT) Ltd.,30,452.0,13560.0,2025-08-28 14:12:16.651973
2025-08-28,24438,2025082803009304,MNBBL,SHUBHAKAMANA SECURITIES PVT. LTD,J.F. Securites (PVT) Ltd.,130,454.0,59020.0,2025-08-28 14:13:25.555658
2025-08-28,24262,2025082803009334,MNBBL,SHUBHAKAMANA SECURITIES PVT. LTD,Trishakti Securities Public Limited,500,454.0,227000.0,2025-08-28 14:14:05.650219
2025-08-28,24132,2025082803009355,MNBBL,SHUBHAKAMANA SECURITIES PVT. LTD,Nepal Stock House (PVT) Ltd.,1370,454.0,621980.0,2025-08-28 14:14:33.956278
2025-08-28,24110,2025082803009360,MNBBL,SHUBHAKAMANA SECURITIES PVT. LTD,Nepal Stock House (PVT) Ltd.,198,454.0,89892.0,2025-08-28 14:14:38.800820
2025-08-28,24109,2025082803009361,MNBBL,SHUBHAKAMANA SECURITIES PVT. LTD,Nepal Stock House (PVT) Ltd.,199,454.8,90505.2,2025-08-28 14:14:38.801131
2025-08-28,24108,2025082803009362,MNBBL,SHUBHAKAMANA SECURITIES PVT. LTD,Pragyan Securities (PVT) Ltd.,103,454.8,46844.4,2025-08-28 14:14:38.801241
2025-08-28,23312,2025082803009483,MNBBL,Nepal Stock House (PVT) Ltd.,Opal Securities Investment (PVT) Ltd.,10,452.0,4520.0,2025-08-28 14:17:16.341651
2025-08-28,22792,2025082803009550,MNBBL,Investment Management Nepal Pvt. Ltd.,Online Securities Pvt. Ltd.,1,448.0,448.0,2025-08-28 14:19:08.987381
2025-08-28,22598,2025082803009587,MNBBL,Dynamic Money Managers Securities Pvt. Ltd.,Indira securities pvt. ltd,100,453.9,45390.0,2025-08-28 14:19:51.631360
2025-08-28,22249,2025082803009666,MNBBL,Sewa Securities Pvt. Ltd.,Cristal Kanchanjanga Securites Pvt. Ltd.,100,453.1,45310.0,2025-08-28 14:21:03.220041
2025-08-28,22248,2025082803009667,MNBBL,Thrive Brokerage House Pvt. Ltd,Cristal Kanchanjanga Securites Pvt. Ltd.,150,453.0,67950.0,2025-08-28 14:21:03.220306
2025-08-28,22247,2025082803009668,MNBBL,Imperial Securities Company Pvt. Ltd.,Cristal Kanchanjanga Securites Pvt. Ltd.,50,453.0,22650.0,2025-08-28 14:21:03.220429
2025-08-28,21698,2025082803009774,MNBBL,Sani Securities Company Ltd.,Sri Hari Securities Pvt. Ltd.,220,453.0,99660.0,2025-08-28 14:22:24.991985
2025-08-28,21697,2025082803009775,MNBBL,Nepal Stock House (PVT) Ltd.,Sri Hari Securities Pvt. Ltd.,90,452.0,40680.0,2025-08-28 14:22:24.992541
2025-08-28,21696,2025082803009776,MNBBL,Sipla Securities Private Limited,Sri Hari Securities Pvt. Ltd.,200,452.0,90400.0,2025-08-28 14:22:24.992898
2025-08-28,21695,2025082803009777,MNBBL,Primo Securities (PVT) Ltd.,Sri Hari Securities Pvt. Ltd.,47,452.0,21244.0,2025-08-28 14:22:24.993271
2025-08-28,21694,2025082803009778,MNBBL,Sundhara Securities Limited,Sri Hari Securities Pvt. Ltd.,100,451.0,45100.0,2025-08-28 14:22:24.993599
2025-08-28,21693,2025082803009779,MNBBL,Creative Securities Pvt Ltd,Sri Hari Securities Pvt. Ltd.,200,451.0,90200.0,2025-08-28 14:22:24.993922
2025-08-28,21692,2025082803009780,MNBBL,Investment Management Nepal Pvt. Ltd.,Sri Hari Securities Pvt. Ltd.,100,451.0,45100.0,2025-08-28 14:22:24.994286
2025-08-28,21691,2025082803009781,MNBBL,Dipshikha Dhitopatra Karobar Co. Pvt Ltd.,Sri Hari Securities Pvt. Ltd.,43,450.9,19388.7,2025-08-28 14:22:24.994446
2025-08-28,21090,2025082803009907,MNBBL,Kalika Securities Pvt. Ltd.,Premier Securities Company Ltd.,41,451.0,18491.0,2025-08-28 14:23:52.879522
2025-08-28,21089,2025082803009908,MNBBL,South Asian Bulls Pvt. Ltd.,Premier Securities Company Ltd.,50,451.0,22550.0,2025-08-28 14:23:52.879846
2025-08-28,21088,2025082803009909,MNBBL,Dipshikha Dhitopatra Karobar Co. Pvt Ltd.,Premier Securities Company Ltd.,57,450.9,25701.3,2025-08-28 14:23:52.879958
2025-08-28,21087,2025082803009910,MNBBL,Kalika Securities Pvt. Ltd.,Premier Securities Company Ltd.,100,450.9,45090.0,2025-08-28 14:23:52.880072
2025-08-28,21086,2025082803009911,MNBBL,Premier Securities Company Ltd.,Premier Securities Company Ltd.,70,450.8,31556.0,2025-08-28 14:23:52.880176
2025-08-28,21085,2025082803009912,MNBBL,Sani Securities Company Ltd.,Premier Securities Company Ltd.,500,450.8,225400.0,2025-08-28 14:23:52.880284
2025-08-28,21084,2025082803009913,MNBBL,Trishakti Securities Public Limited,Premier Securities Company Ltd.,500,450.5,225250.0,2025-08-28 14:23:52.880390
2025-08-28,21083,2025082803009914,MNBBL,Secured Securities Ltd.,Premier Securities Company Ltd.,1000,450.2,450200.0,2025-08-28 14:23:52.880505
2025-08-28,21082,2025082803009915,MNBBL,Kumari Securities Private Limited,Premier Securities Company Ltd.,100,450.1,45010.0,2025-08-28 14:23:52.880610
2025-08-28,21081,2025082803009916,MNBBL,Malla & Malla Stock Broking Company Pvt. Limited,Premier Securities Company Ltd.,250,450.1,112525.0,2025-08-28 14:23:52.880712
2025-08-28,21080,2025082803009917,MNBBL,Imperial Securities Company Pvt. Ltd.,Premier Securities Company Ltd.,332,450.1,149433.2,2025-08-28 14:23:52.880822
2025-08-28,21061,2025082803009918,MNBBL,Imperial Securities Company Pvt. Ltd.,Aryatara Investment & Securities,668,450.1,300666.8,2025-08-28 14:23:56.476823
2025-08-28,21060,2025082803009919,MNBBL,Primo Securities (PVT) Ltd.,Aryatara Investment & Securities,200,450.0,90000.0,2025-08-28 14:23:56.477343
2025-08-28,21059,2025082803009920,MNBBL,Aryatara Investment & Securities,Aryatara Investment & Securities,100,450.0,45000.0,2025-08-28 14:23:56.477662
2025-08-28,21058,2025082803009921,MNBBL,Cristal Kanchanjanga Securites Pvt. Ltd.,Aryatara Investment & Securities,50,450.0,22500.0,2025-08-28 14:23:56.477969
2025-08-28,21057,2025082803009922,MNBBL,Imperial Securities Company Pvt. Ltd.,Aryatara Investment & Securities,50,450.0,22500.0,2025-08-28 14:23:56.478283
2025-08-28,21056,2025082803009923,MNBBL,Imperial Securities Company Pvt. Ltd.,Aryatara Investment & Securities,500,450.0,225000.0,2025-08-28 14:23:56.478584
2025-08-28,21055,2025082803009924,MNBBL,Imperial Securities Company Pvt. Ltd.,Aryatara Investment & Securities,1000,450.0,450000.0,2025-08-28 14:23:56.478879
2025-08-28,21054,2025082803009925,MNBBL,Nepal Investment And Securities Trading Private Limited,Aryatara Investment & Securities,20,450.0,9000.0,2025-08-28 14:23:56.479186
2025-08-28,21053,2025082803009926,MNBBL,Oxford Securities Pvt. Ltd.,Aryatara Investment & Securities,100,450.0,45000.0,2025-08-28 14:23:56.479481
2025-08-28,21052,2025082803009927,MNBBL,Nagarik Stock Dealer ,Aryatara Investment & Securities,312,450.0,140400.0,2025-08-28 14:23:56.479767
2025-08-28,20611,2025082803010004,MNBBL,South Asian Bulls Pvt. Ltd.,Aryatara Investment & Securities,50,450.1,22505.0,2025-08-28 14:24:59.086325
2025-08-28,20610,2025082803010005,MNBBL,Sewa Securities Pvt. Ltd.,Aryatara Investment & Securities,50,450.1,22505.0,2025-08-28 14:24:59.086713
2025-08-28,20609,2025082803010006,MNBBL,Nagarik Stock Dealer ,Aryatara Investment & Securities,4688,450.0,2109600.0,2025-08-28 14:24:59.086818
2025-08-28,20608,2025082803010007,MNBBL,Sani Securities Company Ltd.,Aryatara Investment & Securities,12,450.0,5400.0,2025-08-28 14:24:59.086917
2025-08-28,20607,2025082803010008,MNBBL,Premier Securities Company Ltd.,Aryatara Investment & Securities,240,450.0,108000.0,2025-08-28 14:24:59.087021
2025-08-28,20606,2025082803010009,MNBBL,Market Securities & Exchange (PVT) Ltd.,Aryatara Investment & Securities,100,450.0,45000.0,2025-08-28 14:24:59.087129
2025-08-28,20605,2025082803010010,MNBBL,Aakashbhairab Securities Ltd.,Aryatara Investment & Securities,89,450.0,40050.0,2025-08-28 14:24:59.087230
2025-08-28,20604,2025082803010011,MNBBL,Sumeru Securities Pvt. Ltd.,Aryatara Investment & Securities,1000,450.0,450000.0,2025-08-28 14:24:59.087331
2025-08-28,20603,2025082803010012,MNBBL,Kumari Securities Private Limited,Aryatara Investment & Securities,50,450.0,22500.0,2025-08-28 14:24:59.087430
2025-08-28,20602,2025082803010013,MNBBL,Nepal Investment And Securities Trading Private Limited,Aryatara Investment & Securities,10,450.0,4500.0,2025-08-28 14:24:59.087530
2025-08-28,20601,2025082803010014,MNBBL,Vision Securities Pvt. Ltd,Aryatara Investment & Securities,30,450.0,13500.0,2025-08-28 14:24:59.087630
2025-08-28,20600,2025082803010015,MNBBL,J.F. Securites (PVT) Ltd.,Aryatara Investment & Securities,78,450.0,35100.0,2025-08-28 14:24:59.087732
2025-08-28,20599,2025082803010016,MNBBL,Primo Securities (PVT) Ltd.,Aryatara Investment & Securities,50,450.0,22500.0,2025-08-28 14:24:59.087833
2025-08-28,20598,2025082803010017,MNBBL,Naasa Securities Co. Ltd.,Aryatara Investment & Securities,53,450.0,23850.0,2025-08-28 14:24:59.087931
2025-08-28,20521,2025082803010031,MNBBL,Naasa Securities Co. Ltd.,Sani Securities Company Ltd.,77,450.0,34650.0,2025-08-28 14:25:12.912769
2025-08-28,20387,2025082803010070,MNBBL,Naasa Securities Co. Ltd.,Sani Securities Company Ltd.,10,450.0,4500.0,2025-08-28 14:25:38.127311
2025-08-28,19933,2025082803010117,MNBBL,South Asian Bulls Pvt. Ltd.,Vision Securities Pvt. Ltd,50,449.1,22455.0,2025-08-28 14:26:42.406388
2025-08-28,19932,2025082803010118,MNBBL,Neev Securities Pvt. Ltd.,Vision Securities Pvt. Ltd,70,449.0,31430.0,2025-08-28 14:26:42.406449
2025-08-28,19662,2025082803010182,MNBBL,Neev Securities Pvt. Ltd.,ABC Securities Private Limited,130,449.0,58370.0,2025-08-28 14:27:20.063808
2025-08-28,19661,2025082803010183,MNBBL,Trishakti Securities Public Limited,ABC Securities Private Limited,10,449.0,4490.0,2025-08-28 14:27:20.064046
2025-08-28,19660,2025082803010184,MNBBL,Sani Securities Company Ltd.,ABC Securities Private Limited,10,449.0,4490.0,2025-08-28 14:27:20.064154
2025-08-28,19659,2025082803010185,MNBBL,Trisul Securities & Invt. Ltd.,ABC Securities Private Limited,112,449.0,50288.0,2025-08-28 14:27:20.064266
2025-08-28,19595,2025082803010197,MNBBL,Sri Hari Securities Pvt. Ltd.,Secured Securities Ltd.,100,448.9,44890.0,2025-08-28 14:27:29.601915
2025-08-28,19594,2025082803010198,MNBBL,Kalika Securities Pvt. Ltd.,Secured Securities Ltd.,12,448.3,5379.6,2025-08-28 14:27:29.602372
2025-08-28,19593,2025082803010199,MNBBL,South Asian Bulls Pvt. Ltd.,Secured Securities Ltd.,50,448.2,22410.0,2025-08-28 14:27:29.602718
2025-08-28,19592,2025082803010200,MNBBL,Ashutosh Brokerage & Securities (PVT) Ltd.,Secured Securities Ltd.,200,448.1,89620.0,2025-08-28 14:27:29.603129
2025-08-28,19591,2025082803010201,MNBBL,Imperial Securities Company Pvt. Ltd.,Secured Securities Ltd.,700,448.1,313670.0,2025-08-28 14:27:29.603522
2025-08-28,19590,2025082803010202,MNBBL,Indira securities pvt. ltd,Secured Securities Ltd.,500,448.0,224000.0,2025-08-28 14:27:29.603891
2025-08-28,19589,2025082803010203,MNBBL,Sweta Securities Private Limited,Secured Securities Ltd.,10,447.8,4478.0,2025-08-28 14:27:29.604261
2025-08-28,19588,2025082803010204,MNBBL,Nepal Investment And Securities Trading Private Limited,Secured Securities Ltd.,428,447.3,191444.4,2025-08-28 14:27:29.604638
2025-08-28,18888,2025082803010337,MNBBL,Naasa Securities Co. Ltd.,Imperial Securities Company Pvt. Ltd.,500,448.5,224250.0,2025-08-28 14:29:00.188752
2025-08-28,18607,2025082803010391,MNBBL,South Asian Bulls Pvt. Ltd.,Online Securities Pvt. Ltd.,50,448.9,22445.0,2025-08-28 14:29:55.658648
2025-08-28,18348,2025082803010450,MNBBL,South Asian Bulls Pvt. Ltd.,Thrive Brokerage House Pvt. Ltd,50,447.6,22380.0,2025-08-28 14:30:35.873339
2025-08-28,18347,2025082803010451,MNBBL,J.F. Securites (PVT) Ltd.,Thrive Brokerage House Pvt. Ltd,500,447.6,223800.0,2025-08-28 14:30:35.873797
2025-08-28,18346,2025082803010452,MNBBL,Deevyaa Securities & Stock House Pvt. Ltd,Thrive Brokerage House Pvt. Ltd,200,447.5,89500.0,2025-08-28 14:30:35.874106
2025-08-28,18345,2025082803010453,MNBBL,Kumari Securities Private Limited,Thrive Brokerage House Pvt. Ltd,50,447.5,22375.0,2025-08-28 14:30:35.874403
2025-08-28,18309,2025082803010456,MNBBL,Deevyaa Securities & Stock House Pvt. Ltd,J.F. Securites (PVT) Ltd.,82,448.6,36785.2,2025-08-28 14:30:44.202811
2025-08-28,17949,2025082803010530,MNBBL,Sharepro Securities Private Limited,Naasa Securities Co. Ltd.,7,453.2,3172.4,2025-08-28 14:31:45.840252
2025-08-28,17456,2025082803010656,MNBBL,Sipla Securities Private Limited,Online Securities Pvt. Ltd.,450,448.9,202005.0,2025-08-28 14:33:31.103759
2025-08-28,17455,2025082803010657,MNBBL,Sipla Securities Private Limited,ABC Securities Private Limited,238,449.0,106862.0,2025-08-28 14:33:31.104009
2025-08-28,17454,2025082803010658,MNBBL,Sipla Securities Private Limited,Sani Securities Company Ltd.,1413,450.0,635850.0,2025-08-28 14:33:31.104123
2025-08-28,17201,2025082803010709,MNBBL,Sipla Securities Private Limited,J.F. Securites (PVT) Ltd.,899,450.0,404550.0,2025-08-28 14:34:08.193769
2025-08-28,16796,2025082803010761,MNBBL,Premier Securities Company Ltd.,Sani Securities Company Ltd.,92,449.0,41308.0,2025-08-28 14:35:22.932370
2025-08-28,16794,2025082803010762,MNBBL,Dipshikha Dhitopatra Karobar Co. Pvt Ltd.,Sani Securities Company Ltd.,61,449.0,27389.0,2025-08-28 14:35:24.120162
2025-08-28,16472,2025082803010833,MNBBL,Nepal Stock House (PVT) Ltd.,Sani Securities Company Ltd.,47,449.0,21103.0,2025-08-28 14:36:15.415306
2025-08-28,15998,2025082803010988,MNBBL,Sundhara Securities Limited,ABC Securities Private Limited,50,449.1,22455.0,2025-08-28 14:37:33.474860
2025-08-28,15722,2025082803011036,MNBBL,SHUBHAKAMANA SECURITIES PVT. LTD,J.F. Securites (PVT) Ltd.,1601,450.0,720450.0,2025-08-28 14:38:20.376331
2025-08-28,15721,2025082803011037,MNBBL,SHUBHAKAMANA SECURITIES PVT. LTD,Deevyaa Securities & Stock House Pvt. Ltd,172,450.0,77400.0,2025-08-28 14:38:20.376825
2025-08-28,15720,2025082803011038,MNBBL,SHUBHAKAMANA SECURITIES PVT. LTD,ABC Securities Private Limited,150,450.0,67500.0,2025-08-28 14:38:20.377177
2025-08-28,15719,2025082803011039,MNBBL,SHUBHAKAMANA SECURITIES PVT. LTD,Stoxkarts Securities Limited,77,452.0,34804.0,2025-08-28 14:38:20.377492
2025-08-28,15652,2025082803011050,MNBBL,Premier Securities Company Ltd.,Midas Stock Broking Company Private Limited,50,449.1,22455.0,2025-08-28 14:38:32.234791
2025-08-28,15453,2025082803011101,MNBBL,SHUBHAKAMANA SECURITIES PVT. LTD,Stoxkarts Securities Limited,23,452.0,10396.0,2025-08-28 14:39:00.482384
2025-08-28,15452,2025082803011102,MNBBL,SHUBHAKAMANA SECURITIES PVT. LTD,Indira securities pvt. ltd,500,453.0,226500.0,2025-08-28 14:39:00.482644
2025-08-28,15451,2025082803011103,MNBBL,SHUBHAKAMANA SECURITIES PVT. LTD,Sani Securities Company Ltd.,200,453.0,90600.0,2025-08-28 14:39:00.482751
2025-08-28,15450,2025082803011104,MNBBL,SHUBHAKAMANA SECURITIES PVT. LTD,Naasa Securities Co. Ltd.,60,453.0,27180.0,2025-08-28 14:39:00.482849
2025-08-28,15449,2025082803011105,MNBBL,SHUBHAKAMANA SECURITIES PVT. LTD,Indira securities pvt. ltd,217,453.5,98409.5,2025-08-28 14:39:00.482947
2025-08-28,15118,2025082803011175,MNBBL,SHUBHAKAMANA SECURITIES PVT. LTD,Indira securities pvt. ltd,183,453.5,82990.5,2025-08-28 14:39:41.609321
2025-08-28,15117,2025082803011176,MNBBL,SHUBHAKAMANA SECURITIES PVT. LTD,Cristal Kanchanjanga Securites Pvt. Ltd.,117,453.8,53094.6,2025-08-28 14:39:41.609575
2025-08-28,14874,2025082803011232,MNBBL,SHUBHAKAMANA SECURITIES PVT. LTD,Aryatara Investment & Securities,55,452.0,24860.0,2025-08-28 14:40:18.710829
2025-08-28,14873,2025082803011233,MNBBL,SHUBHAKAMANA SECURITIES PVT. LTD,Cristal Kanchanjanga Securites Pvt. Ltd.,100,453.0,45300.0,2025-08-28 14:40:18.711311
2025-08-28,14872,2025082803011234,MNBBL,SHUBHAKAMANA SECURITIES PVT. LTD,Cristal Kanchanjanga Securites Pvt. Ltd.,845,453.8,383461.0,2025-08-28 14:40:18.711626
2025-08-28,14346,2025082803011356,MNBBL,SHUBHAKAMANA SECURITIES PVT. LTD,Sri Hari Securities Pvt. Ltd.,100,453.0,45300.0,2025-08-28 14:41:30.931266
2025-08-28,14345,2025082803011357,MNBBL,SHUBHAKAMANA SECURITIES PVT. LTD,Kumari Securities Private Limited,100,453.7,45370.0,2025-08-28 14:41:30.931510
2025-08-28,14344,2025082803011358,MNBBL,SHUBHAKAMANA SECURITIES PVT. LTD,Indira securities pvt. ltd,500,453.7,226850.0,2025-08-28 14:41:30.931614
2025-08-28,14343,2025082803011359,MNBBL,SHUBHAKAMANA SECURITIES PVT. LTD,Cristal Kanchanjanga Securites Pvt. Ltd.,738,453.8,334904.4,2025-08-28 14:41:30.931717
2025-08-28,14342,2025082803011360,MNBBL,SHUBHAKAMANA SECURITIES PVT. LTD,Naasa Securities Co. Ltd.,80,454.0,36320.0,2025-08-28 14:41:30.931820
2025-08-28,14341,2025082803011361,MNBBL,SHUBHAKAMANA SECURITIES PVT. LTD,Creative Securities Pvt Ltd,250,454.0,113500.0,2025-08-28 14:41:30.931922
2025-08-28,14271,2025082803011367,MNBBL,SHUBHAKAMANA SECURITIES PVT. LTD,Trishakti Securities Public Limited,100,454.0,45400.0,2025-08-28 14:41:38.257500
2025-08-28,14262,2025082803011371,MNBBL,SHUBHAKAMANA SECURITIES PVT. LTD,Indira securities pvt. ltd,132,454.0,59928.0,2025-08-28 14:41:40.086629
2025-08-28,14165,2025082803011380,MNBBL,Siprabi Securities Pvt. Ltd.,Indira securities pvt. ltd,50,453.6,22680.0,2025-08-28 14:41:50.950825
2025-08-28,13980,2025082803011399,MNBBL,SHUBHAKAMANA SECURITIES PVT. LTD,Miyo Securities Pvt Ltd,100,453.0,45300.0,2025-08-28 14:42:17.076943
2025-08-28,13979,2025082803011400,MNBBL,SHUBHAKAMANA SECURITIES PVT. LTD,Indira securities pvt. ltd,318,453.6,144244.8,2025-08-28 14:42:17.077238
2025-08-28,13978,2025082803011401,MNBBL,SHUBHAKAMANA SECURITIES PVT. LTD,Deevyaa Securities & Stock House Pvt. Ltd,82,454.0,37228.0,2025-08-28 14:42:17.077374
2025-08-28,13674,2025082803011455,MNBBL,Sewa Securities Pvt. Ltd.,Asian Securities Private Ltd.,300,451.0,135300.0,2025-08-28 14:42:50.079560
2025-08-28,13430,2025082803011511,MNBBL,Global IME Securities Limited,Vision Securities Pvt. Ltd,30,452.0,13560.0,2025-08-28 14:43:19.264080
2025-08-28,13295,2025082803011526,MNBBL,Arun Securities (PVT) Ltd.,Asian Securities Private Ltd.,100,451.1,45110.0,2025-08-28 14:43:33.400918
2025-08-28,13294,2025082803011527,MNBBL,Sewa Securities Pvt. Ltd.,Asian Securities Private Ltd.,78,451.0,35178.0,2025-08-28 14:43:33.401414
2025-08-28,13149,2025082803011546,MNBBL,Imperial Securities Company Pvt. Ltd.,Asian Securities Private Ltd.,50,450.0,22500.0,2025-08-28 14:43:52.551790
2025-08-28,13148,2025082803011547,MNBBL,Sundhara Securities Limited,Asian Securities Private Ltd.,200,450.0,90000.0,2025-08-28 14:43:52.552063
2025-08-28,13147,2025082803011548,MNBBL,ABC Securities Private Limited,Asian Securities Private Ltd.,10,450.0,4500.0,2025-08-28 14:43:52.552166
2025-08-28,13146,2025082803011549,MNBBL,Nepal Investment And Securities Trading Private Limited,Asian Securities Private Ltd.,10,450.0,4500.0,2025-08-28 14:43:52.552268
2025-08-28,12890,2025082803011602,MNBBL,Opal Securities Investment (PVT) Ltd.,Asian Securities Private Ltd.,52,450.0,23400.0,2025-08-28 14:44:17.973748
2025-08-28,12889,2025082803011603,MNBBL,Opal Securities Investment (PVT) Ltd.,Vision Securities Pvt. Ltd,248,452.0,112096.0,2025-08-28 14:44:17.973986
2025-08-28,11839,2025082803011773,MNBBL,Imperial Securities Company Pvt. Ltd.,Sri Hari Securities Pvt. Ltd.,25,450.1,11252.5,2025-08-28 14:45:54.851752
2025-08-28,11838,2025082803011774,MNBBL,Naasa Securities Co. Ltd.,Sri Hari Securities Pvt. Ltd.,20,450.0,9000.0,2025-08-28 14:45:54.852040
2025-08-28,11837,2025082803011775,MNBBL,Siprabi Securities Pvt. Ltd.,Sri Hari Securities Pvt. Ltd.,69,449.2,30994.8,2025-08-28 14:45:54.852151
2025-08-28,11836,2025082803011776,MNBBL,Premier Securities Company Ltd.,Sri Hari Securities Pvt. Ltd.,10,449.1,4491.0,2025-08-28 14:45:54.852269
2025-08-28,11673,2025082803011796,MNBBL,Naasa Securities Co. Ltd.,Naasa Securities Co. Ltd.,1,441.0,441.0,2025-08-28 14:46:09.542108
2025-08-28,11586,2025082803011808,MNBBL,Premier Securities Company Ltd.,Sweta Securities Private Limited,50,450.0,22500.0,2025-08-28 14:46:18.791612
2025-08-28,11338,2025082803011852,MNBBL,Premier Securities Company Ltd.,Sri Hari Securities Pvt. Ltd.,950,450.0,427500.0,2025-08-28 14:46:46.227413
2025-08-28,11337,2025082803011853,MNBBL,Thrive Brokerage House Pvt. Ltd,Sri Hari Securities Pvt. Ltd.,420,450.0,189000.0,2025-08-28 14:46:46.227655
2025-08-28,10895,2025082803011914,MNBBL,Nepal Stock House (PVT) Ltd.,Sani Securities Company Ltd.,25,451.7,11292.5,2025-08-28 14:47:30.167435
2025-08-28,10894,2025082803011915,MNBBL,Nepal Stock House (PVT) Ltd.,Aryatara Investment & Securities,15,451.8,6777.0,2025-08-28 14:47:30.167660
2025-08-28,9920,2025082803012193,MNBBL,Trisul Securities & Invt. Ltd.,Trisul Securities & Invt. Ltd.,500,450.1,225050.0,2025-08-28 14:49:16.773488
2025-08-28,9919,2025082803012194,MNBBL,Thrive Brokerage House Pvt. Ltd,Trisul Securities & Invt. Ltd.,80,450.0,36000.0,2025-08-28 14:49:16.773996
2025-08-28,9918,2025082803012195,MNBBL,Nepal Investment And Securities Trading Private Limited,Trisul Securities & Invt. Ltd.,50,450.0,22500.0,2025-08-28 14:49:16.774352
2025-08-28,9917,2025082803012196,MNBBL,Vision Securities Pvt. Ltd,Trisul Securities & Invt. Ltd.,370,450.0,166500.0,2025-08-28 14:49:16.774674
2025-08-28,9849,2025082803012208,MNBBL,Online Securities Pvt. Ltd.,Midas Stock Broking Company Private Limited,50,451.0,22550.0,2025-08-28 14:49:22.453988
2025-08-28,9848,2025082803012209,MNBBL,Online Securities Pvt. Ltd.,Aryatara Investment & Securities,135,451.8,60993.0,2025-08-28 14:49:22.454238
2025-08-28,9847,2025082803012210,MNBBL,Online Securities Pvt. Ltd.,Secured Securities Ltd.,315,451.9,142348.5,2025-08-28 14:49:22.454348
2025-08-28,9758,2025082803012234,MNBBL,Vision Securities Pvt. Ltd,Sri Hari Securities Pvt. Ltd.,1630,450.0,733500.0,2025-08-28 14:49:34.227815
2025-08-28,9542,2025082803012269,MNBBL,Vision Securities Pvt. Ltd,Premier Securities Company Ltd.,300,450.0,135000.0,2025-08-28 14:49:57.799904
2025-08-28,9541,2025082803012270,MNBBL,Vision Securities Pvt. Ltd,Linch Stock Market Ltd.,200,450.0,90000.0,2025-08-28 14:49:57.800169
2025-08-28,9149,2025082803012347,MNBBL,Kalika Securities Pvt. Ltd.,Trishakti Securities Public Limited,100,449.2,44920.0,2025-08-28 14:50:34.316907
2025-08-28,8854,2025082803012414,MNBBL,Premier Securities Company Ltd.,Linch Stock Market Ltd.,40,449.1,17964.0,2025-08-28 14:51:03.835980
2025-08-28,8853,2025082803012415,MNBBL,Nagarik Stock Dealer ,Linch Stock Market Ltd.,300,449.1,134730.0,2025-08-28 14:51:03.836476
2025-08-28,8852,2025082803012416,MNBBL,Nepal Stock House (PVT) Ltd.,Linch Stock Market Ltd.,153,449.0,68697.0,2025-08-28 14:51:03.836782
2025-08-28,8851,2025082803012417,MNBBL,Premier Securities Company Ltd.,Linch Stock Market Ltd.,10,449.0,4490.0,2025-08-28 14:51:03.837101
2025-08-28,8850,2025082803012418,MNBBL,Sani Securities Company Ltd.,Linch Stock Market Ltd.,100,449.0,44900.0,2025-08-28 14:51:03.837394
2025-08-28,8849,2025082803012419,MNBBL,Nepal Stock House (PVT) Ltd.,Linch Stock Market Ltd.,200,449.0,89800.0,2025-08-28 14:51:03.837686
2025-08-28,8848,2025082803012420,MNBBL,Kalika Securities Pvt. Ltd.,Linch Stock Market Ltd.,197,449.0,88453.0,2025-08-28 14:51:03.837972
2025-08-28,8741,2025082803012441,MNBBL,Kalika Securities Pvt. Ltd.,Aryatara Investment & Securities,10,449.0,4490.0,2025-08-28 14:51:13.444205
2025-08-28,8740,2025082803012442,MNBBL,Sweta Securities Private Limited,Aryatara Investment & Securities,210,449.0,94290.0,2025-08-28 14:51:13.444507
2025-08-28,8314,2025082803012530,MNBBL,Sweta Securities Private Limited,Dipshikha Dhitopatra Karobar Co. Pvt Ltd.,205,449.0,92045.0,2025-08-28 14:51:52.223202
2025-08-28,8311,2025082803012532,MNBBL,Opal Securities Investment (PVT) Ltd.,Nepal Stock House (PVT) Ltd.,27,449.1,12125.7,2025-08-28 14:51:52.628648
2025-08-28,8187,2025082803012551,MNBBL,Sweta Securities Private Limited,Sharepro Securities Private Limited,85,449.0,38165.0,2025-08-28 14:52:01.265270
2025-08-28,8186,2025082803012552,MNBBL,Nepal Stock House (PVT) Ltd.,Sharepro Securities Private Limited,200,449.0,89800.0,2025-08-28 14:52:01.265499
2025-08-28,8185,2025082803012553,MNBBL,Nepal Investment And Securities Trading Private Limited,Sharepro Securities Private Limited,335,449.0,150415.0,2025-08-28 14:52:01.265601
2025-08-28,8184,2025082803012554,MNBBL,Kohinoor Investment & Securities Pvt. Ltd.,Sharepro Securities Private Limited,50,448.3,22415.0,2025-08-28 14:52:01.265700
2025-08-28,8183,2025082803012555,MNBBL,Nepal Investment And Securities Trading Private Limited,Sharepro Securities Private Limited,500,448.3,224150.0,2025-08-28 14:52:01.265800
2025-08-28,8182,2025082803012556,MNBBL,Agrawal Securities (PVT) Ltd.,Sharepro Securities Private Limited,130,448.0,58240.0,2025-08-28 14:52:01.265918
2025-08-28,8181,2025082803012557,MNBBL,K.B.L. Securities Limited ,Sharepro Securities Private Limited,3330,448.0,1491840.0,2025-08-28 14:52:01.266017
2025-08-28,8180,2025082803012558,MNBBL,Oxford Securities Pvt. Ltd.,Sharepro Securities Private Limited,10,448.0,4480.0,2025-08-28 14:52:01.266125
2025-08-28,7577,2025082803012713,MNBBL,Kumari Securities Private Limited,Opal Securities Investment (PVT) Ltd.,50,447.5,22375.0,2025-08-28 14:52:47.933911
2025-08-28,7576,2025082803012714,MNBBL,Nepal Investment And Securities Trading Private Limited,Opal Securities Investment (PVT) Ltd.,50,447.5,22375.0,2025-08-28 14:52:47.934516
2025-08-28,7091,2025082803012795,MNBBL,Imperial Securities Company Pvt. Ltd.,Secured Securities Ltd.,70,449.9,31493.0,2025-08-28 14:53:23.215072
2025-08-28,6748,2025082803012837,MNBBL,Dynamic Money Managers Securities Pvt. Ltd.,ABC Securities Private Limited,100,449.0,44900.0,2025-08-28 14:53:43.319874
2025-08-28,6623,2025082803012871,MNBBL,Nepal Investment And Securities Trading Private Limited,Online Securities Pvt. Ltd.,50,447.5,22375.0,2025-08-28 14:53:56.065715
2025-08-28,6622,2025082803012872,MNBBL,Midas Stock Broking Company Private Limited,Online Securities Pvt. Ltd.,111,447.5,49672.5,2025-08-28 14:53:56.065761
2025-08-28,6621,2025082803012873,MNBBL,Nepal Investment And Securities Trading Private Limited,Online Securities Pvt. Ltd.,72,447.3,32205.6,2025-08-28 14:53:56.065790
2025-08-28,6620,2025082803012874,MNBBL,Naasa Securities Co. Ltd.,Online Securities Pvt. Ltd.,40,447.3,17892.0,2025-08-28 14:53:56.065817
2025-08-28,6619,2025082803012875,MNBBL,Thrive Brokerage House Pvt. Ltd,Online Securities Pvt. Ltd.,300,447.1,134130.0,2025-08-28 14:53:56.065842
2025-08-28,6618,2025082803012876,MNBBL,Aryatara Investment & Securities,Online Securities Pvt. Ltd.,100,447.0,44700.0,2025-08-28 14:53:56.065883
2025-08-28,6617,2025082803012877,MNBBL,Sweta Securities Private Limited,Online Securities Pvt. Ltd.,10,447.0,4470.0,2025-08-28 14:53:56.065907
2025-08-28,6616,2025082803012878,MNBBL,Dakshinkali Investment & Securities Pvt. Ltd.,Online Securities Pvt. Ltd.,67,447.0,29949.0,2025-08-28 14:53:56.065933
2025-08-28,6509,2025082803012894,MNBBL,Dakshinkali Investment & Securities Pvt. Ltd.,Sani Securities Company Ltd.,33,447.0,14751.0,2025-08-28 14:54:02.664341
2025-08-28,6508,2025082803012895,MNBBL,Vision Securities Pvt. Ltd,Sani Securities Company Ltd.,200,447.0,89400.0,2025-08-28 14:54:02.664875
2025-08-28,6507,2025082803012896,MNBBL,ABC Securities Private Limited,Sani Securities Company Ltd.,30,447.0,13410.0,2025-08-28 14:54:02.665407
2025-08-28,6351,2025082803012938,MNBBL,Ashutosh Brokerage & Securities (PVT) Ltd.,Nagarik Stock Dealer ,30,446.8,13404.0,2025-08-28 14:54:13.533982
2025-08-28,6350,2025082803012939,MNBBL,Nagarik Stock Dealer ,Nagarik Stock Dealer ,970,446.7,433299.0,2025-08-28 14:54:13.534241
2025-08-28,5946,2025082803012999,MNBBL,Nagarik Stock Dealer ,Online Securities Pvt. Ltd.,30,446.7,13401.0,2025-08-28 14:54:51.894007
2025-08-28,5945,2025082803013000,MNBBL,Sri Hari Securities Pvt. Ltd.,Online Securities Pvt. Ltd.,470,446.2,209714.0,2025-08-28 14:54:51.894333
2025-08-28,5915,2025082803013009,MNBBL,Sri Hari Securities Pvt. Ltd.,Sani Securities Company Ltd.,300,447.0,134100.0,2025-08-28 14:54:53.886644
2025-08-28,5823,2025082803013024,MNBBL,Deevyaa Securities & Stock House Pvt. Ltd,Sani Securities Company Ltd.,37,447.0,16539.0,2025-08-28 14:55:01.734883
2025-08-28,5822,2025082803013025,MNBBL,Deevyaa Securities & Stock House Pvt. Ltd,Siprabi Securities Pvt. Ltd.,100,448.8,44880.0,2025-08-28 14:55:01.734946
2025-08-28,5821,2025082803013026,MNBBL,Deevyaa Securities & Stock House Pvt. Ltd,Online Securities Pvt. Ltd.,500,448.9,224450.0,2025-08-28 14:55:01.734973
2025-08-28,5820,2025082803013027,MNBBL,Deevyaa Securities & Stock House Pvt. Ltd,Imperial Securities Company Pvt. Ltd.,4363,449.0,1958987.0,2025-08-28 14:55:01.735000
2025-08-28,5662,2025082803013050,MNBBL,Cristal Kanchanjanga Securites Pvt. Ltd.,Secured Securities Ltd.,115,447.0,51405.0,2025-08-28 14:55:13.429621
2025-08-28,4776,2025082803013196,MNBBL,Imperial Securities Company Pvt. Ltd.,Capital Max Securities Ltd,300,447.1,134130.0,2025-08-28 14:56:22.714753
2025-08-28,4737,2025082803013212,MNBBL,South Asian Bulls Pvt. Ltd.,Premier Securities Company Ltd.,30,447.2,13416.0,2025-08-28 14:56:27.273384
2025-08-28,4732,2025082803013213,MNBBL,SHUBHAKAMANA SECURITIES PVT. LTD,Premier Securities Company Ltd.,270,447.1,120717.0,2025-08-28 14:56:27.877494
2025-08-28,4731,2025082803013214,MNBBL,SHUBHAKAMANA SECURITIES PVT. LTD,Midas Stock Broking Company Private Limited,100,448.0,44800.0,2025-08-28 14:56:27.877967
2025-08-28,4730,2025082803013215,MNBBL,SHUBHAKAMANA SECURITIES PVT. LTD,Midas Stock Broking Company Private Limited,100,448.0,44800.0,2025-08-28 14:56:27.878288
2025-08-28,4729,2025082803013216,MNBBL,SHUBHAKAMANA SECURITIES PVT. LTD,Imperial Securities Company Pvt. Ltd.,76,449.0,34124.0,2025-08-28 14:56:27.878588
2025-08-28,4728,2025082803013217,MNBBL,SHUBHAKAMANA SECURITIES PVT. LTD,Asian Securities Private Ltd.,200,449.0,89800.0,2025-08-28 14:56:27.878878
2025-08-28,4727,2025082803013218,MNBBL,SHUBHAKAMANA SECURITIES PVT. LTD,Nagarik Stock Dealer ,1000,449.9,449900.0,2025-08-28 14:56:27.879191
2025-08-28,4726,2025082803013219,MNBBL,SHUBHAKAMANA SECURITIES PVT. LTD,Opal Securities Investment (PVT) Ltd.,100,450.0,45000.0,2025-08-28 14:56:27.879478
2025-08-28,4725,2025082803013220,MNBBL,SHUBHAKAMANA SECURITIES PVT. LTD,J.F. Securites (PVT) Ltd.,100,450.0,45000.0,2025-08-28 14:56:27.879768
2025-08-28,4724,2025082803013221,MNBBL,SHUBHAKAMANA SECURITIES PVT. LTD,Vision Securities Pvt. Ltd,154,450.0,69300.0,2025-08-28 14:56:27.880049
2025-08-28,3932,2025082803013411,MNBBL,Vision Securities Pvt. Ltd,Vision Securities Pvt. Ltd,10,449.0,4490.0,2025-08-28 14:57:20.092587
2025-08-28,3332,2025082803013522,MNBBL,Premier Securities Company Ltd.,Sani Securities Company Ltd.,10,447.5,4475.0,2025-08-28 14:57:56.180222
2025-08-28,3331,2025082803013523,MNBBL,Cristal Kanchanjanga Securites Pvt. Ltd.,Sani Securities Company Ltd.,535,447.0,239145.0,2025-08-28 14:57:56.180696
2025-08-28,3330,2025082803013524,MNBBL,Neev Securities Pvt. Ltd.,Sani Securities Company Ltd.,114,447.0,50958.0,2025-08-28 14:57:56.181005
2025-08-28,3329,2025082803013525,MNBBL,Premier Securities Company Ltd.,Sani Securities Company Ltd.,10,447.0,4470.0,2025-08-28 14:57:56.181347
2025-08-28,2362,2025082803013660,MNBBL,Imperial Securities Company Pvt. Ltd.,Sani Securities Company Ltd.,331,447.0,147957.0,2025-08-28 14:58:45.154363
2025-08-28,2245,2025082803013707,MNBBL,Imperial Securities Company Pvt. Ltd.,Sweta Securities Private Limited,59,447.0,26373.0,2025-08-28 14:58:50.876161
2025-08-28,1879,2025082803013756,MNBBL,Imperial Securities Company Pvt. Ltd.,Online Securities Pvt. Ltd.,150,447.0,67050.0,2025-08-28 14:59:07.205441
2025-08-28,1296,2025082803013876,MNBBL,Premier Securities Company Ltd.,Prabhu Stock Market Limited,100,448.0,44800.0,2025-08-28 14:59:26.225644
2025-08-28,1215,2025082803013897,MNBBL,Imperial Securities Company Pvt. Ltd.,Prabhu Stock Market Limited,1460,448.0,654080.0,2025-08-28 14:59:28.502178
2025-08-28,1206,2025082803013901,MNBBL,Trishakti Securities Public Limited,Opal Securities Investment (PVT) Ltd.,100,447.5,44750.0,2025-08-28 14:59:28.906753
2025-08-28,1067,2025082803013928,MNBBL,Trishakti Securities Public Limited,Trishakti Securities Public Limited,211,447.5,94422.5,2025-08-28 14:59:32.217311
