Date,S.N.,Contract ID,Symbol,Buyer Broker,Seller Broker,volume,rate,amount,transaction_time
2025-08-28,78158,2025082801000040,NBL,Siprabi Securities Pvt. Ltd.,Aryatara Investment & Securities,10,257.7,2577.0,2025-08-28 11:01:17.455622
2025-08-28,78116,2025082801000053,NBL,Deevyaa Securities & Stock House Pvt. Ltd,Aryatara Investment & Securities,30,257.7,7731.0,2025-08-28 11:01:34.031322
2025-08-28,77300,2025082801000278,NBL,Trishakti Securities Public Limited,Malla & Malla Stock Broking Company Pvt. Limited,12,254.1,3049.2,2025-08-28 11:04:57.724396
2025-08-28,77012,2025082801000350,NBL,Deevyaa Securities & Stock House Pvt. Ltd,Nepal Stock House (PVT) Ltd.,500,255.0,127500.0,2025-08-28 11:06:05.932073
2025-08-28,76799,2025082801000415,NBL,Deevyaa Securities & Stock House Pvt. Ltd,Imperial Securities Company Pvt. Ltd.,25,255.0,6375.0,2025-08-28 11:07:00.078718
2025-08-28,76749,2025082801000429,NBL,Deevyaa Securities & Stock House Pvt. Ltd,Opal Securities Investment (PVT) Ltd.,50,255.0,12750.0,2025-08-28 11:07:11.849368
2025-08-28,76509,2025082801000489,NBL,Deevyaa Securities & Stock House Pvt. Ltd,Naasa Securities Co. Ltd.,40,255.0,10200.0,2025-08-28 11:08:10.442339
2025-08-28,76035,2025082801000591,NBL,Bhrikuti Stock Broking Co. Pvt. Ltd.,MILKY WAY SHARE BROKER COMPANY LTD ,1000,255.0,255000.0,2025-08-28 11:10:04.487247
2025-08-28,74955,2025082801000832,NBL,Sweta Securities Private Limited,Creative Securities Pvt Ltd,41,255.0,10455.0,2025-08-28 11:14:04.536009
2025-08-28,73837,2025082801001073,NBL,Sweta Securities Private Limited,J.F. Securites (PVT) Ltd.,259,255.0,66045.0,2025-08-28 11:17:20.179278
2025-08-28,73836,2025082801001074,NBL,Naasa Securities Co. Ltd.,J.F. Securites (PVT) Ltd.,190,255.0,48450.0,2025-08-28 11:17:20.179393
2025-08-28,73835,2025082801001075,NBL,J.F. Securites (PVT) Ltd.,J.F. Securites (PVT) Ltd.,15,255.0,3825.0,2025-08-28 11:17:20.179450
2025-08-28,73834,2025082801001076,NBL,Prabhu Stock Market Limited,J.F. Securites (PVT) Ltd.,2000,255.0,510000.0,2025-08-28 11:17:20.179521
2025-08-28,72995,2025082801001303,NBL,Naasa Securities Co. Ltd.,J.F. Securites (PVT) Ltd.,20,255.0,5100.0,2025-08-28 11:20:00.305675
2025-08-28,72779,2025082801001350,NBL,Premier Securities Company Ltd.,J.F. Securites (PVT) Ltd.,17,255.0,4335.0,2025-08-28 11:20:42.821606
2025-08-28,71726,2025082801001603,NBL,Siprabi Securities Pvt. Ltd.,Kalika Securities Pvt. Ltd.,10,256.4,2564.0,2025-08-28 11:23:30.185405
2025-08-28,68820,2025082801002238,NBL,Premier Securities Company Ltd.,Kumari Securities Private Limited,183,255.0,46665.0,2025-08-28 11:31:44.042952
2025-08-28,68819,2025082801002239,NBL,Imperial Securities Company Pvt. Ltd.,Kumari Securities Private Limited,43,255.0,10965.0,2025-08-28 11:31:44.043276
2025-08-28,68818,2025082801002240,NBL,Kumari Securities Private Limited,Kumari Securities Private Limited,274,255.0,69870.0,2025-08-28 11:31:44.043461
2025-08-28,68772,2025082801002253,NBL,Kumari Securities Private Limited,Naasa Securities Co. Ltd.,26,255.0,6630.0,2025-08-28 11:31:54.592709
2025-08-28,68578,2025082801002294,NBL,Secured Securities Ltd.,Sumeru Securities Pvt. Ltd.,300,256.0,76800.0,2025-08-28 11:32:30.387518
2025-08-28,68277,2025082801002358,NBL,Secured Securities Ltd.,Kumari Securities Private Limited,700,256.0,179200.0,2025-08-28 11:33:12.165851
2025-08-28,66721,2025082801002714,NBL,Shree Krishna Securities Ltd.,Aryatara Investment & Securities,9,254.0,2286.0,2025-08-28 11:38:28.606361
2025-08-28,66656,2025082801002725,NBL,Trishakti Securities Public Limited,Kalika Securities Pvt. Ltd.,55,256.1,14085.5,2025-08-28 11:38:36.139922
2025-08-28,66106,2025082801002873,NBL,Naasa Securities Co. Ltd.,Cristal Kanchanjanga Securites Pvt. Ltd.,75,256.2,19215.0,2025-08-28 11:41:03.344312
2025-08-28,65836,2025082801002952,NBL,Naasa Securities Co. Ltd.,Kumari Securities Private Limited,125,256.2,32025.0,2025-08-28 11:42:12.613805
2025-08-28,65763,2025082801002968,NBL,Trishakti Securities Public Limited,Kumari Securities Private Limited,291,256.1,74525.1,2025-08-28 11:42:24.663173
2025-08-28,65377,2025082801003039,NBL,Bhrikuti Stock Broking Co. Pvt. Ltd.,Dipshikha Dhitopatra Karobar Co. Pvt Ltd.,1000,256.4,256400.0,2025-08-28 11:43:54.129974
2025-08-28,65320,2025082801003053,NBL,Trishakti Securities Public Limited,Secured Securities Ltd.,150,256.1,38415.0,2025-08-28 11:44:04.457331
2025-08-28,64815,2025082801003167,NBL,Naasa Securities Co. Ltd.,Dipshikha Dhitopatra Karobar Co. Pvt Ltd.,10,256.4,2564.0,2025-08-28 11:46:16.255057
2025-08-28,64711,2025082801003184,NBL,Shree Krishna Securities Ltd.,Naasa Securities Co. Ltd.,4,255.0,1020.0,2025-08-28 11:46:37.363870
2025-08-28,64662,2025082801003197,NBL,Aryatara Investment & Securities,Creative Securities Pvt Ltd,70,256.1,17927.0,2025-08-28 11:46:48.553456
2025-08-28,64525,2025082801003236,NBL,Shree Krishna Securities Ltd.,Sipla Securities Private Limited,2,255.0,510.0,2025-08-28 11:47:35.532828
2025-08-28,64404,2025082801003260,NBL,Kumari Securities Private Limited,Creative Securities Pvt Ltd,30,256.0,7680.0,2025-08-28 11:48:04.221256
2025-08-28,64185,2025082801003297,NBL,Kumari Securities Private Limited,Linch Stock Market Ltd.,60,256.3,15378.0,2025-08-28 11:48:53.394441
2025-08-28,63637,2025082801003425,NBL,Deevyaa Securities & Stock House Pvt. Ltd,Linch Stock Market Ltd.,240,256.3,61512.0,2025-08-28 11:51:10.022334
2025-08-28,62873,2025082801003615,NBL,Sewa Securities Pvt. Ltd.,Dipshikha Dhitopatra Karobar Co. Pvt Ltd.,40,256.4,10256.0,2025-08-28 11:53:47.550683
2025-08-28,61690,2025082801003834,NBL,Dipshikha Dhitopatra Karobar Co. Pvt Ltd.,Dipshikha Dhitopatra Karobar Co. Pvt Ltd.,50,256.4,12820.0,2025-08-28 11:57:58.892603
2025-08-28,61172,2025082801003919,NBL,Sani Securities Company Ltd.,Dipshikha Dhitopatra Karobar Co. Pvt Ltd.,60,256.4,15384.0,2025-08-28 11:59:38.543660
2025-08-28,60596,2025082801004069,NBL,Naasa Securities Co. Ltd.,Dipshikha Dhitopatra Karobar Co. Pvt Ltd.,400,256.4,102560.0,2025-08-28 12:01:55.729442
2025-08-28,60427,2025082801004103,NBL,Imperial Securities Company Pvt. Ltd.,Aryatara Investment & Securities,10,256.1,2561.0,2025-08-28 12:02:33.648856
2025-08-28,60171,2025082801004155,NBL,Imperial Securities Company Pvt. Ltd.,Dipshikha Dhitopatra Karobar Co. Pvt Ltd.,58,256.4,14871.2,2025-08-28 12:03:26.534643
2025-08-28,60170,2025082801004156,NBL,Imperial Securities Company Pvt. Ltd.,Linch Stock Market Ltd.,300,256.4,76920.0,2025-08-28 12:03:26.534953
2025-08-28,59864,2025082801004207,NBL,Imperial Securities Company Pvt. Ltd.,Linch Stock Market Ltd.,200,256.4,51280.0,2025-08-28 12:04:42.284693
2025-08-28,59742,2025082801004226,NBL,Thrive Brokerage House Pvt. Ltd,Dipshikha Dhitopatra Karobar Co. Pvt Ltd.,100,256.5,25650.0,2025-08-28 12:05:08.004631
2025-08-28,59507,2025082801004266,NBL,Imperial Securities Company Pvt. Ltd.,Deevyaa Securities & Stock House Pvt. Ltd,82,256.4,21024.8,2025-08-28 12:05:55.682914
2025-08-28,59195,2025082801004311,NBL,Nabil Stock Dealer Ltd.,Deevyaa Securities & Stock House Pvt. Ltd,18,256.4,4615.2,2025-08-28 12:07:14.248678
2025-08-28,58936,2025082801004345,NBL,Nabil Stock Dealer Ltd.,Sani Securities Company Ltd.,182,256.4,46664.8,2025-08-28 12:08:09.877264
2025-08-28,58926,2025082801004346,NBL,Imperial Securities Company Pvt. Ltd.,Dipshikha Dhitopatra Karobar Co. Pvt Ltd.,80,256.5,20520.0,2025-08-28 12:08:10.406418
2025-08-28,58903,2025082801004349,NBL,Midas Stock Broking Company Private Limited,Dipshikha Dhitopatra Karobar Co. Pvt Ltd.,20,256.5,5130.0,2025-08-28 12:08:13.170491
2025-08-28,58902,2025082801004350,NBL,Midas Stock Broking Company Private Limited,Deevyaa Securities & Stock House Pvt. Ltd,80,256.5,20520.0,2025-08-28 12:08:13.170818
2025-08-28,58874,2025082801004361,NBL,Imperial Securities Company Pvt. Ltd.,Deevyaa Securities & Stock House Pvt. Ltd,36,256.5,9234.0,2025-08-28 12:08:20.531796
2025-08-28,57603,2025082801004589,NBL,N.M.B. SECURITIES LIMITED,Imperial Securities Company Pvt. Ltd.,40,256.1,10244.0,2025-08-28 12:11:18.475437
2025-08-28,57602,2025082801004590,NBL,Siprabi Securities Pvt. Ltd.,Imperial Securities Company Pvt. Ltd.,370,255.5,94535.0,2025-08-28 12:11:18.475479
2025-08-28,57601,2025082801004591,NBL,Sipla Securities Private Limited,Imperial Securities Company Pvt. Ltd.,620,255.1,158162.0,2025-08-28 12:11:18.475529
2025-08-28,57261,2025082801004671,NBL,Sipla Securities Private Limited,Neev Securities Pvt. Ltd.,130,255.1,33163.0,2025-08-28 12:12:18.591899
2025-08-28,57260,2025082801004672,NBL,Sundhara Securities Limited,Neev Securities Pvt. Ltd.,100,255.1,25510.0,2025-08-28 12:12:18.592014
2025-08-28,57259,2025082801004673,NBL,Sumeru Securities Pvt. Ltd.,Neev Securities Pvt. Ltd.,100,255.0,25500.0,2025-08-28 12:12:18.592127
2025-08-28,57258,2025082801004674,NBL,Aryatara Investment & Securities,Neev Securities Pvt. Ltd.,200,255.0,51000.0,2025-08-28 12:12:18.592203
2025-08-28,57257,2025082801004675,NBL,Naasa Securities Co. Ltd.,Neev Securities Pvt. Ltd.,195,255.0,49725.0,2025-08-28 12:12:18.592273
2025-08-28,57256,2025082801004676,NBL,Premier Securities Company Ltd.,Neev Securities Pvt. Ltd.,100,255.0,25500.0,2025-08-28 12:12:18.592342
2025-08-28,57255,2025082801004677,NBL,Vision Securities Pvt. Ltd,Neev Securities Pvt. Ltd.,292,255.0,74460.0,2025-08-28 12:12:18.592408
2025-08-28,57254,2025082801004678,NBL,South Asian Bulls Pvt. Ltd.,Neev Securities Pvt. Ltd.,100,255.0,25500.0,2025-08-28 12:12:18.592483
2025-08-28,57253,2025082801004679,NBL,Malla & Malla Stock Broking Company Pvt. Limited,Neev Securities Pvt. Ltd.,100,254.6,25460.0,2025-08-28 12:12:18.592586
2025-08-28,57252,2025082801004680,NBL,Online Securities Pvt. Ltd.,Neev Securities Pvt. Ltd.,19,254.5,4835.5,2025-08-28 12:12:18.592652
2025-08-28,57251,2025082801004681,NBL,Sundhara Securities Limited,Neev Securities Pvt. Ltd.,664,254.4,168921.6,2025-08-28 12:12:18.592714
2025-08-28,57163,2025082801004707,NBL,South Asian Bulls Pvt. Ltd.,Imperial Securities Company Pvt. Ltd.,20,255.1,5102.0,2025-08-28 12:12:34.174590
2025-08-28,57162,2025082801004708,NBL,Sundhara Securities Limited,Imperial Securities Company Pvt. Ltd.,836,254.4,212678.4,2025-08-28 12:12:34.174793
2025-08-28,57161,2025082801004709,NBL,Naasa Securities Co. Ltd.,Imperial Securities Company Pvt. Ltd.,300,254.3,76290.0,2025-08-28 12:12:34.174929
2025-08-28,57160,2025082801004710,NBL,Naasa Securities Co. Ltd.,Imperial Securities Company Pvt. Ltd.,250,254.3,63575.0,2025-08-28 12:12:34.175018
2025-08-28,57159,2025082801004711,NBL,Trishakti Securities Public Limited,Imperial Securities Company Pvt. Ltd.,38,254.1,9655.8,2025-08-28 12:12:34.175115
2025-08-28,57158,2025082801004712,NBL,Linch Stock Market Ltd.,Imperial Securities Company Pvt. Ltd.,56,254.1,14229.6,2025-08-28 12:12:34.175187
2025-08-28,57135,2025082801004717,NBL,Linch Stock Market Ltd.,Imperial Securities Company Pvt. Ltd.,144,254.1,36590.4,2025-08-28 12:12:41.238058
2025-08-28,57134,2025082801004718,NBL,Dipshikha Dhitopatra Karobar Co. Pvt Ltd.,Imperial Securities Company Pvt. Ltd.,10,254.1,2541.0,2025-08-28 12:12:41.238229
2025-08-28,57133,2025082801004719,NBL,Sumeru Securities Pvt. Ltd.,Imperial Securities Company Pvt. Ltd.,1000,254.1,254100.0,2025-08-28 12:12:41.238307
2025-08-28,57132,2025082801004720,NBL,Naasa Securities Co. Ltd.,Imperial Securities Company Pvt. Ltd.,346,254.0,87884.0,2025-08-28 12:12:41.238372
2025-08-28,57079,2025082801004761,NBL,Naasa Securities Co. Ltd.,Imperial Securities Company Pvt. Ltd.,154,254.0,39116.0,2025-08-28 12:12:47.285812
2025-08-28,57078,2025082801004762,NBL,South Asian Bulls Pvt. Ltd.,Imperial Securities Company Pvt. Ltd.,55,254.0,13970.0,2025-08-28 12:12:47.285998
2025-08-28,57077,2025082801004763,NBL,Aryatara Investment & Securities,Imperial Securities Company Pvt. Ltd.,1000,254.0,254000.0,2025-08-28 12:12:47.286071
2025-08-28,57076,2025082801004764,NBL,Secured Securities Ltd.,Imperial Securities Company Pvt. Ltd.,200,254.0,50800.0,2025-08-28 12:12:47.286137
2025-08-28,57075,2025082801004765,NBL,South Asian Bulls Pvt. Ltd.,Imperial Securities Company Pvt. Ltd.,91,254.0,23114.0,2025-08-28 12:12:47.286200
2025-08-28,57030,2025082801004772,NBL,Kohinoor Investment & Securities Pvt. Ltd.,Imperial Securities Company Pvt. Ltd.,25,254.0,6350.0,2025-08-28 12:12:53.336698
2025-08-28,57029,2025082801004773,NBL,Imperial Securities Company Pvt. Ltd.,Imperial Securities Company Pvt. Ltd.,200,254.0,50800.0,2025-08-28 12:12:53.336900
2025-08-28,57028,2025082801004774,NBL,Dipshikha Dhitopatra Karobar Co. Pvt Ltd.,Imperial Securities Company Pvt. Ltd.,50,254.0,12700.0,2025-08-28 12:12:53.336969
2025-08-28,57027,2025082801004775,NBL,Dynamic Money Managers Securities Pvt. Ltd.,Imperial Securities Company Pvt. Ltd.,500,254.0,127000.0,2025-08-28 12:12:53.337037
2025-08-28,57026,2025082801004776,NBL,Imperial Securities Company Pvt. Ltd.,Imperial Securities Company Pvt. Ltd.,725,254.0,184150.0,2025-08-28 12:12:53.337101
2025-08-28,56576,2025082801004859,NBL,Sani Securities Company Ltd.,Imperial Securities Company Pvt. Ltd.,1000,255.0,255000.0,2025-08-28 12:14:42.732178
2025-08-28,56570,2025082801004863,NBL,Imperial Securities Company Pvt. Ltd.,Neev Securities Pvt. Ltd.,275,254.0,69850.0,2025-08-28 12:14:45.250562
2025-08-28,56569,2025082801004864,NBL,Online Securities Pvt. Ltd.,Neev Securities Pvt. Ltd.,98,254.0,24892.0,2025-08-28 12:14:45.250683
2025-08-28,56568,2025082801004865,NBL,Naasa Securities Co. Ltd.,Neev Securities Pvt. Ltd.,27,254.0,6858.0,2025-08-28 12:14:45.250757
2025-08-28,55444,2025082801005135,NBL,Naasa Securities Co. Ltd.,Secured Securities Ltd.,73,254.0,18542.0,2025-08-28 12:20:22.259346
2025-08-28,55443,2025082801005136,NBL,Sani Securities Company Ltd.,Secured Securities Ltd.,20,253.5,5070.0,2025-08-28 12:20:22.259416
2025-08-28,55442,2025082801005137,NBL,Naasa Securities Co. Ltd.,Secured Securities Ltd.,1000,253.3,253300.0,2025-08-28 12:20:22.259447
2025-08-28,54429,2025082801005393,NBL,Creative Securities Pvt Ltd,Sani Securities Company Ltd.,170,253.4,43078.0,2025-08-28 12:24:23.028564
2025-08-28,54428,2025082801005394,NBL,Dynamic Money Managers Securities Pvt. Ltd.,Sani Securities Company Ltd.,130,253.2,32916.0,2025-08-28 12:24:23.028802
2025-08-28,53993,2025082801005496,NBL,Oxford Securities Pvt. Ltd.,Himalayan Brokerage Company Limited,50,254.0,12700.0,2025-08-28 12:26:18.492832
2025-08-28,53821,2025082801005546,NBL,Dynamic Money Managers Securities Pvt. Ltd.,ABC Securities Private Limited,140,253.2,35448.0,2025-08-28 12:26:52.336482
2025-08-28,53689,2025082801005574,NBL,Thrive Brokerage House Pvt. Ltd,Imperial Securities Company Pvt. Ltd.,500,255.0,127500.0,2025-08-28 12:27:14.438220
2025-08-28,53688,2025082801005575,NBL,Thrive Brokerage House Pvt. Ltd,Imperial Securities Company Pvt. Ltd.,100,255.0,25500.0,2025-08-28 12:27:14.438445
2025-08-28,52654,2025082801005803,NBL,Online Securities Pvt. Ltd.,ABC Securities Private Limited,16,253.3,4052.8,2025-08-28 12:30:43.269143
2025-08-28,52570,2025082801005820,NBL,Dakshinkali Investment & Securities Pvt. Ltd.,Kumari Securities Private Limited,10,254.9,2549.0,2025-08-28 12:30:59.989999
2025-08-28,51530,2025082801006036,NBL,Sani Securities Company Ltd.,Kumari Securities Private Limited,400,254.5,101800.0,2025-08-28 12:33:07.363305
2025-08-28,50770,2025082801006179,NBL,South Asian Bulls Pvt. Ltd.,Investment Management Nepal Pvt. Ltd.,25,254.0,6350.0,2025-08-28 12:34:40.315606
2025-08-28,50715,2025082801006199,NBL,ABC Securities Private Limited,Kumari Securities Private Limited,10,253.5,2535.0,2025-08-28 12:34:49.442847
2025-08-28,50714,2025082801006200,NBL,Online Securities Pvt. Ltd.,Kumari Securities Private Limited,1168,253.3,295854.4,2025-08-28 12:34:49.443047
2025-08-28,50713,2025082801006201,NBL,Dynamic Money Managers Securities Pvt. Ltd.,Kumari Securities Private Limited,730,253.2,184836.0,2025-08-28 12:34:49.443133
2025-08-28,50712,2025082801006202,NBL,Market Securities & Exchange (PVT) Ltd.,Kumari Securities Private Limited,292,253.1,73905.2,2025-08-28 12:34:49.443219
2025-08-28,50518,2025082801006221,NBL,Nepal Investment And Securities Trading Private Limited,Kumari Securities Private Limited,500,253.1,126550.0,2025-08-28 12:35:09.520245
2025-08-28,50517,2025082801006222,NBL,Online Securities Pvt. Ltd.,Kumari Securities Private Limited,50,253.0,12650.0,2025-08-28 12:35:09.520448
2025-08-28,50516,2025082801006223,NBL,Dipshikha Dhitopatra Karobar Co. Pvt Ltd.,Kumari Securities Private Limited,50,253.0,12650.0,2025-08-28 12:35:09.520552
2025-08-28,50515,2025082801006224,NBL,Dipshikha Dhitopatra Karobar Co. Pvt Ltd.,Kumari Securities Private Limited,100,253.0,25300.0,2025-08-28 12:35:09.520635
2025-08-28,50514,2025082801006225,NBL,Asian Securities Private Ltd.,Kumari Securities Private Limited,200,253.0,50600.0,2025-08-28 12:35:09.520715
2025-08-28,50161,2025082801006272,NBL,Naasa Securities Co. Ltd.,Kumari Securities Private Limited,50,253.0,12650.0,2025-08-28 12:35:58.757792
2025-08-28,50110,2025082801006278,NBL,Naasa Securities Co. Ltd.,Investment Management Nepal Pvt. Ltd.,50,254.0,12700.0,2025-08-28 12:36:06.427870
2025-08-28,49810,2025082801006322,NBL,Naasa Securities Co. Ltd.,Kumari Securities Private Limited,22,253.0,5566.0,2025-08-28 12:36:49.982514
2025-08-28,49809,2025082801006323,NBL,South Asian Bulls Pvt. Ltd.,Kumari Securities Private Limited,18,253.0,4554.0,2025-08-28 12:36:49.982722
2025-08-28,49422,2025082801006395,NBL,South Asian Bulls Pvt. Ltd.,Midas Stock Broking Company Private Limited,141,253.0,35673.0,2025-08-28 12:37:55.248931
2025-08-28,49421,2025082801006396,NBL,Investment Management Nepal Pvt. Ltd.,Midas Stock Broking Company Private Limited,10,253.0,2530.0,2025-08-28 12:37:55.249156
2025-08-28,49420,2025082801006397,NBL,ABC Securities Private Limited,Midas Stock Broking Company Private Limited,15,253.0,3795.0,2025-08-28 12:37:55.249262
2025-08-28,49419,2025082801006398,NBL,Imperial Securities Company Pvt. Ltd.,Midas Stock Broking Company Private Limited,100,253.0,25300.0,2025-08-28 12:37:55.249345
2025-08-28,49418,2025082801006399,NBL,Sundhara Securities Limited,Midas Stock Broking Company Private Limited,17,253.0,4301.0,2025-08-28 12:37:55.249426
2025-08-28,49417,2025082801006400,NBL,Asian Securities Private Ltd.,Midas Stock Broking Company Private Limited,678,253.0,171534.0,2025-08-28 12:37:55.249504
2025-08-28,48372,2025082801006566,NBL,Asian Securities Private Ltd.,Investment Management Nepal Pvt. Ltd.,425,253.0,107525.0,2025-08-28 12:40:17.676047
2025-08-28,48319,2025082801006576,NBL,Asian Securities Private Ltd.,Aryatara Investment & Securities,210,253.0,53130.0,2025-08-28 12:40:27.965150
2025-08-28,47815,2025082801006689,NBL,Asian Securities Private Ltd.,Secured Securities Ltd.,20,253.0,5060.0,2025-08-28 12:41:45.180984
2025-08-28,47783,2025082801006699,NBL,Asian Securities Private Ltd.,Naasa Securities Co. Ltd.,10,253.0,2530.0,2025-08-28 12:41:54.486058
2025-08-28,47629,2025082801006737,NBL,Asian Securities Private Ltd.,Sani Securities Company Ltd.,20,253.0,5060.0,2025-08-28 12:42:21.141401
2025-08-28,47420,2025082801006782,NBL,Asian Securities Private Ltd.,ABC Securities Private Limited,137,253.0,34661.0,2025-08-28 12:43:00.953423
2025-08-28,47419,2025082801006783,NBL,Primo Securities (PVT) Ltd.,ABC Securities Private Limited,500,253.0,126500.0,2025-08-28 12:43:00.953870
2025-08-28,47418,2025082801006784,NBL,Nepal Stock House (PVT) Ltd.,ABC Securities Private Limited,40,253.0,10120.0,2025-08-28 12:43:00.954196
2025-08-28,47417,2025082801006785,NBL,Naasa Securities Co. Ltd.,ABC Securities Private Limited,123,253.0,31119.0,2025-08-28 12:43:00.954476
2025-08-28,47416,2025082801006786,NBL,Dipshikha Dhitopatra Karobar Co. Pvt Ltd.,ABC Securities Private Limited,112,253.0,28336.0,2025-08-28 12:43:00.954760
2025-08-28,47366,2025082801006796,NBL,Dipshikha Dhitopatra Karobar Co. Pvt Ltd.,MILKY WAY SHARE BROKER COMPANY LTD ,188,253.0,47564.0,2025-08-28 12:43:08.862496
2025-08-28,47365,2025082801006797,NBL,Dakshinkali Investment & Securities Pvt. Ltd.,MILKY WAY SHARE BROKER COMPANY LTD ,1236,252.8,312460.8,2025-08-28 12:43:08.862702
2025-08-28,47364,2025082801006798,NBL,Imperial Securities Company Pvt. Ltd.,MILKY WAY SHARE BROKER COMPANY LTD ,50,252.8,12640.0,2025-08-28 12:43:08.862794
2025-08-28,47120,2025082801006853,NBL,Sweta Securities Private Limited,KALASH STOCK MARKET PVT. LTD.,50,252.7,12635.0,2025-08-28 12:44:00.363423
2025-08-28,47001,2025082801006883,NBL,Imperial Securities Company Pvt. Ltd.,MILKY WAY SHARE BROKER COMPANY LTD ,526,252.8,132972.8,2025-08-28 12:44:27.481477
2025-08-28,46934,2025082801006903,NBL,Imperial Securities Company Pvt. Ltd.,Sri Hari Securities Pvt. Ltd.,278,253.0,70334.0,2025-08-28 12:44:42.096011
2025-08-28,46631,2025082801006961,NBL,Naasa Securities Co. Ltd.,Sri Hari Securities Pvt. Ltd.,10,253.1,2531.0,2025-08-28 12:45:45.760661
2025-08-28,46121,2025082801007095,NBL,Thrive Brokerage House Pvt. Ltd,Naasa Securities Co. Ltd.,25,254.0,6350.0,2025-08-28 12:48:04.825493
2025-08-28,45056,2025082801007346,NBL,Naasa Securities Co. Ltd.,MILKY WAY SHARE BROKER COMPANY LTD ,200,254.3,50860.0,2025-08-28 12:52:42.763472
2025-08-28,44690,2025082801007414,NBL,Shree Krishna Securities Ltd.,Naasa Securities Co. Ltd.,50,254.0,12700.0,2025-08-28 12:54:17.361124
2025-08-28,44689,2025082801007415,NBL,Sri Hari Securities Pvt. Ltd.,Naasa Securities Co. Ltd.,265,254.0,67310.0,2025-08-28 12:54:17.361415
2025-08-28,44460,2025082801007458,NBL,Agrawal Securities (PVT) Ltd.,MILKY WAY SHARE BROKER COMPANY LTD ,39,254.3,9917.7,2025-08-28 12:55:25.565329
2025-08-28,44427,2025082801007465,NBL,Deevyaa Securities & Stock House Pvt. Ltd,MILKY WAY SHARE BROKER COMPANY LTD ,440,254.3,111892.0,2025-08-28 12:55:31.347111
2025-08-28,43726,2025082801007562,NBL,Kalika Securities Pvt. Ltd.,MILKY WAY SHARE BROKER COMPANY LTD ,222,254.3,56454.6,2025-08-28 12:57:49.395209
2025-08-28,43441,2025082801007625,NBL,Sri Hari Securities Pvt. Ltd.,Imperial Securities Company Pvt. Ltd.,235,254.0,59690.0,2025-08-28 12:59:03.451519
2025-08-28,43440,2025082801007626,NBL,Bhrikuti Stock Broking Co. Pvt. Ltd.,Imperial Securities Company Pvt. Ltd.,165,254.0,41910.0,2025-08-28 12:59:03.451810
2025-08-28,43414,2025082801007630,NBL,Bhrikuti Stock Broking Co. Pvt. Ltd.,Imperial Securities Company Pvt. Ltd.,135,254.0,34290.0,2025-08-28 12:59:11.514090
2025-08-28,43413,2025082801007631,NBL,Kumari Securities Private Limited,Imperial Securities Company Pvt. Ltd.,20,254.0,5080.0,2025-08-28 12:59:11.514338
2025-08-28,43412,2025082801007632,NBL,Online Securities Pvt. Ltd.,Imperial Securities Company Pvt. Ltd.,78,254.0,19812.0,2025-08-28 12:59:11.514458
2025-08-28,43274,2025082801007678,NBL,Naasa Securities Co. Ltd.,Secured Securities Ltd.,20,253.5,5070.0,2025-08-28 12:59:47.545229
2025-08-28,42716,2025082801007772,NBL,Naasa Securities Co. Ltd.,Trishakti Securities Public Limited,25,253.5,6337.5,2025-08-28 13:01:42.574370
2025-08-28,42715,2025082801007773,NBL,Sewa Securities Pvt. Ltd.,Trishakti Securities Public Limited,60,253.5,15210.0,2025-08-28 13:01:42.574797
2025-08-28,42714,2025082801007774,NBL,Naasa Securities Co. Ltd.,Trishakti Securities Public Limited,115,253.5,29152.5,2025-08-28 13:01:42.575117
2025-08-28,42577,2025082801007810,NBL,Naasa Securities Co. Ltd.,Imperial Securities Company Pvt. Ltd.,37,254.0,9398.0,2025-08-28 13:02:01.130099
2025-08-28,41720,2025082801007935,NBL,Naasa Securities Co. Ltd.,ABC Securities Private Limited,40,253.5,10140.0,2025-08-28 13:04:42.895408
2025-08-28,41619,2025082801007958,NBL,Asian Securities Private Ltd.,Neev Securities Pvt. Ltd.,1100,253.4,278740.0,2025-08-28 13:05:12.427270
2025-08-28,41155,2025082801008013,NBL,Sundhara Securities Limited,ABC Securities Private Limited,165,253.5,41827.5,2025-08-28 13:07:14.123368
2025-08-28,41037,2025082801008041,NBL,Sundhara Securities Limited,Trishakti Securities Public Limited,35,253.5,8872.5,2025-08-28 13:07:47.532059
2025-08-28,41036,2025082801008042,NBL,Trisul Securities & Invt. Ltd.,Trishakti Securities Public Limited,77,253.5,19519.5,2025-08-28 13:07:47.532331
2025-08-28,40896,2025082801008081,NBL,Trisul Securities & Invt. Ltd.,Neev Securities Pvt. Ltd.,313,253.5,79345.5,2025-08-28 13:08:30.270283
2025-08-28,40895,2025082801008082,NBL,Sweta Securities Private Limited,Neev Securities Pvt. Ltd.,450,253.5,114075.0,2025-08-28 13:08:30.270319
2025-08-28,40894,2025082801008083,NBL,Asian Securities Private Ltd.,Neev Securities Pvt. Ltd.,237,253.4,60055.8,2025-08-28 13:08:30.270349
2025-08-28,40670,2025082801008134,NBL,Asian Securities Private Ltd.,Thrive Brokerage House Pvt. Ltd,163,253.4,41304.2,2025-08-28 13:09:46.510928
2025-08-28,40669,2025082801008135,NBL,Asian Securities Private Ltd.,Thrive Brokerage House Pvt. Ltd,537,253.4,136075.8,2025-08-28 13:09:46.511215
2025-08-28,40505,2025082801008190,NBL,Asian Securities Private Ltd.,Neev Securities Pvt. Ltd.,963,253.4,244024.2,2025-08-28 13:10:44.840276
2025-08-28,40504,2025082801008191,NBL,Sumeru Securities Pvt. Ltd.,Neev Securities Pvt. Ltd.,37,253.3,9372.1,2025-08-28 13:10:44.840355
2025-08-28,40464,2025082801008194,NBL,Sumeru Securities Pvt. Ltd.,Imperial Securities Company Pvt. Ltd.,963,253.3,243927.9,2025-08-28 13:10:54.081893
2025-08-28,40463,2025082801008195,NBL,Imperial Securities Company Pvt. Ltd.,Imperial Securities Company Pvt. Ltd.,267,253.2,67604.4,2025-08-28 13:10:54.082163
2025-08-28,39745,2025082801008367,NBL,Naasa Securities Co. Ltd.,Secured Securities Ltd.,287,253.3,72697.1,2025-08-28 13:14:55.609818
2025-08-28,39726,2025082801008377,NBL,Naasa Securities Co. Ltd.,Kumari Securities Private Limited,703,253.3,178069.9,2025-08-28 13:14:58.977281
2025-08-28,39636,2025082801008402,NBL,Imperial Securities Company Pvt. Ltd.,Kumari Securities Private Limited,297,253.2,75200.4,2025-08-28 13:15:30.124339
2025-08-28,39546,2025082801008415,NBL,Sumeru Securities Pvt. Ltd.,Dynamic Money Managers Securities Pvt. Ltd.,200,253.9,50780.0,2025-08-28 13:15:57.307565
2025-08-28,39545,2025082801008416,NBL,Sumeru Securities Pvt. Ltd.,Imperial Securities Company Pvt. Ltd.,15,254.0,3810.0,2025-08-28 13:15:57.307678
2025-08-28,39544,2025082801008417,NBL,Sumeru Securities Pvt. Ltd.,MILKY WAY SHARE BROKER COMPANY LTD ,99,254.3,25175.7,2025-08-28 13:15:57.307787
2025-08-28,39543,2025082801008418,NBL,Sumeru Securities Pvt. Ltd.,Vision Securities Pvt. Ltd,586,254.4,149078.4,2025-08-28 13:15:57.307855
2025-08-28,39366,2025082801008449,NBL,Dipshikha Dhitopatra Karobar Co. Pvt Ltd.,Aryatara Investment & Securities,160,254.3,40688.0,2025-08-28 13:16:35.681221
2025-08-28,39365,2025082801008450,NBL,Dipshikha Dhitopatra Karobar Co. Pvt Ltd.,Vision Securities Pvt. Ltd,340,254.4,86496.0,2025-08-28 13:16:35.681293
2025-08-28,39140,2025082801008490,NBL,Vision Securities Pvt. Ltd,Vision Securities Pvt. Ltd,500,254.4,127200.0,2025-08-28 13:17:44.184489
2025-08-28,38915,2025082801008539,NBL,Opal Securities Investment (PVT) Ltd.,Creative Securities Pvt Ltd,60,253.3,15198.0,2025-08-28 13:18:38.751454
2025-08-28,38914,2025082801008540,NBL,Imperial Securities Company Pvt. Ltd.,Creative Securities Pvt Ltd,188,253.2,47601.6,2025-08-28 13:18:38.751749
2025-08-28,38742,2025082801008585,NBL,Neev Securities Pvt. Ltd.,Deevyaa Securities & Stock House Pvt. Ltd,30,254.3,7629.0,2025-08-28 13:19:35.428315
2025-08-28,38741,2025082801008586,NBL,Imperial Securities Company Pvt. Ltd.,Deevyaa Securities & Stock House Pvt. Ltd,70,253.2,17724.0,2025-08-28 13:19:35.428824
2025-08-28,38567,2025082801008613,NBL,Imperial Securities Company Pvt. Ltd.,Online Securities Pvt. Ltd.,993,253.2,251427.6,2025-08-28 13:20:28.406418
2025-08-28,38566,2025082801008614,NBL,Imperial Securities Company Pvt. Ltd.,Online Securities Pvt. Ltd.,50,253.2,12660.0,2025-08-28 13:20:28.406729
2025-08-28,38565,2025082801008615,NBL,Global IME Securities Limited,Online Securities Pvt. Ltd.,25,253.2,6330.0,2025-08-28 13:20:28.406845
2025-08-28,38564,2025082801008616,NBL,Linch Stock Market Ltd.,Online Securities Pvt. Ltd.,200,253.2,50640.0,2025-08-28 13:20:28.406956
2025-08-28,38563,2025082801008617,NBL,Bhrikuti Stock Broking Co. Pvt. Ltd.,Online Securities Pvt. Ltd.,200,253.2,50640.0,2025-08-28 13:20:28.407080
2025-08-28,38562,2025082801008618,NBL,Trisul Securities & Invt. Ltd.,Online Securities Pvt. Ltd.,29,253.0,7337.0,2025-08-28 13:20:28.407191
2025-08-28,36973,2025082801008899,NBL,Kohinoor Investment & Securities Pvt. Ltd.,Trishakti Securities Public Limited,10,254.0,2540.0,2025-08-28 13:28:28.761652
2025-08-28,36972,2025082801008900,NBL,Neev Securities Pvt. Ltd.,Trishakti Securities Public Limited,31,254.0,7874.0,2025-08-28 13:28:28.761999
2025-08-28,36868,2025082801008923,NBL,Neev Securities Pvt. Ltd.,Naasa Securities Co. Ltd.,18,254.0,4572.0,2025-08-28 13:29:00.764942
2025-08-28,35630,2025082801009198,NBL,Imperial Securities Company Pvt. Ltd.,Dakshinkali Investment & Securities Pvt. Ltd.,400,253.1,101240.0,2025-08-28 13:35:17.024363
2025-08-28,35629,2025082801009199,NBL,Trisul Securities & Invt. Ltd.,Dakshinkali Investment & Securities Pvt. Ltd.,200,253.0,50600.0,2025-08-28 13:35:17.024679
2025-08-28,35236,2025082801009288,NBL,Trisul Securities & Invt. Ltd.,Bhrikuti Stock Broking Co. Pvt. Ltd.,120,253.0,30360.0,2025-08-28 13:37:10.131208
2025-08-28,35227,2025082801009290,NBL,Trisul Securities & Invt. Ltd.,Neev Securities Pvt. Ltd.,651,253.0,164703.0,2025-08-28 13:37:12.620110
2025-08-28,35226,2025082801009291,NBL,SUN SECURITIES PVT LTD,Neev Securities Pvt. Ltd.,50,253.0,12650.0,2025-08-28 13:37:12.620161
2025-08-28,35225,2025082801009292,NBL,Sundhara Securities Limited,Neev Securities Pvt. Ltd.,100,253.0,25300.0,2025-08-28 13:37:12.620188
2025-08-28,35224,2025082801009293,NBL,Imperial Securities Company Pvt. Ltd.,Neev Securities Pvt. Ltd.,10,253.0,2530.0,2025-08-28 13:37:12.620213
2025-08-28,35223,2025082801009294,NBL,Investment Management Nepal Pvt. Ltd.,Neev Securities Pvt. Ltd.,200,253.0,50600.0,2025-08-28 13:37:12.620239
2025-08-28,35222,2025082801009295,NBL,Sewa Securities Pvt. Ltd.,Neev Securities Pvt. Ltd.,500,253.0,126500.0,2025-08-28 13:37:12.620262
2025-08-28,35221,2025082801009296,NBL,Sewa Securities Pvt. Ltd.,Neev Securities Pvt. Ltd.,200,253.0,50600.0,2025-08-28 13:37:12.620337
2025-08-28,35220,2025082801009297,NBL,Trisul Securities & Invt. Ltd.,Neev Securities Pvt. Ltd.,279,253.0,70587.0,2025-08-28 13:37:12.620364
2025-08-28,35105,2025082801009311,NBL,Trisul Securities & Invt. Ltd.,Neev Securities Pvt. Ltd.,10,253.0,2530.0,2025-08-28 13:37:40.772987
2025-08-28,34618,2025082801009406,NBL,Trisul Securities & Invt. Ltd.,Kumari Securities Private Limited,77,253.0,19481.0,2025-08-28 13:39:51.711417
2025-08-28,34588,2025082801009418,NBL,Trisul Securities & Invt. Ltd.,MILKY WAY SHARE BROKER COMPANY LTD ,534,253.0,135102.0,2025-08-28 13:39:59.545138
2025-08-28,34587,2025082801009419,NBL,Capital Max Securities Ltd,MILKY WAY SHARE BROKER COMPANY LTD ,1000,253.0,253000.0,2025-08-28 13:39:59.545413
2025-08-28,34586,2025082801009420,NBL,Cristal Kanchanjanga Securites Pvt. Ltd.,MILKY WAY SHARE BROKER COMPANY LTD ,100,253.0,25300.0,2025-08-28 13:39:59.545540
2025-08-28,34585,2025082801009421,NBL,Sani Securities Company Ltd.,MILKY WAY SHARE BROKER COMPANY LTD ,100,253.0,25300.0,2025-08-28 13:39:59.545668
2025-08-28,34584,2025082801009422,NBL,Nabil Stock Dealer Ltd.,MILKY WAY SHARE BROKER COMPANY LTD ,20,253.0,5060.0,2025-08-28 13:39:59.545798
2025-08-28,34583,2025082801009423,NBL,Nabil Stock Dealer Ltd.,MILKY WAY SHARE BROKER COMPANY LTD ,20,253.0,5060.0,2025-08-28 13:39:59.545930
2025-08-28,34582,2025082801009424,NBL,Sani Securities Company Ltd.,MILKY WAY SHARE BROKER COMPANY LTD ,1226,253.0,310178.0,2025-08-28 13:39:59.546071
2025-08-28,33677,2025082801009664,NBL,Trishakti Securities Public Limited,Online Securities Pvt. Ltd.,4,256.1,1024.4,2025-08-28 13:44:02.626063
2025-08-28,33553,2025082801009691,NBL,Sani Securities Company Ltd.,Sani Securities Company Ltd.,500,253.0,126500.0,2025-08-28 13:44:25.426217
2025-08-28,33252,2025082801009748,NBL,Kohinoor Investment & Securities Pvt. Ltd.,Sumeru Securities Pvt. Ltd.,45,254.0,11430.0,2025-08-28 13:45:03.286886
2025-08-28,33103,2025082801009789,NBL,Thrive Brokerage House Pvt. Ltd,Global IME Securities Limited,100,254.0,25400.0,2025-08-28 13:45:31.182619
2025-08-28,32793,2025082801009847,NBL,Thrive Brokerage House Pvt. Ltd,Oxford Securities Pvt. Ltd.,28,254.0,7112.0,2025-08-28 13:46:22.892315
2025-08-28,32632,2025082801009878,NBL,Sani Securities Company Ltd.,Vision Securities Pvt. Ltd,174,253.0,44022.0,2025-08-28 13:46:47.709991
2025-08-28,32631,2025082801009879,NBL,Kohinoor Investment & Securities Pvt. Ltd.,Vision Securities Pvt. Ltd,50,253.0,12650.0,2025-08-28 13:46:47.710640
2025-08-28,32630,2025082801009880,NBL,Imperial Securities Company Pvt. Ltd.,Vision Securities Pvt. Ltd,776,253.0,196328.0,2025-08-28 13:46:47.711064
2025-08-28,32481,2025082801009893,NBL,Imperial Securities Company Pvt. Ltd.,Sani Securities Company Ltd.,34,253.0,8602.0,2025-08-28 13:47:13.072234
2025-08-28,32480,2025082801009894,NBL,Naasa Securities Co. Ltd.,Sani Securities Company Ltd.,116,253.0,29348.0,2025-08-28 13:47:13.072524
2025-08-28,32196,2025082801009937,NBL,Naasa Securities Co. Ltd.,Oxford Securities Pvt. Ltd.,299,253.0,75647.0,2025-08-28 13:47:55.499305
2025-08-28,31848,2025082801009989,NBL,Kohinoor Investment & Securities Pvt. Ltd.,Oxford Securities Pvt. Ltd.,15,253.0,3795.0,2025-08-28 13:48:50.595198
2025-08-28,31712,2025082801010017,NBL,Naasa Securities Co. Ltd.,Oxford Securities Pvt. Ltd.,10,253.0,2530.0,2025-08-28 13:49:13.831679
2025-08-28,31709,2025082801010019,NBL,Online Securities Pvt. Ltd.,Dynamic Money Managers Securities Pvt. Ltd.,100,252.7,25270.0,2025-08-28 13:49:15.638030
2025-08-28,31160,2025082801010114,NBL,ABC Securities Private Limited,Creative Securities Pvt Ltd,100,252.5,25250.0,2025-08-28 13:50:49.809719
2025-08-28,31159,2025082801010115,NBL,Vision Securities Pvt. Ltd,Creative Securities Pvt Ltd,100,252.3,25230.0,2025-08-28 13:50:49.809826
2025-08-28,31158,2025082801010116,NBL,Trishakti Securities Public Limited,Creative Securities Pvt Ltd,50,252.2,12610.0,2025-08-28 13:50:49.809902
2025-08-28,31157,2025082801010117,NBL,Thrive Brokerage House Pvt. Ltd,Creative Securities Pvt Ltd,400,252.2,100880.0,2025-08-28 13:50:49.809975
2025-08-28,31156,2025082801010118,NBL,Naasa Securities Co. Ltd.,Creative Securities Pvt Ltd,50,252.2,12610.0,2025-08-28 13:50:49.810068
2025-08-28,31155,2025082801010119,NBL,Sani Securities Company Ltd.,Creative Securities Pvt Ltd,100,252.1,25210.0,2025-08-28 13:50:49.810149
2025-08-28,31030,2025082801010149,NBL,Sani Securities Company Ltd.,Oxford Securities Pvt. Ltd.,48,252.1,12100.8,2025-08-28 13:51:14.642480
2025-08-28,30848,2025082801010189,NBL,Sani Securities Company Ltd.,Dynamic Money Managers Securities Pvt. Ltd.,152,252.1,38319.2,2025-08-28 13:51:46.651012
2025-08-28,30847,2025082801010190,NBL,Market Securities & Exchange (PVT) Ltd.,Dynamic Money Managers Securities Pvt. Ltd.,285,252.1,71848.5,2025-08-28 13:51:46.651307
2025-08-28,30402,2025082801010282,NBL,Secured Securities Ltd.,Deevyaa Securities & Stock House Pvt. Ltd,200,253.0,50600.0,2025-08-28 13:53:11.250232
2025-08-28,30380,2025082801010284,NBL,BHOLE GANESH SECURITIES LTD,Imperial Securities Company Pvt. Ltd.,55,252.2,13871.0,2025-08-28 13:53:17.409305
2025-08-28,30379,2025082801010285,NBL,Vision Securities Pvt. Ltd,Imperial Securities Company Pvt. Ltd.,100,252.2,25220.0,2025-08-28 13:53:17.409904
2025-08-28,30378,2025082801010286,NBL,Market Securities & Exchange (PVT) Ltd.,Imperial Securities Company Pvt. Ltd.,215,252.1,54201.5,2025-08-28 13:53:17.410312
2025-08-28,30377,2025082801010287,NBL,Nepal Stock House (PVT) Ltd.,Imperial Securities Company Pvt. Ltd.,620,252.1,156302.0,2025-08-28 13:53:17.410714
2025-08-28,29189,2025082801010546,NBL,Nepal Stock House (PVT) Ltd.,Creative Securities Pvt Ltd,380,252.1,95798.0,2025-08-28 13:56:59.692140
2025-08-28,29188,2025082801010547,NBL,Kohinoor Investment & Securities Pvt. Ltd.,Creative Securities Pvt Ltd,50,252.1,12605.0,2025-08-28 13:56:59.692422
2025-08-28,29187,2025082801010548,NBL,Naasa Securities Co. Ltd.,Creative Securities Pvt Ltd,200,252.1,50420.0,2025-08-28 13:56:59.692559
2025-08-28,29186,2025082801010549,NBL,Trisul Securities & Invt. Ltd.,Creative Securities Pvt Ltd,100,252.0,25200.0,2025-08-28 13:56:59.692695
2025-08-28,29185,2025082801010550,NBL,Imperial Securities Company Pvt. Ltd.,Creative Securities Pvt Ltd,80,252.0,20160.0,2025-08-28 13:56:59.692870
2025-08-28,29184,2025082801010551,NBL,J.F. Securites (PVT) Ltd.,Creative Securities Pvt Ltd,15,252.0,3780.0,2025-08-28 13:56:59.693045
2025-08-28,29183,2025082801010552,NBL,Online Securities Pvt. Ltd.,Creative Securities Pvt Ltd,1175,252.0,296100.0,2025-08-28 13:56:59.693179
2025-08-28,28029,2025082801010847,NBL,Secured Securities Ltd.,Dynamic Money Managers Securities Pvt. Ltd.,300,253.0,75900.0,2025-08-28 14:00:51.913788
2025-08-28,28014,2025082801010855,NBL,Trishakti Securities Public Limited,Dipshikha Dhitopatra Karobar Co. Pvt Ltd.,106,252.2,26733.2,2025-08-28 14:00:54.921923
2025-08-28,27727,2025082801010892,NBL,Trishakti Securities Public Limited,Himalayan Brokerage Company Limited,300,252.2,75660.0,2025-08-28 14:01:41.135926
2025-08-28,27062,2025082801011010,NBL,Oxford Securities Pvt. Ltd.,Online Securities Pvt. Ltd.,2,250.0,500.0,2025-08-28 14:03:43.444011
2025-08-28,26718,2025082801011080,NBL,Trishakti Securities Public Limited,Dynamic Money Managers Securities Pvt. Ltd.,280,252.2,70616.0,2025-08-28 14:05:02.151832
2025-08-28,26717,2025082801011081,NBL,Trishakti Securities Public Limited,Sweta Securities Private Limited,53,252.2,13366.6,2025-08-28 14:05:02.159168
2025-08-28,25989,2025082801011209,NBL,Trishakti Securities Public Limited,Linch Stock Market Ltd.,50,252.2,12610.0,2025-08-28 14:07:26.368141
2025-08-28,25656,2025082801011304,NBL,Oxford Securities Pvt. Ltd.,Sani Securities Company Ltd.,65,252.3,16399.5,2025-08-28 14:08:28.288844
2025-08-28,25469,2025082801011339,NBL,Bhrikuti Stock Broking Co. Pvt. Ltd.,KALASH STOCK MARKET PVT. LTD.,100,252.4,25240.0,2025-08-28 14:09:06.134886
2025-08-28,25361,2025082801011372,NBL,Bhrikuti Stock Broking Co. Pvt. Ltd.,ABC Securities Private Limited,200,252.4,50480.0,2025-08-28 14:09:26.986041
2025-08-28,25057,2025082801011437,NBL,Bhrikuti Stock Broking Co. Pvt. Ltd.,Aryatara Investment & Securities,100,252.4,25240.0,2025-08-28 14:10:40.616422
2025-08-28,25056,2025082801011438,NBL,Oxford Securities Pvt. Ltd.,Aryatara Investment & Securities,135,252.3,34060.5,2025-08-28 14:10:40.617080
2025-08-28,25055,2025082801011439,NBL,Sani Securities Company Ltd.,Aryatara Investment & Securities,10,252.3,2523.0,2025-08-28 14:10:40.617606
2025-08-28,25054,2025082801011440,NBL,Trishakti Securities Public Limited,Aryatara Investment & Securities,355,252.2,89531.0,2025-08-28 14:10:40.618126
2025-08-28,24988,2025082801011460,NBL,Naasa Securities Co. Ltd.,ABC Securities Private Limited,18,253.0,4554.0,2025-08-28 14:11:02.750394
2025-08-28,24761,2025082801011489,NBL,Trishakti Securities Public Limited,Capital Max Securities Ltd,356,252.2,89783.2,2025-08-28 14:12:02.795652
2025-08-28,24760,2025082801011490,NBL,Sumeru Securities Pvt. Ltd.,Capital Max Securities Ltd,200,252.1,50420.0,2025-08-28 14:12:02.795786
2025-08-28,24759,2025082801011491,NBL,Trishakti Securities Public Limited,Capital Max Securities Ltd,444,252.1,111932.4,2025-08-28 14:12:02.795853
2025-08-28,24196,2025082801011658,NBL,Market Securities & Exchange (PVT) Ltd.,Himalayan Brokerage Company Limited,25,253.0,6325.0,2025-08-28 14:14:23.096633
2025-08-28,23804,2025082801011761,NBL,Market Securities & Exchange (PVT) Ltd.,Himalayan Brokerage Company Limited,50,253.0,12650.0,2025-08-28 14:15:47.616496
2025-08-28,23503,2025082801011813,NBL,K.B.L. Securities Limited ,Himalayan Brokerage Company Limited,95,253.0,24035.0,2025-08-28 14:16:37.250259
2025-08-28,22585,2025082801011999,NBL,Vision Securities Pvt. Ltd,Trisul Securities & Invt. Ltd.,200,252.5,50500.0,2025-08-28 14:19:55.502134
2025-08-28,22333,2025082801012049,NBL,Naasa Securities Co. Ltd.,Trisul Securities & Invt. Ltd.,148,252.5,37370.0,2025-08-28 14:20:36.921057
2025-08-28,21349,2025082801012195,NBL,Midas Stock Broking Company Private Limited,Himalayan Brokerage Company Limited,90,253.0,22770.0,2025-08-28 14:23:20.142357
2025-08-28,21348,2025082801012196,NBL,Midas Stock Broking Company Private Limited,Vision Securities Pvt. Ltd,276,253.0,69828.0,2025-08-28 14:23:20.142994
2025-08-28,21277,2025082801012214,NBL,Midas Stock Broking Company Private Limited,Naasa Securities Co. Ltd.,29,253.0,7337.0,2025-08-28 14:23:29.892676
2025-08-28,20825,2025082801012268,NBL,Oxford Securities Pvt. Ltd.,Imperial Securities Company Pvt. Ltd.,3,252.0,756.0,2025-08-28 14:24:24.888323
2025-08-28,20793,2025082801012276,NBL,Kohinoor Investment & Securities Pvt. Ltd.,Naasa Securities Co. Ltd.,10,253.0,2530.0,2025-08-28 14:24:31.321825
2025-08-28,20695,2025082801012293,NBL,Naasa Securities Co. Ltd.,Creative Securities Pvt Ltd,200,252.5,50500.0,2025-08-28 14:24:47.587834
2025-08-28,20685,2025082801012294,NBL,Vision Securities Pvt. Ltd,Naasa Securities Co. Ltd.,11,253.0,2783.0,2025-08-28 14:24:49.263777
2025-08-28,20103,2025082801012372,NBL,Vision Securities Pvt. Ltd,Imperial Securities Company Pvt. Ltd.,189,253.0,47817.0,2025-08-28 14:26:21.906988
2025-08-28,20102,2025082801012373,NBL,Sani Securities Company Ltd.,Imperial Securities Company Pvt. Ltd.,75,253.0,18975.0,2025-08-28 14:26:21.907295
2025-08-28,20101,2025082801012374,NBL,Thrive Brokerage House Pvt. Ltd,Imperial Securities Company Pvt. Ltd.,10,253.0,2530.0,2025-08-28 14:26:21.907441
2025-08-28,19216,2025082801012463,NBL,Naasa Securities Co. Ltd.,KALASH STOCK MARKET PVT. LTD.,100,252.5,25250.0,2025-08-28 14:28:09.118490
2025-08-28,18857,2025082801012520,NBL,Naasa Securities Co. Ltd.,MILKY WAY SHARE BROKER COMPANY LTD ,102,252.5,25755.0,2025-08-28 14:29:07.493391
2025-08-28,18856,2025082801012521,NBL,Naasa Securities Co. Ltd.,MILKY WAY SHARE BROKER COMPANY LTD ,1188,252.5,299970.0,2025-08-28 14:29:07.493702
2025-08-28,18854,2025082801012522,NBL,Sewa Securities Pvt. Ltd.,MILKY WAY SHARE BROKER COMPANY LTD ,1500,252.3,378450.0,2025-08-28 14:29:07.493849
2025-08-28,18848,2025082801012523,NBL,Sweta Securities Private Limited,MILKY WAY SHARE BROKER COMPANY LTD ,1000,252.2,252200.0,2025-08-28 14:29:07.493988
2025-08-28,18847,2025082801012524,NBL,Aryatara Investment & Securities,MILKY WAY SHARE BROKER COMPANY LTD ,10,252.2,2522.0,2025-08-28 14:29:07.494135
2025-08-28,18846,2025082801012525,NBL,Naasa Securities Co. Ltd.,MILKY WAY SHARE BROKER COMPANY LTD ,200,252.2,50440.0,2025-08-28 14:29:07.494274
2025-08-28,18373,2025082801012632,NBL,Kohinoor Investment & Securities Pvt. Ltd.,Imperial Securities Company Pvt. Ltd.,30,252.7,7581.0,2025-08-28 14:30:32.178273
2025-08-28,18372,2025082801012633,NBL,Trishakti Securities Public Limited,Imperial Securities Company Pvt. Ltd.,696,252.3,175600.8,2025-08-28 14:30:32.178973
2025-08-28,17707,2025082801012781,NBL,Sani Securities Company Ltd.,Naasa Securities Co. Ltd.,20,253.0,5060.0,2025-08-28 14:32:30.319922
2025-08-28,17648,2025082801012789,NBL,Sri Hari Securities Pvt. Ltd.,Naasa Securities Co. Ltd.,10,253.0,2530.0,2025-08-28 14:32:42.321139
2025-08-28,17647,2025082801012790,NBL,Sri Hari Securities Pvt. Ltd.,Sani Securities Company Ltd.,90,253.0,22770.0,2025-08-28 14:32:42.321422
2025-08-28,16737,2025082801013025,NBL,Trishakti Securities Public Limited,Dipshikha Dhitopatra Karobar Co. Pvt Ltd.,222,252.3,56010.6,2025-08-28 14:35:33.216835
2025-08-28,15926,2025082801013172,NBL,Market Securities & Exchange (PVT) Ltd.,Sani Securities Company Ltd.,25,253.0,6325.0,2025-08-28 14:37:46.468147
2025-08-28,15343,2025082801013308,NBL,Naasa Securities Co. Ltd.,Sani Securities Company Ltd.,20,253.0,5060.0,2025-08-28 14:39:10.729485
2025-08-28,14947,2025082801013386,NBL,ABC Securities Private Limited,Sani Securities Company Ltd.,15,253.0,3795.0,2025-08-28 14:40:11.092297
2025-08-28,14929,2025082801013394,NBL,Dipshikha Dhitopatra Karobar Co. Pvt Ltd.,Sani Securities Company Ltd.,50,253.0,12650.0,2025-08-28 14:40:13.233269
2025-08-28,14759,2025082801013444,NBL,Market Securities & Exchange (PVT) Ltd.,Sani Securities Company Ltd.,76,253.0,19228.0,2025-08-28 14:40:34.604668
2025-08-28,14350,2025082801013503,NBL,Trishakti Securities Public Limited,Sri Hari Securities Pvt. Ltd.,138,252.3,34817.4,2025-08-28 14:41:30.692113
2025-08-28,14349,2025082801013504,NBL,Agrawal Securities (PVT) Ltd.,Sri Hari Securities Pvt. Ltd.,80,252.3,20184.0,2025-08-28 14:41:30.692782
2025-08-28,14348,2025082801013505,NBL,Naasa Securities Co. Ltd.,Sri Hari Securities Pvt. Ltd.,300,252.2,75660.0,2025-08-28 14:41:30.693381
2025-08-28,14347,2025082801013506,NBL,Imperial Securities Company Pvt. Ltd.,Sri Hari Securities Pvt. Ltd.,482,252.2,121560.4,2025-08-28 14:41:30.693967
2025-08-28,14329,2025082801013508,NBL,Imperial Securities Company Pvt. Ltd.,Aryatara Investment & Securities,18,252.2,4539.6,2025-08-28 14:41:32.619494
2025-08-28,14328,2025082801013509,NBL,Vision Securities Pvt. Ltd,Aryatara Investment & Securities,500,252.2,126100.0,2025-08-28 14:41:32.620135
2025-08-28,14327,2025082801013510,NBL,Siprabi Securities Pvt. Ltd.,Aryatara Investment & Securities,1000,252.1,252100.0,2025-08-28 14:41:32.620553
2025-08-28,14326,2025082801013511,NBL,Vision Securities Pvt. Ltd,Aryatara Investment & Securities,10,252.1,2521.0,2025-08-28 14:41:32.620967
2025-08-28,14325,2025082801013512,NBL,SUN SECURITIES PVT LTD,Aryatara Investment & Securities,472,252.1,118991.2,2025-08-28 14:41:32.621425
2025-08-28,14221,2025082801013529,NBL,Kohinoor Investment & Securities Pvt. Ltd.,Sri Hari Securities Pvt. Ltd.,50,252.3,12615.0,2025-08-28 14:41:43.816994
2025-08-28,14220,2025082801013530,NBL,SUN SECURITIES PVT LTD,Sri Hari Securities Pvt. Ltd.,950,252.1,239495.0,2025-08-28 14:41:43.817281
2025-08-28,14143,2025082801013544,NBL,Siprabi Securities Pvt. Ltd.,Sani Securities Company Ltd.,124,253.0,31372.0,2025-08-28 14:41:53.985123
2025-08-28,14132,2025082801013545,NBL,Siprabi Securities Pvt. Ltd.,Sri Hari Securities Pvt. Ltd.,76,253.0,19228.0,2025-08-28 14:41:54.913872
2025-08-28,14131,2025082801013546,NBL,Market Securities & Exchange (PVT) Ltd.,Sri Hari Securities Pvt. Ltd.,25,253.0,6325.0,2025-08-28 14:41:54.914175
2025-08-28,14130,2025082801013547,NBL,SUN SECURITIES PVT LTD,Sri Hari Securities Pvt. Ltd.,386,252.1,97310.6,2025-08-28 14:41:54.914310
2025-08-28,13842,2025082801013613,NBL,Market Securities & Exchange (PVT) Ltd.,Aryatara Investment & Securities,25,253.9,6347.5,2025-08-28 14:42:31.269757
2025-08-28,11707,2025082801013954,NBL,Dipshikha Dhitopatra Karobar Co. Pvt Ltd.,Vision Securities Pvt. Ltd,50,253.0,12650.0,2025-08-28 14:46:06.088093
2025-08-28,11706,2025082801013955,NBL,Sani Securities Company Ltd.,Vision Securities Pvt. Ltd,70,253.0,17710.0,2025-08-28 14:46:06.088395
2025-08-28,11630,2025082801013963,NBL,Sani Securities Company Ltd.,Asian Securities Private Ltd.,133,253.0,33649.0,2025-08-28 14:46:15.562696
2025-08-28,11498,2025082801013980,NBL,Market Securities & Exchange (PVT) Ltd.,Imperial Securities Company Pvt. Ltd.,200,253.4,50680.0,2025-08-28 14:46:25.819212
2025-08-28,10762,2025082801014078,NBL,Trisul Securities & Invt. Ltd.,Vision Securities Pvt. Ltd,133,253.4,33702.2,2025-08-28 14:47:43.296302
2025-08-28,10484,2025082801014142,NBL,Nepal Stock House (PVT) Ltd.,Vision Securities Pvt. Ltd,10,253.5,2535.0,2025-08-28 14:48:14.376125
2025-08-28,10233,2025082801014190,NBL,Trisul Securities & Invt. Ltd.,Imperial Securities Company Pvt. Ltd.,17,253.4,4307.8,2025-08-28 14:48:42.956114
2025-08-28,9932,2025082801014225,NBL,Vision Securities Pvt. Ltd,Imperial Securities Company Pvt. Ltd.,50,253.4,12670.0,2025-08-28 14:49:13.295751
2025-08-28,9507,2025082801014297,NBL,Sani Securities Company Ltd.,Sani Securities Company Ltd.,172,253.0,43516.0,2025-08-28 14:50:03.446701
2025-08-28,8026,2025082801014595,NBL,Vision Securities Pvt. Ltd,Oxford Securities Pvt. Ltd.,100,253.1,25310.0,2025-08-28 14:52:12.219307
2025-08-28,7907,2025082801014613,NBL,Vision Securities Pvt. Ltd,Aryatara Investment & Securities,175,253.1,44292.5,2025-08-28 14:52:21.129643
2025-08-28,6256,2025082801015062,NBL,Vision Securities Pvt. Ltd,Shree Krishna Securities Ltd.,225,253.1,56947.5,2025-08-28 14:54:24.529399
2025-08-28,6255,2025082801015063,NBL,Sani Securities Company Ltd.,Shree Krishna Securities Ltd.,135,253.0,34155.0,2025-08-28 14:54:24.530071
2025-08-28,6110,2025082801015089,NBL,Naasa Securities Co. Ltd.,N.I.M.B. Stock Markets Limited,500,253.1,126550.0,2025-08-28 14:54:38.490841
2025-08-28,6109,2025082801015090,NBL,Naasa Securities Co. Ltd.,Imperial Securities Company Pvt. Ltd.,135,253.4,34209.0,2025-08-28 14:54:38.491428
2025-08-28,6108,2025082801015091,NBL,Naasa Securities Co. Ltd.,N.I.M.B. Stock Markets Limited,50,253.4,12670.0,2025-08-28 14:54:38.491599
2025-08-28,6107,2025082801015092,NBL,Naasa Securities Co. Ltd.,Neev Securities Pvt. Ltd.,240,253.4,60816.0,2025-08-28 14:54:38.491766
2025-08-28,6106,2025082801015093,NBL,Naasa Securities Co. Ltd.,Vision Securities Pvt. Ltd,275,253.5,69712.5,2025-08-28 14:54:38.491915
2025-08-28,5916,2025082801015111,NBL,Sani Securities Company Ltd.,Shree Krishna Securities Ltd.,10,253.0,2530.0,2025-08-28 14:54:53.838983
2025-08-28,5873,2025082801015120,NBL,Sani Securities Company Ltd.,Imperial Securities Company Pvt. Ltd.,480,253.0,121440.0,2025-08-28 14:54:57.805814
2025-08-28,5872,2025082801015121,NBL,Imperial Securities Company Pvt. Ltd.,Imperial Securities Company Pvt. Ltd.,100,253.0,25300.0,2025-08-28 14:54:57.806431
2025-08-28,5871,2025082801015122,NBL,Aryatara Investment & Securities,Imperial Securities Company Pvt. Ltd.,120,253.0,30360.0,2025-08-28 14:54:57.806848
2025-08-28,5870,2025082801015123,NBL,ABC Securities Private Limited,Imperial Securities Company Pvt. Ltd.,50,253.0,12650.0,2025-08-28 14:54:57.807287
2025-08-28,5869,2025082801015124,NBL,Online Securities Pvt. Ltd.,Imperial Securities Company Pvt. Ltd.,100,253.0,25300.0,2025-08-28 14:54:57.807706
2025-08-28,5868,2025082801015125,NBL,Nepal Stock House (PVT) Ltd.,Imperial Securities Company Pvt. Ltd.,160,253.0,40480.0,2025-08-28 14:54:57.808162
2025-08-28,5669,2025082801015165,NBL,Market Securities & Exchange (PVT) Ltd.,Vision Securities Pvt. Ltd,25,253.5,6337.5,2025-08-28 14:55:12.371329
2025-08-28,4419,2025082801015423,NBL,K.B.L. Securities Limited ,Dynamic Money Managers Securities Pvt. Ltd.,100,253.1,25310.0,2025-08-28 14:56:48.231309
2025-08-28,4418,2025082801015424,NBL,Nepal Stock House (PVT) Ltd.,Dynamic Money Managers Securities Pvt. Ltd.,115,253.0,29095.0,2025-08-28 14:56:48.231632
2025-08-28,4417,2025082801015425,NBL,Naasa Securities Co. Ltd.,Dynamic Money Managers Securities Pvt. Ltd.,500,253.0,126500.0,2025-08-28 14:56:48.231796
2025-08-28,4416,2025082801015426,NBL,Swarna Laxmi Securities Pvt. Ltd.,Dynamic Money Managers Securities Pvt. Ltd.,500,253.0,126500.0,2025-08-28 14:56:48.231945
2025-08-28,4415,2025082801015427,NBL,Sani Securities Company Ltd.,Dynamic Money Managers Securities Pvt. Ltd.,5,252.0,1260.0,2025-08-28 14:56:48.232134
2025-08-28,3990,2025082801015505,NBL,Market Securities & Exchange (PVT) Ltd.,Vision Securities Pvt. Ltd,25,253.5,6337.5,2025-08-28 14:57:15.228708
2025-08-28,2478,2025082801015790,NBL,Sundhara Securities Limited,Investment Management Nepal Pvt. Ltd.,119,253.1,30118.9,2025-08-28 14:58:39.817897
2025-08-28,1829,2025082801015906,NBL,Sani Securities Company Ltd.,Nepal Stock House (PVT) Ltd.,40,253.0,10120.0,2025-08-28 14:59:08.256778
2025-08-28,1828,2025082801015907,NBL,Imperial Securities Company Pvt. Ltd.,Nepal Stock House (PVT) Ltd.,460,253.0,116380.0,2025-08-28 14:59:08.257081
2025-08-28,548,2025082801016122,NBL,Naasa Securities Co. Ltd.,Vision Securities Pvt. Ltd,33,253.5,8365.5,2025-08-28 14:59:46.604888
2025-08-28,517,2025082801016129,NBL,Imperial Securities Company Pvt. Ltd.,Aryatara Investment & Securities,200,253.0,50600.0,2025-08-28 14:59:48.074124
2025-08-28,449,2025082801016141,NBL,Imperial Securities Company Pvt. Ltd.,Naasa Securities Co. Ltd.,500,253.0,126500.0,2025-08-28 14:59:49.500482
