Date,S.N.,Contract ID,Symbol,Buyer Broker,Seller Broker,quantity,rate,amount,transaction_time
2025-08-28,78166,2025082805000061,SAHAS,Nagarik Stock Dealer ,Agrawal Securities (PVT) Ltd.,25,661.0,16525.0,2025-08-28 11:01:12.543413
2025-08-28,77897,2025082805000158,SAHAS,Arun Securities (PVT) Ltd.,Nepal Investment And Securities Trading Private Limited,10,661.0,6610.0,2025-08-28 11:02:50.003341
2025-08-28,77829,2025082805000169,SAHAS,Arun Securities (PVT) Ltd.,Siprabi Securities Pvt. Ltd.,10,661.0,6610.0,2025-08-28 11:03:03.429065
2025-08-28,77809,2025082805000178,SAHAS,Arun Securities (PVT) Ltd.,Ashutosh Brokerage & Securities (PVT) Ltd.,130,661.0,85930.0,2025-08-28 11:03:08.607041
2025-08-28,77553,2025082805000246,SAHAS,Kumari Securities Private Limited,Vision Securities Pvt. Ltd,8,647.8,5182.4,2025-08-28 11:04:13.832674
2025-08-28,77020,2025082805000407,SAHAS,Online Securities Pvt. Ltd.,Investment Management Nepal Pvt. Ltd.,150,661.0,99150.0,2025-08-28 11:06:03.526128
2025-08-28,76811,2025082805000470,SAHAS,Market Securities & Exchange (PVT) Ltd.,Investment Management Nepal Pvt. Ltd.,50,661.0,33050.0,2025-08-28 11:06:56.987502
2025-08-28,76810,2025082805000471,SAHAS,Market Securities & Exchange (PVT) Ltd.,Bhrikuti Stock Broking Co. Pvt. Ltd.,50,661.0,33050.0,2025-08-28 11:06:56.987619
2025-08-28,76783,2025082805000478,SAHAS,Online Securities Pvt. Ltd.,Trademow Securities Private Limited,80,657.0,52560.0,2025-08-28 11:07:06.916831
2025-08-28,76782,2025082805000479,SAHAS,Kohinoor Investment & Securities Pvt. Ltd.,Trademow Securities Private Limited,150,657.0,98550.0,2025-08-28 11:07:06.916952
2025-08-28,76580,2025082805000564,SAHAS,Linch Stock Market Ltd.,Trademow Securities Private Limited,100,657.0,65700.0,2025-08-28 11:07:53.960666
2025-08-28,76490,2025082805000597,SAHAS,Market Securities & Exchange (PVT) Ltd.,Trademow Securities Private Limited,170,657.0,111690.0,2025-08-28 11:08:14.475096
2025-08-28,76489,2025082805000598,SAHAS,Market Securities & Exchange (PVT) Ltd.,SHUBHAKAMANA SECURITIES PVT. LTD,110,657.0,72270.0,2025-08-28 11:08:14.475207
2025-08-28,76367,2025082805000657,SAHAS,Trishakti Securities Public Limited,Online Securities Pvt. Ltd.,4,655.0,2620.0,2025-08-28 11:08:38.878064
2025-08-28,76254,2025082805000693,SAHAS,South Asian Bulls Pvt. Ltd.,Midas Stock Broking Company Private Limited,20,656.1,13122.0,2025-08-28 11:09:04.690725
2025-08-28,76190,2025082805000716,SAHAS,South Asian Bulls Pvt. Ltd.,Naasa Securities Co. Ltd.,10,657.0,6570.0,2025-08-28 11:09:26.452855
2025-08-28,75869,2025082805000832,SAHAS,Ashutosh Brokerage & Securities (PVT) Ltd.,Trisul Securities & Invt. Ltd.,100,659.9,65990.0,2025-08-28 11:10:35.314177
2025-08-28,75601,2025082805000952,SAHAS,South Asian Bulls Pvt. Ltd.,Naasa Securities Co. Ltd.,10,657.3,6573.0,2025-08-28 11:11:33.226489
2025-08-28,75518,2025082805000978,SAHAS,Ashutosh Brokerage & Securities (PVT) Ltd.,ABC Securities Private Limited,10,658.1,6581.0,2025-08-28 11:11:49.724401
2025-08-28,75517,2025082805000979,SAHAS,Ashutosh Brokerage & Securities (PVT) Ltd.,Aryatara Investment & Securities,10,658.1,6581.0,2025-08-28 11:11:49.736936
2025-08-28,75436,2025082805001009,SAHAS,Ashutosh Brokerage & Securities (PVT) Ltd.,Imperial Securities Company Pvt. Ltd.,10,658.1,6581.0,2025-08-28 11:12:08.869940
2025-08-28,75033,2025082805001128,SAHAS,Sweta Securities Private Limited,Sani Securities Company Ltd.,20,661.0,13220.0,2025-08-28 11:13:48.635006
2025-08-28,75000,2025082805001136,SAHAS,Magnet Securities and Investment Company Private Limited,Imperial Securities Company Pvt. Ltd.,10,659.0,6590.0,2025-08-28 11:13:57.213621
2025-08-28,74900,2025082805001165,SAHAS,Magnet Securities and Investment Company Private Limited,Naasa Securities Co. Ltd.,10,659.0,6590.0,2025-08-28 11:14:21.526071
2025-08-28,74704,2025082805001242,SAHAS,Swarna Laxmi Securities Pvt. Ltd.,Secured Securities Ltd.,10,660.0,6600.0,2025-08-28 11:14:53.903163
2025-08-28,74416,2025082805001352,SAHAS,Thrive Brokerage House Pvt. Ltd,Arun Securities (PVT) Ltd.,10,661.0,6610.0,2025-08-28 11:15:32.279289
2025-08-28,74415,2025082805001353,SAHAS,Thrive Brokerage House Pvt. Ltd,Naasa Securities Co. Ltd.,10,661.0,6610.0,2025-08-28 11:15:32.279588
2025-08-28,74414,2025082805001354,SAHAS,Thrive Brokerage House Pvt. Ltd,Arun Securities (PVT) Ltd.,10,662.0,6620.0,2025-08-28 11:15:32.279761
2025-08-28,74413,2025082805001355,SAHAS,Thrive Brokerage House Pvt. Ltd,Secured Securities Ltd.,10,662.0,6620.0,2025-08-28 11:15:32.279941
2025-08-28,74412,2025082805001356,SAHAS,Thrive Brokerage House Pvt. Ltd,Nepal Investment And Securities Trading Private Limited,10,663.0,6630.0,2025-08-28 11:15:32.280108
2025-08-28,74411,2025082805001357,SAHAS,Thrive Brokerage House Pvt. Ltd,Arun Securities (PVT) Ltd.,10,663.0,6630.0,2025-08-28 11:15:32.280273
2025-08-28,74410,2025082805001358,SAHAS,Thrive Brokerage House Pvt. Ltd,Agrawal Securities (PVT) Ltd.,100,663.0,66300.0,2025-08-28 11:15:32.280469
2025-08-28,74299,2025082805001394,SAHAS,Machhapuchchhre Securities Limited,Elite Stock House Limited,90,661.0,59490.0,2025-08-28 11:15:55.956822
2025-08-28,73802,2025082805001572,SAHAS,Machhapuchchhre Securities Limited,Sri Hari Securities Pvt. Ltd.,10,661.0,6610.0,2025-08-28 11:17:28.229386
2025-08-28,73163,2025082805001759,SAHAS,Magnet Securities and Investment Company Private Limited,Nepal Investment And Securities Trading Private Limited,10,664.0,6640.0,2025-08-28 11:19:35.582722
2025-08-28,73162,2025082805001760,SAHAS,Magnet Securities and Investment Company Private Limited,Arun Securities (PVT) Ltd.,10,664.0,6640.0,2025-08-28 11:19:35.583034
2025-08-28,73161,2025082805001761,SAHAS,Magnet Securities and Investment Company Private Limited,Naasa Securities Co. Ltd.,10,664.9,6649.0,2025-08-28 11:19:35.583230
2025-08-28,73160,2025082805001762,SAHAS,Magnet Securities and Investment Company Private Limited,Naasa Securities Co. Ltd.,10,665.0,6650.0,2025-08-28 11:19:35.583424
2025-08-28,73159,2025082805001763,SAHAS,Magnet Securities and Investment Company Private Limited,Arun Securities (PVT) Ltd.,10,665.0,6650.0,2025-08-28 11:19:35.583613
2025-08-28,73158,2025082805001764,SAHAS,Magnet Securities and Investment Company Private Limited,Online Securities Pvt. Ltd.,10,665.0,6650.0,2025-08-28 11:19:35.583788
2025-08-28,73157,2025082805001765,SAHAS,Magnet Securities and Investment Company Private Limited,Bhrikuti Stock Broking Co. Pvt. Ltd.,50,665.0,33250.0,2025-08-28 11:19:35.583971
2025-08-28,72984,2025082805001803,SAHAS,Magnet Securities and Investment Company Private Limited,Nepal Investment And Securities Trading Private Limited,10,668.0,6680.0,2025-08-28 11:20:02.663804
2025-08-28,72983,2025082805001804,SAHAS,Magnet Securities and Investment Company Private Limited,Siprabi Securities Pvt. Ltd.,100,668.0,66800.0,2025-08-28 11:20:02.663978
2025-08-28,72982,2025082805001805,SAHAS,Magnet Securities and Investment Company Private Limited,Kohinoor Investment & Securities Pvt. Ltd.,3890,669.0,2602410.0,2025-08-28 11:20:02.664048
2025-08-28,72884,2025082805001835,SAHAS,Magnet Securities and Investment Company Private Limited,Arun Securities (PVT) Ltd.,10,666.0,6660.0,2025-08-28 11:20:21.245620
2025-08-28,72836,2025082805001854,SAHAS,Magnet Securities and Investment Company Private Limited,Sumeru Securities Pvt. Ltd.,20,666.0,13320.0,2025-08-28 11:20:31.208012
2025-08-28,72754,2025082805001890,SAHAS,Magnet Securities and Investment Company Private Limited,Sani Securities Company Ltd.,270,666.0,179820.0,2025-08-28 11:20:47.175358
2025-08-28,72657,2025082805001919,SAHAS,Magnet Securities and Investment Company Private Limited,Investment Management Nepal Pvt. Ltd.,200,666.0,133200.0,2025-08-28 11:21:00.668641
2025-08-28,72634,2025082805001926,SAHAS,Magnet Securities and Investment Company Private Limited,J.F. Securites (PVT) Ltd.,10,666.0,6660.0,2025-08-28 11:21:03.353584
2025-08-28,72469,2025082805001985,SAHAS,Magnet Securities and Investment Company Private Limited,Secured Securities Ltd.,10,666.0,6660.0,2025-08-28 11:21:37.646945
2025-08-28,72338,2025082805002021,SAHAS,ABC Securities Private Limited,K.B.L. Securities Limited ,100,667.0,66700.0,2025-08-28 11:22:03.021371
2025-08-28,72337,2025082805002022,SAHAS,ABC Securities Private Limited,Arun Securities (PVT) Ltd.,10,667.0,6670.0,2025-08-28 11:22:03.021740
2025-08-28,72336,2025082805002023,SAHAS,ABC Securities Private Limited,Arun Securities (PVT) Ltd.,10,668.0,6680.0,2025-08-28 11:22:03.022015
2025-08-28,72335,2025082805002024,SAHAS,ABC Securities Private Limited,Sweta Securities Private Limited,100,668.9,66890.0,2025-08-28 11:22:03.022335
2025-08-28,72334,2025082805002025,SAHAS,ABC Securities Private Limited,Kohinoor Investment & Securities Pvt. Ltd.,1980,669.0,1324620.0,2025-08-28 11:22:03.022595
2025-08-28,72094,2025082805002095,SAHAS,Miyo Securities Pvt Ltd,Trademow Securities Private Limited,500,668.0,334000.0,2025-08-28 11:22:41.602947
2025-08-28,71614,2025082805002277,SAHAS,Magnet Securities and Investment Company Private Limited,Elite Stock House Limited,350,666.0,233100.0,2025-08-28 11:23:46.601501
2025-08-28,71613,2025082805002278,SAHAS,ABC Securities Private Limited,Elite Stock House Limited,50,666.0,33300.0,2025-08-28 11:23:46.601676
2025-08-28,71518,2025082805002298,SAHAS,ABC Securities Private Limited,Sumeru Securities Pvt. Ltd.,50,666.0,33300.0,2025-08-28 11:24:02.352267
2025-08-28,70284,2025082805002695,SAHAS,Trisul Securities & Invt. Ltd.,Sumeru Securities Pvt. Ltd.,50,662.1,33105.0,2025-08-28 11:27:14.347997
2025-08-28,70282,2025082805002696,SAHAS,Kohinoor Investment & Securities Pvt. Ltd.,Kohinoor Investment & Securities Pvt. Ltd.,20,664.0,13280.0,2025-08-28 11:27:14.658882
2025-08-28,70150,2025082805002745,SAHAS,Trisul Securities & Invt. Ltd.,Kohinoor Investment & Securities Pvt. Ltd.,100,664.0,66400.0,2025-08-28 11:27:36.387385
2025-08-28,69567,2025082805002942,SAHAS,Trisul Securities & Invt. Ltd.,Sweta Securities Private Limited,50,663.0,33150.0,2025-08-28 11:29:24.989840
2025-08-28,69566,2025082805002943,SAHAS,Trisul Securities & Invt. Ltd.,Sweta Securities Private Limited,100,663.9,66390.0,2025-08-28 11:29:24.990034
2025-08-28,69565,2025082805002944,SAHAS,Trisul Securities & Invt. Ltd.,Kohinoor Investment & Securities Pvt. Ltd.,10,664.0,6640.0,2025-08-28 11:29:24.990122
2025-08-28,69564,2025082805002945,SAHAS,Trisul Securities & Invt. Ltd.,Trademow Securities Private Limited,40,664.0,26560.0,2025-08-28 11:29:24.990197
2025-08-28,69286,2025082805003060,SAHAS,Vision Securities Pvt. Ltd,Cristal Kanchanjanga Securites Pvt. Ltd.,2000,662.0,1324000.0,2025-08-28 11:30:18.446169
2025-08-28,69037,2025082805003160,SAHAS,South Asian Bulls Pvt. Ltd.,Naasa Securities Co. Ltd.,10,662.0,6620.0,2025-08-28 11:31:04.071441
2025-08-28,68945,2025082805003182,SAHAS,South Asian Bulls Pvt. Ltd.,Cristal Kanchanjanga Securites Pvt. Ltd.,50,662.0,33100.0,2025-08-28 11:31:17.767846
2025-08-28,68600,2025082805003274,SAHAS,South Asian Bulls Pvt. Ltd.,Trademow Securities Private Limited,260,663.0,172380.0,2025-08-28 11:32:25.478092
2025-08-28,68585,2025082805003281,SAHAS,Secured Securities Ltd.,Shree Krishna Securities Ltd.,500,662.0,331000.0,2025-08-28 11:32:29.244763
2025-08-28,68103,2025082805003429,SAHAS,ABC Securities Private Limited,Nepal Stock House (PVT) Ltd.,100,661.3,66130.0,2025-08-28 11:33:40.156369
2025-08-28,68099,2025082805003430,SAHAS,ABC Securities Private Limited,Secured Securities Ltd.,10,661.3,6613.0,2025-08-28 11:33:41.296365
2025-08-28,67937,2025082805003499,SAHAS,ABC Securities Private Limited,Online Securities Pvt. Ltd.,10,661.3,6613.0,2025-08-28 11:34:07.691379
2025-08-28,67686,2025082805003586,SAHAS,South Asian Bulls Pvt. Ltd.,Trademow Securities Private Limited,56,662.0,37072.0,2025-08-28 11:34:49.163959
2025-08-28,67570,2025082805003626,SAHAS,ABC Securities Private Limited,Primo Securities (PVT) Ltd.,10,661.3,6613.0,2025-08-28 11:35:07.495885
2025-08-28,67405,2025082805003718,SAHAS,Himalayan Securities Limited,Kalika Securities Pvt. Ltd.,10,661.4,6614.0,2025-08-28 11:35:37.430338
2025-08-28,67398,2025082805003720,SAHAS,Himalayan Securities Limited,Vision Securities Pvt. Ltd,10,661.4,6614.0,2025-08-28 11:35:38.637967
2025-08-28,66716,2025082805003982,SAHAS,Primo Securities (PVT) Ltd.,Trademow Securities Private Limited,10,663.0,6630.0,2025-08-28 11:38:29.287207
2025-08-28,66537,2025082805004036,SAHAS,Naasa Securities Co. Ltd.,Naasa Securities Co. Ltd.,10,663.5,6635.0,2025-08-28 11:39:06.441777
2025-08-28,66453,2025082805004067,SAHAS,Himalayan Securities Limited,South Asian Bulls Pvt. Ltd.,480,664.0,318720.0,2025-08-28 11:39:30.680607
2025-08-28,66366,2025082805004095,SAHAS,Midas Stock Broking Company Private Limited,Online Securities Pvt. Ltd.,10,661.5,6615.0,2025-08-28 11:39:48.382811
2025-08-28,66365,2025082805004096,SAHAS,Premier Securities Company Ltd.,Asian Securities Private Ltd.,20,663.0,13260.0,2025-08-28 11:39:48.474552
2025-08-28,66364,2025082805004097,SAHAS,Premier Securities Company Ltd.,South Asian Bulls Pvt. Ltd.,20,664.0,13280.0,2025-08-28 11:39:48.474722
2025-08-28,66363,2025082805004098,SAHAS,Premier Securities Company Ltd.,Kalika Securities Pvt. Ltd.,10,664.0,6640.0,2025-08-28 11:39:48.474798
2025-08-28,66141,2025082805004190,SAHAS,Midas Stock Broking Company Private Limited,Dynamic Money Managers Securities Pvt. Ltd.,90,664.8,59832.0,2025-08-28 11:40:55.711462
2025-08-28,65651,2025082805004357,SAHAS,Sani Securities Company Ltd.,Pragyan Securities (PVT) Ltd.,10,664.0,6640.0,2025-08-28 11:42:51.254251
2025-08-28,65650,2025082805004358,SAHAS,Sani Securities Company Ltd.,Citizens Share Broker Limited,300,664.0,199200.0,2025-08-28 11:42:51.254502
2025-08-28,65649,2025082805004359,SAHAS,Sani Securities Company Ltd.,Dynamic Money Managers Securities Pvt. Ltd.,10,664.8,6648.0,2025-08-28 11:42:51.254595
2025-08-28,65496,2025082805004422,SAHAS,Magnet Securities and Investment Company Private Limited,Naasa Securities Co. Ltd.,990,664.9,658251.0,2025-08-28 11:43:22.825994
2025-08-28,65495,2025082805004423,SAHAS,Magnet Securities and Investment Company Private Limited,Sumeru Securities Pvt. Ltd.,10,665.0,6650.0,2025-08-28 11:43:22.826410
2025-08-28,65470,2025082805004430,SAHAS,Sani Securities Company Ltd.,Cristal Kanchanjanga Securites Pvt. Ltd.,80,664.8,53184.0,2025-08-28 11:43:29.881175
2025-08-28,64990,2025082805004617,SAHAS,Arun Securities (PVT) Ltd.,Naasa Securities Co. Ltd.,10,663.0,6630.0,2025-08-28 11:45:26.724369
2025-08-28,64850,2025082805004680,SAHAS,Arun Securities (PVT) Ltd.,K.B.L. Securities Limited ,116,662.1,76803.6,2025-08-28 11:46:04.950553
2025-08-28,64729,2025082805004724,SAHAS,Arun Securities (PVT) Ltd.,INDEX SECURITIES LIMITED,50,662.1,33105.0,2025-08-28 11:46:35.350748
2025-08-28,64685,2025082805004745,SAHAS,Arun Securities (PVT) Ltd.,Sani Securities Company Ltd.,34,662.1,22511.4,2025-08-28 11:46:44.253772
2025-08-28,64684,2025082805004746,SAHAS,Premier Securities Company Ltd.,Sani Securities Company Ltd.,166,662.0,109892.0,2025-08-28 11:46:44.254103
2025-08-28,64370,2025082805004841,SAHAS,Premier Securities Company Ltd.,Naasa Securities Co. Ltd.,10,662.0,6620.0,2025-08-28 11:48:13.455950
2025-08-28,64369,2025082805004842,SAHAS,Cristal Kanchanjanga Securites Pvt. Ltd.,INDEX SECURITIES LIMITED,20,663.0,13260.0,2025-08-28 11:48:15.005515
2025-08-28,64368,2025082805004843,SAHAS,Cristal Kanchanjanga Securites Pvt. Ltd.,INDEX SECURITIES LIMITED,10,663.0,6630.0,2025-08-28 11:48:15.005749
2025-08-28,64294,2025082805004881,SAHAS,Cristal Kanchanjanga Securites Pvt. Ltd.,Pragyan Securities (PVT) Ltd.,10,663.0,6630.0,2025-08-28 11:48:34.355737
2025-08-28,64273,2025082805004884,SAHAS,Premier Securities Company Ltd.,Aryatara Investment & Securities,100,664.0,66400.0,2025-08-28 11:48:41.215663
2025-08-28,64272,2025082805004885,SAHAS,Premier Securities Company Ltd.,Cristal Kanchanjanga Securites Pvt. Ltd.,20,664.8,13296.0,2025-08-28 11:48:41.215962
2025-08-28,64271,2025082805004886,SAHAS,Premier Securities Company Ltd.,INDEX SECURITIES LIMITED,10,664.8,6648.0,2025-08-28 11:48:41.216065
2025-08-28,64270,2025082805004887,SAHAS,Premier Securities Company Ltd.,Kohinoor Investment & Securities Pvt. Ltd.,10,665.0,6650.0,2025-08-28 11:48:41.216155
2025-08-28,64269,2025082805004888,SAHAS,Premier Securities Company Ltd.,Kohinoor Investment & Securities Pvt. Ltd.,84,665.0,55860.0,2025-08-28 11:48:41.216244
2025-08-28,63561,2025082805005123,SAHAS,Cristal Kanchanjanga Securites Pvt. Ltd.,N.I.M.B. Stock Markets Limited,60,663.0,39780.0,2025-08-28 11:51:29.054983
2025-08-28,63219,2025082805005208,SAHAS,Aakashbhairab Securities Ltd.,N.I.M.B. Stock Markets Limited,50,663.0,33150.0,2025-08-28 11:52:29.167163
2025-08-28,63121,2025082805005241,SAHAS,Linch Stock Market Ltd.,Sweta Securities Private Limited,1000,662.5,662500.0,2025-08-28 11:52:53.790610
2025-08-28,63110,2025082805005244,SAHAS,ABC Securities Private Limited,N.I.M.B. Stock Markets Limited,107,663.0,70941.0,2025-08-28 11:52:57.781882
2025-08-28,62944,2025082805005281,SAHAS,Linch Stock Market Ltd.,N.I.M.B. Stock Markets Limited,204,662.5,135150.0,2025-08-28 11:53:29.526569
2025-08-28,62943,2025082805005282,SAHAS,Thrive Brokerage House Pvt. Ltd,N.I.M.B. Stock Markets Limited,100,662.5,66250.0,2025-08-28 11:53:29.526833
2025-08-28,62942,2025082805005283,SAHAS,J.F. Securites (PVT) Ltd.,N.I.M.B. Stock Markets Limited,500,662.1,331050.0,2025-08-28 11:53:29.526961
2025-08-28,62941,2025082805005284,SAHAS,Sweta Securities Private Limited,N.I.M.B. Stock Markets Limited,100,662.0,66200.0,2025-08-28 11:53:29.527053
2025-08-28,62940,2025082805005285,SAHAS,Ashutosh Brokerage & Securities (PVT) Ltd.,N.I.M.B. Stock Markets Limited,30,662.0,19860.0,2025-08-28 11:53:29.527141
2025-08-28,62939,2025082805005286,SAHAS,Nagarik Stock Dealer ,N.I.M.B. Stock Markets Limited,28,662.0,18536.0,2025-08-28 11:53:29.527239
2025-08-28,62938,2025082805005287,SAHAS,Oxford Securities Pvt. Ltd.,N.I.M.B. Stock Markets Limited,220,662.0,145640.0,2025-08-28 11:53:29.527360
2025-08-28,62937,2025082805005288,SAHAS,Naasa Securities Co. Ltd.,N.I.M.B. Stock Markets Limited,30,662.0,19860.0,2025-08-28 11:53:29.527481
2025-08-28,62936,2025082805005289,SAHAS,Aryatara Investment & Securities,N.I.M.B. Stock Markets Limited,100,662.0,66200.0,2025-08-28 11:53:29.527595
2025-08-28,62862,2025082805005314,SAHAS,Midas Stock Broking Company Private Limited,N.I.M.B. Stock Markets Limited,100,662.0,66200.0,2025-08-28 11:53:51.187080
2025-08-28,62759,2025082805005331,SAHAS,Investment Management Nepal Pvt. Ltd.,N.I.M.B. Stock Markets Limited,100,662.0,66200.0,2025-08-28 11:53:59.943309
2025-08-28,62702,2025082805005362,SAHAS,Cristal Kanchanjanga Securites Pvt. Ltd.,N.I.M.B. Stock Markets Limited,271,662.0,179402.0,2025-08-28 11:54:11.417699
2025-08-28,62581,2025082805005416,SAHAS,Cristal Kanchanjanga Securites Pvt. Ltd.,Nepal Investment And Securities Trading Private Limited,10,662.0,6620.0,2025-08-28 11:54:40.278530
2025-08-28,62443,2025082805005479,SAHAS,Cristal Kanchanjanga Securites Pvt. Ltd.,Online Securities Pvt. Ltd.,10,662.0,6620.0,2025-08-28 11:55:10.876838
2025-08-28,62420,2025082805005493,SAHAS,Trisul Securities & Invt. Ltd.,Naasa Securities Co. Ltd.,250,662.0,165500.0,2025-08-28 11:55:16.440902
2025-08-28,62410,2025082805005496,SAHAS,Naasa Securities Co. Ltd.,Online Securities Pvt. Ltd.,200,662.5,132500.0,2025-08-28 11:55:18.028696
2025-08-28,62385,2025082805005512,SAHAS,South Asian Bulls Pvt. Ltd.,Online Securities Pvt. Ltd.,16,662.5,10600.0,2025-08-28 11:55:23.690946
2025-08-28,62323,2025082805005530,SAHAS,South Asian Bulls Pvt. Ltd.,Investment Management Nepal Pvt. Ltd.,50,662.5,33125.0,2025-08-28 11:55:35.375921
2025-08-28,62294,2025082805005544,SAHAS,South Asian Bulls Pvt. Ltd.,Sagarmatha Securities Private Limited,10,662.5,6625.0,2025-08-28 11:55:39.566564
2025-08-28,61964,2025082805005676,SAHAS,Imperial Securities Company Pvt. Ltd.,Naasa Securities Co. Ltd.,10,665.0,6650.0,2025-08-28 11:57:02.435751
2025-08-28,61919,2025082805005691,SAHAS,Investment Management Nepal Pvt. Ltd.,Naasa Securities Co. Ltd.,10,663.0,6630.0,2025-08-28 11:57:12.639171
2025-08-28,61840,2025082805005724,SAHAS,Cristal Kanchanjanga Securites Pvt. Ltd.,Linch Stock Market Ltd.,10,664.0,6640.0,2025-08-28 11:57:30.199688
2025-08-28,61839,2025082805005725,SAHAS,Cristal Kanchanjanga Securites Pvt. Ltd.,Naasa Securities Co. Ltd.,90,665.0,59850.0,2025-08-28 11:57:30.199963
2025-08-28,61838,2025082805005726,SAHAS,Cristal Kanchanjanga Securites Pvt. Ltd.,Naasa Securities Co. Ltd.,80,665.0,53200.0,2025-08-28 11:57:30.200068
2025-08-28,61837,2025082805005727,SAHAS,Cristal Kanchanjanga Securites Pvt. Ltd.,Aryatara Investment & Securities,10,665.0,6650.0,2025-08-28 11:57:30.200160
2025-08-28,61836,2025082805005728,SAHAS,Cristal Kanchanjanga Securites Pvt. Ltd.,ABC Securities Private Limited,10,665.0,6650.0,2025-08-28 11:57:30.200267
2025-08-28,61569,2025082805005835,SAHAS,Naasa Securities Co. Ltd.,ABC Securities Private Limited,300,665.0,199500.0,2025-08-28 11:58:17.790553
2025-08-28,61352,2025082805005925,SAHAS,Nepal Stock House (PVT) Ltd.,ABC Securities Private Limited,190,665.0,126350.0,2025-08-28 11:59:09.969278
2025-08-28,61351,2025082805005926,SAHAS,Nepal Stock House (PVT) Ltd.,Naasa Securities Co. Ltd.,40,665.0,26600.0,2025-08-28 11:59:09.969535
2025-08-28,61329,2025082805005935,SAHAS,Nepal Stock House (PVT) Ltd.,Sweta Securities Private Limited,10,665.0,6650.0,2025-08-28 11:59:16.492231
2025-08-28,61219,2025082805005985,SAHAS,Nepal Stock House (PVT) Ltd.,Dipshikha Dhitopatra Karobar Co. Pvt Ltd.,15,665.0,9975.0,2025-08-28 11:59:33.683076
2025-08-28,61148,2025082805006013,SAHAS,Nepal Stock House (PVT) Ltd.,Infinity Securities Limited,10,665.0,6650.0,2025-08-28 11:59:40.725935
2025-08-28,61056,2025082805006041,SAHAS,Nepal Stock House (PVT) Ltd.,Online Securities Pvt. Ltd.,54,665.0,35910.0,2025-08-28 12:00:02.335988
2025-08-28,60844,2025082805006111,SAHAS,Nepal Stock House (PVT) Ltd.,Investment Management Nepal Pvt. Ltd.,100,665.0,66500.0,2025-08-28 12:00:50.832771
2025-08-28,60807,2025082805006124,SAHAS,Nepal Stock House (PVT) Ltd.,Sani Securities Company Ltd.,10,665.0,6650.0,2025-08-28 12:00:59.090296
2025-08-28,60713,2025082805006155,SAHAS,INDEX SECURITIES LIMITED,Sweta Securities Private Limited,500,665.5,332750.0,2025-08-28 12:01:27.735795
2025-08-28,60672,2025082805006178,SAHAS,INDEX SECURITIES LIMITED,Sweta Securities Private Limited,500,665.5,332750.0,2025-08-28 12:01:38.763145
2025-08-28,60488,2025082805006237,SAHAS,Nepal Stock House (PVT) Ltd.,Investment Management Nepal Pvt. Ltd.,71,665.0,47215.0,2025-08-28 12:02:19.190962
2025-08-28,60487,2025082805006238,SAHAS,Sri Hari Securities Pvt. Ltd.,Investment Management Nepal Pvt. Ltd.,100,665.0,66500.0,2025-08-28 12:02:19.191240
2025-08-28,60330,2025082805006297,SAHAS,Kumari Securities Private Limited,Secured Securities Ltd.,45,665.0,29925.0,2025-08-28 12:02:58.199521
2025-08-28,60247,2025082805006328,SAHAS,South Asian Bulls Pvt. Ltd.,Secured Securities Ltd.,55,665.0,36575.0,2025-08-28 12:03:13.838350
2025-08-28,60246,2025082805006329,SAHAS,South Asian Bulls Pvt. Ltd.,Agrawal Securities (PVT) Ltd.,10,665.0,6650.0,2025-08-28 12:03:13.838838
2025-08-28,59990,2025082805006461,SAHAS,Sani Securities Company Ltd.,Aryatara Investment & Securities,10,664.0,6640.0,2025-08-28 12:04:05.508149
2025-08-28,59946,2025082805006476,SAHAS,Cristal Kanchanjanga Securites Pvt. Ltd.,Investment Management Nepal Pvt. Ltd.,29,665.0,19285.0,2025-08-28 12:04:14.178974
2025-08-28,59945,2025082805006477,SAHAS,Cristal Kanchanjanga Securites Pvt. Ltd.,Sewa Securities Pvt. Ltd.,10,665.8,6658.0,2025-08-28 12:04:14.179464
2025-08-28,59878,2025082805006503,SAHAS,Sharepro Securities Private Limited,Sewa Securities Pvt. Ltd.,10,665.8,6658.0,2025-08-28 12:04:37.861037
2025-08-28,59877,2025082805006504,SAHAS,Sharepro Securities Private Limited,South Asian Bulls Pvt. Ltd.,70,665.9,46613.0,2025-08-28 12:04:37.861300
2025-08-28,59735,2025082805006569,SAHAS,Sundhara Securities Limited,Asian Securities Private Ltd.,30,665.0,19950.0,2025-08-28 12:05:10.770567
2025-08-28,59629,2025082805006614,SAHAS,Linch Stock Market Ltd.,Dynamic Money Managers Securities Pvt. Ltd.,1000,664.1,664100.0,2025-08-28 12:05:31.274611
2025-08-28,59621,2025082805006618,SAHAS,South Asian Bulls Pvt. Ltd.,Asian Securities Private Ltd.,270,665.0,179550.0,2025-08-28 12:05:33.747609
2025-08-28,59234,2025082805006811,SAHAS,South Asian Bulls Pvt. Ltd.,Agrawal Securities (PVT) Ltd.,20,665.0,13300.0,2025-08-28 12:07:05.323463
2025-08-28,58650,2025082805007050,SAHAS,Linch Stock Market Ltd.,Agrawal Securities (PVT) Ltd.,50,665.1,33255.0,2025-08-28 12:08:46.364769
2025-08-28,58560,2025082805007080,SAHAS,Linch Stock Market Ltd.,Aryatara Investment & Securities,450,665.1,299295.0,2025-08-28 12:08:59.638894
2025-08-28,58559,2025082805007081,SAHAS,South Asian Bulls Pvt. Ltd.,Aryatara Investment & Securities,10,665.0,6650.0,2025-08-28 12:08:59.639230
2025-08-28,58558,2025082805007082,SAHAS,Midas Stock Broking Company Private Limited,Aryatara Investment & Securities,100,665.0,66500.0,2025-08-28 12:08:59.639354
2025-08-28,58557,2025082805007083,SAHAS,Siprabi Securities Pvt. Ltd.,Aryatara Investment & Securities,45,665.0,29925.0,2025-08-28 12:08:59.639458
2025-08-28,58556,2025082805007084,SAHAS,Sharepro Securities Private Limited,Aryatara Investment & Securities,20,665.0,13300.0,2025-08-28 12:08:59.639567
2025-08-28,58555,2025082805007085,SAHAS,Imperial Securities Company Pvt. Ltd.,Aryatara Investment & Securities,20,664.2,13284.0,2025-08-28 12:08:59.639675
2025-08-28,58554,2025082805007086,SAHAS,Arun Securities (PVT) Ltd.,Aryatara Investment & Securities,109,664.2,72397.8,2025-08-28 12:08:59.639779
2025-08-28,58553,2025082805007087,SAHAS,Kohinoor Investment & Securities Pvt. Ltd.,Aryatara Investment & Securities,246,664.2,163393.2,2025-08-28 12:08:59.639883
2025-08-28,58506,2025082805007095,SAHAS,Kohinoor Investment & Securities Pvt. Ltd.,Sani Securities Company Ltd.,10,664.2,6642.0,2025-08-28 12:09:06.373256
2025-08-28,58502,2025082805007097,SAHAS,Cristal Kanchanjanga Securites Pvt. Ltd.,Sewa Securities Pvt. Ltd.,10,665.8,6658.0,2025-08-28 12:09:07.446964
2025-08-28,58501,2025082805007098,SAHAS,Cristal Kanchanjanga Securites Pvt. Ltd.,Agrawal Securities (PVT) Ltd.,10,665.8,6658.0,2025-08-28 12:09:07.447261
2025-08-28,58068,2025082805007280,SAHAS,Kohinoor Investment & Securities Pvt. Ltd.,Aryatara Investment & Securities,10,664.2,6642.0,2025-08-28 12:10:05.266775
2025-08-28,58016,2025082805007293,SAHAS,Kohinoor Investment & Securities Pvt. Ltd.,South Asian Bulls Pvt. Ltd.,134,664.2,89002.8,2025-08-28 12:10:13.183363
2025-08-28,58015,2025082805007294,SAHAS,Sani Securities Company Ltd.,South Asian Bulls Pvt. Ltd.,66,664.0,43824.0,2025-08-28 12:10:13.183886
2025-08-28,58014,2025082805007295,SAHAS,Thrive Brokerage House Pvt. Ltd,South Asian Bulls Pvt. Ltd.,230,664.0,152720.0,2025-08-28 12:10:13.184369
2025-08-28,57956,2025082805007320,SAHAS,Thrive Brokerage House Pvt. Ltd,South Asian Bulls Pvt. Ltd.,270,664.0,179280.0,2025-08-28 12:10:23.456556
2025-08-28,57955,2025082805007321,SAHAS,Dipshikha Dhitopatra Karobar Co. Pvt Ltd.,South Asian Bulls Pvt. Ltd.,230,664.0,152720.0,2025-08-28 12:10:23.457093
2025-08-28,57827,2025082805007371,SAHAS,Dipshikha Dhitopatra Karobar Co. Pvt Ltd.,Aryatara Investment & Securities,270,664.0,179280.0,2025-08-28 12:10:41.594740
2025-08-28,57826,2025082805007372,SAHAS,J.F. Securites (PVT) Ltd.,Aryatara Investment & Securities,10,664.0,6640.0,2025-08-28 12:10:41.595244
2025-08-28,57825,2025082805007373,SAHAS,Linch Stock Market Ltd.,Aryatara Investment & Securities,220,663.7,146014.0,2025-08-28 12:10:41.595603
2025-08-28,57769,2025082805007386,SAHAS,Linch Stock Market Ltd.,Roadshow securities limited,200,663.7,132740.0,2025-08-28 12:10:52.872289
2025-08-28,57059,2025082805007588,SAHAS,ABC Securities Private Limited,South Asian Bulls Pvt. Ltd.,200,664.0,132800.0,2025-08-28 12:12:49.314892
2025-08-28,56729,2025082805007705,SAHAS,Linch Stock Market Ltd.,Sani Securities Company Ltd.,10,663.7,6637.0,2025-08-28 12:14:03.405294
2025-08-28,56510,2025082805007794,SAHAS,Linch Stock Market Ltd.,Sani Securities Company Ltd.,150,663.7,99555.0,2025-08-28 12:15:02.897415
2025-08-28,56463,2025082805007810,SAHAS,Linch Stock Market Ltd.,Imperial Securities Company Pvt. Ltd.,20,663.7,13274.0,2025-08-28 12:15:17.675463
2025-08-28,56408,2025082805007823,SAHAS,Linch Stock Market Ltd.,Vision Securities Pvt. Ltd,900,663.7,597330.0,2025-08-28 12:15:32.655250
2025-08-28,56407,2025082805007824,SAHAS,Imperial Securities Company Pvt. Ltd.,Vision Securities Pvt. Ltd,20,663.6,13272.0,2025-08-28 12:15:32.655569
2025-08-28,56406,2025082805007825,SAHAS,South Asian Bulls Pvt. Ltd.,Vision Securities Pvt. Ltd,50,663.6,33180.0,2025-08-28 12:15:32.655696
2025-08-28,56405,2025082805007826,SAHAS,Investment Management Nepal Pvt. Ltd.,Vision Securities Pvt. Ltd,1990,663.5,1320365.0,2025-08-28 12:15:32.655804
2025-08-28,56404,2025082805007827,SAHAS,South Asian Bulls Pvt. Ltd.,Vision Securities Pvt. Ltd,100,663.1,66310.0,2025-08-28 12:15:32.655912
2025-08-28,56403,2025082805007828,SAHAS,Trisul Securities & Invt. Ltd.,Vision Securities Pvt. Ltd,100,663.1,66310.0,2025-08-28 12:15:32.656012
2025-08-28,56193,2025082805007920,SAHAS,South Asian Bulls Pvt. Ltd.,Asian Securities Private Ltd.,100,662.7,66270.0,2025-08-28 12:16:23.196254
2025-08-28,56192,2025082805007921,SAHAS,Naasa Securities Co. Ltd.,Asian Securities Private Ltd.,100,662.6,66260.0,2025-08-28 12:16:23.196297
2025-08-28,56191,2025082805007922,SAHAS,Sani Securities Company Ltd.,Asian Securities Private Ltd.,10,662.6,6626.0,2025-08-28 12:16:23.196340
2025-08-28,56190,2025082805007923,SAHAS,Imperial Securities Company Pvt. Ltd.,Asian Securities Private Ltd.,10,662.6,6626.0,2025-08-28 12:16:23.196364
2025-08-28,56189,2025082805007924,SAHAS,South Asian Bulls Pvt. Ltd.,Asian Securities Private Ltd.,140,662.5,92750.0,2025-08-28 12:16:23.196411
2025-08-28,56188,2025082805007925,SAHAS,Deevyaa Securities & Stock House Pvt. Ltd,Asian Securities Private Ltd.,20,662.5,13250.0,2025-08-28 12:16:23.196437
2025-08-28,56187,2025082805007926,SAHAS,South Asian Bulls Pvt. Ltd.,Asian Securities Private Ltd.,100,662.2,66220.0,2025-08-28 12:16:23.196461
2025-08-28,56186,2025082805007927,SAHAS,Trisul Securities & Invt. Ltd.,Asian Securities Private Ltd.,50,662.0,33100.0,2025-08-28 12:16:23.196488
2025-08-28,56185,2025082805007928,SAHAS,Imperial Securities Company Pvt. Ltd.,Asian Securities Private Ltd.,20,662.0,13240.0,2025-08-28 12:16:23.196514
2025-08-28,56184,2025082805007929,SAHAS,Sri Hari Securities Pvt. Ltd.,Asian Securities Private Ltd.,400,661.6,264640.0,2025-08-28 12:16:23.196539
2025-08-28,56183,2025082805007930,SAHAS,Capital Max Securities Ltd,Asian Securities Private Ltd.,100,661.4,66140.0,2025-08-28 12:16:23.196563
2025-08-28,56182,2025082805007931,SAHAS,KALASH STOCK MARKET PVT. LTD.,Asian Securities Private Ltd.,500,661.4,330700.0,2025-08-28 12:16:23.196590
2025-08-28,56181,2025082805007932,SAHAS,ABC Securities Private Limited,Asian Securities Private Ltd.,170,661.3,112421.0,2025-08-28 12:16:23.196614
2025-08-28,56180,2025082805007933,SAHAS,South Asian Bulls Pvt. Ltd.,Asian Securities Private Ltd.,120,661.2,79344.0,2025-08-28 12:16:23.196643
2025-08-28,56179,2025082805007934,SAHAS,Trisul Securities & Invt. Ltd.,Asian Securities Private Ltd.,160,660.2,105632.0,2025-08-28 12:16:23.196672
2025-08-28,55522,2025082805008162,SAHAS,Magnet Securities and Investment Company Private Limited,Sweta Securities Private Limited,58,661.0,38338.0,2025-08-28 12:19:52.112150
2025-08-28,55506,2025082805008174,SAHAS,Cristal Kanchanjanga Securites Pvt. Ltd.,Online Securities Pvt. Ltd.,50,662.0,33100.0,2025-08-28 12:19:57.398487
2025-08-28,55505,2025082805008175,SAHAS,Cristal Kanchanjanga Securites Pvt. Ltd.,Linch Stock Market Ltd.,10,662.0,6620.0,2025-08-28 12:19:57.398821
2025-08-28,55321,2025082805008218,SAHAS,Naasa Securities Co. Ltd.,Kumari Securities Private Limited,200,662.1,132420.0,2025-08-28 12:20:49.200370
2025-08-28,55320,2025082805008219,SAHAS,Cristal Kanchanjanga Securites Pvt. Ltd.,Kumari Securities Private Limited,300,662.0,198600.0,2025-08-28 12:20:49.200679
2025-08-28,55088,2025082805008333,SAHAS,Nepal Stock House (PVT) Ltd.,Naasa Securities Co. Ltd.,25,662.1,16552.5,2025-08-28 12:21:44.048056
2025-08-28,55087,2025082805008334,SAHAS,Cristal Kanchanjanga Securites Pvt. Ltd.,Naasa Securities Co. Ltd.,140,662.0,92680.0,2025-08-28 12:21:44.048360
2025-08-28,55086,2025082805008335,SAHAS,Trisul Securities & Invt. Ltd.,Naasa Securities Co. Ltd.,335,661.2,221502.0,2025-08-28 12:21:44.048476
2025-08-28,55003,2025082805008360,SAHAS,Magnet Securities and Investment Company Private Limited,Online Securities Pvt. Ltd.,16,661.0,10576.0,2025-08-28 12:21:59.935139
2025-08-28,54520,2025082805008538,SAHAS,Cristal Kanchanjanga Securites Pvt. Ltd.,Kumari Securities Private Limited,500,662.0,331000.0,2025-08-28 12:24:00.228060
2025-08-28,54512,2025082805008543,SAHAS,Nepal Stock House (PVT) Ltd.,Siprabi Securities Pvt. Ltd.,25,661.1,16527.5,2025-08-28 12:24:01.423188
2025-08-28,54511,2025082805008544,SAHAS,Magnet Securities and Investment Company Private Limited,Siprabi Securities Pvt. Ltd.,426,661.0,281586.0,2025-08-28 12:24:01.423736
2025-08-28,54510,2025082805008545,SAHAS,Naasa Securities Co. Ltd.,Siprabi Securities Pvt. Ltd.,49,661.0,32389.0,2025-08-28 12:24:01.424043
2025-08-28,53943,2025082805008761,SAHAS,Naasa Securities Co. Ltd.,Online Securities Pvt. Ltd.,50,661.0,33050.0,2025-08-28 12:26:31.954478
2025-08-28,53825,2025082805008803,SAHAS,ABC Securities Private Limited,Premier Securities Company Ltd.,160,662.0,105920.0,2025-08-28 12:26:51.326484
2025-08-28,53818,2025082805008805,SAHAS,Naasa Securities Co. Ltd.,Vision Securities Pvt. Ltd,600,661.0,396600.0,2025-08-28 12:26:53.185873
2025-08-28,53634,2025082805008874,SAHAS,Kohinoor Investment & Securities Pvt. Ltd.,K.B.L. Securities Limited ,600,660.6,396360.0,2025-08-28 12:27:29.787300
2025-08-28,53633,2025082805008875,SAHAS,Kumari Securities Private Limited,K.B.L. Securities Limited ,400,660.5,264200.0,2025-08-28 12:27:29.787593
2025-08-28,53522,2025082805008917,SAHAS,Arun Securities (PVT) Ltd.,Vision Securities Pvt. Ltd,200,661.0,132200.0,2025-08-28 12:27:51.231768
2025-08-28,53289,2025082805008988,SAHAS,Kumari Securities Private Limited,Naasa Securities Co. Ltd.,500,660.5,330250.0,2025-08-28 12:28:42.688595
2025-08-28,53076,2025082805009053,SAHAS,Kumari Securities Private Limited,Vision Securities Pvt. Ltd,840,660.5,554820.0,2025-08-28 12:29:22.536941
2025-08-28,52788,2025082805009137,SAHAS,Kumari Securities Private Limited,Siprabi Securities Pvt. Ltd.,10,660.5,6605.0,2025-08-28 12:30:18.703784
2025-08-28,52499,2025082805009229,SAHAS,Kumari Securities Private Limited,Vision Securities Pvt. Ltd,450,660.5,297225.0,2025-08-28 12:31:14.410793
2025-08-28,52251,2025082805009314,SAHAS,Cristal Kanchanjanga Securites Pvt. Ltd.,Online Securities Pvt. Ltd.,10,660.3,6603.0,2025-08-28 12:31:46.609299
2025-08-28,51903,2025082805009447,SAHAS,Dynamic Money Managers Securities Pvt. Ltd.,Vision Securities Pvt. Ltd,100,660.5,66050.0,2025-08-28 12:32:28.431113
2025-08-28,51847,2025082805009466,SAHAS,Dynamic Money Managers Securities Pvt. Ltd.,Vision Securities Pvt. Ltd,300,660.5,198150.0,2025-08-28 12:32:39.619549
2025-08-28,51706,2025082805009525,SAHAS,Cristal Kanchanjanga Securites Pvt. Ltd.,Dakshinkali Investment & Securities Pvt. Ltd.,190,660.3,125457.0,2025-08-28 12:32:47.703943
2025-08-28,51705,2025082805009526,SAHAS,South Asian Bulls Pvt. Ltd.,Dakshinkali Investment & Securities Pvt. Ltd.,100,660.1,66010.0,2025-08-28 12:32:47.704205
2025-08-28,51704,2025082805009527,SAHAS,Sri Hari Securities Pvt. Ltd.,Dakshinkali Investment & Securities Pvt. Ltd.,300,660.1,198030.0,2025-08-28 12:32:47.704327
2025-08-28,51703,2025082805009528,SAHAS,Swarna Laxmi Securities Pvt. Ltd.,Dakshinkali Investment & Securities Pvt. Ltd.,110,660.0,72600.0,2025-08-28 12:32:47.704439
2025-08-28,51267,2025082805009665,SAHAS,Swarna Laxmi Securities Pvt. Ltd.,Aryatara Investment & Securities,20,660.0,13200.0,2025-08-28 12:33:41.476592
2025-08-28,51066,2025082805009726,SAHAS,Swarna Laxmi Securities Pvt. Ltd.,Arun Securities (PVT) Ltd.,10,660.0,6600.0,2025-08-28 12:34:03.066887
2025-08-28,50939,2025082805009769,SAHAS,Cristal Kanchanjanga Securites Pvt. Ltd.,Vision Securities Pvt. Ltd,150,660.5,99075.0,2025-08-28 12:34:19.649808
2025-08-28,50934,2025082805009770,SAHAS,Cristal Kanchanjanga Securites Pvt. Ltd.,Kohinoor Investment & Securities Pvt. Ltd.,100,660.5,66050.0,2025-08-28 12:34:20.084806
2025-08-28,50562,2025082805009856,SAHAS,Cristal Kanchanjanga Securites Pvt. Ltd.,Sumeru Securities Pvt. Ltd.,10,660.5,6605.0,2025-08-28 12:35:02.238895
2025-08-28,50539,2025082805009860,SAHAS,Cristal Kanchanjanga Securites Pvt. Ltd.,Nepal Investment And Securities Trading Private Limited,10,660.5,6605.0,2025-08-28 12:35:05.380422
2025-08-28,50446,2025082805009883,SAHAS,Cristal Kanchanjanga Securites Pvt. Ltd.,Kalika Securities Pvt. Ltd.,10,660.5,6605.0,2025-08-28 12:35:18.952496
2025-08-28,50341,2025082805009914,SAHAS,Cristal Kanchanjanga Securites Pvt. Ltd.,Vision Securities Pvt. Ltd,220,660.5,145310.0,2025-08-28 12:35:35.762114
2025-08-28,50340,2025082805009915,SAHAS,Ashutosh Brokerage & Securities (PVT) Ltd.,Vision Securities Pvt. Ltd,20,660.5,13210.0,2025-08-28 12:35:35.762431
2025-08-28,50207,2025082805009943,SAHAS,Swarna Laxmi Securities Pvt. Ltd.,Vision Securities Pvt. Ltd,100,660.0,66000.0,2025-08-28 12:35:51.910688
2025-08-28,50160,2025082805009964,SAHAS,Swarna Laxmi Securities Pvt. Ltd.,Citizens Share Broker Limited,10,660.0,6600.0,2025-08-28 12:35:58.976400
2025-08-28,49998,2025082805010020,SAHAS,Swarna Laxmi Securities Pvt. Ltd.,Ashutosh Brokerage & Securities (PVT) Ltd.,100,660.0,66000.0,2025-08-28 12:36:28.438032
2025-08-28,49705,2025082805010145,SAHAS,Swarna Laxmi Securities Pvt. Ltd.,Capital Hub P. Ltd,100,660.0,66000.0,2025-08-28 12:37:09.072999
2025-08-28,49587,2025082805010179,SAHAS,Swarna Laxmi Securities Pvt. Ltd.,Naasa Securities Co. Ltd.,240,660.0,158400.0,2025-08-28 12:37:29.820647
2025-08-28,49586,2025082805010180,SAHAS,Primo Securities (PVT) Ltd.,Naasa Securities Co. Ltd.,100,660.0,66000.0,2025-08-28 12:37:29.821012
2025-08-28,49585,2025082805010181,SAHAS,Sri Hari Securities Pvt. Ltd.,Naasa Securities Co. Ltd.,160,660.0,105600.0,2025-08-28 12:37:29.821144
2025-08-28,49573,2025082805010185,SAHAS,Sri Hari Securities Pvt. Ltd.,Dynamic Money Managers Securities Pvt. Ltd.,340,660.0,224400.0,2025-08-28 12:37:31.617398
2025-08-28,49572,2025082805010186,SAHAS,Agrawal Securities (PVT) Ltd.,Dynamic Money Managers Securities Pvt. Ltd.,450,660.0,297000.0,2025-08-28 12:37:31.617738
2025-08-28,49571,2025082805010187,SAHAS,Dynamic Money Managers Securities Pvt. Ltd.,Dynamic Money Managers Securities Pvt. Ltd.,15,660.0,9900.0,2025-08-28 12:37:31.617919
2025-08-28,49570,2025082805010188,SAHAS,Kumari Securities Private Limited,Dynamic Money Managers Securities Pvt. Ltd.,195,660.0,128700.0,2025-08-28 12:37:31.618081
2025-08-28,49447,2025082805010220,SAHAS,Kumari Securities Private Limited,Neev Securities Pvt. Ltd.,40,660.0,26400.0,2025-08-28 12:37:51.756543
2025-08-28,49381,2025082805010247,SAHAS,Kumari Securities Private Limited,J.F. Securites (PVT) Ltd.,265,660.0,174900.0,2025-08-28 12:38:01.177249
2025-08-28,49380,2025082805010248,SAHAS,Imperial Securities Company Pvt. Ltd.,J.F. Securites (PVT) Ltd.,50,660.0,33000.0,2025-08-28 12:38:01.177585
2025-08-28,49379,2025082805010249,SAHAS,Online Securities Pvt. Ltd.,J.F. Securites (PVT) Ltd.,185,660.0,122100.0,2025-08-28 12:38:01.177785
2025-08-28,49278,2025082805010292,SAHAS,Online Securities Pvt. Ltd.,Ashutosh Brokerage & Securities (PVT) Ltd.,1000,660.0,660000.0,2025-08-28 12:38:17.945025
2025-08-28,49277,2025082805010293,SAHAS,Online Securities Pvt. Ltd.,Siprabi Securities Pvt. Ltd.,200,660.0,132000.0,2025-08-28 12:38:18.919430
2025-08-28,49228,2025082805010306,SAHAS,Online Securities Pvt. Ltd.,Kumari Securities Private Limited,10,660.0,6600.0,2025-08-28 12:38:22.344482
2025-08-28,49206,2025082805010316,SAHAS,Online Securities Pvt. Ltd.,Bhrikuti Stock Broking Co. Pvt. Ltd.,10,660.0,6600.0,2025-08-28 12:38:25.466615
2025-08-28,49043,2025082805010381,SAHAS,Online Securities Pvt. Ltd.,Aryatara Investment & Securities,200,660.0,132000.0,2025-08-28 12:38:45.079346
2025-08-28,48767,2025082805010469,SAHAS,Online Securities Pvt. Ltd.,Sri Hari Securities Pvt. Ltd.,200,660.0,132000.0,2025-08-28 12:39:20.090491
2025-08-28,48620,2025082805010544,SAHAS,Online Securities Pvt. Ltd.,Online Securities Pvt. Ltd.,10,660.0,6600.0,2025-08-28 12:39:38.465585
2025-08-28,48518,2025082805010591,SAHAS,Online Securities Pvt. Ltd.,Investment Management Nepal Pvt. Ltd.,100,660.0,66000.0,2025-08-28 12:39:53.574386
2025-08-28,48198,2025082805010665,SAHAS,Vision Securities Pvt. Ltd,Vision Securities Pvt. Ltd,500,660.5,330250.0,2025-08-28 12:40:45.572401
2025-08-28,48150,2025082805010676,SAHAS,Online Securities Pvt. Ltd.,Online Securities Pvt. Ltd.,10,660.0,6600.0,2025-08-28 12:40:52.047453
2025-08-28,47919,2025082805010747,SAHAS,Online Securities Pvt. Ltd.,J.F. Securites (PVT) Ltd.,20,660.0,13200.0,2025-08-28 12:41:27.550860
2025-08-28,47848,2025082805010769,SAHAS,Online Securities Pvt. Ltd.,Capital Hub P. Ltd,55,660.0,36300.0,2025-08-28 12:41:41.835257
2025-08-28,47847,2025082805010770,SAHAS,BHOLE GANESH SECURITIES LTD,Capital Hub P. Ltd,200,660.0,132000.0,2025-08-28 12:41:41.835590
2025-08-28,47846,2025082805010771,SAHAS,Dipshikha Dhitopatra Karobar Co. Pvt Ltd.,Capital Hub P. Ltd,1000,660.0,660000.0,2025-08-28 12:41:41.835710
2025-08-28,47845,2025082805010772,SAHAS,J.F. Securites (PVT) Ltd.,Capital Hub P. Ltd,10,660.0,6600.0,2025-08-28 12:41:41.835822
2025-08-28,47844,2025082805010773,SAHAS,Naasa Securities Co. Ltd.,Capital Hub P. Ltd,220,660.0,145200.0,2025-08-28 12:41:41.835931
2025-08-28,47843,2025082805010774,SAHAS,Ashutosh Brokerage & Securities (PVT) Ltd.,Capital Hub P. Ltd,2000,660.0,1320000.0,2025-08-28 12:41:41.836056
2025-08-28,47842,2025082805010775,SAHAS,N.M.B. SECURITIES LIMITED,Capital Hub P. Ltd,100,660.0,66000.0,2025-08-28 12:41:41.836169
2025-08-28,47841,2025082805010776,SAHAS,ABC Securities Private Limited,Capital Hub P. Ltd,2000,660.0,1320000.0,2025-08-28 12:41:41.836279
2025-08-28,47840,2025082805010777,SAHAS,Nepal Investment And Securities Trading Private Limited,Capital Hub P. Ltd,100,660.0,66000.0,2025-08-28 12:41:41.836394
2025-08-28,47839,2025082805010778,SAHAS,N.M.B. SECURITIES LIMITED,Capital Hub P. Ltd,100,660.0,66000.0,2025-08-28 12:41:41.836504
2025-08-28,47838,2025082805010779,SAHAS,Imperial Securities Company Pvt. Ltd.,Capital Hub P. Ltd,20,660.0,13200.0,2025-08-28 12:41:41.836612
2025-08-28,47692,2025082805010830,SAHAS,Sumeru Securities Pvt. Ltd.,Ashutosh Brokerage & Securities (PVT) Ltd.,10,659.0,6590.0,2025-08-28 12:42:09.221166
2025-08-28,47691,2025082805010831,SAHAS,Nepal Investment And Securities Trading Private Limited,Ashutosh Brokerage & Securities (PVT) Ltd.,490,659.0,322910.0,2025-08-28 12:42:09.221696
2025-08-28,47612,2025082805010856,SAHAS,Nepal Investment And Securities Trading Private Limited,J.F. Securites (PVT) Ltd.,100,659.0,65900.0,2025-08-28 12:42:23.837287
2025-08-28,47593,2025082805010858,SAHAS,Nepal Investment And Securities Trading Private Limited,Investment Management Nepal Pvt. Ltd.,10,659.0,6590.0,2025-08-28 12:42:27.157779
2025-08-28,47585,2025082805010862,SAHAS,Nepal Investment And Securities Trading Private Limited,Online Securities Pvt. Ltd.,100,659.0,65900.0,2025-08-28 12:42:27.777074
2025-08-28,47553,2025082805010872,SAHAS,Nepal Investment And Securities Trading Private Limited,Aryatara Investment & Securities,300,659.0,197700.0,2025-08-28 12:42:36.193455
2025-08-28,47535,2025082805010882,SAHAS,Kumari Securities Private Limited,Sani Securities Company Ltd.,1000,659.0,659000.0,2025-08-28 12:42:39.255757
2025-08-28,47521,2025082805010887,SAHAS,Kumari Securities Private Limited,J.F. Securites (PVT) Ltd.,150,659.0,98850.0,2025-08-28 12:42:42.926681
2025-08-28,47442,2025082805010919,SAHAS,Kumari Securities Private Limited,Asian Securities Private Ltd.,300,659.0,197700.0,2025-08-28 12:42:56.191284
2025-08-28,47191,2025082805011021,SAHAS,Kumari Securities Private Limited,Nepal Investment And Securities Trading Private Limited,50,659.0,32950.0,2025-08-28 12:43:45.522644
2025-08-28,47190,2025082805011022,SAHAS,Deevyaa Securities & Stock House Pvt. Ltd,Nepal Investment And Securities Trading Private Limited,55,659.0,36245.0,2025-08-28 12:43:45.523232
2025-08-28,47189,2025082805011023,SAHAS,Cristal Kanchanjanga Securites Pvt. Ltd.,Nepal Investment And Securities Trading Private Limited,500,659.0,329500.0,2025-08-28 12:43:45.523630
2025-08-28,46442,2025082805011325,SAHAS,Linch Stock Market Ltd.,Nepal Investment And Securities Trading Private Limited,100,659.0,65900.0,2025-08-28 12:46:36.341180
2025-08-28,46421,2025082805011334,SAHAS,South Asian Bulls Pvt. Ltd.,J.F. Securites (PVT) Ltd.,60,658.2,39492.0,2025-08-28 12:46:43.199449
2025-08-28,46406,2025082805011338,SAHAS,Nagarik Stock Dealer ,Nepal Investment And Securities Trading Private Limited,295,659.0,194405.0,2025-08-28 12:46:44.885832
2025-08-28,46332,2025082805011361,SAHAS,Nagarik Stock Dealer ,Online Securities Pvt. Ltd.,16,660.0,10560.0,2025-08-28 12:47:11.976429
2025-08-28,46331,2025082805011362,SAHAS,Nagarik Stock Dealer ,Imperial Securities Company Pvt. Ltd.,40,660.0,26400.0,2025-08-28 12:47:11.976704
2025-08-28,46330,2025082805011363,SAHAS,Nagarik Stock Dealer ,Vision Securities Pvt. Ltd,190,660.0,125400.0,2025-08-28 12:47:11.976816
2025-08-28,46251,2025082805011392,SAHAS,INDEX SECURITIES LIMITED,Vision Securities Pvt. Ltd,260,660.5,171730.0,2025-08-28 12:47:25.396800
2025-08-28,46250,2025082805011393,SAHAS,INDEX SECURITIES LIMITED,Infinity Securities Limited,10,660.5,6605.0,2025-08-28 12:47:25.397083
2025-08-28,46124,2025082805011436,SAHAS,South Asian Bulls Pvt. Ltd.,Ashutosh Brokerage & Securities (PVT) Ltd.,10,659.1,6591.0,2025-08-28 12:48:04.046570
2025-08-28,45971,2025082805011481,SAHAS,Nagarik Stock Dealer ,Online Securities Pvt. Ltd.,50,660.7,33035.0,2025-08-28 12:48:44.282446
2025-08-28,45701,2025082805011594,SAHAS,Cristal Kanchanjanga Securites Pvt. Ltd.,Vision Securities Pvt. Ltd,10,660.7,6607.0,2025-08-28 12:49:44.694660
2025-08-28,45700,2025082805011595,SAHAS,Cristal Kanchanjanga Securites Pvt. Ltd.,Naasa Securities Co. Ltd.,10,660.8,6608.0,2025-08-28 12:49:44.694982
2025-08-28,45633,2025082805011616,SAHAS,Nepal Investment And Securities Trading Private Limited,Naasa Securities Co. Ltd.,10,660.0,6600.0,2025-08-28 12:50:07.586815
2025-08-28,45632,2025082805011617,SAHAS,Nepal Investment And Securities Trading Private Limited,Naasa Securities Co. Ltd.,190,660.8,125552.0,2025-08-28 12:50:07.587170
2025-08-28,45631,2025082805011618,SAHAS,Nepal Investment And Securities Trading Private Limited,Nepal Stock House (PVT) Ltd.,10,660.8,6608.0,2025-08-28 12:50:07.587287
2025-08-28,45630,2025082805011619,SAHAS,Nepal Investment And Securities Trading Private Limited,Online Securities Pvt. Ltd.,90,660.9,59481.0,2025-08-28 12:50:07.587408
2025-08-28,45594,2025082805011630,SAHAS,INDEX SECURITIES LIMITED,Swarna Laxmi Securities Pvt. Ltd.,200,660.8,132160.0,2025-08-28 12:50:21.992253
2025-08-28,45533,2025082805011671,SAHAS,Trishakti Securities Public Limited,Online Securities Pvt. Ltd.,10,660.9,6609.0,2025-08-28 12:50:34.674685
2025-08-28,45342,2025082805011720,SAHAS,Midas Stock Broking Company Private Limited,Linch Stock Market Ltd.,10,661.0,6610.0,2025-08-28 12:51:27.877623
2025-08-28,45341,2025082805011721,SAHAS,Midas Stock Broking Company Private Limited,Asian Securities Private Ltd.,10,661.0,6610.0,2025-08-28 12:51:27.878199
2025-08-28,45340,2025082805011722,SAHAS,Midas Stock Broking Company Private Limited,Bhrikuti Stock Broking Co. Pvt. Ltd.,165,661.0,109065.0,2025-08-28 12:51:27.878770
2025-08-28,45317,2025082805011733,SAHAS,Midas Stock Broking Company Private Limited,Sani Securities Company Ltd.,150,661.0,99150.0,2025-08-28 12:51:34.561597
2025-08-28,44990,2025082805011836,SAHAS,Midas Stock Broking Company Private Limited,Sewa Securities Pvt. Ltd.,65,662.0,43030.0,2025-08-28 12:52:58.427883
2025-08-28,44765,2025082805011931,SAHAS,Creative Securities Pvt Ltd,Sewa Securities Pvt. Ltd.,200,662.0,132400.0,2025-08-28 12:53:57.601893
2025-08-28,44475,2025082805012033,SAHAS,Nepal Investment And Securities Trading Private Limited,Sewa Securities Pvt. Ltd.,35,662.0,23170.0,2025-08-28 12:55:21.989215
2025-08-28,44409,2025082805012055,SAHAS,Swarna Laxmi Securities Pvt. Ltd.,Deevyaa Securities & Stock House Pvt. Ltd,150,662.1,99315.0,2025-08-28 12:55:36.587579
2025-08-28,44270,2025082805012121,SAHAS,Nepal Investment And Securities Trading Private Limited,Kohinoor Investment & Securities Pvt. Ltd.,165,662.0,109230.0,2025-08-28 12:55:58.049362
2025-08-28,44269,2025082805012122,SAHAS,INDEX SECURITIES LIMITED,Kohinoor Investment & Securities Pvt. Ltd.,30,660.8,19824.0,2025-08-28 12:55:58.049427
2025-08-28,43938,2025082805012232,SAHAS,Sri Hari Securities Pvt. Ltd.,Deevyaa Securities & Stock House Pvt. Ltd,50,660.0,33000.0,2025-08-28 12:57:08.721961
2025-08-28,43797,2025082805012287,SAHAS,South Asian Bulls Pvt. Ltd.,Sundhara Securities Limited,160,659.1,105456.0,2025-08-28 12:57:34.727308
2025-08-28,43796,2025082805012288,SAHAS,Sani Securities Company Ltd.,Sundhara Securities Limited,10,659.0,6590.0,2025-08-28 12:57:34.727366
2025-08-28,43795,2025082805012289,SAHAS,Nagarik Stock Dealer ,Sundhara Securities Limited,20,659.0,13180.0,2025-08-28 12:57:34.727399
2025-08-28,43794,2025082805012290,SAHAS,Dipshikha Dhitopatra Karobar Co. Pvt Ltd.,Sundhara Securities Limited,100,658.3,65830.0,2025-08-28 12:57:34.727426
2025-08-28,43793,2025082805012291,SAHAS,South Asian Bulls Pvt. Ltd.,Sundhara Securities Limited,140,658.2,92148.0,2025-08-28 12:57:34.727448
2025-08-28,43792,2025082805012292,SAHAS,Dynamic Money Managers Securities Pvt. Ltd.,Sundhara Securities Limited,300,658.2,197460.0,2025-08-28 12:57:34.727477
2025-08-28,43791,2025082805012293,SAHAS,Ashutosh Brokerage & Securities (PVT) Ltd.,Sundhara Securities Limited,50,658.1,32905.0,2025-08-28 12:57:34.727512
2025-08-28,43790,2025082805012294,SAHAS,South Asian Bulls Pvt. Ltd.,Sundhara Securities Limited,300,658.1,197430.0,2025-08-28 12:57:34.727537
2025-08-28,43789,2025082805012295,SAHAS,Dipshikha Dhitopatra Karobar Co. Pvt Ltd.,Sundhara Securities Limited,20,658.0,13160.0,2025-08-28 12:57:34.727564
2025-08-28,43751,2025082805012308,SAHAS,Dipshikha Dhitopatra Karobar Co. Pvt Ltd.,Kalika Securities Pvt. Ltd.,10,658.0,6580.0,2025-08-28 12:57:43.574173
2025-08-28,43641,2025082805012345,SAHAS,Dipshikha Dhitopatra Karobar Co. Pvt Ltd.,Sweta Securities Private Limited,170,658.0,111860.0,2025-08-28 12:58:09.183625
2025-08-28,43640,2025082805012346,SAHAS,South Asian Bulls Pvt. Ltd.,Sweta Securities Private Limited,95,657.1,62424.5,2025-08-28 12:58:09.184296
2025-08-28,43504,2025082805012418,SAHAS,Dakshinkali Investment & Securities Pvt. Ltd.,Roadshow securities limited,100,657.0,65700.0,2025-08-28 12:58:49.836473
2025-08-28,43279,2025082805012504,SAHAS,Dakshinkali Investment & Securities Pvt. Ltd.,Dipshikha Dhitopatra Karobar Co. Pvt Ltd.,100,657.0,65700.0,2025-08-28 12:59:46.152087
2025-08-28,43278,2025082805012505,SAHAS,Ashutosh Brokerage & Securities (PVT) Ltd.,Dipshikha Dhitopatra Karobar Co. Pvt Ltd.,100,657.0,65700.0,2025-08-28 12:59:46.152744
2025-08-28,42906,2025082805012623,SAHAS,Ashutosh Brokerage & Securities (PVT) Ltd.,Nagarik Stock Dealer ,14,657.0,9198.0,2025-08-28 13:01:02.660409
2025-08-28,42858,2025082805012635,SAHAS,Ashutosh Brokerage & Securities (PVT) Ltd.,Kohinoor Investment & Securities Pvt. Ltd.,116,657.0,76212.0,2025-08-28 13:01:07.040459
2025-08-28,42826,2025082805012642,SAHAS,Ashutosh Brokerage & Securities (PVT) Ltd.,Trishakti Securities Public Limited,770,657.0,505890.0,2025-08-28 13:01:15.438428
2025-08-28,42825,2025082805012643,SAHAS,Nepal Investment And Securities Trading Private Limited,Trishakti Securities Public Limited,200,657.0,131400.0,2025-08-28 13:01:15.438721
2025-08-28,42762,2025082805012661,SAHAS,Kohinoor Investment & Securities Pvt. Ltd.,Trishakti Securities Public Limited,30,657.0,19710.0,2025-08-28 13:01:32.195374
2025-08-28,42604,2025082805012707,SAHAS,Kohinoor Investment & Securities Pvt. Ltd.,Naasa Securities Co. Ltd.,20,657.0,13140.0,2025-08-28 13:01:56.110250
2025-08-28,42518,2025082805012731,SAHAS,South Asian Bulls Pvt. Ltd.,Sundhara Securities Limited,50,656.6,32830.0,2025-08-28 13:02:11.970250
2025-08-28,42517,2025082805012732,SAHAS,Cristal Kanchanjanga Securites Pvt. Ltd.,Sundhara Securities Limited,200,656.6,131320.0,2025-08-28 13:02:11.970555
2025-08-28,42380,2025082805012785,SAHAS,Sri Hari Securities Pvt. Ltd.,Siprabi Securities Pvt. Ltd.,200,656.2,131240.0,2025-08-28 13:02:30.635214
2025-08-28,42161,2025082805012881,SAHAS,Sri Hari Securities Pvt. Ltd.,Agrawal Securities (PVT) Ltd.,100,656.2,65620.0,2025-08-28 13:03:18.316103
2025-08-28,41735,2025082805013070,SAHAS,Nepal Stock House (PVT) Ltd.,Agrawal Securities (PVT) Ltd.,25,656.2,16405.0,2025-08-28 13:04:39.639325
2025-08-28,41651,2025082805013103,SAHAS,Nagarik Stock Dealer ,Sundhara Securities Limited,89,656.0,58384.0,2025-08-28 13:05:01.851808
2025-08-28,41650,2025082805013104,SAHAS,Sri Hari Securities Pvt. Ltd.,Sundhara Securities Limited,50,656.0,32800.0,2025-08-28 13:05:01.852137
2025-08-28,41649,2025082805013105,SAHAS,Bhrikuti Stock Broking Co. Pvt. Ltd.,Sundhara Securities Limited,11,656.0,7216.0,2025-08-28 13:05:01.852250
2025-08-28,41640,2025082805013109,SAHAS,Dipshikha Dhitopatra Karobar Co. Pvt Ltd.,Agrawal Securities (PVT) Ltd.,75,656.2,49215.0,2025-08-28 13:05:04.393891
2025-08-28,41600,2025082805013128,SAHAS,Bhrikuti Stock Broking Co. Pvt. Ltd.,Pragyan Securities (PVT) Ltd.,10,656.0,6560.0,2025-08-28 13:05:22.271583
2025-08-28,41550,2025082805013146,SAHAS,Bhrikuti Stock Broking Co. Pvt. Ltd.,Nepal Investment And Securities Trading Private Limited,29,656.0,19024.0,2025-08-28 13:05:34.162960
2025-08-28,41549,2025082805013147,SAHAS,Dipshikha Dhitopatra Karobar Co. Pvt Ltd.,Nepal Investment And Securities Trading Private Limited,29,656.0,19024.0,2025-08-28 13:05:34.163278
2025-08-28,41371,2025082805013194,SAHAS,Dipshikha Dhitopatra Karobar Co. Pvt Ltd.,Sundhara Securities Limited,96,656.0,62976.0,2025-08-28 13:06:23.231263
2025-08-28,41300,2025082805013223,SAHAS,Vision Securities Pvt. Ltd,Naasa Securities Co. Ltd.,180,657.0,118260.0,2025-08-28 13:06:38.639989
2025-08-28,41299,2025082805013224,SAHAS,Vision Securities Pvt. Ltd,Naasa Securities Co. Ltd.,10,657.0,6570.0,2025-08-28 13:06:38.640310
2025-08-28,40731,2025082805013449,SAHAS,J.F. Securites (PVT) Ltd.,Vision Securities Pvt. Ltd,40,658.0,26320.0,2025-08-28 13:09:22.497887
2025-08-28,40604,2025082805013487,SAHAS,Vision Securities Pvt. Ltd,Online Securities Pvt. Ltd.,270,657.0,177390.0,2025-08-28 13:10:08.234557
2025-08-28,40483,2025082805013530,SAHAS,Nepal Stock House (PVT) Ltd.,Deevyaa Securities & Stock House Pvt. Ltd,10,658.0,6580.0,2025-08-28 13:10:50.208707
2025-08-28,40244,2025082805013634,SAHAS,Nepal Stock House (PVT) Ltd.,Arun Securities (PVT) Ltd.,25,658.0,16450.0,2025-08-28 13:12:01.398931
2025-08-28,40164,2025082805013675,SAHAS,Linch Stock Market Ltd.,Arun Securities (PVT) Ltd.,50,658.0,32900.0,2025-08-28 13:12:26.507857
2025-08-28,39828,2025082805013788,SAHAS,Vision Securities Pvt. Ltd,Oxford Securities Pvt. Ltd.,150,657.1,98565.0,2025-08-28 13:14:14.971659
2025-08-28,39572,2025082805013869,SAHAS,Vision Securities Pvt. Ltd,Arun Securities (PVT) Ltd.,250,657.1,164275.0,2025-08-28 13:15:51.240241
2025-08-28,39555,2025082805013882,SAHAS,Vision Securities Pvt. Ltd,Online Securities Pvt. Ltd.,40,657.0,26280.0,2025-08-28 13:15:53.212694
2025-08-28,39554,2025082805013883,SAHAS,Naasa Securities Co. Ltd.,Online Securities Pvt. Ltd.,50,657.0,32850.0,2025-08-28 13:15:53.213009
2025-08-28,39553,2025082805013884,SAHAS,Imperial Securities Company Pvt. Ltd.,Online Securities Pvt. Ltd.,180,656.1,118098.0,2025-08-28 13:15:53.213129
2025-08-28,39130,2025082805014044,SAHAS,Kohinoor Investment & Securities Pvt. Ltd.,Online Securities Pvt. Ltd.,10,657.1,6571.0,2025-08-28 13:17:46.807652
2025-08-28,39129,2025082805014045,SAHAS,Kohinoor Investment & Securities Pvt. Ltd.,Naasa Securities Co. Ltd.,10,659.0,6590.0,2025-08-28 13:17:46.807972
2025-08-28,38575,2025082805014286,SAHAS,Sundhara Securities Limited,Ashutosh Brokerage & Securities (PVT) Ltd.,10,656.2,6562.0,2025-08-28 13:20:25.283303
2025-08-28,37720,2025082805014664,SAHAS,Creative Securities Pvt Ltd,Kumari Securities Private Limited,324,656.6,212738.4,2025-08-28 13:24:55.270495
2025-08-28,37527,2025082805014773,SAHAS,Roadshow securities limited,Naasa Securities Co. Ltd.,10,658.0,6580.0,2025-08-28 13:25:42.856449
2025-08-28,37526,2025082805014774,SAHAS,Roadshow securities limited,Neev Securities Pvt. Ltd.,40,658.0,26320.0,2025-08-28 13:25:42.856756
2025-08-28,37525,2025082805014775,SAHAS,Roadshow securities limited,Online Securities Pvt. Ltd.,100,658.5,65850.0,2025-08-28 13:25:42.856877
2025-08-28,37524,2025082805014776,SAHAS,Roadshow securities limited,Deevyaa Securities & Stock House Pvt. Ltd,500,658.9,329450.0,2025-08-28 13:25:42.856994
2025-08-28,37523,2025082805014777,SAHAS,Roadshow securities limited,Naasa Securities Co. Ltd.,350,659.0,230650.0,2025-08-28 13:25:42.857115
2025-08-28,37431,2025082805014822,SAHAS,Imperial Securities Company Pvt. Ltd.,Naasa Securities Co. Ltd.,40,659.0,26360.0,2025-08-28 13:26:06.189465
2025-08-28,37266,2025082805014897,SAHAS,Vision Securities Pvt. Ltd,Naasa Securities Co. Ltd.,90,659.0,59310.0,2025-08-28 13:27:02.892468
2025-08-28,37216,2025082805014912,SAHAS,Sani Securities Company Ltd.,Naasa Securities Co. Ltd.,10,657.0,6570.0,2025-08-28 13:27:22.017535
2025-08-28,37116,2025082805014958,SAHAS,J.F. Securites (PVT) Ltd.,Sumeru Securities Pvt. Ltd.,80,657.0,52560.0,2025-08-28 13:27:49.495457
2025-08-28,37051,2025082805014988,SAHAS,Trishakti Securities Public Limited,Sundhara Securities Limited,4,656.0,2624.0,2025-08-28 13:28:06.665098
2025-08-28,36755,2025082805015126,SAHAS,J.F. Securites (PVT) Ltd.,Neev Securities Pvt. Ltd.,10,657.0,6570.0,2025-08-28 13:29:27.688309
2025-08-28,36588,2025082805015212,SAHAS,Premier Securities Company Ltd.,Online Securities Pvt. Ltd.,10,657.1,6571.0,2025-08-28 13:30:21.031566
2025-08-28,36424,2025082805015297,SAHAS,Capital Hub P. Ltd,K.B.L. Securities Limited ,10,657.1,6571.0,2025-08-28 13:31:07.494157
2025-08-28,36229,2025082805015390,SAHAS,J.F. Securites (PVT) Ltd.,Vision Securities Pvt. Ltd,410,657.0,269370.0,2025-08-28 13:32:04.534848
2025-08-28,36228,2025082805015391,SAHAS,Naasa Securities Co. Ltd.,Vision Securities Pvt. Ltd,90,657.0,59130.0,2025-08-28 13:32:04.535429
2025-08-28,36079,2025082805015439,SAHAS,Swarna Laxmi Securities Pvt. Ltd.,Secured Securities Ltd.,200,657.1,131420.0,2025-08-28 13:32:52.709969
2025-08-28,36078,2025082805015440,SAHAS,Naasa Securities Co. Ltd.,Secured Securities Ltd.,170,657.0,111690.0,2025-08-28 13:32:52.710336
2025-08-28,36077,2025082805015441,SAHAS,Aryatara Investment & Securities,Secured Securities Ltd.,100,657.0,65700.0,2025-08-28 13:32:52.710525
2025-08-28,36026,2025082805015453,SAHAS,Creative Securities Pvt Ltd,Sharepro Securities Private Limited,500,656.6,328300.0,2025-08-28 13:33:08.195258
2025-08-28,35989,2025082805015467,SAHAS,Creative Securities Pvt Ltd,Sundhara Securities Limited,10,656.6,6566.0,2025-08-28 13:33:18.236393
2025-08-28,35673,2025082805015548,SAHAS,Opal Securities Investment (PVT) Ltd.,Secured Securities Ltd.,209,657.0,137313.0,2025-08-28 13:35:03.663671
2025-08-28,35637,2025082805015563,SAHAS,Creative Securities Pvt Ltd,Swarna Laxmi Securities Pvt. Ltd.,10,656.6,6566.0,2025-08-28 13:35:14.602453
2025-08-28,35626,2025082805015567,SAHAS,Creative Securities Pvt Ltd,Online Securities Pvt. Ltd.,156,656.6,102429.6,2025-08-28 13:35:18.408989
2025-08-28,35625,2025082805015568,SAHAS,Bhrikuti Stock Broking Co. Pvt. Ltd.,Online Securities Pvt. Ltd.,50,656.5,32825.0,2025-08-28 13:35:18.409280
2025-08-28,35624,2025082805015569,SAHAS,Market Securities & Exchange (PVT) Ltd.,Online Securities Pvt. Ltd.,100,656.4,65640.0,2025-08-28 13:35:18.409483
2025-08-28,35623,2025082805015570,SAHAS,Roadshow securities limited,Online Securities Pvt. Ltd.,272,656.4,178540.8,2025-08-28 13:35:18.409655
2025-08-28,35574,2025082805015584,SAHAS,Infinity Securities Limited,Secured Securities Ltd.,121,657.0,79497.0,2025-08-28 13:35:34.008398
2025-08-28,35573,2025082805015585,SAHAS,Infinity Securities Limited,Elite Stock House Limited,29,657.0,19053.0,2025-08-28 13:35:34.008967
2025-08-28,35550,2025082805015593,SAHAS,Roadshow securities limited,Vision Securities Pvt. Ltd,10,656.4,6564.0,2025-08-28 13:35:39.452728
2025-08-28,35278,2025082805015676,SAHAS,ABC Securities Private Limited,Aryatara Investment & Securities,150,657.0,98550.0,2025-08-28 13:36:56.011827
2025-08-28,34940,2025082805015795,SAHAS,Online Securities Pvt. Ltd.,Secured Securities Ltd.,100,657.1,65710.0,2025-08-28 13:38:22.878828
2025-08-28,34835,2025082805015832,SAHAS,Online Securities Pvt. Ltd.,Online Securities Pvt. Ltd.,10,657.1,6571.0,2025-08-28 13:38:56.130009
2025-08-28,34419,2025082805015976,SAHAS,Online Securities Pvt. Ltd.,Dynamic Money Managers Securities Pvt. Ltd.,72,657.1,47311.2,2025-08-28 13:40:37.465687
2025-08-28,34271,2025082805016009,SAHAS,Online Securities Pvt. Ltd.,Nepal Stock House (PVT) Ltd.,10,657.1,6571.0,2025-08-28 13:41:22.775343
2025-08-28,33963,2025082805016094,SAHAS,Online Securities Pvt. Ltd.,Vision Securities Pvt. Ltd,10,657.1,6571.0,2025-08-28 13:43:01.574840
2025-08-28,33922,2025082805016103,SAHAS,Online Securities Pvt. Ltd.,Naasa Securities Co. Ltd.,10,657.1,6571.0,2025-08-28 13:43:11.955042
2025-08-28,33587,2025082805016190,SAHAS,Online Securities Pvt. Ltd.,J.F. Securites (PVT) Ltd.,498,657.1,327235.8,2025-08-28 13:44:22.043568
2025-08-28,33422,2025082805016253,SAHAS,ABC Securities Private Limited,Blue Chip Securities Ltd,2702,657.0,1775214.0,2025-08-28 13:44:42.522028
2025-08-28,33078,2025082805016350,SAHAS,ABC Securities Private Limited,Citizens Share Broker Limited,148,657.0,97236.0,2025-08-28 13:45:34.716780
2025-08-28,33077,2025082805016351,SAHAS,Magnet Securities and Investment Company Private Limited,Citizens Share Broker Limited,352,657.0,231264.0,2025-08-28 13:45:34.717135
2025-08-28,33041,2025082805016365,SAHAS,Magnet Securities and Investment Company Private Limited,Sundhara Securities Limited,131,657.0,86067.0,2025-08-28 13:45:43.610199
2025-08-28,32999,2025082805016382,SAHAS,Magnet Securities and Investment Company Private Limited,Agrawal Securities (PVT) Ltd.,100,657.0,65700.0,2025-08-28 13:45:50.452429
2025-08-28,32985,2025082805016384,SAHAS,Magnet Securities and Investment Company Private Limited,Kohinoor Investment & Securities Pvt. Ltd.,780,657.0,512460.0,2025-08-28 13:45:52.583519
2025-08-28,32864,2025082805016418,SAHAS,Magnet Securities and Investment Company Private Limited,Sweta Securities Private Limited,637,657.0,418509.0,2025-08-28 13:46:12.993058
2025-08-28,32863,2025082805016419,SAHAS,Infinity Securities Limited,Sweta Securities Private Limited,50,656.5,32825.0,2025-08-28 13:46:12.993432
2025-08-28,32862,2025082805016420,SAHAS,Roadshow securities limited,Sweta Securities Private Limited,313,656.4,205453.2,2025-08-28 13:46:12.993568
2025-08-28,32792,2025082805016436,SAHAS,Roadshow securities limited,Naasa Securities Co. Ltd.,405,656.4,265842.0,2025-08-28 13:46:23.027211
2025-08-28,32791,2025082805016437,SAHAS,Imperial Securities Company Pvt. Ltd.,Naasa Securities Co. Ltd.,320,656.1,209952.0,2025-08-28 13:46:23.027529
2025-08-28,32790,2025082805016438,SAHAS,Nagarik Stock Dealer ,Naasa Securities Co. Ltd.,50,656.1,32805.0,2025-08-28 13:46:23.027660
2025-08-28,32789,2025082805016439,SAHAS,South Asian Bulls Pvt. Ltd.,Naasa Securities Co. Ltd.,100,656.0,65600.0,2025-08-28 13:46:23.027798
2025-08-28,32788,2025082805016440,SAHAS,Arun Securities (PVT) Ltd.,Naasa Securities Co. Ltd.,100,656.0,65600.0,2025-08-28 13:46:23.027932
2025-08-28,32787,2025082805016441,SAHAS,Aryatara Investment & Securities,Naasa Securities Co. Ltd.,50,656.0,32800.0,2025-08-28 13:46:23.028061
2025-08-28,32786,2025082805016442,SAHAS,Ashutosh Brokerage & Securities (PVT) Ltd.,Naasa Securities Co. Ltd.,45,656.0,29520.0,2025-08-28 13:46:23.028182
2025-08-28,31803,2025082805016718,SAHAS,Ashutosh Brokerage & Securities (PVT) Ltd.,Online Securities Pvt. Ltd.,10,656.0,6560.0,2025-08-28 13:48:58.256306
2025-08-28,31532,2025082805016801,SAHAS,Ashutosh Brokerage & Securities (PVT) Ltd.,Primo Securities (PVT) Ltd.,154,656.0,101024.0,2025-08-28 13:49:43.641502
2025-08-28,31531,2025082805016802,SAHAS,Ashutosh Brokerage & Securities (PVT) Ltd.,Primo Securities (PVT) Ltd.,50,656.0,32800.0,2025-08-28 13:49:43.642075
2025-08-28,31530,2025082805016803,SAHAS,South Asian Bulls Pvt. Ltd.,Primo Securities (PVT) Ltd.,50,655.3,32765.0,2025-08-28 13:49:43.642490
2025-08-28,31529,2025082805016804,SAHAS,South Asian Bulls Pvt. Ltd.,Primo Securities (PVT) Ltd.,50,655.2,32760.0,2025-08-28 13:49:43.642862
2025-08-28,31528,2025082805016805,SAHAS,Deevyaa Securities & Stock House Pvt. Ltd,Primo Securities (PVT) Ltd.,14,655.2,9172.8,2025-08-28 13:49:43.643246
2025-08-28,31527,2025082805016806,SAHAS,South Asian Bulls Pvt. Ltd.,Primo Securities (PVT) Ltd.,300,655.1,196530.0,2025-08-28 13:49:43.643619
2025-08-28,31526,2025082805016807,SAHAS,Ashutosh Brokerage & Securities (PVT) Ltd.,Primo Securities (PVT) Ltd.,50,655.1,32755.0,2025-08-28 13:49:43.643970
2025-08-28,31525,2025082805016808,SAHAS,Nagarik Stock Dealer ,Primo Securities (PVT) Ltd.,150,655.1,98265.0,2025-08-28 13:49:43.644333
2025-08-28,31524,2025082805016809,SAHAS,Premier Securities Company Ltd.,Primo Securities (PVT) Ltd.,170,655.0,111350.0,2025-08-28 13:49:43.644695
2025-08-28,31523,2025082805016810,SAHAS,Vision Securities Pvt. Ltd,Primo Securities (PVT) Ltd.,100,655.0,65500.0,2025-08-28 13:49:43.645030
2025-08-28,31522,2025082805016811,SAHAS,Vision Securities Pvt. Ltd,Primo Securities (PVT) Ltd.,2000,655.0,1310000.0,2025-08-28 13:49:43.645386
2025-08-28,31521,2025082805016812,SAHAS,Kumari Securities Private Limited,Primo Securities (PVT) Ltd.,912,655.0,597360.0,2025-08-28 13:49:43.645743
2025-08-28,31257,2025082805016881,SAHAS,Kumari Securities Private Limited,Primo Securities (PVT) Ltd.,109,655.0,71395.0,2025-08-28 13:50:34.864789
2025-08-28,30949,2025082805016964,SAHAS,Kumari Securities Private Limited,Vision Securities Pvt. Ltd,479,655.0,313745.0,2025-08-28 13:51:26.457760
2025-08-28,30948,2025082805016965,SAHAS,Kohinoor Investment & Securities Pvt. Ltd.,Vision Securities Pvt. Ltd,21,655.0,13755.0,2025-08-28 13:51:26.458405
2025-08-28,30856,2025082805017007,SAHAS,Online Securities Pvt. Ltd.,Capital Max Securities Ltd,1,657.0,657.0,2025-08-28 13:51:44.695078
2025-08-28,30202,2025082805017183,SAHAS,Kohinoor Investment & Securities Pvt. Ltd.,Global IME Securities Limited,10,655.0,6550.0,2025-08-28 13:53:51.271067
2025-08-28,30127,2025082805017210,SAHAS,Kohinoor Investment & Securities Pvt. Ltd.,Imperial Securities Company Pvt. Ltd.,300,655.0,196500.0,2025-08-28 13:54:08.949220
2025-08-28,30059,2025082805017237,SAHAS,Kohinoor Investment & Securities Pvt. Ltd.,Sani Securities Company Ltd.,169,655.0,110695.0,2025-08-28 13:54:27.054211
2025-08-28,29827,2025082805017280,SAHAS,Trisul Securities & Invt. Ltd.,Nagarik Stock Dealer ,50,654.7,32735.0,2025-08-28 13:55:04.477034
2025-08-28,29826,2025082805017281,SAHAS,South Asian Bulls Pvt. Ltd.,Nagarik Stock Dealer ,50,654.3,32715.0,2025-08-28 13:55:04.477700
2025-08-28,29825,2025082805017282,SAHAS,Premier Securities Company Ltd.,Nagarik Stock Dealer ,300,653.0,195900.0,2025-08-28 13:55:04.478203
2025-08-28,29824,2025082805017283,SAHAS,Sundhara Securities Limited,Nagarik Stock Dealer ,75,653.0,48975.0,2025-08-28 13:55:04.478677
2025-08-28,29823,2025082805017284,SAHAS,Capital Max Securities Ltd,Nagarik Stock Dealer ,20,653.0,13060.0,2025-08-28 13:55:04.479096
2025-08-28,29822,2025082805017285,SAHAS,Sani Securities Company Ltd.,Nagarik Stock Dealer ,500,652.6,326300.0,2025-08-28 13:55:04.479476
2025-08-28,29821,2025082805017286,SAHAS,Trishakti Securities Public Limited,Nagarik Stock Dealer ,60,652.0,39120.0,2025-08-28 13:55:04.479842
2025-08-28,29820,2025082805017287,SAHAS,ABC Securities Private Limited,Nagarik Stock Dealer ,100,652.0,65200.0,2025-08-28 13:55:04.480209
2025-08-28,29819,2025082805017288,SAHAS,Nepal Stock House (PVT) Ltd.,Nagarik Stock Dealer ,120,652.0,78240.0,2025-08-28 13:55:04.480593
2025-08-28,29818,2025082805017289,SAHAS,Magnet Securities and Investment Company Private Limited,Nagarik Stock Dealer ,1000,652.0,652000.0,2025-08-28 13:55:04.480967
2025-08-28,29679,2025082805017326,SAHAS,Sani Securities Company Ltd.,South Asian Bulls Pvt. Ltd.,1500,651.7,977550.0,2025-08-28 13:55:34.230773
2025-08-28,29678,2025082805017327,SAHAS,Sani Securities Company Ltd.,South Asian Bulls Pvt. Ltd.,500,651.7,325850.0,2025-08-28 13:55:34.231074
2025-08-28,29577,2025082805017352,SAHAS,Sani Securities Company Ltd.,Premier Securities Company Ltd.,1000,651.7,651700.0,2025-08-28 13:55:52.449362
2025-08-28,29576,2025082805017353,SAHAS,Sani Securities Company Ltd.,Premier Securities Company Ltd.,1500,651.7,977550.0,2025-08-28 13:55:52.449673
2025-08-28,29459,2025082805017426,SAHAS,Dipshikha Dhitopatra Karobar Co. Pvt Ltd.,Sani Securities Company Ltd.,100,651.1,65110.0,2025-08-28 13:56:00.944347
2025-08-28,29458,2025082805017427,SAHAS,Asian Securities Private Ltd.,Sani Securities Company Ltd.,153,651.1,99618.3,2025-08-28 13:56:00.944449
2025-08-28,29452,2025082805017432,SAHAS,INDEX SECURITIES LIMITED,Premier Securities Company Ltd.,350,651.7,228095.0,2025-08-28 13:56:04.669766
2025-08-28,29425,2025082805017441,SAHAS,Asian Securities Private Ltd.,Sani Securities Company Ltd.,47,651.1,30601.7,2025-08-28 13:56:14.063825
2025-08-28,29424,2025082805017442,SAHAS,Vision Securities Pvt. Ltd,Sani Securities Company Ltd.,753,651.0,490203.0,2025-08-28 13:56:14.063899
2025-08-28,29317,2025082805017467,SAHAS,Vision Securities Pvt. Ltd,J.F. Securites (PVT) Ltd.,10,651.0,6510.0,2025-08-28 13:56:28.813470
2025-08-28,29291,2025082805017481,SAHAS,Vision Securities Pvt. Ltd,Dynamic Money Managers Securities Pvt. Ltd.,251,651.0,163401.0,2025-08-28 13:56:34.074328
2025-08-28,29290,2025082805017482,SAHAS,Aryatara Investment & Securities,Dynamic Money Managers Securities Pvt. Ltd.,49,651.0,31899.0,2025-08-28 13:56:34.074614
2025-08-28,29289,2025082805017483,SAHAS,Aryatara Investment & Securities,Vision Securities Pvt. Ltd,100,651.0,65100.0,2025-08-28 13:56:34.178706
2025-08-28,29287,2025082805017484,SAHAS,Aryatara Investment & Securities,Imperial Securities Company Pvt. Ltd.,150,651.0,97650.0,2025-08-28 13:56:35.507919
2025-08-28,29275,2025082805017490,SAHAS,Arun Securities (PVT) Ltd.,South Asian Bulls Pvt. Ltd.,10,651.0,6510.0,2025-08-28 13:56:38.693370
2025-08-28,29223,2025082805017503,SAHAS,Arun Securities (PVT) Ltd.,Dynamic Money Managers Securities Pvt. Ltd.,90,651.0,58590.0,2025-08-28 13:56:52.315741
2025-08-28,29153,2025082805017522,SAHAS,Capital Hub P. Ltd,Nagarik Stock Dealer ,550,650.4,357720.0,2025-08-28 13:57:11.859719
2025-08-28,29064,2025082805017546,SAHAS,Capital Hub P. Ltd,Himalayan Securities Limited,10,650.4,6504.0,2025-08-28 13:57:34.590346
2025-08-28,28899,2025082805017612,SAHAS,Ashutosh Brokerage & Securities (PVT) Ltd.,Dynamic Money Managers Securities Pvt. Ltd.,410,651.0,266910.0,2025-08-28 13:58:15.016573
2025-08-28,28891,2025082805017613,SAHAS,Ashutosh Brokerage & Securities (PVT) Ltd.,Kohinoor Investment & Securities Pvt. Ltd.,220,651.0,143220.0,2025-08-28 13:58:17.219481
2025-08-28,28737,2025082805017667,SAHAS,Ashutosh Brokerage & Securities (PVT) Ltd.,Nepal Investment And Securities Trading Private Limited,10,651.0,6510.0,2025-08-28 13:58:41.824303
2025-08-28,28588,2025082805017705,SAHAS,Ashutosh Brokerage & Securities (PVT) Ltd.,Arun Securities (PVT) Ltd.,159,651.0,103509.0,2025-08-28 13:59:07.887340
2025-08-28,28422,2025082805017752,SAHAS,Ashutosh Brokerage & Securities (PVT) Ltd.,Arun Securities (PVT) Ltd.,10,651.0,6510.0,2025-08-28 13:59:41.237289
2025-08-28,28117,2025082805017846,SAHAS,Sundhara Securities Limited,Deevyaa Securities & Stock House Pvt. Ltd,52,651.6,33883.2,2025-08-28 14:00:37.744351
2025-08-28,27995,2025082805017899,SAHAS,Ashutosh Brokerage & Securities (PVT) Ltd.,Bhrikuti Stock Broking Co. Pvt. Ltd.,191,651.0,124341.0,2025-08-28 14:00:58.288521
2025-08-28,27964,2025082805017904,SAHAS,Dipshikha Dhitopatra Karobar Co. Pvt Ltd.,Linch Stock Market Ltd.,90,651.0,58590.0,2025-08-28 14:01:03.214334
2025-08-28,27773,2025082805017994,SAHAS,Investment Management Nepal Pvt. Ltd.,Deevyaa Securities & Stock House Pvt. Ltd,35,651.6,22806.0,2025-08-28 14:01:35.840441
2025-08-28,27692,2025082805018016,SAHAS,Dipshikha Dhitopatra Karobar Co. Pvt Ltd.,Asian Securities Private Ltd.,150,651.0,97650.0,2025-08-28 14:01:44.678043
2025-08-28,27686,2025082805018019,SAHAS,Nagarik Stock Dealer ,Deevyaa Securities & Stock House Pvt. Ltd,130,651.6,84708.0,2025-08-28 14:01:45.766212
2025-08-28,27678,2025082805018022,SAHAS,Cristal Kanchanjanga Securites Pvt. Ltd.,Deevyaa Securities & Stock House Pvt. Ltd,283,651.6,184402.8,2025-08-28 14:01:47.855622
2025-08-28,27358,2025082805018176,SAHAS,Cristal Kanchanjanga Securites Pvt. Ltd.,Linch Stock Market Ltd.,66,651.6,43005.6,2025-08-28 14:02:52.188766
2025-08-28,26967,2025082805018283,SAHAS,Cristal Kanchanjanga Securites Pvt. Ltd.,ABC Securities Private Limited,50,651.6,32580.0,2025-08-28 14:04:02.522161
2025-08-28,26918,2025082805018314,SAHAS,Cristal Kanchanjanga Securites Pvt. Ltd.,Aakashbhairab Securities Ltd.,101,651.6,65811.6,2025-08-28 14:04:22.033203
2025-08-28,26917,2025082805018315,SAHAS,Bhrikuti Stock Broking Co. Pvt. Ltd.,Aakashbhairab Securities Ltd.,99,651.0,64449.0,2025-08-28 14:04:22.033794
2025-08-28,26645,2025082805018424,SAHAS,Bhrikuti Stock Broking Co. Pvt. Ltd.,Dipshikha Dhitopatra Karobar Co. Pvt Ltd.,15,651.0,9765.0,2025-08-28 14:05:21.306994
2025-08-28,26644,2025082805018425,SAHAS,Imperial Securities Company Pvt. Ltd.,Dipshikha Dhitopatra Karobar Co. Pvt Ltd.,60,651.0,39060.0,2025-08-28 14:05:21.307328
2025-08-28,26517,2025082805018479,SAHAS,Premier Securities Company Ltd.,Sunrise Securities Limited,10,651.6,6516.0,2025-08-28 14:05:45.970513
2025-08-28,26516,2025082805018480,SAHAS,Premier Securities Company Ltd.,Sri Hari Securities Pvt. Ltd.,100,651.6,65160.0,2025-08-28 14:05:45.971093
2025-08-28,26473,2025082805018494,SAHAS,Premier Securities Company Ltd.,Dipshikha Dhitopatra Karobar Co. Pvt Ltd.,90,651.6,58644.0,2025-08-28 14:05:58.640360
2025-08-28,26258,2025082805018593,SAHAS,Imperial Securities Company Pvt. Ltd.,S.P.S.A. Securities Limited,10,651.0,6510.0,2025-08-28 14:06:39.427373
2025-08-28,25494,2025082805018853,SAHAS,Trishakti Securities Public Limited,Dipshikha Dhitopatra Karobar Co. Pvt Ltd.,5,651.0,3255.0,2025-08-28 14:09:01.619987
2025-08-28,25050,2025082805019026,SAHAS,Kohinoor Investment & Securities Pvt. Ltd.,Dynamic Money Managers Securities Pvt. Ltd.,10,652.0,6520.0,2025-08-28 14:10:41.856696
2025-08-28,24836,2025082805019104,SAHAS,Dipshikha Dhitopatra Karobar Co. Pvt Ltd.,Linch Stock Market Ltd.,20,651.1,13022.0,2025-08-28 14:11:45.266433
2025-08-28,24052,2025082805019369,SAHAS,Naasa Securities Co. Ltd.,Vision Securities Pvt. Ltd,24,653.0,15672.0,2025-08-28 14:14:51.621576
2025-08-28,23878,2025082805019433,SAHAS,Kohinoor Investment & Securities Pvt. Ltd.,Thrive Brokerage House Pvt. Ltd,10,652.0,6520.0,2025-08-28 14:15:34.263962
2025-08-28,23538,2025082805019563,SAHAS,Blue Chip Securities Ltd,Thrive Brokerage House Pvt. Ltd,40,652.0,26080.0,2025-08-28 14:16:33.176373
2025-08-28,23522,2025082805019565,SAHAS,Premier Securities Company Ltd.,Vision Securities Pvt. Ltd,80,653.0,52240.0,2025-08-28 14:16:34.479044
2025-08-28,23521,2025082805019566,SAHAS,Premier Securities Company Ltd.,Dynamic Money Managers Securities Pvt. Ltd.,120,653.0,78360.0,2025-08-28 14:16:34.479818
2025-08-28,23440,2025082805019601,SAHAS,Dipshikha Dhitopatra Karobar Co. Pvt Ltd.,Dynamic Money Managers Securities Pvt. Ltd.,20,653.0,13060.0,2025-08-28 14:16:48.081977
2025-08-28,23439,2025082805019602,SAHAS,Dipshikha Dhitopatra Karobar Co. Pvt Ltd.,Premier Securities Company Ltd.,150,653.0,97950.0,2025-08-28 14:16:48.082324
2025-08-28,23288,2025082805019642,SAHAS,ABC Securities Private Limited,Nepal Investment And Securities Trading Private Limited,10,653.1,6531.0,2025-08-28 14:17:19.969199
2025-08-28,23101,2025082805019725,SAHAS,Sani Securities Company Ltd.,Vision Securities Pvt. Ltd,239,654.0,156306.0,2025-08-28 14:18:03.842485
2025-08-28,23100,2025082805019726,SAHAS,Sani Securities Company Ltd.,Aryatara Investment & Securities,61,654.0,39894.0,2025-08-28 14:18:03.842812
2025-08-28,23088,2025082805019727,SAHAS,ABC Securities Private Limited,Arun Securities (PVT) Ltd.,10,653.1,6531.0,2025-08-28 14:18:04.452567
2025-08-28,23053,2025082805019748,SAHAS,ABC Securities Private Limited,Shree Krishna Securities Ltd.,10,653.1,6531.0,2025-08-28 14:18:13.199502
2025-08-28,22692,2025082805019877,SAHAS,Cristal Kanchanjanga Securites Pvt. Ltd.,Aryatara Investment & Securities,39,654.0,25506.0,2025-08-28 14:19:25.768706
2025-08-28,22635,2025082805019901,SAHAS,Cristal Kanchanjanga Securites Pvt. Ltd.,Online Securities Pvt. Ltd.,10,654.0,6540.0,2025-08-28 14:19:40.261183
2025-08-28,22505,2025082805019945,SAHAS,Market Securities & Exchange (PVT) Ltd.,Dipshikha Dhitopatra Karobar Co. Pvt Ltd.,10,655.0,6550.0,2025-08-28 14:20:05.161766
2025-08-28,22504,2025082805019946,SAHAS,Market Securities & Exchange (PVT) Ltd.,Sani Securities Company Ltd.,40,655.0,26200.0,2025-08-28 14:20:05.162064
2025-08-28,22446,2025082805019963,SAHAS,ABC Securities Private Limited,Online Securities Pvt. Ltd.,20,653.1,13062.0,2025-08-28 14:20:16.589012
2025-08-28,22445,2025082805019964,SAHAS,Premier Securities Company Ltd.,Online Securities Pvt. Ltd.,10,653.1,6531.0,2025-08-28 14:20:16.589401
2025-08-28,22422,2025082805019970,SAHAS,Nepal Investment And Securities Trading Private Limited,Trishakti Securities Public Limited,10,653.0,6530.0,2025-08-28 14:20:21.203908
2025-08-28,21854,2025082805020200,SAHAS,Nepal Investment And Securities Trading Private Limited,Midas Stock Broking Company Private Limited,10,653.0,6530.0,2025-08-28 14:22:07.730142
2025-08-28,21603,2025082805020299,SAHAS,Nepal Investment And Securities Trading Private Limited,Dipshikha Dhitopatra Karobar Co. Pvt Ltd.,35,653.0,22855.0,2025-08-28 14:22:37.529501
2025-08-28,21602,2025082805020300,SAHAS,Blue Chip Securities Ltd,Dipshikha Dhitopatra Karobar Co. Pvt Ltd.,45,653.0,29385.0,2025-08-28 14:22:37.529899
2025-08-28,21441,2025082805020365,SAHAS,Sundhara Securities Limited,Market Securities & Exchange (PVT) Ltd.,100,653.1,65310.0,2025-08-28 14:23:05.237164
2025-08-28,21440,2025082805020366,SAHAS,Blue Chip Securities Ltd,Market Securities & Exchange (PVT) Ltd.,112,653.0,73136.0,2025-08-28 14:23:05.237561
2025-08-28,21254,2025082805020431,SAHAS,Blue Chip Securities Ltd,Imperial Securities Company Pvt. Ltd.,800,653.0,522400.0,2025-08-28 14:23:33.966843
2025-08-28,21159,2025082805020483,SAHAS,Dipshikha Dhitopatra Karobar Co. Pvt Ltd.,Sweta Securities Private Limited,70,652.3,45661.0,2025-08-28 14:23:44.523715
2025-08-28,21158,2025082805020484,SAHAS,Linch Stock Market Ltd.,Sweta Securities Private Limited,20,651.6,13032.0,2025-08-28 14:23:44.524363
2025-08-28,21157,2025082805020485,SAHAS,Primo Securities (PVT) Ltd.,Sweta Securities Private Limited,110,651.6,71676.0,2025-08-28 14:23:44.524789
2025-08-28,21067,2025082805020511,SAHAS,Primo Securities (PVT) Ltd.,Bhrikuti Stock Broking Co. Pvt. Ltd.,390,651.6,254124.0,2025-08-28 14:23:54.809166
2025-08-28,21066,2025082805020512,SAHAS,Cristal Kanchanjanga Securites Pvt. Ltd.,Bhrikuti Stock Broking Co. Pvt. Ltd.,150,651.5,97725.0,2025-08-28 14:23:54.809503
2025-08-28,20944,2025082805020556,SAHAS,Cristal Kanchanjanga Securites Pvt. Ltd.,Imperial Securities Company Pvt. Ltd.,190,651.5,123785.0,2025-08-28 14:24:06.383201
2025-08-28,20915,2025082805020567,SAHAS,Cristal Kanchanjanga Securites Pvt. Ltd.,Creative Securities Pvt Ltd,12,651.5,7818.0,2025-08-28 14:24:11.387668
2025-08-28,20402,2025082805020772,SAHAS,Premier Securities Company Ltd.,Dynamic Money Managers Securities Pvt. Ltd.,10,652.0,6520.0,2025-08-28 14:25:34.542622
2025-08-28,20381,2025082805020780,SAHAS,Naasa Securities Co. Ltd.,South Asian Bulls Pvt. Ltd.,1,661.0,661.0,2025-08-28 14:25:39.578933
2025-08-28,20341,2025082805020799,SAHAS,Premier Securities Company Ltd.,Vision Securities Pvt. Ltd,10,652.0,6520.0,2025-08-28 14:25:50.904655
2025-08-28,19866,2025082805020986,SAHAS,Cristal Kanchanjanga Securites Pvt. Ltd.,Market Securities & Exchange (PVT) Ltd.,60,651.5,39090.0,2025-08-28 14:26:49.504689
2025-08-28,19799,2025082805021023,SAHAS,Kohinoor Investment & Securities Pvt. Ltd.,Online Securities Pvt. Ltd.,10,652.0,6520.0,2025-08-28 14:26:57.223202
2025-08-28,19798,2025082805021024,SAHAS,Kohinoor Investment & Securities Pvt. Ltd.,Deevyaa Securities & Stock House Pvt. Ltd,10,652.0,6520.0,2025-08-28 14:26:57.223814
2025-08-28,19614,2025082805021101,SAHAS,Cristal Kanchanjanga Securites Pvt. Ltd.,Vision Securities Pvt. Ltd,400,651.5,260600.0,2025-08-28 14:27:27.873266
2025-08-28,19274,2025082805021205,SAHAS,Cristal Kanchanjanga Securites Pvt. Ltd.,Naasa Securities Co. Ltd.,10,651.5,6515.0,2025-08-28 14:28:02.187898
2025-08-28,18886,2025082805021368,SAHAS,Cristal Kanchanjanga Securites Pvt. Ltd.,Linch Stock Market Ltd.,178,651.5,115967.0,2025-08-28 14:29:00.244794
2025-08-28,18885,2025082805021369,SAHAS,Nepal Investment And Securities Trading Private Limited,Linch Stock Market Ltd.,50,651.3,32565.0,2025-08-28 14:29:00.245160
2025-08-28,18884,2025082805021370,SAHAS,Imperial Securities Company Pvt. Ltd.,Linch Stock Market Ltd.,230,651.0,149730.0,2025-08-28 14:29:00.245297
2025-08-28,18883,2025082805021371,SAHAS,Cristal Kanchanjanga Securites Pvt. Ltd.,Linch Stock Market Ltd.,500,651.0,325500.0,2025-08-28 14:29:00.245448
2025-08-28,18882,2025082805021372,SAHAS,Dipshikha Dhitopatra Karobar Co. Pvt Ltd.,Linch Stock Market Ltd.,20,651.0,13020.0,2025-08-28 14:29:00.245831
2025-08-28,18881,2025082805021373,SAHAS,Kohinoor Investment & Securities Pvt. Ltd.,Linch Stock Market Ltd.,22,651.0,14322.0,2025-08-28 14:29:00.246042
2025-08-28,18711,2025082805021430,SAHAS,Cristal Kanchanjanga Securites Pvt. Ltd.,Sani Securities Company Ltd.,1,654.0,654.0,2025-08-28 14:29:33.557467
2025-08-28,18314,2025082805021554,SAHAS,Magnet Securities and Investment Company Private Limited,Sewa Securities Pvt. Ltd.,350,652.0,228200.0,2025-08-28 14:30:42.146222
2025-08-28,17717,2025082805021750,SAHAS,Magnet Securities and Investment Company Private Limited,Trishakti Securities Public Limited,300,652.0,195600.0,2025-08-28 14:32:28.325744
2025-08-28,16987,2025082805021927,SAHAS,Magnet Securities and Investment Company Private Limited,Bhrikuti Stock Broking Co. Pvt. Ltd.,350,652.0,228200.0,2025-08-28 14:34:51.793158
2025-08-28,16986,2025082805021928,SAHAS,Sipla Securities Private Limited,Bhrikuti Stock Broking Co. Pvt. Ltd.,600,652.0,391200.0,2025-08-28 14:34:51.793516
2025-08-28,16686,2025082805022020,SAHAS,Nepal Stock House (PVT) Ltd.,ABC Securities Private Limited,16,652.3,10436.8,2025-08-28 14:35:42.320578
2025-08-28,16548,2025082805022084,SAHAS,Sundhara Securities Limited,Thrive Brokerage House Pvt. Ltd,100,652.1,65210.0,2025-08-28 14:35:58.252194
2025-08-28,16547,2025082805022085,SAHAS,Sipla Securities Private Limited,Thrive Brokerage House Pvt. Ltd,250,652.0,163000.0,2025-08-28 14:35:58.252544
2025-08-28,16418,2025082805022134,SAHAS,Sipla Securities Private Limited,Investment Management Nepal Pvt. Ltd.,1111,652.0,724372.0,2025-08-28 14:36:24.813684
2025-08-28,16267,2025082805022177,SAHAS,Sipla Securities Private Limited,Sundhara Securities Limited,50,652.0,32600.0,2025-08-28 14:36:46.682892
2025-08-28,16216,2025082805022185,SAHAS,Sipla Securities Private Limited,Bhrikuti Stock Broking Co. Pvt. Ltd.,130,652.0,84760.0,2025-08-28 14:36:50.524209
2025-08-28,15825,2025082805022310,SAHAS,Sipla Securities Private Limited,Siprabi Securities Pvt. Ltd.,54,652.0,35208.0,2025-08-28 14:37:58.388590
2025-08-28,15105,2025082805022527,SAHAS,Aryatara Investment & Securities,Thrive Brokerage House Pvt. Ltd,100,652.0,65200.0,2025-08-28 14:39:44.187239
2025-08-28,15104,2025082805022528,SAHAS,Kohinoor Investment & Securities Pvt. Ltd.,Thrive Brokerage House Pvt. Ltd,158,652.0,103016.0,2025-08-28 14:39:44.187611
2025-08-28,15103,2025082805022529,SAHAS,Sagarmatha Securities Private Limited,Thrive Brokerage House Pvt. Ltd,42,652.0,27384.0,2025-08-28 14:39:44.187752
2025-08-28,14887,2025082805022577,SAHAS,Sagarmatha Securities Private Limited,Trishakti Securities Public Limited,58,652.0,37816.0,2025-08-28 14:40:17.716754
2025-08-28,14230,2025082805022777,SAHAS,Dipshikha Dhitopatra Karobar Co. Pvt Ltd.,Online Securities Pvt. Ltd.,70,651.2,45584.0,2025-08-28 14:41:42.481390
2025-08-28,14026,2025082805022855,SAHAS,Dipshikha Dhitopatra Karobar Co. Pvt Ltd.,Vision Securities Pvt. Ltd,200,651.2,130240.0,2025-08-28 14:42:12.394637
2025-08-28,13738,2025082805022991,SAHAS,Dipshikha Dhitopatra Karobar Co. Pvt Ltd.,Vision Securities Pvt. Ltd,230,651.2,149776.0,2025-08-28 14:42:40.698073
2025-08-28,13737,2025082805022992,SAHAS,Agrawal Securities (PVT) Ltd.,Vision Securities Pvt. Ltd,30,651.2,19536.0,2025-08-28 14:42:40.698139
2025-08-28,13736,2025082805022993,SAHAS,Midas Stock Broking Company Private Limited,Vision Securities Pvt. Ltd,339,651.1,220722.9,2025-08-28 14:42:40.698170
2025-08-28,13530,2025082805023055,SAHAS,Midas Stock Broking Company Private Limited,Swarna Laxmi Securities Pvt. Ltd.,140,651.1,91154.0,2025-08-28 14:43:06.461569
2025-08-28,12892,2025082805023267,SAHAS,Midas Stock Broking Company Private Limited,Vision Securities Pvt. Ltd,21,651.1,13673.1,2025-08-28 14:44:17.943782
2025-08-28,12891,2025082805023268,SAHAS,Imperial Securities Company Pvt. Ltd.,Vision Securities Pvt. Ltd,19,651.1,12370.9,2025-08-28 14:44:17.944139
2025-08-28,12642,2025082805023367,SAHAS,Asian Securities Private Ltd.,Vision Securities Pvt. Ltd,20,651.0,13020.0,2025-08-28 14:44:37.139920
2025-08-28,12525,2025082805023415,SAHAS,Asian Securities Private Ltd.,Citizens Share Broker Limited,10,651.0,6510.0,2025-08-28 14:44:42.494769
2025-08-28,11778,2025082805023721,SAHAS,Dynamic Money Managers Securities Pvt. Ltd.,Capital Max Securities Ltd,500,650.5,325250.0,2025-08-28 14:46:04.306137
2025-08-28,11777,2025082805023722,SAHAS,Opal Securities Investment (PVT) Ltd.,Capital Max Securities Ltd,500,650.5,325250.0,2025-08-28 14:46:04.306832
2025-08-28,11395,2025082805023874,SAHAS,Opal Securities Investment (PVT) Ltd.,Vision Securities Pvt. Ltd,500,650.5,325250.0,2025-08-28 14:46:41.495265
2025-08-28,11193,2025082805023974,SAHAS,Capital Hub P. Ltd,Oxford Securities Pvt. Ltd.,440,650.4,286176.0,2025-08-28 14:47:00.914749
2025-08-28,11169,2025082805023990,SAHAS,South Asian Bulls Pvt. Ltd.,Online Securities Pvt. Ltd.,100,650.3,65030.0,2025-08-28 14:47:02.526787
2025-08-28,11068,2025082805024033,SAHAS,South Asian Bulls Pvt. Ltd.,Bhrikuti Stock Broking Co. Pvt. Ltd.,100,650.1,65010.0,2025-08-28 14:47:11.624938
2025-08-28,11067,2025082805024034,SAHAS,Dipshikha Dhitopatra Karobar Co. Pvt Ltd.,Bhrikuti Stock Broking Co. Pvt. Ltd.,150,650.1,97515.0,2025-08-28 14:47:11.625587
2025-08-28,11066,2025082805024035,SAHAS,Dipshikha Dhitopatra Karobar Co. Pvt Ltd.,Bhrikuti Stock Broking Co. Pvt. Ltd.,100,650.1,65010.0,2025-08-28 14:47:11.626012
2025-08-28,11065,2025082805024036,SAHAS,Primo Securities (PVT) Ltd.,Bhrikuti Stock Broking Co. Pvt. Ltd.,150,650.0,97500.0,2025-08-28 14:47:11.626423
2025-08-28,11064,2025082805024037,SAHAS,Siprabi Securities Pvt. Ltd.,Bhrikuti Stock Broking Co. Pvt. Ltd.,600,650.0,390000.0,2025-08-28 14:47:11.626838
2025-08-28,11063,2025082805024038,SAHAS,Imperial Securities Company Pvt. Ltd.,Bhrikuti Stock Broking Co. Pvt. Ltd.,400,650.0,260000.0,2025-08-28 14:47:11.627248
2025-08-28,11034,2025082805024044,SAHAS,Imperial Securities Company Pvt. Ltd.,Oxford Securities Pvt. Ltd.,80,650.4,52032.0,2025-08-28 14:47:18.836024
2025-08-28,11019,2025082805024049,SAHAS,Imperial Securities Company Pvt. Ltd.,Ashutosh Brokerage & Securities (PVT) Ltd.,10,650.0,6500.0,2025-08-28 14:47:20.266104
2025-08-28,11018,2025082805024050,SAHAS,Imperial Securities Company Pvt. Ltd.,Elite Stock House Limited,90,650.0,58500.0,2025-08-28 14:47:20.341494
2025-08-28,11017,2025082805024051,SAHAS,Vision Securities Pvt. Ltd,Elite Stock House Limited,100,650.0,65000.0,2025-08-28 14:47:20.341841
2025-08-28,11016,2025082805024052,SAHAS,Secured Securities Ltd.,Elite Stock House Limited,250,650.0,162500.0,2025-08-28 14:47:20.342003
2025-08-28,11015,2025082805024053,SAHAS,South Asian Bulls Pvt. Ltd.,Elite Stock House Limited,60,650.0,39000.0,2025-08-28 14:47:20.342185
2025-08-28,11013,2025082805024054,SAHAS,South Asian Bulls Pvt. Ltd.,Sumeru Securities Pvt. Ltd.,250,650.0,162500.0,2025-08-28 14:47:20.484975
2025-08-28,10505,2025082805024193,SAHAS,Kohinoor Investment & Securities Pvt. Ltd.,Oxford Securities Pvt. Ltd.,100,650.1,65010.0,2025-08-28 14:48:10.395243
2025-08-28,10401,2025082805024221,SAHAS,Kohinoor Investment & Securities Pvt. Ltd.,Elite Stock House Limited,400,650.1,260040.0,2025-08-28 14:48:21.597928
2025-08-28,10400,2025082805024222,SAHAS,South Asian Bulls Pvt. Ltd.,Elite Stock House Limited,100,650.0,65000.0,2025-08-28 14:48:21.598324
2025-08-28,10389,2025082805024224,SAHAS,Premier Securities Company Ltd.,Opal Securities Investment (PVT) Ltd.,10,650.3,6503.0,2025-08-28 14:48:22.892199
2025-08-28,10258,2025082805024275,SAHAS,South Asian Bulls Pvt. Ltd.,Sri Hari Securities Pvt. Ltd.,90,650.0,58500.0,2025-08-28 14:48:39.566266
2025-08-28,10257,2025082805024276,SAHAS,Imperial Securities Company Pvt. Ltd.,Sri Hari Securities Pvt. Ltd.,50,650.0,32500.0,2025-08-28 14:48:39.566432
2025-08-28,10256,2025082805024277,SAHAS,Opal Securities Investment (PVT) Ltd.,Sri Hari Securities Pvt. Ltd.,300,650.0,195000.0,2025-08-28 14:48:39.566517
2025-08-28,10255,2025082805024278,SAHAS,Premier Securities Company Ltd.,Sri Hari Securities Pvt. Ltd.,125,650.0,81250.0,2025-08-28 14:48:39.566604
2025-08-28,10254,2025082805024279,SAHAS,Ashutosh Brokerage & Securities (PVT) Ltd.,Sri Hari Securities Pvt. Ltd.,635,650.0,412750.0,2025-08-28 14:48:39.566662
2025-08-28,10241,2025082805024283,SAHAS,Ashutosh Brokerage & Securities (PVT) Ltd.,Dakshinkali Investment & Securities Pvt. Ltd.,365,650.0,237250.0,2025-08-28 14:48:41.900774
2025-08-28,10240,2025082805024284,SAHAS,Kohinoor Investment & Securities Pvt. Ltd.,Dakshinkali Investment & Securities Pvt. Ltd.,135,650.0,87750.0,2025-08-28 14:48:41.901385
2025-08-28,10195,2025082805024306,SAHAS,Kohinoor Investment & Securities Pvt. Ltd.,Online Securities Pvt. Ltd.,65,650.0,42250.0,2025-08-28 14:48:48.804260
2025-08-28,10194,2025082805024307,SAHAS,Nepal Stock House (PVT) Ltd.,Online Securities Pvt. Ltd.,35,650.0,22750.0,2025-08-28 14:48:48.805062
2025-08-28,10168,2025082805024321,SAHAS,Nepal Stock House (PVT) Ltd.,Opal Securities Investment (PVT) Ltd.,10,650.0,6500.0,2025-08-28 14:48:51.565422
2025-08-28,10049,2025082805024384,SAHAS,Nepal Stock House (PVT) Ltd.,Elite Stock House Limited,155,650.0,100750.0,2025-08-28 14:49:05.862984
2025-08-28,10048,2025082805024385,SAHAS,Sundhara Securities Limited,Elite Stock House Limited,50,650.0,32500.0,2025-08-28 14:49:05.863673
2025-08-28,10047,2025082805024386,SAHAS,Aryatara Investment & Securities,Elite Stock House Limited,100,650.0,65000.0,2025-08-28 14:49:05.864078
2025-08-28,10046,2025082805024387,SAHAS,Trishakti Securities Public Limited,Elite Stock House Limited,80,650.0,52000.0,2025-08-28 14:49:05.864511
2025-08-28,10045,2025082805024388,SAHAS,Sani Securities Company Ltd.,Elite Stock House Limited,115,650.0,74750.0,2025-08-28 14:49:05.864906
2025-08-28,10023,2025082805024399,SAHAS,Sani Securities Company Ltd.,Sri Hari Securities Pvt. Ltd.,35,650.0,22750.0,2025-08-28 14:49:10.048818
2025-08-28,10022,2025082805024400,SAHAS,J.F. Securites (PVT) Ltd.,Sri Hari Securities Pvt. Ltd.,65,650.0,42250.0,2025-08-28 14:49:10.049141
2025-08-28,9745,2025082805024470,SAHAS,J.F. Securites (PVT) Ltd.,Dakshinkali Investment & Securities Pvt. Ltd.,30,650.0,19500.0,2025-08-28 14:49:36.447299
2025-08-28,9736,2025082805024474,SAHAS,Agrawal Securities (PVT) Ltd.,Oxford Securities Pvt. Ltd.,100,650.4,65040.0,2025-08-28 14:49:37.343972
2025-08-28,9625,2025082805024509,SAHAS,J.F. Securites (PVT) Ltd.,Sani Securities Company Ltd.,50,650.0,32500.0,2025-08-28 14:49:50.277093
2025-08-28,9425,2025082805024599,SAHAS,Sani Securities Company Ltd.,Sri Hari Securities Pvt. Ltd.,100,650.1,65010.0,2025-08-28 14:50:12.535684
2025-08-28,9424,2025082805024600,SAHAS,J.F. Securites (PVT) Ltd.,Sri Hari Securities Pvt. Ltd.,150,650.0,97500.0,2025-08-28 14:50:12.535815
2025-08-28,9239,2025082805024694,SAHAS,J.F. Securites (PVT) Ltd.,KALASH STOCK MARKET PVT. LTD.,105,650.0,68250.0,2025-08-28 14:50:24.746474
2025-08-28,8949,2025082805024824,SAHAS,Magnet Securities and Investment Company Private Limited,Oxford Securities Pvt. Ltd.,1000,649.0,649000.0,2025-08-28 14:50:53.660500
2025-08-28,8863,2025082805024851,SAHAS,Naasa Securities Co. Ltd.,Swarna Laxmi Securities Pvt. Ltd.,100,648.2,64820.0,2025-08-28 14:51:02.677653
2025-08-28,8112,2025082805025051,SAHAS,Midas Stock Broking Company Private Limited,Thrive Brokerage House Pvt. Ltd,10,648.1,6481.0,2025-08-28 14:52:04.487908
2025-08-28,7584,2025082805025217,SAHAS,Aakashbhairab Securities Ltd.,Oxford Securities Pvt. Ltd.,1000,649.9,649900.0,2025-08-28 14:52:47.574905
2025-08-28,7304,2025082805025315,SAHAS,Dipshikha Dhitopatra Karobar Co. Pvt Ltd.,Oxford Securities Pvt. Ltd.,10,648.2,6482.0,2025-08-28 14:53:10.617925
2025-08-28,6355,2025082805025571,SAHAS,Dipshikha Dhitopatra Karobar Co. Pvt Ltd.,Sri Hari Securities Pvt. Ltd.,490,648.2,317618.0,2025-08-28 14:54:13.495703
2025-08-28,6354,2025082805025572,SAHAS,Linch Stock Market Ltd.,Sri Hari Securities Pvt. Ltd.,100,648.2,64820.0,2025-08-28 14:54:13.496013
2025-08-28,6353,2025082805025573,SAHAS,Ashutosh Brokerage & Securities (PVT) Ltd.,Sri Hari Securities Pvt. Ltd.,10,648.2,6482.0,2025-08-28 14:54:13.496158
2025-08-28,6352,2025082805025574,SAHAS,Cristal Kanchanjanga Securites Pvt. Ltd.,Sri Hari Securities Pvt. Ltd.,70,648.2,45374.0,2025-08-28 14:54:13.496293
2025-08-28,6308,2025082805025589,SAHAS,Cristal Kanchanjanga Securites Pvt. Ltd.,Primo Securities (PVT) Ltd.,10,648.2,6482.0,2025-08-28 14:54:18.329597
2025-08-28,5852,2025082805025746,SAHAS,Malla & Malla Stock Broking Company Pvt. Limited,Aryatara Investment & Securities,100,649.0,64900.0,2025-08-28 14:54:59.453352
2025-08-28,5851,2025082805025747,SAHAS,Malla & Malla Stock Broking Company Pvt. Limited,Sani Securities Company Ltd.,500,649.0,324500.0,2025-08-28 14:54:59.453738
2025-08-28,5850,2025082805025748,SAHAS,Malla & Malla Stock Broking Company Pvt. Limited,Bhrikuti Stock Broking Co. Pvt. Ltd.,400,649.0,259600.0,2025-08-28 14:54:59.453921
2025-08-28,5849,2025082805025749,SAHAS,Malla & Malla Stock Broking Company Pvt. Limited,Oxford Securities Pvt. Ltd.,1000,649.9,649900.0,2025-08-28 14:54:59.454102
2025-08-28,5689,2025082805025815,SAHAS,Cristal Kanchanjanga Securites Pvt. Ltd.,Malla & Malla Stock Broking Company Pvt. Limited,200,648.2,129640.0,2025-08-28 14:55:11.531622
2025-08-28,5519,2025082805025851,SAHAS,Swarna Laxmi Securities Pvt. Ltd.,Dipshikha Dhitopatra Karobar Co. Pvt Ltd.,90,648.3,58347.0,2025-08-28 14:55:20.787150
2025-08-28,5482,2025082805025862,SAHAS,Online Securities Pvt. Ltd.,KALASH STOCK MARKET PVT. LTD.,10,650.0,6500.0,2025-08-28 14:55:25.378977
2025-08-28,5432,2025082805025874,SAHAS,Swarna Laxmi Securities Pvt. Ltd.,Dipshikha Dhitopatra Karobar Co. Pvt Ltd.,10,648.3,6483.0,2025-08-28 14:55:30.891777
2025-08-28,4639,2025082805026139,SAHAS,Naasa Securities Co. Ltd.,Trishakti Securities Public Limited,44,649.9,28595.6,2025-08-28 14:56:34.221768
2025-08-28,4059,2025082805026349,SAHAS,Nepal Investment And Securities Trading Private Limited,SUN SECURITIES PVT LTD,50,648.5,32425.0,2025-08-28 14:57:11.814745
2025-08-28,4041,2025082805026353,SAHAS,Elite Stock House Limited,SUN SECURITIES PVT LTD,50,648.5,32425.0,2025-08-28 14:57:11.958591
2025-08-28,3818,2025082805026412,SAHAS,Cristal Kanchanjanga Securites Pvt. Ltd.,SUN SECURITIES PVT LTD,50,648.5,32425.0,2025-08-28 14:57:25.494456
2025-08-28,3492,2025082805026534,SAHAS,Sani Securities Company Ltd.,Dipshikha Dhitopatra Karobar Co. Pvt Ltd.,10,648.6,6486.0,2025-08-28 14:57:45.668130
2025-08-28,3356,2025082805026572,SAHAS,Sani Securities Company Ltd.,Capital Max Securities Ltd,53,648.6,34375.8,2025-08-28 14:57:54.207894
2025-08-28,3132,2025082805026657,SAHAS,Sani Securities Company Ltd.,Vision Securities Pvt. Ltd,10,648.6,6486.0,2025-08-28 14:58:08.788192
2025-08-28,2925,2025082805026742,SAHAS,Sani Securities Company Ltd.,Capital Max Securities Ltd,17,648.6,11026.2,2025-08-28 14:58:21.363735
2025-08-28,2770,2025082805026787,SAHAS,Cristal Kanchanjanga Securites Pvt. Ltd.,Oxford Securities Pvt. Ltd.,170,648.5,110245.0,2025-08-28 14:58:28.408550
2025-08-28,2769,2025082805026788,SAHAS,Garima Securities Limited,Oxford Securities Pvt. Ltd.,200,648.5,129700.0,2025-08-28 14:58:28.408874
2025-08-28,2768,2025082805026789,SAHAS,Cristal Kanchanjanga Securites Pvt. Ltd.,Oxford Securities Pvt. Ltd.,80,648.5,51880.0,2025-08-28 14:58:28.409011
2025-08-28,2767,2025082805026790,SAHAS,Opal Securities Investment (PVT) Ltd.,Oxford Securities Pvt. Ltd.,500,648.4,324200.0,2025-08-28 14:58:28.409151
2025-08-28,2766,2025082805026791,SAHAS,Kohinoor Investment & Securities Pvt. Ltd.,Oxford Securities Pvt. Ltd.,50,648.4,32420.0,2025-08-28 14:58:28.409279
2025-08-28,2399,2025082805026882,SAHAS,Sundhara Securities Limited,Bhrikuti Stock Broking Co. Pvt. Ltd.,10,648.5,6485.0,2025-08-28 14:58:43.657491
2025-08-28,2263,2025082805026938,SAHAS,Online Securities Pvt. Ltd.,Bhrikuti Stock Broking Co. Pvt. Ltd.,14,648.5,9079.0,2025-08-28 14:58:49.895421
2025-08-28,1847,2025082805027078,SAHAS,Kohinoor Investment & Securities Pvt. Ltd.,Bhrikuti Stock Broking Co. Pvt. Ltd.,26,648.4,16858.4,2025-08-28 14:59:07.878682
2025-08-28,1843,2025082805027079,SAHAS,Kohinoor Investment & Securities Pvt. Ltd.,Market Securities & Exchange (PVT) Ltd.,424,648.4,274921.6,2025-08-28 14:59:08.072681
2025-08-28,1842,2025082805027080,SAHAS,Swarna Laxmi Securities Pvt. Ltd.,Market Securities & Exchange (PVT) Ltd.,900,648.3,583470.0,2025-08-28 14:59:08.073008
2025-08-28,1841,2025082805027081,SAHAS,Aakashbhairab Securities Ltd.,Market Securities & Exchange (PVT) Ltd.,265,648.3,171799.5,2025-08-28 14:59:08.073155
2025-08-28,1840,2025082805027082,SAHAS,Vision Securities Pvt. Ltd,Market Securities & Exchange (PVT) Ltd.,500,648.3,324150.0,2025-08-28 14:59:08.073294
2025-08-28,1771,2025082805027102,SAHAS,Asian Securities Private Ltd.,Oxford Securities Pvt. Ltd.,40,648.5,25940.0,2025-08-28 14:59:10.861972
2025-08-28,1770,2025082805027103,SAHAS,Bhrikuti Stock Broking Co. Pvt. Ltd.,Oxford Securities Pvt. Ltd.,340,648.3,220422.0,2025-08-28 14:59:10.862279
2025-08-28,1635,2025082805027147,SAHAS,Capital Max Securities Ltd,Deevyaa Securities & Stock House Pvt. Ltd,222,648.4,143944.8,2025-08-28 14:59:16.877950
2025-08-28,1634,2025082805027148,SAHAS,Capital Max Securities Ltd,Capital Max Securities Ltd,33,648.6,21403.8,2025-08-28 14:59:16.878268
2025-08-28,1633,2025082805027149,SAHAS,Capital Max Securities Ltd,Naasa Securities Co. Ltd.,10,649.0,6490.0,2025-08-28 14:59:16.878438
2025-08-28,1632,2025082805027150,SAHAS,Capital Max Securities Ltd,KALASH STOCK MARKET PVT. LTD.,35,649.0,22715.0,2025-08-28 14:59:16.878574
2025-08-28,485,2025082805027581,SAHAS,Dipshikha Dhitopatra Karobar Co. Pvt Ltd.,KALASH STOCK MARKET PVT. LTD.,20,649.0,12980.0,2025-08-28 14:59:48.794860
