Date,S.N.,contract_id,symbol,buyer_broker,seller_broker,volume,price,amount,transaction_time
2025-08-28,77964,2025082804000131,UNHPL,Sewa Securities Pvt. Ltd.,Siprabi Securities Pvt. Ltd.,100,405.0,40500.0,2025-08-28 11:02:27.868405
2025-08-28,77918,2025082804000143,UNHPL,Dynamic Money Managers Securities Pvt. Ltd.,Trishakti Securities Public Limited,1000,404.5,404500.0,2025-08-28 11:02:44.316068
2025-08-28,77832,2025082804000181,UNHPL,Dynamic Money Managers Securities Pvt. Ltd.,Sumeru Securities Pvt. Ltd.,500,404.5,202250.0,2025-08-28 11:03:03.090108
2025-08-28,77748,2025082804000194,UNHPL,Dynamic Money Managers Securities Pvt. Ltd.,Vision Securities Pvt. Ltd,400,404.5,161800.0,2025-08-28 11:03:18.578262
2025-08-28,77728,2025082804000197,UNHPL,Dynamic Money Managers Securities Pvt. Ltd.,Kohinoor Investment & Securities Pvt. Ltd.,10,404.5,4045.0,2025-08-28 11:03:25.827717
2025-08-28,77681,2025082804000217,UNHPL,Dynamic Money Managers Securities Pvt. Ltd.,ABC Securities Private Limited,1000,404.5,404500.0,2025-08-28 11:03:40.757268
2025-08-28,77662,2025082804000221,UNHPL,Dynamic Money Managers Securities Pvt. Ltd.,KALASH STOCK MARKET PVT. LTD.,200,404.5,80900.0,2025-08-28 11:03:47.012775
2025-08-28,77601,2025082804000245,UNHPL,Trademow Securities Private Limited,Sumeru Securities Pvt. Ltd.,500,406.9,203450.0,2025-08-28 11:03:59.306430
2025-08-28,77564,2025082804000258,UNHPL,Dynamic Money Managers Securities Pvt. Ltd.,KALASH STOCK MARKET PVT. LTD.,200,404.5,80900.0,2025-08-28 11:04:09.551881
2025-08-28,77310,2025082804000373,UNHPL,Capital Max Securities Ltd,Sumeru Securities Pvt. Ltd.,500,406.9,203450.0,2025-08-28 11:04:55.053983
2025-08-28,77309,2025082804000374,UNHPL,Capital Max Securities Ltd,Bhrikuti Stock Broking Co. Pvt. Ltd.,10,407.0,4070.0,2025-08-28 11:04:55.054017
2025-08-28,77146,2025082804000419,UNHPL,Capital Max Securities Ltd,Bhrikuti Stock Broking Co. Pvt. Ltd.,290,407.0,118030.0,2025-08-28 11:05:36.264532
2025-08-28,77145,2025082804000420,UNHPL,Capital Max Securities Ltd,Bhrikuti Stock Broking Co. Pvt. Ltd.,10,409.0,4090.0,2025-08-28 11:05:36.264642
2025-08-28,77056,2025082804000445,UNHPL,Capital Max Securities Ltd,Bhrikuti Stock Broking Co. Pvt. Ltd.,290,409.0,118610.0,2025-08-28 11:05:55.275875
2025-08-28,77055,2025082804000446,UNHPL,Capital Max Securities Ltd,Vision Securities Pvt. Ltd,100,409.0,40900.0,2025-08-28 11:05:55.276078
2025-08-28,77054,2025082804000447,UNHPL,Capital Max Securities Ltd,Kohinoor Investment & Securities Pvt. Ltd.,100,409.8,40980.0,2025-08-28 11:05:55.276184
2025-08-28,77053,2025082804000448,UNHPL,Capital Max Securities Ltd,Linch Stock Market Ltd.,10,410.0,4100.0,2025-08-28 11:05:55.276284
2025-08-28,76622,2025082804000547,UNHPL,Dynamic Money Managers Securities Pvt. Ltd.,Agrawal Securities (PVT) Ltd.,1200,404.5,485400.0,2025-08-28 11:07:46.627116
2025-08-28,76534,2025082804000569,UNHPL,Neev Securities Pvt. Ltd.,Agrawal Securities (PVT) Ltd.,500,404.6,202300.0,2025-08-28 11:08:03.741842
2025-08-28,76533,2025082804000570,UNHPL,Dynamic Money Managers Securities Pvt. Ltd.,Agrawal Securities (PVT) Ltd.,490,404.5,198205.0,2025-08-28 11:08:03.742049
2025-08-28,76532,2025082804000571,UNHPL,Dynamic Money Managers Securities Pvt. Ltd.,Agrawal Securities (PVT) Ltd.,210,404.5,84945.0,2025-08-28 11:08:03.742171
2025-08-28,76468,2025082804000583,UNHPL,Dynamic Money Managers Securities Pvt. Ltd.,Agrawal Securities (PVT) Ltd.,1200,404.5,485400.0,2025-08-28 11:08:17.855552
2025-08-28,76363,2025082804000606,UNHPL,Dynamic Money Managers Securities Pvt. Ltd.,Agrawal Securities (PVT) Ltd.,1200,404.5,485400.0,2025-08-28 11:08:40.109599
2025-08-28,76301,2025082804000619,UNHPL,Dynamic Money Managers Securities Pvt. Ltd.,Agrawal Securities (PVT) Ltd.,1200,404.5,485400.0,2025-08-28 11:08:52.233860
2025-08-28,76104,2025082804000666,UNHPL,Naasa Securities Co. Ltd.,Imperial Securities Company Pvt. Ltd.,100,400.0,40000.0,2025-08-28 11:09:50.071978
2025-08-28,76103,2025082804000667,UNHPL,Imperial Securities Company Pvt. Ltd.,Imperial Securities Company Pvt. Ltd.,500,400.0,200000.0,2025-08-28 11:09:50.072162
2025-08-28,76102,2025082804000668,UNHPL,South Asian Bulls Pvt. Ltd.,Imperial Securities Company Pvt. Ltd.,500,400.0,200000.0,2025-08-28 11:09:50.072333
2025-08-28,76101,2025082804000669,UNHPL,Swarna Laxmi Securities Pvt. Ltd.,Imperial Securities Company Pvt. Ltd.,500,400.0,200000.0,2025-08-28 11:09:50.072462
2025-08-28,76100,2025082804000670,UNHPL,Agrawal Securities (PVT) Ltd.,Imperial Securities Company Pvt. Ltd.,1000,400.0,400000.0,2025-08-28 11:09:50.072656
2025-08-28,76099,2025082804000671,UNHPL,Sumeru Securities Pvt. Ltd.,Imperial Securities Company Pvt. Ltd.,100,400.0,40000.0,2025-08-28 11:09:50.072790
2025-08-28,76098,2025082804000672,UNHPL,Capital Max Securities Ltd,Imperial Securities Company Pvt. Ltd.,300,398.9,119670.0,2025-08-28 11:09:50.072914
2025-08-28,75826,2025082804000752,UNHPL,Asian Securities Private Ltd.,Agrawal Securities (PVT) Ltd.,370,401.1,148407.0,2025-08-28 11:10:42.197763
2025-08-28,75718,2025082804000784,UNHPL,Asian Securities Private Ltd.,Vision Securities Pvt. Ltd,630,401.1,252693.0,2025-08-28 11:11:06.704842
2025-08-28,75717,2025082804000785,UNHPL,Thrive Brokerage House Pvt. Ltd,Vision Securities Pvt. Ltd,250,401.0,100250.0,2025-08-28 11:11:06.705045
2025-08-28,75329,2025082804000885,UNHPL,Shree Krishna Securities Ltd.,Vision Securities Pvt. Ltd,120,401.0,48120.0,2025-08-28 11:12:35.025173
2025-08-28,74273,2025082804001225,UNHPL,Sweta Securities Private Limited,Deevyaa Securities & Stock House Pvt. Ltd,500,401.1,200550.0,2025-08-28 11:15:57.873618
2025-08-28,72501,2025082804001725,UNHPL,Sagarmatha Securities Private Limited,Kohinoor Investment & Securities Pvt. Ltd.,10,405.0,4050.0,2025-08-28 11:21:32.102792
2025-08-28,71738,2025082804001942,UNHPL,APPLE SECURITIES PRIVATE LIMITED,Sumeru Securities Pvt. Ltd.,500,403.0,201500.0,2025-08-28 11:23:28.189693
2025-08-28,71737,2025082804001943,UNHPL,Cristal Kanchanjanga Securites Pvt. Ltd.,Sumeru Securities Pvt. Ltd.,500,403.0,201500.0,2025-08-28 11:23:28.189839
2025-08-28,71736,2025082804001944,UNHPL,Sagarmatha Securities Private Limited,Sumeru Securities Pvt. Ltd.,2000,403.0,806000.0,2025-08-28 11:23:28.189895
2025-08-28,71559,2025082804001991,UNHPL,Online Securities Pvt. Ltd.,Sumeru Securities Pvt. Ltd.,10,403.0,4030.0,2025-08-28 11:23:58.333675
2025-08-28,71558,2025082804001992,UNHPL,Sweta Securities Private Limited,Sumeru Securities Pvt. Ltd.,2990,403.0,1204970.0,2025-08-28 11:23:58.333863
2025-08-28,71262,2025082804002049,UNHPL,Sagarmatha Securities Private Limited,Kumari Securities Private Limited,10,406.0,4060.0,2025-08-28 11:24:37.209538
2025-08-28,71211,2025082804002077,UNHPL,Sweta Securities Private Limited,Deevyaa Securities & Stock House Pvt. Ltd,10,403.0,4030.0,2025-08-28 11:24:41.410761
2025-08-28,70142,2025082804002377,UNHPL,Himalayan Brokerage Company Limited,Deevyaa Securities & Stock House Pvt. Ltd,10,402.3,4023.0,2025-08-28 11:27:37.896452
2025-08-28,69996,2025082804002405,UNHPL,Kohinoor Investment & Securities Pvt. Ltd.,Property Wiard Limited,200,402.2,80440.0,2025-08-28 11:28:06.452489
2025-08-28,69989,2025082804002406,UNHPL,Kohinoor Investment & Securities Pvt. Ltd.,Deevyaa Securities & Stock House Pvt. Ltd,300,402.2,120660.0,2025-08-28 11:28:08.051632
2025-08-28,69858,2025082804002432,UNHPL,Kohinoor Investment & Securities Pvt. Ltd.,Sumeru Securities Pvt. Ltd.,500,402.2,201100.0,2025-08-28 11:28:34.717158
2025-08-28,69857,2025082804002433,UNHPL,Himalayan Brokerage Company Limited,Sumeru Securities Pvt. Ltd.,500,402.1,201050.0,2025-08-28 11:28:34.717303
2025-08-28,69059,2025082804002611,UNHPL,Kalika Securities Pvt. Ltd.,Cristal Kanchanjanga Securites Pvt. Ltd.,50,402.0,20100.0,2025-08-28 11:31:02.687152
2025-08-28,69058,2025082804002612,UNHPL,Dynamic Money Managers Securities Pvt. Ltd.,Cristal Kanchanjanga Securites Pvt. Ltd.,950,402.0,381900.0,2025-08-28 11:31:02.687496
2025-08-28,68952,2025082804002648,UNHPL,Dynamic Money Managers Securities Pvt. Ltd.,Sri Hari Securities Pvt. Ltd.,325,402.0,130650.0,2025-08-28 11:31:17.113805
2025-08-28,68936,2025082804002655,UNHPL,Dynamic Money Managers Securities Pvt. Ltd.,Cristal Kanchanjanga Securites Pvt. Ltd.,325,402.0,130650.0,2025-08-28 11:31:19.777364
2025-08-28,68693,2025082804002702,UNHPL,Aryatara Investment & Securities,Sumeru Securities Pvt. Ltd.,1010,401.1,405111.0,2025-08-28 11:32:10.789692
2025-08-28,68692,2025082804002703,UNHPL,Sagarmatha Securities Private Limited,Sumeru Securities Pvt. Ltd.,2000,401.1,802200.0,2025-08-28 11:32:10.789813
2025-08-28,68691,2025082804002704,UNHPL,Neev Securities Pvt. Ltd.,Sumeru Securities Pvt. Ltd.,200,401.1,80220.0,2025-08-28 11:32:10.789887
2025-08-28,68690,2025082804002705,UNHPL,Shree Krishna Securities Ltd.,Sumeru Securities Pvt. Ltd.,180,401.0,72180.0,2025-08-28 11:32:10.789962
2025-08-28,68689,2025082804002706,UNHPL,Secured Securities Ltd.,Sumeru Securities Pvt. Ltd.,1000,401.0,401000.0,2025-08-28 11:32:10.790035
2025-08-28,68688,2025082804002707,UNHPL,Online Securities Pvt. Ltd.,Sumeru Securities Pvt. Ltd.,10,401.0,4010.0,2025-08-28 11:32:10.790105
2025-08-28,68687,2025082804002708,UNHPL,Kalika Securities Pvt. Ltd.,Sumeru Securities Pvt. Ltd.,50,401.0,20050.0,2025-08-28 11:32:10.790174
2025-08-28,68686,2025082804002709,UNHPL,Online Securities Pvt. Ltd.,Sumeru Securities Pvt. Ltd.,2500,400.0,1000000.0,2025-08-28 11:32:10.790257
2025-08-28,68685,2025082804002710,UNHPL,Magnet Securities and Investment Company Private Limited,Sumeru Securities Pvt. Ltd.,200,400.0,80000.0,2025-08-28 11:32:10.790396
2025-08-28,68684,2025082804002711,UNHPL,Dipshikha Dhitopatra Karobar Co. Pvt Ltd.,Sumeru Securities Pvt. Ltd.,23,400.0,9200.0,2025-08-28 11:32:10.790465
2025-08-28,68683,2025082804002712,UNHPL,Kohinoor Investment & Securities Pvt. Ltd.,Sumeru Securities Pvt. Ltd.,1000,400.0,400000.0,2025-08-28 11:32:10.790533
2025-08-28,68682,2025082804002713,UNHPL,Primo Securities (PVT) Ltd.,Sumeru Securities Pvt. Ltd.,1000,399.1,399100.0,2025-08-28 11:32:10.790603
2025-08-28,68681,2025082804002714,UNHPL,Thrive Brokerage House Pvt. Ltd,Sumeru Securities Pvt. Ltd.,250,399.0,99750.0,2025-08-28 11:32:10.790678
2025-08-28,68680,2025082804002715,UNHPL,Trishakti Securities Public Limited,Sumeru Securities Pvt. Ltd.,500,399.0,199500.0,2025-08-28 11:32:10.790740
2025-08-28,68679,2025082804002716,UNHPL,Trisul Securities & Invt. Ltd.,Sumeru Securities Pvt. Ltd.,25,399.0,9975.0,2025-08-28 11:32:10.790827
2025-08-28,68678,2025082804002717,UNHPL,Online Securities Pvt. Ltd.,Sumeru Securities Pvt. Ltd.,1500,399.0,598500.0,2025-08-28 11:32:10.790904
2025-08-28,68677,2025082804002718,UNHPL,Sani Securities Company Ltd.,Sumeru Securities Pvt. Ltd.,50,397.0,19850.0,2025-08-28 11:32:10.790977
2025-08-28,68676,2025082804002719,UNHPL,Dipshikha Dhitopatra Karobar Co. Pvt Ltd.,Sumeru Securities Pvt. Ltd.,502,397.0,199294.0,2025-08-28 11:32:10.791055
2025-08-28,68626,2025082804002739,UNHPL,Dipshikha Dhitopatra Karobar Co. Pvt Ltd.,Sumeru Securities Pvt. Ltd.,1000,397.0,397000.0,2025-08-28 11:32:20.829544
2025-08-28,68487,2025082804002778,UNHPL,Dipshikha Dhitopatra Karobar Co. Pvt Ltd.,Sumeru Securities Pvt. Ltd.,1500,397.0,595500.0,2025-08-28 11:32:42.971272
2025-08-28,68397,2025082804002794,UNHPL,Dipshikha Dhitopatra Karobar Co. Pvt Ltd.,Trishakti Securities Public Limited,100,397.0,39700.0,2025-08-28 11:32:55.559801
2025-08-28,67724,2025082804002953,UNHPL,N.I.M.B. Stock Markets Limited,Sumeru Securities Pvt. Ltd.,200,397.1,79420.0,2025-08-28 11:34:43.453274
2025-08-28,67723,2025082804002954,UNHPL,Dipshikha Dhitopatra Karobar Co. Pvt Ltd.,Sumeru Securities Pvt. Ltd.,1898,397.0,753506.0,2025-08-28 11:34:43.453389
2025-08-28,67722,2025082804002955,UNHPL,Imperial Securities Company Pvt. Ltd.,Sumeru Securities Pvt. Ltd.,3000,397.0,1191000.0,2025-08-28 11:34:43.453476
2025-08-28,67721,2025082804002956,UNHPL,Vision Securities Pvt. Ltd,Sumeru Securities Pvt. Ltd.,90,397.0,35730.0,2025-08-28 11:34:43.453551
2025-08-28,67720,2025082804002957,UNHPL,Capital Max Securities Ltd,Sumeru Securities Pvt. Ltd.,4812,396.9,1909882.8,2025-08-28 11:34:43.453649
2025-08-28,67593,2025082804003004,UNHPL,Capital Max Securities Ltd,Vision Securities Pvt. Ltd,65,396.9,25798.5,2025-08-28 11:35:04.321044
2025-08-28,66896,2025082804003127,UNHPL,Investment Management Nepal Pvt. Ltd.,Deevyaa Securities & Stock House Pvt. Ltd,50,397.2,19860.0,2025-08-28 11:37:37.144678
2025-08-28,66032,2025082804003335,UNHPL,Midas Stock Broking Company Private Limited,Naasa Securities Co. Ltd.,100,400.0,40000.0,2025-08-28 11:41:17.786364
2025-08-28,65472,2025082804003467,UNHPL,Imperial Securities Company Pvt. Ltd.,Naasa Securities Co. Ltd.,50,400.0,20000.0,2025-08-28 11:43:29.746583
2025-08-28,65282,2025082804003506,UNHPL,Secured Securities Ltd.,Naasa Securities Co. Ltd.,250,400.0,100000.0,2025-08-28 11:44:11.313471
2025-08-28,65281,2025082804003507,UNHPL,Secured Securities Ltd.,Sani Securities Company Ltd.,20,400.0,8000.0,2025-08-28 11:44:11.313684
2025-08-28,65280,2025082804003508,UNHPL,Secured Securities Ltd.,Neev Securities Pvt. Ltd.,50,400.0,20000.0,2025-08-28 11:44:11.313749
2025-08-28,65108,2025082804003550,UNHPL,Capital Hub P. Ltd,Bhrikuti Stock Broking Co. Pvt. Ltd.,339,401.0,135939.0,2025-08-28 11:44:51.629600
2025-08-28,65107,2025082804003551,UNHPL,Capital Hub P. Ltd,Online Securities Pvt. Ltd.,350,401.9,140665.0,2025-08-28 11:44:51.629888
2025-08-28,65106,2025082804003552,UNHPL,Capital Hub P. Ltd,Cristal Kanchanjanga Securites Pvt. Ltd.,675,402.0,271350.0,2025-08-28 11:44:51.630081
2025-08-28,65105,2025082804003553,UNHPL,Capital Hub P. Ltd,Deevyaa Securities & Stock House Pvt. Ltd,136,403.0,54808.0,2025-08-28 11:44:51.630419
2025-08-28,65074,2025082804003564,UNHPL,ABC Securities Private Limited,Deevyaa Securities & Stock House Pvt. Ltd,214,403.0,86242.0,2025-08-28 11:45:00.833001
2025-08-28,65073,2025082804003565,UNHPL,ABC Securities Private Limited,Aryatara Investment & Securities,200,404.0,80800.0,2025-08-28 11:45:00.833193
2025-08-28,65072,2025082804003566,UNHPL,ABC Securities Private Limited,Swarna Laxmi Securities Pvt. Ltd.,500,404.0,202000.0,2025-08-28 11:45:00.833257
2025-08-28,65071,2025082804003567,UNHPL,ABC Securities Private Limited,Secured Securities Ltd.,100,405.0,40500.0,2025-08-28 11:45:00.833371
2025-08-28,65070,2025082804003568,UNHPL,ABC Securities Private Limited,Sumeru Securities Pvt. Ltd.,3986,405.0,1614330.0,2025-08-28 11:45:00.833428
2025-08-28,64965,2025082804003591,UNHPL,ABC Securities Private Limited,INDEX SECURITIES LIMITED,760,404.9,307724.0,2025-08-28 11:45:34.184927
2025-08-28,64964,2025082804003592,UNHPL,ABC Securities Private Limited,Sumeru Securities Pvt. Ltd.,1014,405.0,410670.0,2025-08-28 11:45:34.185019
2025-08-28,64963,2025082804003593,UNHPL,ABC Securities Private Limited,Naasa Securities Co. Ltd.,700,405.0,283500.0,2025-08-28 11:45:34.185093
2025-08-28,64962,2025082804003594,UNHPL,ABC Securities Private Limited,Vision Securities Pvt. Ltd,526,405.0,213030.0,2025-08-28 11:45:34.185182
2025-08-28,63895,2025082804003888,UNHPL,R.B.B. Securities Company Ltd,Nepal Investment And Securities Trading Private Limited,65,402.0,26130.0,2025-08-28 11:50:05.249869
2025-08-28,63331,2025082804004040,UNHPL,SHUBHAKAMANA SECURITIES PVT. LTD,Naasa Securities Co. Ltd.,100,404.9,40490.0,2025-08-28 11:52:08.610792
2025-08-28,63330,2025082804004041,UNHPL,SHUBHAKAMANA SECURITIES PVT. LTD,Vision Securities Pvt. Ltd,368,405.0,149040.0,2025-08-28 11:52:08.610953
2025-08-28,63329,2025082804004042,UNHPL,SHUBHAKAMANA SECURITIES PVT. LTD,Deevyaa Securities & Stock House Pvt. Ltd,500,405.0,202500.0,2025-08-28 11:52:08.611023
2025-08-28,63328,2025082804004043,UNHPL,SHUBHAKAMANA SECURITIES PVT. LTD,Sumeru Securities Pvt. Ltd.,500,405.6,202800.0,2025-08-28 11:52:08.611117
2025-08-28,63327,2025082804004044,UNHPL,SHUBHAKAMANA SECURITIES PVT. LTD,Sumeru Securities Pvt. Ltd.,100,405.7,40570.0,2025-08-28 11:52:08.611185
2025-08-28,63326,2025082804004045,UNHPL,SHUBHAKAMANA SECURITIES PVT. LTD,Thrive Brokerage House Pvt. Ltd,20,405.9,8118.0,2025-08-28 11:52:08.611250
2025-08-28,63325,2025082804004046,UNHPL,SHUBHAKAMANA SECURITIES PVT. LTD,Naasa Securities Co. Ltd.,110,406.0,44660.0,2025-08-28 11:52:08.611324
2025-08-28,63324,2025082804004047,UNHPL,SHUBHAKAMANA SECURITIES PVT. LTD,Capital Max Securities Ltd,3302,406.0,1340612.0,2025-08-28 11:52:08.611396
2025-08-28,63160,2025082804004128,UNHPL,Online Securities Pvt. Ltd.,Naasa Securities Co. Ltd.,100,403.0,40300.0,2025-08-28 11:52:43.793832
2025-08-28,63159,2025082804004129,UNHPL,Capital Max Securities Ltd,Naasa Securities Co. Ltd.,400,403.0,161200.0,2025-08-28 11:52:43.794217
2025-08-28,62762,2025082804004283,UNHPL,Deevyaa Securities & Stock House Pvt. Ltd,Capital Max Securities Ltd,1600,406.8,650880.0,2025-08-28 11:53:59.906945
2025-08-28,62199,2025082804004398,UNHPL,Deevyaa Securities & Stock House Pvt. Ltd,Vision Securities Pvt. Ltd,300,406.0,121800.0,2025-08-28 11:56:05.918382
2025-08-28,62198,2025082804004399,UNHPL,Deevyaa Securities & Stock House Pvt. Ltd,Kohinoor Investment & Securities Pvt. Ltd.,100,406.7,40670.0,2025-08-28 11:56:05.918485
2025-08-28,62197,2025082804004400,UNHPL,Deevyaa Securities & Stock House Pvt. Ltd,Sumeru Securities Pvt. Ltd.,100,406.9,40690.0,2025-08-28 11:56:05.918585
2025-08-28,61733,2025082804004517,UNHPL,Capital Max Securities Ltd,Sumeru Securities Pvt. Ltd.,400,406.9,162760.0,2025-08-28 11:57:49.357637
2025-08-28,61676,2025082804004530,UNHPL,Sri Hari Securities Pvt. Ltd.,Swarna Laxmi Securities Pvt. Ltd.,500,407.0,203500.0,2025-08-28 11:58:00.392958
2025-08-28,61675,2025082804004531,UNHPL,Sri Hari Securities Pvt. Ltd.,Linch Stock Market Ltd.,50,407.0,20350.0,2025-08-28 11:58:00.393336
2025-08-28,61674,2025082804004532,UNHPL,Sri Hari Securities Pvt. Ltd.,Aryatara Investment & Securities,400,408.0,163200.0,2025-08-28 11:58:00.393568
2025-08-28,61673,2025082804004533,UNHPL,Sri Hari Securities Pvt. Ltd.,Sumeru Securities Pvt. Ltd.,50,408.0,20400.0,2025-08-28 11:58:00.393788
2025-08-28,61635,2025082804004539,UNHPL,Sri Hari Securities Pvt. Ltd.,Sumeru Securities Pvt. Ltd.,235,408.0,95880.0,2025-08-28 11:58:06.436190
2025-08-28,61634,2025082804004540,UNHPL,Sri Hari Securities Pvt. Ltd.,Kohinoor Investment & Securities Pvt. Ltd.,50,408.0,20400.0,2025-08-28 11:58:06.436354
2025-08-28,61633,2025082804004541,UNHPL,Sri Hari Securities Pvt. Ltd.,Thrive Brokerage House Pvt. Ltd,100,408.0,40800.0,2025-08-28 11:58:06.436420
2025-08-28,61413,2025082804004600,UNHPL,Bhrikuti Stock Broking Co. Pvt. Ltd.,Sumeru Securities Pvt. Ltd.,100,408.8,40880.0,2025-08-28 11:58:57.673490
2025-08-28,61412,2025082804004601,UNHPL,Bhrikuti Stock Broking Co. Pvt. Ltd.,Deevyaa Securities & Stock House Pvt. Ltd,30,408.9,12267.0,2025-08-28 11:58:57.673554
2025-08-28,61411,2025082804004602,UNHPL,Bhrikuti Stock Broking Co. Pvt. Ltd.,Citizens Share Broker Limited,500,408.9,204450.0,2025-08-28 11:58:57.673580
2025-08-28,61410,2025082804004603,UNHPL,Bhrikuti Stock Broking Co. Pvt. Ltd.,Premier Securities Company Ltd.,10,409.0,4090.0,2025-08-28 11:58:57.673610
2025-08-28,61409,2025082804004604,UNHPL,Bhrikuti Stock Broking Co. Pvt. Ltd.,Vision Securities Pvt. Ltd,360,409.0,147240.0,2025-08-28 11:58:57.673638
2025-08-28,61374,2025082804004618,UNHPL,Sri Hari Securities Pvt. Ltd.,Vision Securities Pvt. Ltd,140,409.0,57260.0,2025-08-28 11:59:05.981024
2025-08-28,61373,2025082804004619,UNHPL,Sri Hari Securities Pvt. Ltd.,Sweta Securities Private Limited,475,409.0,194275.0,2025-08-28 11:59:05.981349
2025-08-28,61301,2025082804004638,UNHPL,Kalika Securities Pvt. Ltd.,Arun Securities (PVT) Ltd.,3,402.0,1206.0,2025-08-28 11:59:20.111410
2025-08-28,60848,2025082804004722,UNHPL,Deevyaa Securities & Stock House Pvt. Ltd,Dipshikha Dhitopatra Karobar Co. Pvt Ltd.,500,408.9,204450.0,2025-08-28 12:00:49.967632
2025-08-28,60819,2025082804004727,UNHPL,ABC Securities Private Limited,Capital Max Securities Ltd,5000,407.1,2035500.0,2025-08-28 12:00:56.017001
2025-08-28,60818,2025082804004728,UNHPL,Nepal Investment And Securities Trading Private Limited,Capital Max Securities Ltd,1000,407.0,407000.0,2025-08-28 12:00:56.017177
2025-08-28,60445,2025082804004813,UNHPL,Deevyaa Securities & Stock House Pvt. Ltd,Capital Max Securities Ltd,1000,407.1,407100.0,2025-08-28 12:02:28.373803
2025-08-28,60428,2025082804004822,UNHPL,Trademow Securities Private Limited,Capital Max Securities Ltd,100,408.0,40800.0,2025-08-28 12:02:33.365532
2025-08-28,60416,2025082804004825,UNHPL,Capital Max Securities Ltd,Naasa Securities Co. Ltd.,300,407.0,122100.0,2025-08-28 12:02:36.519567
2025-08-28,60408,2025082804004828,UNHPL,Sharepro Securities Private Limited,Sweta Securities Private Limited,25,409.0,10225.0,2025-08-28 12:02:39.451178
2025-08-28,60407,2025082804004829,UNHPL,Sharepro Securities Private Limited,Nepal Stock House (PVT) Ltd.,75,409.0,30675.0,2025-08-28 12:02:39.451276
2025-08-28,60340,2025082804004841,UNHPL,Capital Max Securities Ltd,Sumeru Securities Pvt. Ltd.,9700,407.0,3947900.0,2025-08-28 12:02:55.726869
2025-08-28,60235,2025082804004868,UNHPL,Capital Max Securities Ltd,BHOLE GANESH SECURITIES LTD,500,408.0,204000.0,2025-08-28 12:03:14.993250
2025-08-28,60204,2025082804004869,UNHPL,Capital Max Securities Ltd,Property Wiard Limited,200,408.0,81600.0,2025-08-28 12:03:18.599548
2025-08-28,60151,2025082804004871,UNHPL,Capital Max Securities Ltd,Capital Max Securities Ltd,4000,408.0,1632000.0,2025-08-28 12:03:30.594829
2025-08-28,60147,2025082804004872,UNHPL,Capital Max Securities Ltd,Kumari Securities Private Limited,300,408.0,122400.0,2025-08-28 12:03:33.322712
2025-08-28,60092,2025082804004884,UNHPL,ABC Securities Private Limited,Kumari Securities Private Limited,690,408.0,281520.0,2025-08-28 12:03:42.534485
2025-08-28,60091,2025082804004885,UNHPL,ABC Securities Private Limited,Nepal Stock House (PVT) Ltd.,310,409.0,126790.0,2025-08-28 12:03:42.534570
2025-08-28,58939,2025082804005128,UNHPL,Aryatara Investment & Securities,Naasa Securities Co. Ltd.,110,407.7,44847.0,2025-08-28 12:08:09.272084
2025-08-28,58938,2025082804005129,UNHPL,Aryatara Investment & Securities,Dipshikha Dhitopatra Karobar Co. Pvt Ltd.,390,407.8,159042.0,2025-08-28 12:08:09.272504
2025-08-28,58928,2025082804005130,UNHPL,Sumeru Securities Pvt. Ltd.,Dipshikha Dhitopatra Karobar Co. Pvt Ltd.,110,407.8,44858.0,2025-08-28 12:08:09.980515
2025-08-28,58927,2025082804005131,UNHPL,Sumeru Securities Pvt. Ltd.,Naasa Securities Co. Ltd.,190,408.0,77520.0,2025-08-28 12:08:09.980581
2025-08-28,58569,2025082804005203,UNHPL,Thrive Brokerage House Pvt. Ltd,Asian Securities Private Ltd.,500,407.9,203950.0,2025-08-28 12:08:57.770131
2025-08-28,58563,2025082804005208,UNHPL,Creative Securities Pvt Ltd,Linch Stock Market Ltd.,427,407.1,173831.7,2025-08-28 12:08:58.739909
2025-08-28,58348,2025082804005272,UNHPL,Creative Securities Pvt Ltd,BHOLE GANESH SECURITIES LTD,500,407.1,203550.0,2025-08-28 12:09:25.893033
2025-08-28,58297,2025082804005289,UNHPL,Naasa Securities Co. Ltd.,Asian Securities Private Ltd.,55,407.9,22434.5,2025-08-28 12:09:35.685077
2025-08-28,58296,2025082804005290,UNHPL,Naasa Securities Co. Ltd.,Imperial Securities Company Pvt. Ltd.,45,407.9,18355.5,2025-08-28 12:09:35.685286
2025-08-28,57475,2025082804005492,UNHPL,Sumeru Securities Pvt. Ltd.,Vision Securities Pvt. Ltd,150,407.8,61170.0,2025-08-28 12:11:34.921376
2025-08-28,57390,2025082804005528,UNHPL,Creative Securities Pvt Ltd,Naasa Securities Co. Ltd.,10,407.1,4071.0,2025-08-28 12:11:48.828408
2025-08-28,57389,2025082804005529,UNHPL,Naasa Securities Co. Ltd.,Naasa Securities Co. Ltd.,10,407.0,4070.0,2025-08-28 12:11:48.828801
2025-08-28,57388,2025082804005530,UNHPL,Aryatara Investment & Securities,Naasa Securities Co. Ltd.,1000,406.8,406800.0,2025-08-28 12:11:48.829047
2025-08-28,57387,2025082804005531,UNHPL,Imperial Securities Company Pvt. Ltd.,Naasa Securities Co. Ltd.,300,406.1,121830.0,2025-08-28 12:11:48.829306
2025-08-28,57386,2025082804005532,UNHPL,Vision Securities Pvt. Ltd,Naasa Securities Co. Ltd.,2140,406.1,869054.0,2025-08-28 12:11:48.829564
2025-08-28,57332,2025082804005547,UNHPL,Capital Max Securities Ltd,Deevyaa Securities & Stock House Pvt. Ltd,31,407.9,12644.9,2025-08-28 12:12:01.454694
2025-08-28,57331,2025082804005548,UNHPL,Capital Max Securities Ltd,Market Securities & Exchange (PVT) Ltd.,200,407.9,81580.0,2025-08-28 12:12:01.454776
2025-08-28,57330,2025082804005549,UNHPL,Capital Max Securities Ltd,Kohinoor Investment & Securities Pvt. Ltd.,40,408.0,16320.0,2025-08-28 12:12:01.454805
2025-08-28,57329,2025082804005550,UNHPL,Capital Max Securities Ltd,Sumeru Securities Pvt. Ltd.,100,408.4,40840.0,2025-08-28 12:12:01.454830
2025-08-28,57328,2025082804005551,UNHPL,Capital Max Securities Ltd,Thrive Brokerage House Pvt. Ltd,90,408.8,36792.0,2025-08-28 12:12:01.454855
2025-08-28,57327,2025082804005552,UNHPL,Capital Max Securities Ltd,Property Wiard Limited,200,408.9,81780.0,2025-08-28 12:12:01.454879
2025-08-28,57326,2025082804005553,UNHPL,Capital Max Securities Ltd,Nepal Stock House (PVT) Ltd.,55,409.0,22495.0,2025-08-28 12:12:01.454907
2025-08-28,56930,2025082804005637,UNHPL,Online Securities Pvt. Ltd.,Capital Max Securities Ltd,10,406.0,4060.0,2025-08-28 12:13:14.745684
2025-08-28,56929,2025082804005638,UNHPL,Naasa Securities Co. Ltd.,Capital Max Securities Ltd,15,406.0,6090.0,2025-08-28 12:13:14.745885
2025-08-28,56928,2025082804005639,UNHPL,Aryatara Investment & Securities,Capital Max Securities Ltd,975,406.0,395850.0,2025-08-28 12:13:14.746020
2025-08-28,56924,2025082804005641,UNHPL,Deevyaa Securities & Stock House Pvt. Ltd,Dipshikha Dhitopatra Karobar Co. Pvt Ltd.,500,406.1,203050.0,2025-08-28 12:13:15.973634
2025-08-28,56892,2025082804005652,UNHPL,Aryatara Investment & Securities,Siprabi Securities Pvt. Ltd.,25,406.0,10150.0,2025-08-28 12:13:21.370451
2025-08-28,56880,2025082804005659,UNHPL,Aryatara Investment & Securities,Vision Securities Pvt. Ltd,1000,405.0,405000.0,2025-08-28 12:13:22.625935
2025-08-28,56856,2025082804005663,UNHPL,Deevyaa Securities & Stock House Pvt. Ltd,Capital Max Securities Ltd,500,405.0,202500.0,2025-08-28 12:13:30.036583
2025-08-28,56830,2025082804005665,UNHPL,Aryatara Investment & Securities,Capital Max Securities Ltd,500,405.0,202500.0,2025-08-28 12:13:31.875157
2025-08-28,56798,2025082804005680,UNHPL,Aryatara Investment & Securities,Siprabi Securities Pvt. Ltd.,37,405.0,14985.0,2025-08-28 12:13:39.608023
2025-08-28,56769,2025082804005686,UNHPL,Aryatara Investment & Securities,Imperial Securities Company Pvt. Ltd.,100,405.0,40500.0,2025-08-28 12:13:49.825654
2025-08-28,56760,2025082804005692,UNHPL,Aryatara Investment & Securities,APPLE SECURITIES PRIVATE LIMITED,363,405.0,147015.0,2025-08-28 12:13:51.439632
2025-08-28,56759,2025082804005693,UNHPL,Imperial Securities Company Pvt. Ltd.,APPLE SECURITIES PRIVATE LIMITED,137,404.2,55375.4,2025-08-28 12:13:51.439825
2025-08-28,56712,2025082804005703,UNHPL,Imperial Securities Company Pvt. Ltd.,Miyo Securities Pvt Ltd,113,404.2,45674.6,2025-08-28 12:14:06.885625
2025-08-28,56685,2025082804005714,UNHPL,Deevyaa Securities & Stock House Pvt. Ltd,Miyo Securities Pvt Ltd,387,404.2,156425.4,2025-08-28 12:14:11.281555
2025-08-28,56567,2025082804005753,UNHPL,Deevyaa Securities & Stock House Pvt. Ltd,Nepal Investment And Securities Trading Private Limited,70,404.3,28301.0,2025-08-28 12:14:45.273089
2025-08-28,55898,2025082804005912,UNHPL,Capital Hub P. Ltd,Imperial Securities Company Pvt. Ltd.,55,406.0,22330.0,2025-08-28 12:17:44.929361
2025-08-28,55875,2025082804005916,UNHPL,Linch Stock Market Ltd.,Dipshikha Dhitopatra Karobar Co. Pvt Ltd.,500,406.1,203050.0,2025-08-28 12:17:55.359464
2025-08-28,55797,2025082804005932,UNHPL,Capital Hub P. Ltd,Naasa Securities Co. Ltd.,1945,406.2,790059.0,2025-08-28 12:18:22.241688
2025-08-28,55767,2025082804005937,UNHPL,ABC Securities Private Limited,Secured Securities Ltd.,500,407.0,203500.0,2025-08-28 12:18:32.488034
2025-08-28,55766,2025082804005938,UNHPL,ABC Securities Private Limited,Asian Securities Private Ltd.,1000,408.0,408000.0,2025-08-28 12:18:32.488333
2025-08-28,55730,2025082804005947,UNHPL,ABC Securities Private Limited,Sumeru Securities Pvt. Ltd.,100,408.0,40800.0,2025-08-28 12:18:41.846820
2025-08-28,55681,2025082804005962,UNHPL,ABC Securities Private Limited,Sumeru Securities Pvt. Ltd.,200,408.0,81600.0,2025-08-28 12:19:01.938382
2025-08-28,55667,2025082804005965,UNHPL,N.I.M.B. Stock Markets Limited,Oxford Securities Pvt. Ltd.,50,408.6,20430.0,2025-08-28 12:19:04.730709
2025-08-28,55666,2025082804005966,UNHPL,N.I.M.B. Stock Markets Limited,Aryatara Investment & Securities,950,408.7,388265.0,2025-08-28 12:19:04.731085
2025-08-28,55615,2025082804005975,UNHPL,ABC Securities Private Limited,Aryatara Investment & Securities,200,408.0,81600.0,2025-08-28 12:19:20.483046
2025-08-28,55485,2025082804005998,UNHPL,Deevyaa Securities & Stock House Pvt. Ltd,Aryatara Investment & Securities,543,408.0,221544.0,2025-08-28 12:20:03.946747
2025-08-28,55481,2025082804006000,UNHPL,Agrawal Securities (PVT) Ltd.,N.I.M.B. Stock Markets Limited,1000,407.0,407000.0,2025-08-28 12:20:04.874604
2025-08-28,55108,2025082804006072,UNHPL,Sani Securities Company Ltd.,Nepal Investment And Securities Trading Private Limited,500,407.0,203500.0,2025-08-28 12:21:39.749877
2025-08-28,54989,2025082804006118,UNHPL,Himalayan Brokerage Company Limited,Naasa Securities Co. Ltd.,155,406.1,62945.5,2025-08-28 12:22:02.614092
2025-08-28,54554,2025082804006182,UNHPL,Capital Hub P. Ltd,Midas Stock Broking Company Private Limited,150,406.4,60960.0,2025-08-28 12:23:50.016139
2025-08-28,54392,2025082804006212,UNHPL,Kohinoor Investment & Securities Pvt. Ltd.,Linch Stock Market Ltd.,13,407.0,5291.0,2025-08-28 12:24:27.809334
2025-08-28,54384,2025082804006217,UNHPL,Kohinoor Investment & Securities Pvt. Ltd.,Online Securities Pvt. Ltd.,37,407.0,15059.0,2025-08-28 12:24:29.082299
2025-08-28,54383,2025082804006218,UNHPL,Deevyaa Securities & Stock House Pvt. Ltd,Online Securities Pvt. Ltd.,43,406.5,17479.5,2025-08-28 12:24:29.082644
2025-08-28,54248,2025082804006252,UNHPL,Sani Securities Company Ltd.,Himalayan Brokerage Company Limited,100,407.1,40710.0,2025-08-28 12:25:10.313233
2025-08-28,54228,2025082804006255,UNHPL,Sani Securities Company Ltd.,BHOLE GANESH SECURITIES LTD,100,407.0,40700.0,2025-08-28 12:25:17.190195
2025-08-28,54139,2025082804006281,UNHPL,Sani Securities Company Ltd.,Kohinoor Investment & Securities Pvt. Ltd.,100,407.2,40720.0,2025-08-28 12:25:46.886526
2025-08-28,53837,2025082804006331,UNHPL,Deevyaa Securities & Stock House Pvt. Ltd,Capital Max Securities Ltd,57,406.5,23170.5,2025-08-28 12:26:47.803280
2025-08-28,53836,2025082804006332,UNHPL,Deevyaa Securities & Stock House Pvt. Ltd,Capital Max Securities Ltd,500,406.5,203250.0,2025-08-28 12:26:47.803552
2025-08-28,53835,2025082804006333,UNHPL,Capital Hub P. Ltd,Capital Max Securities Ltd,143,406.4,58115.2,2025-08-28 12:26:47.803643
2025-08-28,53587,2025082804006401,UNHPL,ABC Securities Private Limited,BHOLE GANESH SECURITIES LTD,500,407.0,203500.0,2025-08-28 12:27:37.588378
2025-08-28,53030,2025082804006505,UNHPL,Sani Securities Company Ltd.,Dipshikha Dhitopatra Karobar Co. Pvt Ltd.,100,406.6,40660.0,2025-08-28 12:29:32.848113
2025-08-28,53029,2025082804006506,UNHPL,Deevyaa Securities & Stock House Pvt. Ltd,Dipshikha Dhitopatra Karobar Co. Pvt Ltd.,350,406.5,142275.0,2025-08-28 12:29:32.848362
2025-08-28,52866,2025082804006549,UNHPL,Capital Hub P. Ltd,BHOLE GANESH SECURITIES LTD,450,406.4,182880.0,2025-08-28 12:30:05.994257
2025-08-28,52775,2025082804006595,UNHPL,Capital Hub P. Ltd,Siprabi Securities Pvt. Ltd.,257,406.4,104444.8,2025-08-28 12:30:22.737729
2025-08-28,52774,2025082804006596,UNHPL,Himalayan Brokerage Company Limited,Siprabi Securities Pvt. Ltd.,665,406.1,270056.5,2025-08-28 12:30:22.738144
2025-08-28,52773,2025082804006597,UNHPL,Aryatara Investment & Securities,Siprabi Securities Pvt. Ltd.,78,406.0,31668.0,2025-08-28 12:30:22.738428
2025-08-28,52738,2025082804006601,UNHPL,Aryatara Investment & Securities,Dipshikha Dhitopatra Karobar Co. Pvt Ltd.,922,406.0,374332.0,2025-08-28 12:30:27.240741
2025-08-28,52737,2025082804006602,UNHPL,Sundhara Securities Limited,Dipshikha Dhitopatra Karobar Co. Pvt Ltd.,78,406.0,31668.0,2025-08-28 12:30:27.241138
2025-08-28,52621,2025082804006635,UNHPL,Sundhara Securities Limited,ABC Securities Private Limited,200,406.0,81200.0,2025-08-28 12:30:51.381919
2025-08-28,52615,2025082804006636,UNHPL,Sundhara Securities Limited,Kohinoor Investment & Securities Pvt. Ltd.,110,406.0,44660.0,2025-08-28 12:30:53.624036
2025-08-28,52569,2025082804006657,UNHPL,Sundhara Securities Limited,BHOLE GANESH SECURITIES LTD,15,406.0,6090.0,2025-08-28 12:31:00.117385
2025-08-28,52498,2025082804006676,UNHPL,Sundhara Securities Limited,Naasa Securities Co. Ltd.,500,406.0,203000.0,2025-08-28 12:31:14.565066
2025-08-28,51936,2025082804006850,UNHPL,Sundhara Securities Limited,Capital Max Securities Ltd,57,406.0,23142.0,2025-08-28 12:32:24.129552
2025-08-28,51935,2025082804006851,UNHPL,Online Securities Pvt. Ltd.,Capital Max Securities Ltd,143,404.1,57786.3,2025-08-28 12:32:24.129955
2025-08-28,51851,2025082804006865,UNHPL,Imperial Securities Company Pvt. Ltd.,Linch Stock Market Ltd.,200,405.0,81000.0,2025-08-28 12:32:39.005993
2025-08-28,51360,2025082804006983,UNHPL,Online Securities Pvt. Ltd.,Sani Securities Company Ltd.,20,404.1,8082.0,2025-08-28 12:33:30.524446
2025-08-28,51239,2025082804007031,UNHPL,Online Securities Pvt. Ltd.,Sewa Securities Pvt. Ltd.,37,404.1,14951.7,2025-08-28 12:33:43.138248
2025-08-28,51238,2025082804007032,UNHPL,Secured Securities Ltd.,Sewa Securities Pvt. Ltd.,163,404.1,65868.3,2025-08-28 12:33:43.138496
2025-08-28,51221,2025082804007040,UNHPL,Secured Securities Ltd.,Oxford Securities Pvt. Ltd.,100,404.1,40410.0,2025-08-28 12:33:45.496049
2025-08-28,50851,2025082804007169,UNHPL,Secured Securities Ltd.,Oxford Securities Pvt. Ltd.,83,404.1,33540.3,2025-08-28 12:34:32.794932
2025-08-28,50850,2025082804007170,UNHPL,Imperial Securities Company Pvt. Ltd.,Oxford Securities Pvt. Ltd.,50,404.1,20205.0,2025-08-28 12:34:32.795291
2025-08-28,50849,2025082804007171,UNHPL,Naasa Securities Co. Ltd.,Oxford Securities Pvt. Ltd.,150,404.0,60600.0,2025-08-28 12:34:32.795566
2025-08-28,50848,2025082804007172,UNHPL,Kohinoor Investment & Securities Pvt. Ltd.,Oxford Securities Pvt. Ltd.,100,404.0,40400.0,2025-08-28 12:34:32.795814
2025-08-28,50847,2025082804007173,UNHPL,Aryatara Investment & Securities,Oxford Securities Pvt. Ltd.,417,404.0,168468.0,2025-08-28 12:34:32.796064
2025-08-28,50684,2025082804007220,UNHPL,Aryatara Investment & Securities,Indira securities pvt. ltd,170,404.0,68680.0,2025-08-28 12:34:53.078905
2025-08-28,50379,2025082804007377,UNHPL,Agrawal Securities (PVT) Ltd.,Deevyaa Securities & Stock House Pvt. Ltd,500,404.1,202050.0,2025-08-28 12:35:28.416815
2025-08-28,50378,2025082804007378,UNHPL,Aryatara Investment & Securities,Deevyaa Securities & Stock House Pvt. Ltd,413,404.0,166852.0,2025-08-28 12:35:28.417069
2025-08-28,50377,2025082804007379,UNHPL,Sumeru Securities Pvt. Ltd.,Deevyaa Securities & Stock House Pvt. Ltd,87,404.0,35148.0,2025-08-28 12:35:28.417152
2025-08-28,50203,2025082804007446,UNHPL,Sumeru Securities Pvt. Ltd.,Sani Securities Company Ltd.,300,404.0,121200.0,2025-08-28 12:35:52.652493
2025-08-28,50150,2025082804007467,UNHPL,Sumeru Securities Pvt. Ltd.,Imperial Securities Company Pvt. Ltd.,113,404.0,45652.0,2025-08-28 12:36:00.244349
2025-08-28,50149,2025082804007468,UNHPL,Kumari Securities Private Limited,Imperial Securities Company Pvt. Ltd.,20,404.0,8080.0,2025-08-28 12:36:00.244577
2025-08-28,49533,2025082804007640,UNHPL,Deevyaa Securities & Stock House Pvt. Ltd,Aryatara Investment & Securities,1000,403.4,403400.0,2025-08-28 12:37:37.509065
2025-08-28,49279,2025082804007687,UNHPL,Imperial Securities Company Pvt. Ltd.,Cristal Kanchanjanga Securites Pvt. Ltd.,1000,403.4,403400.0,2025-08-28 12:38:17.735701
2025-08-28,49061,2025082804007760,UNHPL,Pragyan Securities (PVT) Ltd.,Cristal Kanchanjanga Securites Pvt. Ltd.,50,403.2,20160.0,2025-08-28 12:38:42.850583
2025-08-28,48978,2025082804007776,UNHPL,Aryatara Investment & Securities,Cristal Kanchanjanga Securites Pvt. Ltd.,310,403.0,124930.0,2025-08-28 12:38:56.906795
2025-08-28,48851,2025082804007838,UNHPL,Sani Securities Company Ltd.,Capital Max Securities Ltd,50,403.5,20175.0,2025-08-28 12:39:10.850980
2025-08-28,48593,2025082804007873,UNHPL,Aryatara Investment & Securities,Roadshow securities limited,900,403.0,362700.0,2025-08-28 12:39:42.018570
2025-08-28,48458,2025082804007907,UNHPL,Aryatara Investment & Securities,Kohinoor Investment & Securities Pvt. Ltd.,290,403.0,116870.0,2025-08-28 12:40:00.106680
2025-08-28,48457,2025082804007908,UNHPL,R.B.B. Securities Company Ltd,Kohinoor Investment & Securities Pvt. Ltd.,75,402.0,30150.0,2025-08-28 12:40:00.106946
2025-08-28,48456,2025082804007909,UNHPL,Primo Securities (PVT) Ltd.,Kohinoor Investment & Securities Pvt. Ltd.,500,402.0,201000.0,2025-08-28 12:40:00.107036
2025-08-28,48455,2025082804007910,UNHPL,Capital Hub P. Ltd,Kohinoor Investment & Securities Pvt. Ltd.,175,402.0,70350.0,2025-08-28 12:40:00.107118
2025-08-28,48392,2025082804007931,UNHPL,Capital Hub P. Ltd,Kohinoor Investment & Securities Pvt. Ltd.,825,402.0,331650.0,2025-08-28 12:40:12.172201
2025-08-28,48391,2025082804007932,UNHPL,Agrawal Securities (PVT) Ltd.,Kohinoor Investment & Securities Pvt. Ltd.,175,402.0,70350.0,2025-08-28 12:40:12.172634
2025-08-28,48344,2025082804007946,UNHPL,Agrawal Securities (PVT) Ltd.,Dipshikha Dhitopatra Karobar Co. Pvt Ltd.,1000,402.0,402000.0,2025-08-28 12:40:23.798252
2025-08-28,48334,2025082804007950,UNHPL,Agrawal Securities (PVT) Ltd.,Sani Securities Company Ltd.,25,402.0,10050.0,2025-08-28 12:40:26.080049
2025-08-28,48333,2025082804007951,UNHPL,Agrawal Securities (PVT) Ltd.,Sani Securities Company Ltd.,200,402.0,80400.0,2025-08-28 12:40:26.080267
2025-08-28,48332,2025082804007952,UNHPL,Trishakti Securities Public Limited,Sani Securities Company Ltd.,175,402.0,70350.0,2025-08-28 12:40:26.080361
2025-08-28,48223,2025082804007980,UNHPL,Imperial Securities Company Pvt. Ltd.,Premier Securities Company Ltd.,200,403.0,80600.0,2025-08-28 12:40:40.261502
2025-08-28,48222,2025082804007981,UNHPL,Imperial Securities Company Pvt. Ltd.,Capital Max Securities Ltd,400,403.5,161400.0,2025-08-28 12:40:40.261890
2025-08-28,48221,2025082804007982,UNHPL,Imperial Securities Company Pvt. Ltd.,Naasa Securities Co. Ltd.,80,403.5,32280.0,2025-08-28 12:40:40.262199
2025-08-28,48220,2025082804007983,UNHPL,Imperial Securities Company Pvt. Ltd.,Naasa Securities Co. Ltd.,500,403.5,201750.0,2025-08-28 12:40:40.262464
2025-08-28,48219,2025082804007984,UNHPL,Imperial Securities Company Pvt. Ltd.,Vision Securities Pvt. Ltd,200,404.0,80800.0,2025-08-28 12:40:40.262784
2025-08-28,48218,2025082804007985,UNHPL,Imperial Securities Company Pvt. Ltd.,Premier Securities Company Ltd.,100,404.0,40400.0,2025-08-28 12:40:40.263027
2025-08-28,48138,2025082804007999,UNHPL,Imperial Securities Company Pvt. Ltd.,J.F. Securites (PVT) Ltd.,520,404.1,210132.0,2025-08-28 12:40:53.384190
2025-08-28,48049,2025082804008023,UNHPL,Trishakti Securities Public Limited,S.P.S.A. Securities Limited,1000,402.0,402000.0,2025-08-28 12:41:09.011600
2025-08-28,47999,2025082804008031,UNHPL,Trishakti Securities Public Limited,Sani Securities Company Ltd.,300,402.0,120600.0,2025-08-28 12:41:16.567541
2025-08-28,47834,2025082804008062,UNHPL,Trishakti Securities Public Limited,Naasa Securities Co. Ltd.,525,402.0,211050.0,2025-08-28 12:41:42.375447
2025-08-28,47833,2025082804008063,UNHPL,Sani Securities Company Ltd.,Naasa Securities Co. Ltd.,500,401.1,200550.0,2025-08-28 12:41:42.375861
2025-08-28,47832,2025082804008064,UNHPL,Online Securities Pvt. Ltd.,Naasa Securities Co. Ltd.,500,401.0,200500.0,2025-08-28 12:41:42.376111
2025-08-28,47831,2025082804008065,UNHPL,APPLE SECURITIES PRIVATE LIMITED,Naasa Securities Co. Ltd.,250,401.0,100250.0,2025-08-28 12:41:42.376380
2025-08-28,47666,2025082804008095,UNHPL,INDEX SECURITIES LIMITED,Naasa Securities Co. Ltd.,225,401.0,90225.0,2025-08-28 12:42:13.403004
2025-08-28,47602,2025082804008103,UNHPL,ABC Securities Private Limited,Sani Securities Company Ltd.,1000,400.2,400200.0,2025-08-28 12:42:26.167215
2025-08-28,47143,2025082804008205,UNHPL,N.I.M.B. Stock Markets Limited,J.F. Securites (PVT) Ltd.,380,403.0,153140.0,2025-08-28 12:43:54.451142
2025-08-28,47142,2025082804008206,UNHPL,N.I.M.B. Stock Markets Limited,Nagarik Stock Dealer ,120,403.0,48360.0,2025-08-28 12:43:54.451365
2025-08-28,46764,2025082804008299,UNHPL,INDEX SECURITIES LIMITED,Nagarik Stock Dealer ,80,403.0,32240.0,2025-08-28 12:45:18.014909
2025-08-28,46507,2025082804008351,UNHPL,Kalika Securities Pvt. Ltd.,Online Securities Pvt. Ltd.,5,398.0,1990.0,2025-08-28 12:46:20.226861
2025-08-28,46038,2025082804008452,UNHPL,INDEX SECURITIES LIMITED,Naasa Securities Co. Ltd.,50,403.1,20155.0,2025-08-28 12:48:27.375624
2025-08-28,45484,2025082804008569,UNHPL,INDEX SECURITIES LIMITED,Sumeru Securities Pvt. Ltd.,300,403.1,120930.0,2025-08-28 12:50:48.523874
2025-08-28,45468,2025082804008578,UNHPL,INDEX SECURITIES LIMITED,Naasa Securities Co. Ltd.,450,403.1,181395.0,2025-08-28 12:50:53.666034
2025-08-28,45139,2025082804008663,UNHPL,Oxford Securities Pvt. Ltd.,Dynamic Money Managers Securities Pvt. Ltd.,209,404.0,84436.0,2025-08-28 12:52:22.072934
2025-08-28,44247,2025082804008850,UNHPL,Oxford Securities Pvt. Ltd.,Opal Securities Investment (PVT) Ltd.,11,404.0,4444.0,2025-08-28 12:56:01.893092
2025-08-28,44246,2025082804008851,UNHPL,INDEX SECURITIES LIMITED,Opal Securities Investment (PVT) Ltd.,200,403.1,80620.0,2025-08-28 12:56:01.893191
2025-08-28,44245,2025082804008852,UNHPL,Kohinoor Investment & Securities Pvt. Ltd.,Opal Securities Investment (PVT) Ltd.,10,402.5,4025.0,2025-08-28 12:56:01.893230
2025-08-28,44244,2025082804008853,UNHPL,Sharepro Securities Private Limited,Opal Securities Investment (PVT) Ltd.,100,402.2,40220.0,2025-08-28 12:56:01.893294
2025-08-28,44243,2025082804008854,UNHPL,Secured Securities Ltd.,Opal Securities Investment (PVT) Ltd.,179,402.1,71975.9,2025-08-28 12:56:01.893343
2025-08-28,44116,2025082804008883,UNHPL,Secured Securities Ltd.,Vision Securities Pvt. Ltd,821,402.1,330124.1,2025-08-28 12:56:27.179207
2025-08-28,44115,2025082804008884,UNHPL,Kalika Securities Pvt. Ltd.,Vision Securities Pvt. Ltd,318,402.0,127836.0,2025-08-28 12:56:27.179500
2025-08-28,43946,2025082804008916,UNHPL,INDEX SECURITIES LIMITED,Sri Hari Securities Pvt. Ltd.,100,401.3,40130.0,2025-08-28 12:57:07.589148
2025-08-28,43287,2025082804009057,UNHPL,INDEX SECURITIES LIMITED,Citizens Share Broker Limited,250,401.3,100325.0,2025-08-28 12:59:42.139602
2025-08-28,43051,2025082804009115,UNHPL,Vision Securities Pvt. Ltd,ABC Securities Private Limited,50,401.4,20070.0,2025-08-28 13:00:37.675652
2025-08-28,42664,2025082804009253,UNHPL,Vision Securities Pvt. Ltd,Capital Max Securities Ltd,50,401.4,20070.0,2025-08-28 13:01:50.426148
2025-08-28,42663,2025082804009254,UNHPL,INDEX SECURITIES LIMITED,Capital Max Securities Ltd,650,401.3,260845.0,2025-08-28 13:01:50.426425
2025-08-28,42662,2025082804009255,UNHPL,Vision Securities Pvt. Ltd,Capital Max Securities Ltd,300,401.1,120330.0,2025-08-28 13:01:50.426521
2025-08-28,42661,2025082804009256,UNHPL,Dipshikha Dhitopatra Karobar Co. Pvt Ltd.,Capital Max Securities Ltd,500,401.0,200500.0,2025-08-28 13:01:50.426638
2025-08-28,42660,2025082804009257,UNHPL,Aryatara Investment & Securities,Capital Max Securities Ltd,1000,401.0,401000.0,2025-08-28 13:01:50.426724
2025-08-28,42659,2025082804009258,UNHPL,INDEX SECURITIES LIMITED,Capital Max Securities Ltd,500,400.3,200150.0,2025-08-28 13:01:50.426811
2025-08-28,42537,2025082804009292,UNHPL,INDEX SECURITIES LIMITED,Capital Max Securities Ltd,500,400.3,200150.0,2025-08-28 13:02:08.486571
2025-08-28,42536,2025082804009293,UNHPL,ABC Securities Private Limited,Capital Max Securities Ltd,2000,400.2,800400.0,2025-08-28 13:02:08.486979
2025-08-28,42535,2025082804009294,UNHPL,Property Wiard Limited,Capital Max Securities Ltd,1000,400.1,400100.0,2025-08-28 13:02:08.487240
2025-08-28,42534,2025082804009295,UNHPL,Kalika Securities Pvt. Ltd.,Capital Max Securities Ltd,1000,400.1,400100.0,2025-08-28 13:02:08.487487
2025-08-28,42458,2025082804009319,UNHPL,Sani Securities Company Ltd.,Vision Securities Pvt. Ltd,60,400.0,24000.0,2025-08-28 13:02:23.115001
2025-08-28,42457,2025082804009320,UNHPL,Premier Securities Company Ltd.,Vision Securities Pvt. Ltd,50,400.0,20000.0,2025-08-28 13:02:23.115245
2025-08-28,42456,2025082804009321,UNHPL,Sani Securities Company Ltd.,Vision Securities Pvt. Ltd,50,400.0,20000.0,2025-08-28 13:02:23.115358
2025-08-28,42455,2025082804009322,UNHPL,South Asian Bulls Pvt. Ltd.,Vision Securities Pvt. Ltd,100,400.0,40000.0,2025-08-28 13:02:23.115475
2025-08-28,42454,2025082804009323,UNHPL,Kohinoor Investment & Securities Pvt. Ltd.,Vision Securities Pvt. Ltd,30,400.0,12000.0,2025-08-28 13:02:23.115556
2025-08-28,42338,2025082804009355,UNHPL,Nabil Stock Dealer Ltd.,Malla & Malla Stock Broking Company Pvt. Limited,200,399.1,79820.0,2025-08-28 13:02:41.172010
2025-08-28,42325,2025082804009359,UNHPL,Nabil Stock Dealer Ltd.,Agrawal Securities (PVT) Ltd.,30,399.1,11973.0,2025-08-28 13:02:48.079671
2025-08-28,42187,2025082804009387,UNHPL,Secured Securities Ltd.,Vision Securities Pvt. Ltd,500,400.0,200000.0,2025-08-28 13:03:13.956508
2025-08-28,42068,2025082804009425,UNHPL,Nabil Stock Dealer Ltd.,Vision Securities Pvt. Ltd,270,399.1,107757.0,2025-08-28 13:03:33.751026
2025-08-28,42067,2025082804009426,UNHPL,S.P.S.A. Securities Limited,Vision Securities Pvt. Ltd,500,399.0,199500.0,2025-08-28 13:03:33.751251
2025-08-28,42066,2025082804009427,UNHPL,Dakshinkali Investment & Securities Pvt. Ltd.,Vision Securities Pvt. Ltd,300,399.0,119700.0,2025-08-28 13:03:33.751346
2025-08-28,41822,2025082804009481,UNHPL,Neev Securities Pvt. Ltd.,Vision Securities Pvt. Ltd,1200,399.0,478800.0,2025-08-28 13:04:18.129500
2025-08-28,41792,2025082804009488,UNHPL,INDEX SECURITIES LIMITED,Vision Securities Pvt. Ltd,801,399.0,319599.0,2025-08-28 13:04:26.144787
2025-08-28,41761,2025082804009495,UNHPL,INDEX SECURITIES LIMITED,Capital Max Securities Ltd,199,399.0,79401.0,2025-08-28 13:04:34.043413
2025-08-28,41760,2025082804009496,UNHPL,Kumari Securities Private Limited,Capital Max Securities Ltd,500,398.0,199000.0,2025-08-28 13:04:34.043851
2025-08-28,41759,2025082804009497,UNHPL,Imperial Securities Company Pvt. Ltd.,Capital Max Securities Ltd,100,398.0,39800.0,2025-08-28 13:04:34.044171
2025-08-28,41753,2025082804009500,UNHPL,Deevyaa Securities & Stock House Pvt. Ltd,Capital Max Securities Ltd,701,398.0,278998.0,2025-08-28 13:04:35.643095
2025-08-28,41691,2025082804009515,UNHPL,Dakshinkali Investment & Securities Pvt. Ltd.,Capital Max Securities Ltd,100,398.1,39810.0,2025-08-28 13:04:50.096204
2025-08-28,41690,2025082804009516,UNHPL,Deevyaa Securities & Stock House Pvt. Ltd,Capital Max Securities Ltd,900,398.0,358200.0,2025-08-28 13:04:50.096639
2025-08-28,41631,2025082804009530,UNHPL,Sewa Securities Pvt. Ltd.,Sweta Securities Private Limited,200,398.1,79620.0,2025-08-28 13:05:07.554424
2025-08-28,41243,2025082804009656,UNHPL,Imperial Securities Company Pvt. Ltd.,Dipshikha Dhitopatra Karobar Co. Pvt Ltd.,50,398.2,19910.0,2025-08-28 13:06:54.336306
2025-08-28,41242,2025082804009657,UNHPL,Infinity Securities Limited,Dipshikha Dhitopatra Karobar Co. Pvt Ltd.,75,398.2,29865.0,2025-08-28 13:06:54.336381
2025-08-28,41241,2025082804009658,UNHPL,SHUBHAKAMANA SECURITIES PVT. LTD,Dipshikha Dhitopatra Karobar Co. Pvt Ltd.,875,398.1,348337.5,2025-08-28 13:06:54.336409
2025-08-28,40939,2025082804009717,UNHPL,Imperial Securities Company Pvt. Ltd.,Linch Stock Market Ltd.,100,399.9,39990.0,2025-08-28 13:08:17.238599
2025-08-28,40915,2025082804009720,UNHPL,Linch Stock Market Ltd.,Linch Stock Market Ltd.,100,399.9,39990.0,2025-08-28 13:08:26.070151
2025-08-28,40790,2025082804009753,UNHPL,Dakshinkali Investment & Securities Pvt. Ltd.,Trishakti Securities Public Limited,280,400.0,112000.0,2025-08-28 13:09:03.659370
2025-08-28,40789,2025082804009754,UNHPL,Dakshinkali Investment & Securities Pvt. Ltd.,Neev Securities Pvt. Ltd.,720,400.0,288000.0,2025-08-28 13:09:03.659770
2025-08-28,40747,2025082804009761,UNHPL,Midas Stock Broking Company Private Limited,Neev Securities Pvt. Ltd.,230,400.0,92000.0,2025-08-28 13:09:20.151517
2025-08-28,40143,2025082804009886,UNHPL,Agrawal Securities (PVT) Ltd.,Pragyan Securities (PVT) Ltd.,141,401.9,56667.9,2025-08-28 13:12:32.607002
2025-08-28,40103,2025082804009900,UNHPL,Agrawal Securities (PVT) Ltd.,Naasa Securities Co. Ltd.,391,401.8,157103.8,2025-08-28 13:12:41.693483
2025-08-28,40073,2025082804009906,UNHPL,Agrawal Securities (PVT) Ltd.,Aryatara Investment & Securities,191,402.0,76782.0,2025-08-28 13:12:49.742772
2025-08-28,40028,2025082804009923,UNHPL,Agrawal Securities (PVT) Ltd.,Aryatara Investment & Securities,800,402.0,321600.0,2025-08-28 13:13:01.822195
2025-08-28,40013,2025082804009925,UNHPL,Agrawal Securities (PVT) Ltd.,Vision Securities Pvt. Ltd,191,402.0,76782.0,2025-08-28 13:13:07.858826
2025-08-28,39855,2025082804009955,UNHPL,Sani Securities Company Ltd.,Nabil Stock Dealer Ltd.,100,402.0,40200.0,2025-08-28 13:14:08.243361
2025-08-28,39854,2025082804009956,UNHPL,Dakshinkali Investment & Securities Pvt. Ltd.,Nabil Stock Dealer Ltd.,1000,400.1,400100.0,2025-08-28 13:14:08.243610
2025-08-28,39853,2025082804009957,UNHPL,Hatemalo Financial Services Private Limited,Nabil Stock Dealer Ltd.,1000,400.1,400100.0,2025-08-28 13:14:08.243712
2025-08-28,39852,2025082804009958,UNHPL,SHUBHAKAMANA SECURITIES PVT. LTD,Nabil Stock Dealer Ltd.,1000,400.0,400000.0,2025-08-28 13:14:08.243807
2025-08-28,39122,2025082804010144,UNHPL,ABC Securities Private Limited,Siprabi Securities Pvt. Ltd.,10,403.0,4030.0,2025-08-28 13:17:48.551715
2025-08-28,39084,2025082804010148,UNHPL,ABC Securities Private Limited,Siprabi Securities Pvt. Ltd.,10,403.0,4030.0,2025-08-28 13:17:53.589354
2025-08-28,39070,2025082804010152,UNHPL,ABC Securities Private Limited,Siprabi Securities Pvt. Ltd.,10,403.0,4030.0,2025-08-28 13:18:02.675271
2025-08-28,38555,2025082804010243,UNHPL,Sani Securities Company Ltd.,Nabil Stock Dealer Ltd.,100,401.0,40100.0,2025-08-28 13:20:29.198921
2025-08-28,38554,2025082804010244,UNHPL,Aakashbhairab Securities Ltd.,Nabil Stock Dealer Ltd.,50,401.0,20050.0,2025-08-28 13:20:29.199366
2025-08-28,38553,2025082804010245,UNHPL,SHUBHAKAMANA SECURITIES PVT. LTD,Nabil Stock Dealer Ltd.,1000,400.1,400100.0,2025-08-28 13:20:29.199645
2025-08-28,38552,2025082804010246,UNHPL,Hatemalo Financial Services Private Limited,Nabil Stock Dealer Ltd.,150,400.0,60000.0,2025-08-28 13:20:29.199927
2025-08-28,38233,2025082804010323,UNHPL,ABC Securities Private Limited,Himalayan Brokerage Company Limited,100,402.0,40200.0,2025-08-28 13:22:12.847164
2025-08-28,37694,2025082804010435,UNHPL,ABC Securities Private Limited,Himalayan Brokerage Company Limited,400,402.0,160800.0,2025-08-28 13:25:02.407718
2025-08-28,37693,2025082804010436,UNHPL,ABC Securities Private Limited,Siprabi Securities Pvt. Ltd.,100,403.0,40300.0,2025-08-28 13:25:02.408170
2025-08-28,37625,2025082804010449,UNHPL,ABC Securities Private Limited,Siprabi Securities Pvt. Ltd.,10,403.0,4030.0,2025-08-28 13:25:15.521744
2025-08-28,37586,2025082804010457,UNHPL,Midas Stock Broking Company Private Limited,Siprabi Securities Pvt. Ltd.,500,403.0,201500.0,2025-08-28 13:25:25.505444
2025-08-28,37574,2025082804010460,UNHPL,ABC Securities Private Limited,Siprabi Securities Pvt. Ltd.,10,403.0,4030.0,2025-08-28 13:25:28.632300
2025-08-28,37543,2025082804010467,UNHPL,ABC Securities Private Limited,Siprabi Securities Pvt. Ltd.,10,403.0,4030.0,2025-08-28 13:25:36.697957
2025-08-28,37491,2025082804010475,UNHPL,Bhrikuti Stock Broking Co. Pvt. Ltd.,Siprabi Securities Pvt. Ltd.,500,403.0,201500.0,2025-08-28 13:25:53.804249
2025-08-28,37418,2025082804010482,UNHPL,Agrawal Securities (PVT) Ltd.,Siprabi Securities Pvt. Ltd.,141,403.0,56823.0,2025-08-28 13:26:07.477056
2025-08-28,37358,2025082804010495,UNHPL,Agrawal Securities (PVT) Ltd.,Deevyaa Securities & Stock House Pvt. Ltd,20,404.0,8080.0,2025-08-28 13:26:29.684978
2025-08-28,37357,2025082804010496,UNHPL,Agrawal Securities (PVT) Ltd.,Linch Stock Market Ltd.,100,404.0,40400.0,2025-08-28 13:26:29.685074
2025-08-28,37356,2025082804010497,UNHPL,Agrawal Securities (PVT) Ltd.,Thrive Brokerage House Pvt. Ltd,25,404.4,10110.0,2025-08-28 13:26:29.685180
2025-08-28,36333,2025082804010684,UNHPL,Kumari Securities Private Limited,Primo Securities (PVT) Ltd.,20,404.0,8080.0,2025-08-28 13:31:31.046293
2025-08-28,36046,2025082804010742,UNHPL,ABC Securities Private Limited,Sweta Securities Private Limited,40,403.7,16148.0,2025-08-28 13:33:01.894622
2025-08-28,35853,2025082804010783,UNHPL,Sani Securities Company Ltd.,Nepal Stock House (PVT) Ltd.,200,402.1,80420.0,2025-08-28 13:34:07.122942
2025-08-28,35852,2025082804010784,UNHPL,ABC Securities Private Limited,Nepal Stock House (PVT) Ltd.,90,402.0,36180.0,2025-08-28 13:34:07.123478
2025-08-28,35727,2025082804010814,UNHPL,ABC Securities Private Limited,Sweta Securities Private Limited,10,403.7,4037.0,2025-08-28 13:34:48.801459
2025-08-28,35306,2025082804010909,UNHPL,Sani Securities Company Ltd.,Thrive Brokerage House Pvt. Ltd,100,403.5,40350.0,2025-08-28 13:36:47.655632
2025-08-28,35305,2025082804010910,UNHPL,Sani Securities Company Ltd.,Citizens Share Broker Limited,150,403.6,60540.0,2025-08-28 13:36:47.655965
2025-08-28,34819,2025082804011030,UNHPL,Sundhara Securities Limited,Citizens Share Broker Limited,10,403.3,4033.0,2025-08-28 13:39:01.669017
2025-08-28,34816,2025082804011031,UNHPL,Sani Securities Company Ltd.,Citizens Share Broker Limited,340,403.3,137122.0,2025-08-28 13:39:05.892941
2025-08-28,34706,2025082804011051,UNHPL,ABC Securities Private Limited,Thrive Brokerage House Pvt. Ltd,50,403.4,20170.0,2025-08-28 13:39:34.463490
2025-08-28,34685,2025082804011058,UNHPL,Sani Securities Company Ltd.,ABC Securities Private Limited,10,403.3,4033.0,2025-08-28 13:39:38.505416
2025-08-28,34594,2025082804011088,UNHPL,ABC Securities Private Limited,ABC Securities Private Limited,40,403.3,16132.0,2025-08-28 13:39:58.673254
2025-08-28,34593,2025082804011089,UNHPL,ABC Securities Private Limited,Thrive Brokerage House Pvt. Ltd,10,403.4,4034.0,2025-08-28 13:39:58.673513
2025-08-28,34405,2025082804011151,UNHPL,ABC Securities Private Limited,Himalayan Brokerage Company Limited,50,402.4,20120.0,2025-08-28 13:40:39.063946
2025-08-28,34233,2025082804011195,UNHPL,ABC Securities Private Limited,Vision Securities Pvt. Ltd,50,402.3,20115.0,2025-08-28 13:41:33.690294
2025-08-28,34232,2025082804011196,UNHPL,ABC Securities Private Limited,Vision Securities Pvt. Ltd,50,402.2,20110.0,2025-08-28 13:41:33.690852
2025-08-28,34231,2025082804011197,UNHPL,ABC Securities Private Limited,Vision Securities Pvt. Ltd,50,402.1,20105.0,2025-08-28 13:41:33.691162
2025-08-28,34230,2025082804011198,UNHPL,Malla & Malla Stock Broking Company Pvt. Limited,Vision Securities Pvt. Ltd,100,402.0,40200.0,2025-08-28 13:41:33.691521
2025-08-28,34229,2025082804011199,UNHPL,Kohinoor Investment & Securities Pvt. Ltd.,Vision Securities Pvt. Ltd,750,402.0,301500.0,2025-08-28 13:41:33.691827
2025-08-28,34223,2025082804011202,UNHPL,Kohinoor Investment & Securities Pvt. Ltd.,Cristal Kanchanjanga Securites Pvt. Ltd.,200,402.0,80400.0,2025-08-28 13:41:36.812040
2025-08-28,34095,2025082804011249,UNHPL,J.F. Securites (PVT) Ltd.,Stoxkarts Securities Limited,100,401.3,40130.0,2025-08-28 13:42:20.457293
2025-08-28,34094,2025082804011250,UNHPL,Sani Securities Company Ltd.,Stoxkarts Securities Limited,500,401.1,200550.0,2025-08-28 13:42:20.457814
2025-08-28,34093,2025082804011251,UNHPL,SUN SECURITIES PVT LTD,Stoxkarts Securities Limited,50,401.1,20055.0,2025-08-28 13:42:20.458129
2025-08-28,34092,2025082804011252,UNHPL,Trishakti Securities Public Limited,Stoxkarts Securities Limited,100,401.0,40100.0,2025-08-28 13:42:20.458450
2025-08-28,34091,2025082804011253,UNHPL,Sharepro Securities Private Limited,Stoxkarts Securities Limited,250,401.0,100250.0,2025-08-28 13:42:20.458742
2025-08-28,34018,2025082804011272,UNHPL,Sharepro Securities Private Limited,Imperial Securities Company Pvt. Ltd.,50,401.0,20050.0,2025-08-28 13:42:43.355546
2025-08-28,34017,2025082804011273,UNHPL,Online Securities Pvt. Ltd.,Imperial Securities Company Pvt. Ltd.,300,400.6,120180.0,2025-08-28 13:42:43.356029
2025-08-28,34016,2025082804011274,UNHPL,Capital Max Securities Ltd,Imperial Securities Company Pvt. Ltd.,500,400.2,200100.0,2025-08-28 13:42:43.356364
2025-08-28,34015,2025082804011275,UNHPL,Imperial Securities Company Pvt. Ltd.,Imperial Securities Company Pvt. Ltd.,20,400.2,8004.0,2025-08-28 13:42:43.356678
2025-08-28,34014,2025082804011276,UNHPL,SHUBHAKAMANA SECURITIES PVT. LTD,Imperial Securities Company Pvt. Ltd.,130,400.1,52013.0,2025-08-28 13:42:43.356988
2025-08-28,33696,2025082804011353,UNHPL,Global IME Securities Limited,Linch Stock Market Ltd.,100,401.0,40100.0,2025-08-28 13:43:59.255041
2025-08-28,33625,2025082804011385,UNHPL,SHUBHAKAMANA SECURITIES PVT. LTD,Secured Securities Ltd.,870,400.1,348087.0,2025-08-28 13:44:15.238892
2025-08-28,33624,2025082804011386,UNHPL,Sani Securities Company Ltd.,Secured Securities Ltd.,35,400.1,14003.5,2025-08-28 13:44:15.239417
2025-08-28,33623,2025082804011387,UNHPL,Hatemalo Financial Services Private Limited,Secured Securities Ltd.,350,400.0,140000.0,2025-08-28 13:44:15.239769
2025-08-28,33622,2025082804011388,UNHPL,Hatemalo Financial Services Private Limited,Secured Securities Ltd.,200,400.0,80000.0,2025-08-28 13:44:15.240076
2025-08-28,33621,2025082804011389,UNHPL,Sani Securities Company Ltd.,Secured Securities Ltd.,845,400.0,338000.0,2025-08-28 13:44:15.240499
2025-08-28,33167,2025082804011497,UNHPL,Sani Securities Company Ltd.,Cristal Kanchanjanga Securites Pvt. Ltd.,155,400.0,62000.0,2025-08-28 13:45:20.754993
2025-08-28,33166,2025082804011498,UNHPL,Sani Securities Company Ltd.,Cristal Kanchanjanga Securites Pvt. Ltd.,40,400.0,16000.0,2025-08-28 13:45:20.755262
2025-08-28,33165,2025082804011499,UNHPL,Blue Chip Securities Ltd,Cristal Kanchanjanga Securites Pvt. Ltd.,105,400.0,42000.0,2025-08-28 13:45:20.755372
2025-08-28,33130,2025082804011505,UNHPL,Blue Chip Securities Ltd,N.I.M.B. Stock Markets Limited,395,400.0,158000.0,2025-08-28 13:45:25.989794
2025-08-28,32949,2025082804011562,UNHPL,SHUBHAKAMANA SECURITIES PVT. LTD,Deevyaa Securities & Stock House Pvt. Ltd,500,399.7,199850.0,2025-08-28 13:45:55.888351
2025-08-28,32881,2025082804011584,UNHPL,SUN SECURITIES PVT LTD,Deevyaa Securities & Stock House Pvt. Ltd,10,399.7,3997.0,2025-08-28 13:46:10.603473
2025-08-28,32813,2025082804011598,UNHPL,Imperial Securities Company Pvt. Ltd.,Vision Securities Pvt. Ltd,50,399.6,19980.0,2025-08-28 13:46:19.493607
2025-08-28,32502,2025082804011701,UNHPL,Dakshinkali Investment & Securities Pvt. Ltd.,Deevyaa Securities & Stock House Pvt. Ltd,490,399.7,195853.0,2025-08-28 13:47:09.197274
2025-08-28,32195,2025082804011787,UNHPL,Nepal Stock House (PVT) Ltd.,Nabil Stock Dealer Ltd.,200,399.6,79920.0,2025-08-28 13:47:56.447380
2025-08-28,32194,2025082804011788,UNHPL,ABC Securities Private Limited,Nabil Stock Dealer Ltd.,200,399.4,79880.0,2025-08-28 13:47:56.447842
2025-08-28,32193,2025082804011789,UNHPL,Secured Securities Ltd.,Nabil Stock Dealer Ltd.,100,399.0,39900.0,2025-08-28 13:47:56.448120
2025-08-28,31854,2025082804011869,UNHPL,Secured Securities Ltd.,ABC Securities Private Limited,50,399.0,19950.0,2025-08-28 13:48:49.508945
2025-08-28,31805,2025082804011878,UNHPL,Secured Securities Ltd.,Linch Stock Market Ltd.,244,399.0,97356.0,2025-08-28 13:48:58.083145
2025-08-28,31733,2025082804011888,UNHPL,Imperial Securities Company Pvt. Ltd.,Imperial Securities Company Pvt. Ltd.,100,398.6,39860.0,2025-08-28 13:49:10.776073
2025-08-28,31458,2025082804011977,UNHPL,Naasa Securities Co. Ltd.,Neev Securities Pvt. Ltd.,290,398.5,115565.0,2025-08-28 13:49:56.961890
2025-08-28,31419,2025082804011988,UNHPL,Naasa Securities Co. Ltd.,Online Securities Pvt. Ltd.,1500,398.5,597750.0,2025-08-28 13:50:03.816679
2025-08-28,31358,2025082804012021,UNHPL,Naasa Securities Co. Ltd.,ABC Securities Private Limited,20,398.5,7970.0,2025-08-28 13:50:10.296173
2025-08-28,31220,2025082804012057,UNHPL,Secured Securities Ltd.,ABC Securities Private Limited,16,399.0,6384.0,2025-08-28 13:50:40.746673
2025-08-28,31053,2025082804012115,UNHPL,Naasa Securities Co. Ltd.,Online Securities Pvt. Ltd.,700,398.5,278950.0,2025-08-28 13:51:09.433282
2025-08-28,31027,2025082804012129,UNHPL,Naasa Securities Co. Ltd.,Aakashbhairab Securities Ltd.,620,398.5,247070.0,2025-08-28 13:51:14.924738
2025-08-28,30928,2025082804012157,UNHPL,Naasa Securities Co. Ltd.,Sweta Securities Private Limited,250,398.5,99625.0,2025-08-28 13:51:29.955839
2025-08-28,30472,2025082804012278,UNHPL,ABC Securities Private Limited,Capital Max Securities Ltd,300,398.6,119580.0,2025-08-28 13:53:00.726321
2025-08-28,30471,2025082804012279,UNHPL,Naasa Securities Co. Ltd.,Capital Max Securities Ltd,620,398.5,247070.0,2025-08-28 13:53:00.726617
2025-08-28,30470,2025082804012280,UNHPL,Dakshinkali Investment & Securities Pvt. Ltd.,Capital Max Securities Ltd,50,398.2,19910.0,2025-08-28 13:53:00.726721
2025-08-28,30469,2025082804012281,UNHPL,Vision Securities Pvt. Ltd,Capital Max Securities Ltd,30,398.2,11946.0,2025-08-28 13:53:00.726820
2025-08-28,30376,2025082804012304,UNHPL,Vision Securities Pvt. Ltd,Sweta Securities Private Limited,470,398.2,187154.0,2025-08-28 13:53:17.552227
2025-08-28,30375,2025082804012305,UNHPL,Sharepro Securities Private Limited,Sweta Securities Private Limited,20,398.2,7964.0,2025-08-28 13:53:17.552271
2025-08-28,30374,2025082804012306,UNHPL,SHUBHAKAMANA SECURITIES PVT. LTD,Sweta Securities Private Limited,125,398.1,49762.5,2025-08-28 13:53:17.552298
2025-08-28,30373,2025082804012307,UNHPL,Deevyaa Securities & Stock House Pvt. Ltd,Sweta Securities Private Limited,385,398.0,153230.0,2025-08-28 13:53:17.552336
2025-08-28,30254,2025082804012347,UNHPL,Kohinoor Investment & Securities Pvt. Ltd.,ABC Securities Private Limited,34,399.0,13566.0,2025-08-28 13:53:42.379109
2025-08-28,30253,2025082804012348,UNHPL,Kohinoor Investment & Securities Pvt. Ltd.,ABC Securities Private Limited,50,399.0,19950.0,2025-08-28 13:53:42.379538
2025-08-28,30252,2025082804012349,UNHPL,Kohinoor Investment & Securities Pvt. Ltd.,Capital Max Securities Ltd,116,399.0,46284.0,2025-08-28 13:53:42.379819
2025-08-28,29586,2025082804012571,UNHPL,Sani Securities Company Ltd.,Capital Max Securities Ltd,300,399.0,119700.0,2025-08-28 13:55:47.797217
2025-08-28,29301,2025082804012625,UNHPL,Deevyaa Securities & Stock House Pvt. Ltd,Miyo Securities Pvt Ltd,14,398.0,5572.0,2025-08-28 13:56:32.089707
2025-08-28,29300,2025082804012626,UNHPL,Vision Securities Pvt. Ltd,Miyo Securities Pvt Ltd,25,398.0,9950.0,2025-08-28 13:56:32.090197
2025-08-28,29299,2025082804012627,UNHPL,Agrawal Securities (PVT) Ltd.,Miyo Securities Pvt Ltd,10,398.0,3980.0,2025-08-28 13:56:32.090509
2025-08-28,29298,2025082804012628,UNHPL,South Asian Bulls Pvt. Ltd.,Miyo Securities Pvt Ltd,62,398.0,24676.0,2025-08-28 13:56:32.090791
2025-08-28,29297,2025082804012629,UNHPL,Imperial Securities Company Pvt. Ltd.,Miyo Securities Pvt Ltd,589,397.5,234127.5,2025-08-28 13:56:32.091105
2025-08-28,28217,2025082804012908,UNHPL,Naasa Securities Co. Ltd.,ABC Securities Private Limited,40,397.7,15908.0,2025-08-28 14:00:18.369053
2025-08-28,28216,2025082804012909,UNHPL,Bhrikuti Stock Broking Co. Pvt. Ltd.,ABC Securities Private Limited,110,397.6,43736.0,2025-08-28 14:00:18.369539
2025-08-28,28169,2025082804012941,UNHPL,Bhrikuti Stock Broking Co. Pvt. Ltd.,Oxford Securities Pvt. Ltd.,190,397.6,75544.0,2025-08-28 14:00:28.083418
2025-08-28,28057,2025082804012971,UNHPL,Linch Stock Market Ltd.,Oxford Securities Pvt. Ltd.,150,397.6,59640.0,2025-08-28 14:00:47.111108
2025-08-28,27915,2025082804013005,UNHPL,Kohinoor Investment & Securities Pvt. Ltd.,Kohinoor Investment & Securities Pvt. Ltd.,100,397.6,39760.0,2025-08-28 14:01:11.381780
2025-08-28,27914,2025082804013006,UNHPL,Imperial Securities Company Pvt. Ltd.,Kohinoor Investment & Securities Pvt. Ltd.,261,397.5,103747.5,2025-08-28 14:01:11.381825
2025-08-28,27913,2025082804013007,UNHPL,Linch Stock Market Ltd.,Kohinoor Investment & Securities Pvt. Ltd.,40,397.5,15900.0,2025-08-28 14:01:11.381862
2025-08-28,27912,2025082804013008,UNHPL,Imperial Securities Company Pvt. Ltd.,Kohinoor Investment & Securities Pvt. Ltd.,300,397.3,119190.0,2025-08-28 14:01:11.381902
2025-08-28,27911,2025082804013009,UNHPL,Linch Stock Market Ltd.,Kohinoor Investment & Securities Pvt. Ltd.,99,397.2,39322.8,2025-08-28 14:01:11.381944
2025-08-28,27691,2025082804013070,UNHPL,Sweta Securities Private Limited,Asian Securities Private Ltd.,20,397.3,7946.0,2025-08-28 14:01:44.680959
2025-08-28,27657,2025082804013075,UNHPL,Sweta Securities Private Limited,ABC Securities Private Limited,50,397.3,19865.0,2025-08-28 14:01:51.255628
2025-08-28,27463,2025082804013105,UNHPL,Sweta Securities Private Limited,Himalayan Brokerage Company Limited,100,397.3,39730.0,2025-08-28 14:02:30.276550
2025-08-28,27237,2025082804013199,UNHPL,Sweta Securities Private Limited,ABC Securities Private Limited,20,397.3,7946.0,2025-08-28 14:03:10.984097
2025-08-28,27179,2025082804013224,UNHPL,Sweta Securities Private Limited,Capital Max Securities Ltd,310,397.3,123163.0,2025-08-28 14:03:21.374413
2025-08-28,27178,2025082804013225,UNHPL,Linch Stock Market Ltd.,Capital Max Securities Ltd,200,397.2,79440.0,2025-08-28 14:03:21.374662
2025-08-28,27177,2025082804013226,UNHPL,Dakshinkali Investment & Securities Pvt. Ltd.,Capital Max Securities Ltd,490,397.1,194579.0,2025-08-28 14:03:21.374840
2025-08-28,26997,2025082804013263,UNHPL,Dakshinkali Investment & Securities Pvt. Ltd.,Capital Max Securities Ltd,510,397.1,202521.0,2025-08-28 14:03:54.494372
2025-08-28,26996,2025082804013264,UNHPL,ABC Securities Private Limited,Capital Max Securities Ltd,74,397.0,29378.0,2025-08-28 14:03:54.494847
2025-08-28,26661,2025082804013325,UNHPL,Trishakti Securities Public Limited,Imperial Securities Company Pvt. Ltd.,100,397.3,39730.0,2025-08-28 14:05:16.062305
2025-08-28,26584,2025082804013344,UNHPL,Imperial Securities Company Pvt. Ltd.,Naasa Securities Co. Ltd.,100,397.5,39750.0,2025-08-28 14:05:31.363669
2025-08-28,26583,2025082804013345,UNHPL,Bhrikuti Stock Broking Co. Pvt. Ltd.,Naasa Securities Co. Ltd.,50,397.2,19860.0,2025-08-28 14:05:31.363940
2025-08-28,26582,2025082804013346,UNHPL,Bhrikuti Stock Broking Co. Pvt. Ltd.,Naasa Securities Co. Ltd.,350,397.1,138985.0,2025-08-28 14:05:31.364038
2025-08-28,25960,2025082804013508,UNHPL,Bhrikuti Stock Broking Co. Pvt. Ltd.,Capital Max Securities Ltd,150,397.1,59565.0,2025-08-28 14:07:35.594100
2025-08-28,25959,2025082804013509,UNHPL,ABC Securities Private Limited,Capital Max Securities Ltd,426,397.0,169122.0,2025-08-28 14:07:35.594594
2025-08-28,25958,2025082804013510,UNHPL,Primo Securities (PVT) Ltd.,Capital Max Securities Ltd,100,397.0,39700.0,2025-08-28 14:07:35.594879
2025-08-28,25957,2025082804013511,UNHPL,Sharepro Securities Private Limited,Capital Max Securities Ltd,20,397.0,7940.0,2025-08-28 14:07:35.595216
2025-08-28,25956,2025082804013512,UNHPL,Himalayan Brokerage Company Limited,Capital Max Securities Ltd,1000,397.0,397000.0,2025-08-28 14:07:35.595643
2025-08-28,25955,2025082804013513,UNHPL,Primo Securities (PVT) Ltd.,Capital Max Securities Ltd,78,397.0,30966.0,2025-08-28 14:07:35.596088
2025-08-28,25846,2025082804013533,UNHPL,INDEX SECURITIES LIMITED,Property Wiard Limited,800,396.6,317280.0,2025-08-28 14:07:53.477941
2025-08-28,25845,2025082804013534,UNHPL,Sri Hari Securities Pvt. Ltd.,Property Wiard Limited,200,396.5,79300.0,2025-08-28 14:07:53.478219
2025-08-28,25186,2025082804013641,UNHPL,Sundhara Securities Limited,Capital Max Securities Ltd,15,397.0,5955.0,2025-08-28 14:10:06.525882
2025-08-28,25092,2025082804013653,UNHPL,Kumari Securities Private Limited,Online Securities Pvt. Ltd.,300,396.0,118800.0,2025-08-28 14:10:25.288601
2025-08-28,25091,2025082804013654,UNHPL,Sundhara Securities Limited,Online Securities Pvt. Ltd.,500,396.0,198000.0,2025-08-28 14:10:25.288891
2025-08-28,25071,2025082804013657,UNHPL,Linch Stock Market Ltd.,Capital Max Securities Ltd,31,397.0,12307.0,2025-08-28 14:10:33.711525
2025-08-28,24933,2025082804013681,UNHPL,Vision Securities Pvt. Ltd,Vision Securities Pvt. Ltd,270,396.0,106920.0,2025-08-28 14:11:17.707349
2025-08-28,24917,2025082804013685,UNHPL,Vision Securities Pvt. Ltd,Sumeru Securities Pvt. Ltd.,230,396.0,91080.0,2025-08-28 14:11:25.364063
2025-08-28,24916,2025082804013686,UNHPL,Aakashbhairab Securities Ltd.,Sumeru Securities Pvt. Ltd.,24,396.0,9504.0,2025-08-28 14:11:25.364618
2025-08-28,24915,2025082804013687,UNHPL,Vision Securities Pvt. Ltd,Sumeru Securities Pvt. Ltd.,500,396.0,198000.0,2025-08-28 14:11:25.364908
2025-08-28,24914,2025082804013688,UNHPL,Agrawal Securities (PVT) Ltd.,Sumeru Securities Pvt. Ltd.,10,396.0,3960.0,2025-08-28 14:11:25.365226
2025-08-28,24913,2025082804013689,UNHPL,Himalayan Brokerage Company Limited,Sumeru Securities Pvt. Ltd.,1000,396.0,396000.0,2025-08-28 14:11:25.365525
2025-08-28,24912,2025082804013690,UNHPL,Siprabi Securities Pvt. Ltd.,Sumeru Securities Pvt. Ltd.,141,396.0,55836.0,2025-08-28 14:11:25.365803
2025-08-28,24835,2025082804013712,UNHPL,Trademow Securities Private Limited,Sumeru Securities Pvt. Ltd.,95,395.9,37610.5,2025-08-28 14:11:45.480724
2025-08-28,24783,2025082804013727,UNHPL,Trademow Securities Private Limited,Capital Max Securities Ltd,205,395.9,81159.5,2025-08-28 14:12:01.788456
2025-08-28,24782,2025082804013728,UNHPL,Himalayan Brokerage Company Limited,Capital Max Securities Ltd,1000,395.2,395200.0,2025-08-28 14:12:01.788776
2025-08-28,24781,2025082804013729,UNHPL,Himalayan Brokerage Company Limited,Capital Max Securities Ltd,1000,395.1,395100.0,2025-08-28 14:12:01.788873
2025-08-28,24780,2025082804013730,UNHPL,Dipshikha Dhitopatra Karobar Co. Pvt Ltd.,Capital Max Securities Ltd,500,395.0,197500.0,2025-08-28 14:12:01.788973
2025-08-28,24779,2025082804013731,UNHPL,Dakshinkali Investment & Securities Pvt. Ltd.,Capital Max Securities Ltd,20,395.0,7900.0,2025-08-28 14:12:01.789113
2025-08-28,24778,2025082804013732,UNHPL,Dynamic Money Managers Securities Pvt. Ltd.,Capital Max Securities Ltd,10000,395.0,3950000.0,2025-08-28 14:12:01.789220
2025-08-28,24777,2025082804013733,UNHPL,Naasa Securities Co. Ltd.,Capital Max Securities Ltd,100,395.0,39500.0,2025-08-28 14:12:01.789370
2025-08-28,24776,2025082804013734,UNHPL,Kohinoor Investment & Securities Pvt. Ltd.,Capital Max Securities Ltd,255,395.0,100725.0,2025-08-28 14:12:01.789497
2025-08-28,24775,2025082804013735,UNHPL,Midas Stock Broking Company Private Limited,Capital Max Securities Ltd,100,395.0,39500.0,2025-08-28 14:12:01.789630
2025-08-28,24774,2025082804013736,UNHPL,Online Securities Pvt. Ltd.,Capital Max Securities Ltd,10,395.0,3950.0,2025-08-28 14:12:01.789758
2025-08-28,24773,2025082804013737,UNHPL,Trisul Securities & Invt. Ltd.,Capital Max Securities Ltd,300,395.0,118500.0,2025-08-28 14:12:01.789863
2025-08-28,24772,2025082804013738,UNHPL,SUN SECURITIES PVT LTD,Capital Max Securities Ltd,300,395.0,118500.0,2025-08-28 14:12:01.789975
2025-08-28,24771,2025082804013739,UNHPL,Imperial Securities Company Pvt. Ltd.,Capital Max Securities Ltd,100,395.0,39500.0,2025-08-28 14:12:01.790110
2025-08-28,24770,2025082804013740,UNHPL,Sani Securities Company Ltd.,Capital Max Securities Ltd,100,395.0,39500.0,2025-08-28 14:12:01.790244
2025-08-28,24769,2025082804013741,UNHPL,Aryatara Investment & Securities,Capital Max Securities Ltd,743,395.0,293485.0,2025-08-28 14:12:01.790353
2025-08-28,24768,2025082804013742,UNHPL,Kumari Securities Private Limited,Capital Max Securities Ltd,500,395.0,197500.0,2025-08-28 14:12:01.790443
2025-08-28,24767,2025082804013743,UNHPL,Himalayan Brokerage Company Limited,Capital Max Securities Ltd,767,395.0,302965.0,2025-08-28 14:12:01.790531
2025-08-28,24484,2025082804013813,UNHPL,Himalayan Brokerage Company Limited,KALASH STOCK MARKET PVT. LTD.,233,395.0,92035.0,2025-08-28 14:13:15.982709
2025-08-28,24483,2025082804013814,UNHPL,ABC Securities Private Limited,KALASH STOCK MARKET PVT. LTD.,267,395.0,105465.0,2025-08-28 14:13:15.982964
2025-08-28,24146,2025082804013880,UNHPL,ABC Securities Private Limited,Malla & Malla Stock Broking Company Pvt. Limited,1000,396.0,396000.0,2025-08-28 14:14:29.990145
2025-08-28,23791,2025082804013979,UNHPL,Vision Securities Pvt. Ltd,Citizens Share Broker Limited,100,395.9,39590.0,2025-08-28 14:15:51.301758
2025-08-28,23505,2025082804014054,UNHPL,Trishakti Securities Public Limited,Capital Max Securities Ltd,150,397.0,59550.0,2025-08-28 14:16:36.676588
2025-08-28,23457,2025082804014062,UNHPL,Agrawal Securities (PVT) Ltd.,Capital Max Securities Ltd,30,397.0,11910.0,2025-08-28 14:16:45.570939
2025-08-28,23456,2025082804014063,UNHPL,Agrawal Securities (PVT) Ltd.,Sani Securities Company Ltd.,199,397.0,79003.0,2025-08-28 14:16:45.570986
2025-08-28,23455,2025082804014064,UNHPL,Agrawal Securities (PVT) Ltd.,Naasa Securities Co. Ltd.,171,397.5,67972.5,2025-08-28 14:16:45.571010
2025-08-28,23430,2025082804014071,UNHPL,Agrawal Securities (PVT) Ltd.,Agrawal Securities (PVT) Ltd.,15,397.0,5955.0,2025-08-28 14:16:52.656303
2025-08-28,23409,2025082804014075,UNHPL,Trishakti Securities Public Limited,Agrawal Securities (PVT) Ltd.,485,397.0,192545.0,2025-08-28 14:16:59.811908
2025-08-28,23342,2025082804014086,UNHPL,Trademow Securities Private Limited,Naasa Securities Co. Ltd.,24,397.5,9540.0,2025-08-28 14:17:11.167000
2025-08-28,23341,2025082804014087,UNHPL,Trademow Securities Private Limited,Capital Max Securities Ltd,976,398.0,388448.0,2025-08-28 14:17:11.167457
2025-08-28,23309,2025082804014095,UNHPL,Trishakti Securities Public Limited,Sani Securities Company Ltd.,15,397.0,5955.0,2025-08-28 14:17:17.261894
2025-08-28,23308,2025082804014096,UNHPL,Imperial Securities Company Pvt. Ltd.,Sani Securities Company Ltd.,100,395.2,39520.0,2025-08-28 14:17:17.261937
2025-08-28,23307,2025082804014097,UNHPL,Pragyan Securities (PVT) Ltd.,Sani Securities Company Ltd.,141,395.1,55709.1,2025-08-28 14:17:17.261986
2025-08-28,23306,2025082804014098,UNHPL,ABC Securities Private Limited,Sani Securities Company Ltd.,233,395.0,92035.0,2025-08-28 14:17:17.262013
2025-08-28,23305,2025082804014099,UNHPL,Himalayan Brokerage Company Limited,Sani Securities Company Ltd.,111,395.0,43845.0,2025-08-28 14:17:17.262035
2025-08-28,23215,2025082804014136,UNHPL,ABC Securities Private Limited,Capital Max Securities Ltd,15,398.0,5970.0,2025-08-28 14:17:33.990527
2025-08-28,23067,2025082804014173,UNHPL,Agrawal Securities (PVT) Ltd.,Aryatara Investment & Securities,91,399.0,36309.0,2025-08-28 14:18:10.321344
2025-08-28,22705,2025082804014261,UNHPL,Kohinoor Investment & Securities Pvt. Ltd.,Naasa Securities Co. Ltd.,50,399.7,19985.0,2025-08-28 14:19:22.000391
2025-08-28,22148,2025082804014405,UNHPL,Primo Securities (PVT) Ltd.,Naasa Securities Co. Ltd.,200,397.0,79400.0,2025-08-28 14:21:15.482909
2025-08-28,22012,2025082804014438,UNHPL,Opal Securities Investment (PVT) Ltd.,Aryatara Investment & Securities,800,396.0,316800.0,2025-08-28 14:21:35.027680
2025-08-28,21920,2025082804014462,UNHPL,SHUBHAKAMANA SECURITIES PVT. LTD,SHUBHAKAMANA SECURITIES PVT. LTD,1000,395.3,395300.0,2025-08-28 14:21:55.163061
2025-08-28,21717,2025082804014497,UNHPL,ABC Securities Private Limited,Aryatara Investment & Securities,191,396.0,75636.0,2025-08-28 14:22:22.900387
2025-08-28,21634,2025082804014513,UNHPL,Kohinoor Investment & Securities Pvt. Ltd.,Shree Krishna Securities Ltd.,13,395.2,5137.6,2025-08-28 14:22:32.491326
2025-08-28,21262,2025082804014590,UNHPL,Kohinoor Investment & Securities Pvt. Ltd.,Sani Securities Company Ltd.,37,395.2,14622.4,2025-08-28 14:23:32.017474
2025-08-28,21261,2025082804014591,UNHPL,Miyo Securities Pvt Ltd,Sani Securities Company Ltd.,463,395.1,182931.3,2025-08-28 14:23:32.017956
2025-08-28,20729,2025082804014731,UNHPL,SHUBHAKAMANA SECURITIES PVT. LTD,Capital Max Securities Ltd,250,396.0,99000.0,2025-08-28 14:24:42.377797
2025-08-28,20673,2025082804014744,UNHPL,SHUBHAKAMANA SECURITIES PVT. LTD,Kumari Securities Private Limited,250,396.0,99000.0,2025-08-28 14:24:50.709731
2025-08-28,20568,2025082804014758,UNHPL,ABC Securities Private Limited,Kumari Securities Private Limited,141,396.0,55836.0,2025-08-28 14:25:04.701573
2025-08-28,20349,2025082804014819,UNHPL,Trishakti Securities Public Limited,Capital Max Securities Ltd,100,396.0,39600.0,2025-08-28 14:25:49.597623
2025-08-28,20314,2025082804014826,UNHPL,Sani Securities Company Ltd.,Capital Max Securities Ltd,1000,395.1,395100.0,2025-08-28 14:25:55.730033
2025-08-28,20313,2025082804014827,UNHPL,Himalayan Brokerage Company Limited,Capital Max Securities Ltd,889,395.0,351155.0,2025-08-28 14:25:55.730292
2025-08-28,20312,2025082804014828,UNHPL,Siprabi Securities Pvt. Ltd.,Capital Max Securities Ltd,50,395.0,19750.0,2025-08-28 14:25:55.730444
2025-08-28,20311,2025082804014829,UNHPL,Agrawal Securities (PVT) Ltd.,Capital Max Securities Ltd,100,395.0,39500.0,2025-08-28 14:25:55.730538
2025-08-28,20310,2025082804014830,UNHPL,Swarna Laxmi Securities Pvt. Ltd.,Capital Max Securities Ltd,300,395.0,118500.0,2025-08-28 14:25:55.730629
2025-08-28,20309,2025082804014831,UNHPL,Himalayan Brokerage Company Limited,Capital Max Securities Ltd,500,395.0,197500.0,2025-08-28 14:25:55.730737
2025-08-28,20308,2025082804014832,UNHPL,Aryatara Investment & Securities,Capital Max Securities Ltd,20,395.0,7900.0,2025-08-28 14:25:55.730827
2025-08-28,19110,2025082804015215,UNHPL,ABC Securities Private Limited,Capital Max Securities Ltd,132,396.0,52272.0,2025-08-28 14:28:22.656675
2025-08-28,18820,2025082804015278,UNHPL,Naasa Securities Co. Ltd.,Sri Hari Securities Pvt. Ltd.,281,394.2,110770.2,2025-08-28 14:29:11.662286
2025-08-28,18819,2025082804015279,UNHPL,Dakshinkali Investment & Securities Pvt. Ltd.,Sri Hari Securities Pvt. Ltd.,719,394.1,283357.9,2025-08-28 14:29:11.662579
2025-08-28,18776,2025082804015298,UNHPL,ABC Securities Private Limited,Naasa Securities Co. Ltd.,10,397.0,3970.0,2025-08-28 14:29:19.328461
2025-08-28,18109,2025082804015438,UNHPL,South Asian Bulls Pvt. Ltd.,Asian Securities Private Ltd.,200,394.2,78840.0,2025-08-28 14:31:16.376674
2025-08-28,18108,2025082804015439,UNHPL,Dakshinkali Investment & Securities Pvt. Ltd.,Asian Securities Private Ltd.,281,394.1,110742.1,2025-08-28 14:31:16.377146
2025-08-28,18107,2025082804015440,UNHPL,Cristal Kanchanjanga Securites Pvt. Ltd.,Asian Securities Private Ltd.,150,394.0,59100.0,2025-08-28 14:31:16.377452
2025-08-28,18106,2025082804015441,UNHPL,Himalayan Brokerage Company Limited,Asian Securities Private Ltd.,184,394.0,72496.0,2025-08-28 14:31:16.377730
2025-08-28,17997,2025082804015471,UNHPL,Himalayan Brokerage Company Limited,Naasa Securities Co. Ltd.,240,394.0,94560.0,2025-08-28 14:31:34.732386
2025-08-28,17577,2025082804015574,UNHPL,Sumeru Securities Pvt. Ltd.,Aryatara Investment & Securities,300,395.0,118500.0,2025-08-28 14:32:59.225573
2025-08-28,17330,2025082804015655,UNHPL,Online Securities Pvt. Ltd.,Aryatara Investment & Securities,35,395.0,13825.0,2025-08-28 14:33:50.302327
2025-08-28,17141,2025082804015701,UNHPL,Imperial Securities Company Pvt. Ltd.,Siprabi Securities Pvt. Ltd.,19,394.0,7486.0,2025-08-28 14:34:20.027245
2025-08-28,16155,2025082804015961,UNHPL,South Asian Bulls Pvt. Ltd.,Aryatara Investment & Securities,422,395.0,166690.0,2025-08-28 14:37:06.375585
2025-08-28,16154,2025082804015962,UNHPL,South Asian Bulls Pvt. Ltd.,South Asian Bulls Pvt. Ltd.,100,395.0,39500.0,2025-08-28 14:37:06.376038
2025-08-28,16153,2025082804015963,UNHPL,South Asian Bulls Pvt. Ltd.,Vision Securities Pvt. Ltd,250,395.0,98750.0,2025-08-28 14:37:06.376326
2025-08-28,16152,2025082804015964,UNHPL,South Asian Bulls Pvt. Ltd.,Imperial Securities Company Pvt. Ltd.,228,395.0,90060.0,2025-08-28 14:37:06.376605
2025-08-28,16069,2025082804015989,UNHPL,ABC Securities Private Limited,Imperial Securities Company Pvt. Ltd.,10,395.0,3950.0,2025-08-28 14:37:20.346888
2025-08-28,15798,2025082804016041,UNHPL,ABC Securities Private Limited,Siprabi Securities Pvt. Ltd.,9,390.0,3510.0,2025-08-28 14:38:05.798087
2025-08-28,15730,2025082804016057,UNHPL,ABC Securities Private Limited,Vision Securities Pvt. Ltd,6,390.0,2340.0,2025-08-28 14:38:17.921015
2025-08-28,15517,2025082804016104,UNHPL,ABC Securities Private Limited,Trishakti Securities Public Limited,10,396.0,3960.0,2025-08-28 14:38:52.240545
2025-08-28,13765,2025082804016583,UNHPL,Siprabi Securities Pvt. Ltd.,Aryatara Investment & Securities,55,395.0,21725.0,2025-08-28 14:42:38.381532
2025-08-28,13764,2025082804016584,UNHPL,Swarna Laxmi Securities Pvt. Ltd.,Aryatara Investment & Securities,54,395.0,21330.0,2025-08-28 14:42:38.382002
2025-08-28,13761,2025082804016585,UNHPL,Swarna Laxmi Securities Pvt. Ltd.,SHUBHAKAMANA SECURITIES PVT. LTD,46,395.0,18170.0,2025-08-28 14:42:39.184151
2025-08-28,13520,2025082804016622,UNHPL,Aryatara Investment & Securities,Thrive Brokerage House Pvt. Ltd,15,394.1,5911.5,2025-08-28 14:43:07.058759
2025-08-28,13519,2025082804016623,UNHPL,Vision Securities Pvt. Ltd,Thrive Brokerage House Pvt. Ltd,500,394.1,197050.0,2025-08-28 14:43:07.059221
2025-08-28,13518,2025082804016624,UNHPL,Imperial Securities Company Pvt. Ltd.,Thrive Brokerage House Pvt. Ltd,31,394.0,12214.0,2025-08-28 14:43:07.059536
2025-08-28,13517,2025082804016625,UNHPL,Investment Management Nepal Pvt. Ltd.,Thrive Brokerage House Pvt. Ltd,30,394.0,11820.0,2025-08-28 14:43:07.059819
2025-08-28,13516,2025082804016626,UNHPL,Vision Securities Pvt. Ltd,Thrive Brokerage House Pvt. Ltd,424,394.0,167056.0,2025-08-28 14:43:07.060102
2025-08-28,13254,2025082804016718,UNHPL,Vision Securities Pvt. Ltd,Nepal Investment And Securities Trading Private Limited,76,394.0,29944.0,2025-08-28 14:43:38.988712
2025-08-28,13253,2025082804016719,UNHPL,Sumeru Securities Pvt. Ltd.,Nepal Investment And Securities Trading Private Limited,160,393.5,62960.0,2025-08-28 14:43:38.988953
2025-08-28,13252,2025082804016720,UNHPL,Sani Securities Company Ltd.,Nepal Investment And Securities Trading Private Limited,200,393.4,78680.0,2025-08-28 14:43:38.989051
2025-08-28,13251,2025082804016721,UNHPL,Naasa Securities Co. Ltd.,Nepal Investment And Securities Trading Private Limited,40,393.3,15732.0,2025-08-28 14:43:38.989144
2025-08-28,13250,2025082804016722,UNHPL,Dakshinkali Investment & Securities Pvt. Ltd.,Nepal Investment And Securities Trading Private Limited,524,393.2,206036.8,2025-08-28 14:43:38.989236
2025-08-28,11686,2025082804017178,UNHPL,Sani Securities Company Ltd.,Dakshinkali Investment & Securities Pvt. Ltd.,20,394.0,7880.0,2025-08-28 14:46:07.821976
2025-08-28,11685,2025082804017179,UNHPL,ABC Securities Private Limited,Dakshinkali Investment & Securities Pvt. Ltd.,80,394.0,31520.0,2025-08-28 14:46:07.822447
2025-08-28,11645,2025082804017195,UNHPL,ABC Securities Private Limited,Sani Securities Company Ltd.,100,394.0,39400.0,2025-08-28 14:46:14.750522
2025-08-28,11642,2025082804017197,UNHPL,ABC Securities Private Limited,KALASH STOCK MARKET PVT. LTD.,20,394.0,7880.0,2025-08-28 14:46:14.922957
2025-08-28,11641,2025082804017198,UNHPL,Investment Management Nepal Pvt. Ltd.,KALASH STOCK MARKET PVT. LTD.,50,393.6,19680.0,2025-08-28 14:46:14.923039
2025-08-28,11640,2025082804017199,UNHPL,Midas Stock Broking Company Private Limited,KALASH STOCK MARKET PVT. LTD.,100,393.5,39350.0,2025-08-28 14:46:14.923066
2025-08-28,11639,2025082804017200,UNHPL,Deevyaa Securities & Stock House Pvt. Ltd,KALASH STOCK MARKET PVT. LTD.,200,393.3,78660.0,2025-08-28 14:46:14.923091
2025-08-28,11638,2025082804017201,UNHPL,Dakshinkali Investment & Securities Pvt. Ltd.,KALASH STOCK MARKET PVT. LTD.,476,393.2,187163.2,2025-08-28 14:46:14.923115
2025-08-28,11637,2025082804017202,UNHPL,Kohinoor Investment & Securities Pvt. Ltd.,KALASH STOCK MARKET PVT. LTD.,50,393.2,19660.0,2025-08-28 14:46:14.923139
2025-08-28,11636,2025082804017203,UNHPL,Premier Securities Company Ltd.,KALASH STOCK MARKET PVT. LTD.,104,393.1,40882.4,2025-08-28 14:46:14.923165
2025-08-28,10264,2025082804017577,UNHPL,ABC Securities Private Limited,Nepal Stock House (PVT) Ltd.,88,394.0,34672.0,2025-08-28 14:48:38.399448
2025-08-28,9528,2025082804017738,UNHPL,Kumari Securities Private Limited,Aryatara Investment & Securities,10,394.0,3940.0,2025-08-28 14:49:59.600436
2025-08-28,9527,2025082804017739,UNHPL,Vision Securities Pvt. Ltd,Aryatara Investment & Securities,300,394.0,118200.0,2025-08-28 14:49:59.600743
2025-08-28,9526,2025082804017740,UNHPL,Capital Max Securities Ltd,Aryatara Investment & Securities,50,393.3,19665.0,2025-08-28 14:49:59.600874
2025-08-28,9525,2025082804017741,UNHPL,Primo Securities (PVT) Ltd.,Aryatara Investment & Securities,127,393.3,49949.1,2025-08-28 14:49:59.600984
2025-08-28,9524,2025082804017742,UNHPL,ABC Securities Private Limited,Aryatara Investment & Securities,200,393.2,78640.0,2025-08-28 14:49:59.601078
2025-08-28,9523,2025082804017743,UNHPL,Premier Securities Company Ltd.,Aryatara Investment & Securities,96,393.1,37737.6,2025-08-28 14:49:59.601172
2025-08-28,9522,2025082804017744,UNHPL,Opal Securities Investment (PVT) Ltd.,Aryatara Investment & Securities,100,393.1,39310.0,2025-08-28 14:49:59.601265
2025-08-28,9521,2025082804017745,UNHPL,Trishakti Securities Public Limited,Aryatara Investment & Securities,367,393.1,144267.7,2025-08-28 14:49:59.601382
2025-08-28,9167,2025082804017788,UNHPL,Imperial Securities Company Pvt. Ltd.,Naasa Securities Co. Ltd.,200,394.8,78960.0,2025-08-28 14:50:30.457115
2025-08-28,9008,2025082804017819,UNHPL,Trishakti Securities Public Limited,Naasa Securities Co. Ltd.,500,393.1,196550.0,2025-08-28 14:50:47.621571
2025-08-28,8786,2025082804017863,UNHPL,Trishakti Securities Public Limited,Sani Securities Company Ltd.,100,393.1,39310.0,2025-08-28 14:51:08.291521
2025-08-28,8767,2025082804017868,UNHPL,Trishakti Securities Public Limited,Neev Securities Pvt. Ltd.,33,393.1,12972.3,2025-08-28 14:51:10.229203
2025-08-28,8766,2025082804017869,UNHPL,Dakshinkali Investment & Securities Pvt. Ltd.,Neev Securities Pvt. Ltd.,501,393.1,196943.1,2025-08-28 14:51:10.229497
2025-08-28,8765,2025082804017870,UNHPL,Midas Stock Broking Company Private Limited,Neev Securities Pvt. Ltd.,500,393.0,196500.0,2025-08-28 14:51:10.229607
2025-08-28,8764,2025082804017871,UNHPL,Miyo Securities Pvt Ltd,Neev Securities Pvt. Ltd.,500,393.0,196500.0,2025-08-28 14:51:10.229700
2025-08-28,8763,2025082804017872,UNHPL,Bhrikuti Stock Broking Co. Pvt. Ltd.,Neev Securities Pvt. Ltd.,1500,393.0,589500.0,2025-08-28 14:51:10.229794
2025-08-28,8762,2025082804017873,UNHPL,Imperial Securities Company Pvt. Ltd.,Neev Securities Pvt. Ltd.,100,393.0,39300.0,2025-08-28 14:51:10.229922
2025-08-28,8761,2025082804017874,UNHPL,Agrawal Securities (PVT) Ltd.,Neev Securities Pvt. Ltd.,300,393.0,117900.0,2025-08-28 14:51:10.230029
2025-08-28,8760,2025082804017875,UNHPL,Naasa Securities Co. Ltd.,Neev Securities Pvt. Ltd.,566,393.0,222438.0,2025-08-28 14:51:10.230133
2025-08-28,8688,2025082804017894,UNHPL,Siprabi Securities Pvt. Ltd.,Naasa Securities Co. Ltd.,30,393.1,11793.0,2025-08-28 14:51:18.064265
2025-08-28,8687,2025082804017895,UNHPL,Naasa Securities Co. Ltd.,Naasa Securities Co. Ltd.,434,393.0,170562.0,2025-08-28 14:51:18.064508
2025-08-28,8686,2025082804017896,UNHPL,SHUBHAKAMANA SECURITIES PVT. LTD,Naasa Securities Co. Ltd.,36,393.0,14148.0,2025-08-28 14:51:18.064606
2025-08-28,8551,2025082804017930,UNHPL,SHUBHAKAMANA SECURITIES PVT. LTD,Naasa Securities Co. Ltd.,50,393.0,19650.0,2025-08-28 14:51:29.704380
2025-08-28,8442,2025082804017998,UNHPL,SHUBHAKAMANA SECURITIES PVT. LTD,Naasa Securities Co. Ltd.,214,393.0,84102.0,2025-08-28 14:51:37.338492
2025-08-28,8441,2025082804017999,UNHPL,Kohinoor Investment & Securities Pvt. Ltd.,Naasa Securities Co. Ltd.,20,393.0,7860.0,2025-08-28 14:51:37.338932
2025-08-28,8319,2025082804018028,UNHPL,Vision Securities Pvt. Ltd,Naasa Securities Co. Ltd.,500,392.1,196050.0,2025-08-28 14:51:51.755503
2025-08-28,8318,2025082804018029,UNHPL,Oxford Securities Pvt. Ltd.,Naasa Securities Co. Ltd.,51,392.1,19997.1,2025-08-28 14:51:51.756009
2025-08-28,8241,2025082804018049,UNHPL,Siprabi Securities Pvt. Ltd.,Naasa Securities Co. Ltd.,100,392.1,39210.0,2025-08-28 14:51:57.618584
2025-08-28,8206,2025082804018050,UNHPL,Imperial Securities Company Pvt. Ltd.,Naasa Securities Co. Ltd.,200,392.1,78420.0,2025-08-28 14:51:59.780587
2025-08-28,8014,2025082804018107,UNHPL,Kalika Securities Pvt. Ltd.,Premier Securities Company Ltd.,10,392.0,3920.0,2025-08-28 14:52:12.745722
2025-08-28,8013,2025082804018108,UNHPL,Elite Stock House Limited,Premier Securities Company Ltd.,10,392.0,3920.0,2025-08-28 14:52:12.746019
2025-08-28,7990,2025082804018113,UNHPL,Elite Stock House Limited,Naasa Securities Co. Ltd.,20,392.0,7840.0,2025-08-28 14:52:14.453294
2025-08-28,7989,2025082804018114,UNHPL,Imperial Securities Company Pvt. Ltd.,Naasa Securities Co. Ltd.,100,392.0,39200.0,2025-08-28 14:52:14.453547
2025-08-28,7939,2025082804018139,UNHPL,Capital Max Securities Ltd,Dynamic Money Managers Securities Pvt. Ltd.,100,391.2,39120.0,2025-08-28 14:52:18.322669
2025-08-28,7938,2025082804018140,UNHPL,Dakshinkali Investment & Securities Pvt. Ltd.,Dynamic Money Managers Securities Pvt. Ltd.,615,391.1,240526.5,2025-08-28 14:52:18.322887
2025-08-28,7891,2025082804018151,UNHPL,Dynamic Money Managers Securities Pvt. Ltd.,Naasa Securities Co. Ltd.,140,392.0,54880.0,2025-08-28 14:52:22.560473
2025-08-28,7731,2025082804018168,UNHPL,Sani Securities Company Ltd.,Oxford Securities Pvt. Ltd.,300,392.1,117630.0,2025-08-28 14:52:34.351052
2025-08-28,7692,2025082804018170,UNHPL,Dakshinkali Investment & Securities Pvt. Ltd.,Neev Securities Pvt. Ltd.,2600,391.1,1016860.0,2025-08-28 14:52:37.861491
2025-08-28,7683,2025082804018171,UNHPL,Dakshinkali Investment & Securities Pvt. Ltd.,Naasa Securities Co. Ltd.,155,391.1,60620.5,2025-08-28 14:52:40.003777
2025-08-28,7586,2025082804018193,UNHPL,Vision Securities Pvt. Ltd,Oxford Securities Pvt. Ltd.,251,392.1,98417.1,2025-08-28 14:52:47.291954
2025-08-28,7417,2025082804018230,UNHPL,Creative Securities Pvt Ltd,Dipshikha Dhitopatra Karobar Co. Pvt Ltd.,330,393.0,129690.0,2025-08-28 14:53:00.655345
2025-08-28,7416,2025082804018231,UNHPL,Creative Securities Pvt Ltd,Dakshinkali Investment & Securities Pvt. Ltd.,370,393.0,145410.0,2025-08-28 14:53:00.655388
2025-08-28,7163,2025082804018340,UNHPL,Sani Securities Company Ltd.,K.B.L. Securities Limited ,40,392.2,15688.0,2025-08-28 14:53:19.020719
2025-08-28,7162,2025082804018341,UNHPL,Trademow Securities Private Limited,K.B.L. Securities Limited ,500,392.1,196050.0,2025-08-28 14:53:19.020951
2025-08-28,7154,2025082804018347,UNHPL,ABC Securities Private Limited,K.B.L. Securities Limited ,21,392.0,8232.0,2025-08-28 14:53:19.884570
2025-08-28,7003,2025082804018379,UNHPL,Imperial Securities Company Pvt. Ltd.,K.B.L. Securities Limited ,100,392.0,39200.0,2025-08-28 14:53:33.401717
2025-08-28,6958,2025082804018384,UNHPL,ABC Securities Private Limited,Trishakti Securities Public Limited,190,391.2,74328.0,2025-08-28 14:53:38.951610
2025-08-28,6691,2025082804018402,UNHPL,ABC Securities Private Limited,Kumari Securities Private Limited,76,391.5,29754.0,2025-08-28 14:53:49.274690
2025-08-28,6613,2025082804018415,UNHPL,ABC Securities Private Limited,K.B.L. Securities Limited ,330,392.0,129360.0,2025-08-28 14:53:56.363765
2025-08-28,6460,2025082804018437,UNHPL,ABC Securities Private Limited,Dakshinkali Investment & Securities Pvt. Ltd.,21,393.0,8253.0,2025-08-28 14:54:05.480367
2025-08-28,6247,2025082804018491,UNHPL,Nepal Investment And Securities Trading Private Limited,Capital Max Securities Ltd,20,394.0,7880.0,2025-08-28 14:54:25.253533
2025-08-28,5387,2025082804018764,UNHPL,Nepal Investment And Securities Trading Private Limited,Naasa Securities Co. Ltd.,30,391.3,11739.0,2025-08-28 14:55:33.674981
2025-08-28,5386,2025082804018765,UNHPL,Dakshinkali Investment & Securities Pvt. Ltd.,Naasa Securities Co. Ltd.,970,391.3,379561.0,2025-08-28 14:55:33.675066
2025-08-28,4174,2025082804019079,UNHPL,ABC Securities Private Limited,Capital Max Securities Ltd,21,393.8,8269.8,2025-08-28 14:57:02.926785
2025-08-28,3576,2025082804019276,UNHPL,Dakshinkali Investment & Securities Pvt. Ltd.,ABC Securities Private Limited,660,392.1,258786.0,2025-08-28 14:57:39.357931
2025-08-28,3575,2025082804019277,UNHPL,Naasa Securities Co. Ltd.,ABC Securities Private Limited,340,392.0,133280.0,2025-08-28 14:57:39.358374
2025-08-28,3498,2025082804019306,UNHPL,Naasa Securities Co. Ltd.,ABC Securities Private Limited,1000,392.0,392000.0,2025-08-28 14:57:45.470246
2025-08-28,3020,2025082804019433,UNHPL,SHUBHAKAMANA SECURITIES PVT. LTD,Sani Securities Company Ltd.,250,393.7,98425.0,2025-08-28 14:58:15.232568
2025-08-28,2890,2025082804019471,UNHPL,ABC Securities Private Limited,Sani Securities Company Ltd.,241,393.7,94881.7,2025-08-28 14:58:23.940452
2025-08-28,2717,2025082804019521,UNHPL,ABC Securities Private Limited,Imperial Securities Company Pvt. Ltd.,41,393.5,16133.5,2025-08-28 14:58:31.016208
2025-08-28,1605,2025082804019843,UNHPL,ABC Securities Private Limited,Siprabi Securities Pvt. Ltd.,10,393.8,3938.0,2025-08-28 14:59:17.658665
2025-08-28,1515,2025082804019867,UNHPL,Trishakti Securities Public Limited,Deevyaa Securities & Stock House Pvt. Ltd,150,393.0,58950.0,2025-08-28 14:59:19.927679
2025-08-28,1292,2025082804019935,UNHPL,Kohinoor Investment & Securities Pvt. Ltd.,Dipshikha Dhitopatra Karobar Co. Pvt Ltd.,350,392.5,137375.0,2025-08-28 14:59:26.441138
2025-08-28,1239,2025082804019953,UNHPL,Kohinoor Investment & Securities Pvt. Ltd.,Online Securities Pvt. Ltd.,650,392.5,255125.0,2025-08-28 14:59:27.517530
2025-08-28,1238,2025082804019954,UNHPL,Kohinoor Investment & Securities Pvt. Ltd.,Online Securities Pvt. Ltd.,850,392.5,333625.0,2025-08-28 14:59:27.517567
2025-08-28,1034,2025082804020012,UNHPL,Sundhara Securities Limited,Deevyaa Securities & Stock House Pvt. Ltd,265,393.0,104145.0,2025-08-28 14:59:33.336437
2025-08-28,838,2025082804020054,UNHPL,Kohinoor Investment & Securities Pvt. Ltd.,Trisul Securities & Invt. Ltd.,150,392.5,58875.0,2025-08-28 14:59:38.712585
2025-08-28,837,2025082804020055,UNHPL,Naasa Securities Co. Ltd.,Trisul Securities & Invt. Ltd.,150,392.3,58845.0,2025-08-28 14:59:38.712837
2025-08-28,532,2025082804020119,UNHPL,Naasa Securities Co. Ltd.,Sumeru Securities Pvt. Ltd.,100,392.3,39230.0,2025-08-28 14:59:47.487288
2025-08-28,527,2025082804020120,UNHPL,Naasa Securities Co. Ltd.,SHUBHAKAMANA SECURITIES PVT. LTD,410,392.3,160843.0,2025-08-28 14:59:47.585029
2025-08-28,181,2025082804020186,UNHPL,K.B.L. Securities Limited ,SHUBHAKAMANA SECURITIES PVT. LTD,100,391.4,39140.0,2025-08-28 14:59:56.630940
2025-08-28,180,2025082804020187,UNHPL,Nepal Investment And Securities Trading Private Limited,SHUBHAKAMANA SECURITIES PVT. LTD,50,391.3,19565.0,2025-08-28 14:59:56.631187
2025-08-28,179,2025082804020188,UNHPL,ABC Securities Private Limited,SHUBHAKAMANA SECURITIES PVT. LTD,394,391.2,154132.8,2025-08-28 14:59:56.631290
2025-08-28,115,2025082804020206,UNHPL,Sani Securities Company Ltd.,Sani Securities Company Ltd.,10,392.5,3925.0,2025-08-28 14:59:58.454399
2025-08-28,55,2025082804020225,UNHPL,ABC Securities Private Limited,Sani Securities Company Ltd.,10,392.5,3925.0,2025-08-28 14:59:59.265021
2025-08-28,18,2025082804020232,UNHPL,ABC Securities Private Limited,Sani Securities Company Ltd.,416,391.2,162739.2,2025-08-28 14:59:59.541392
2025-08-28,17,2025082804020233,UNHPL,Secured Securities Ltd.,Sani Securities Company Ltd.,84,391.2,32860.8,2025-08-28 14:59:59.541429
