Date,S.N.,Contract ID,Symbol,Buyer Broker,Seller Broker,quantity,rate,amount,transaction_time
2025-08-12,78061,2025081204000026,BPCL,Agrawal Securities (PVT) Ltd.,INDEX SECURITIES LIMITED,10,860.0,8600.0,2025-08-12 11:00:36.652928
2025-08-12,77943,2025081204000040,BPCL,Imperial Securities Company Pvt. Ltd.,INDEX SECURITIES LIMITED,10,852.8,8528.0,2025-08-12 11:01:08.755780
2025-08-12,77879,2025081204000045,BPCL,Linch Stock Market Ltd.,Global IME Securities Limited,500,865.0,432500.0,2025-08-12 11:01:26.761875
2025-08-12,77878,2025081204000046,BPCL,Nepal Investment And Securities Trading Private Limited,Global IME Securities Limited,500,860.0,430000.0,2025-08-12 11:01:26.761987
2025-08-12,77877,2025081204000047,BPCL,Miyo Securities Pvt Ltd,Global IME Securities Limited,500,855.1,427550.0,2025-08-12 11:01:26.762086
2025-08-12,77387,2025081204000111,BPCL,Nepal Investment And Securities Trading Private Limited,Agrawal Securities (PVT) Ltd.,10,871.9,8719.0,2025-08-12 11:03:28.221975
2025-08-12,77365,2025081204000118,BPCL,SHUBHAKAMANA SECURITIES PVT. LTD,Agrawal Securities (PVT) Ltd.,25,871.9,21797.5,2025-08-12 11:03:34.981023
2025-08-12,77318,2025081204000128,BPCL,SHUBHAKAMANA SECURITIES PVT. LTD,Sri Hari Securities Pvt. Ltd.,75,872.0,65400.0,2025-08-12 11:03:44.028523
2025-08-12,77288,2025081204000137,BPCL,SHUBHAKAMANA SECURITIES PVT. LTD,Sri Hari Securities Pvt. Ltd.,125,872.0,109000.0,2025-08-12 11:03:49.045609
2025-08-12,77287,2025081204000138,BPCL,SHUBHAKAMANA SECURITIES PVT. LTD,NIMB Stock Markets Limited,75,872.2,65415.0,2025-08-12 11:03:49.045660
2025-08-12,77099,2025081204000167,BPCL,Premier Securities Company Ltd.,Agrawal Securities (PVT) Ltd.,10,868.0,8680.0,2025-08-12 11:04:33.049157
2025-08-12,77000,2025081204000180,BPCL,Sweta Securities Private Limited,Imperial Securities Company Pvt. Ltd.,50,872.0,43600.0,2025-08-12 11:04:56.118168
2025-08-12,76999,2025081204000181,BPCL,Sweta Securities Private Limited,Naasa Securities Co. Ltd.,50,872.0,43600.0,2025-08-12 11:04:56.118411
2025-08-12,76998,2025081204000182,BPCL,Sweta Securities Private Limited,Dipshikha Dhitopatra Karobar Co. Pvt Ltd.,100,872.0,87200.0,2025-08-12 11:04:56.118530
2025-08-12,76997,2025081204000183,BPCL,Sweta Securities Private Limited,NIMB Stock Markets Limited,300,872.2,261660.0,2025-08-12 11:04:56.118659
2025-08-12,76952,2025081204000186,BPCL,Dakshinkali Investment & Securities Pvt. Ltd.,Himalayan Brokerage Company Limited,1000,869.0,869000.0,2025-08-12 11:05:06.530221
2025-08-12,76876,2025081204000208,BPCL,ABC Securities Private Limited,Sri Hari Securities Pvt. Ltd.,300,869.3,260790.0,2025-08-12 11:05:20.635643
2025-08-12,76844,2025081204000220,BPCL,SHUBHAKAMANA SECURITIES PVT. LTD,Imperial Securities Company Pvt. Ltd.,500,872.0,436000.0,2025-08-12 11:05:31.351246
2025-08-12,76752,2025081204000251,BPCL,Dipshikha Dhitopatra Karobar Co. Pvt Ltd.,Nabil Stock Dealer Ltd.,130,872.0,113360.0,2025-08-12 11:06:00.634103
2025-08-12,76742,2025081204000253,BPCL,ABC Securities Private Limited,Himalayan Brokerage Company Limited,38,869.3,33033.4,2025-08-12 11:06:03.683617
2025-08-12,76670,2025081204000268,BPCL,SHUBHAKAMANA SECURITIES PVT. LTD,KALASH STOCK MARKET PVT. LTD.,100,869.4,86940.0,2025-08-12 11:06:24.186906
2025-08-12,76669,2025081204000269,BPCL,ABC Securities Private Limited,KALASH STOCK MARKET PVT. LTD.,133,869.3,115616.9,2025-08-12 11:06:24.186962
2025-08-12,76487,2025081204000308,BPCL,Naasa Securities Co. Ltd.,SUN SECURITIES PVT LTD,10,871.0,8710.0,2025-08-12 11:07:09.237148
2025-08-12,76486,2025081204000309,BPCL,Naasa Securities Co. Ltd.,Capital Max Securities Ltd,490,871.0,426790.0,2025-08-12 11:07:09.237188
2025-08-12,76359,2025081204000353,BPCL,Dakshinkali Investment & Securities Pvt. Ltd.,Sharepro Securities Private Limited,1000,870.0,870000.0,2025-08-12 11:07:36.178008
2025-08-12,76101,2025081204000461,BPCL,Sweta Securities Private Limited,Capital Max Securities Ltd,10,871.0,8710.0,2025-08-12 11:08:33.486073
2025-08-12,76100,2025081204000462,BPCL,Sweta Securities Private Limited,Nabil Stock Dealer Ltd.,70,872.0,61040.0,2025-08-12 11:08:33.486160
2025-08-12,76099,2025081204000463,BPCL,Sweta Securities Private Limited,Cristal Kanchanjanga Securites Pvt. Ltd.,920,872.0,802240.0,2025-08-12 11:08:33.486209
2025-08-12,76087,2025081204000467,BPCL,Sumeru Securities Pvt. Ltd.,INDEX SECURITIES LIMITED,150,870.0,130500.0,2025-08-12 11:08:37.034324
2025-08-12,76053,2025081204000470,BPCL,Dynamic Money Managers Securities Pvt. Ltd.,Cristal Kanchanjanga Securites Pvt. Ltd.,80,872.0,69760.0,2025-08-12 11:08:45.701032
2025-08-12,76052,2025081204000471,BPCL,Dynamic Money Managers Securities Pvt. Ltd.,Imperial Securities Company Pvt. Ltd.,500,872.0,436000.0,2025-08-12 11:08:45.701125
2025-08-12,75936,2025081204000483,BPCL,Dynamic Money Managers Securities Pvt. Ltd.,INDEX SECURITIES LIMITED,420,872.0,366240.0,2025-08-12 11:09:05.107810
2025-08-12,75935,2025081204000484,BPCL,Shree Krishna Securities Ltd.,INDEX SECURITIES LIMITED,80,870.0,69600.0,2025-08-12 11:09:05.107915
2025-08-12,75934,2025081204000485,BPCL,Shree Krishna Securities Ltd.,Aakashbhairab Securities Ltd.,120,870.0,104400.0,2025-08-12 11:09:05.563284
2025-08-12,75679,2025081204000544,BPCL,Creative Securities Pvt Ltd,Naasa Securities Co. Ltd.,30,870.0,26100.0,2025-08-12 11:09:58.103163
2025-08-12,75178,2025081204000654,BPCL,Trisul Securities & Invt. Ltd.,Imperial Securities Company Pvt. Ltd.,500,872.0,436000.0,2025-08-12 11:11:49.853025
2025-08-12,75163,2025081204000660,BPCL,Naasa Securities Co. Ltd.,NIMB Stock Markets Limited,215,872.2,187523.0,2025-08-12 11:11:56.014492
2025-08-12,75162,2025081204000661,BPCL,Naasa Securities Co. Ltd.,Premier Securities Company Ltd.,50,873.0,43650.0,2025-08-12 11:11:56.014583
2025-08-12,75161,2025081204000662,BPCL,Naasa Securities Co. Ltd.,Naasa Securities Co. Ltd.,30,874.0,26220.0,2025-08-12 11:11:56.014658
2025-08-12,75160,2025081204000663,BPCL,Naasa Securities Co. Ltd.,Garima Securities Limited,50,875.0,43750.0,2025-08-12 11:11:56.014731
2025-08-12,75159,2025081204000664,BPCL,Naasa Securities Co. Ltd.,Nabil Stock Dealer Ltd.,155,879.0,136245.0,2025-08-12 11:11:56.014803
2025-08-12,75005,2025081204000684,BPCL,Neev Securities Pvt. Ltd.,Nabil Stock Dealer Ltd.,45,879.0,39555.0,2025-08-12 11:12:35.924184
2025-08-12,74965,2025081204000696,BPCL,Neev Securities Pvt. Ltd.,NIMB Stock Markets Limited,10,879.0,8790.0,2025-08-12 11:12:47.337859
2025-08-12,74946,2025081204000705,BPCL,Neev Securities Pvt. Ltd.,Agrawal Securities (PVT) Ltd.,150,879.0,131850.0,2025-08-12 11:12:50.005201
2025-08-12,74941,2025081204000706,BPCL,Neev Securities Pvt. Ltd.,Nepal Investment And Securities Trading Private Limited,95,879.0,83505.0,2025-08-12 11:12:50.349592
2025-08-12,74585,2025081204000816,BPCL,Imperial Securities Company Pvt. Ltd.,Dipshikha Dhitopatra Karobar Co. Pvt Ltd.,10,877.0,8770.0,2025-08-12 11:14:13.706282
2025-08-12,74406,2025081204000863,BPCL,Nepal Investment And Securities Trading Private Limited,Vision Securities Pvt. Ltd,500,872.4,436200.0,2025-08-12 11:15:04.355678
2025-08-12,74405,2025081204000864,BPCL,Dakshinkali Investment & Securities Pvt. Ltd.,Vision Securities Pvt. Ltd,132,872.0,115104.0,2025-08-12 11:15:04.355785
2025-08-12,74342,2025081204000883,BPCL,Dakshinkali Investment & Securities Pvt. Ltd.,Aakashbhairab Securities Ltd.,700,872.0,610400.0,2025-08-12 11:15:16.538086
2025-08-12,74232,2025081204000923,BPCL,Dakshinkali Investment & Securities Pvt. Ltd.,INDEX SECURITIES LIMITED,168,872.0,146496.0,2025-08-12 11:15:40.082462
2025-08-12,74231,2025081204000924,BPCL,Magnet Securities and Investment Company Private Limited,INDEX SECURITIES LIMITED,110,870.2,95722.0,2025-08-12 11:15:40.082683
2025-08-12,74230,2025081204000925,BPCL,Aryatara Investment & Securities,INDEX SECURITIES LIMITED,1000,870.1,870100.0,2025-08-12 11:15:40.082818
2025-08-12,74229,2025081204000926,BPCL,Creative Securities Pvt Ltd,INDEX SECURITIES LIMITED,70,870.0,60900.0,2025-08-12 11:15:40.082960
2025-08-12,74228,2025081204000927,BPCL,Naasa Securities Co. Ltd.,INDEX SECURITIES LIMITED,1000,870.0,870000.0,2025-08-12 11:15:40.083100
2025-08-12,74227,2025081204000928,BPCL,Stoxkarts Securities Limited,INDEX SECURITIES LIMITED,200,870.0,174000.0,2025-08-12 11:15:40.083234
2025-08-12,74021,2025081204000977,BPCL,Kohinoor Investment & Securities Pvt. Ltd.,SUN SECURITIES PVT LTD,10,869.4,8694.0,2025-08-12 11:16:24.154247
2025-08-12,73609,2025081204001090,BPCL,Kohinoor Investment & Securities Pvt. Ltd.,Imperial Securities Company Pvt. Ltd.,40,869.4,34776.0,2025-08-12 11:17:56.499707
2025-08-12,73608,2025081204001091,BPCL,Kohinoor Investment & Securities Pvt. Ltd.,Imperial Securities Company Pvt. Ltd.,50,869.4,43470.0,2025-08-12 11:17:56.499846
2025-08-12,73607,2025081204001092,BPCL,ABC Securities Private Limited,Imperial Securities Company Pvt. Ltd.,29,869.3,25209.7,2025-08-12 11:17:56.499898
2025-08-12,73606,2025081204001093,BPCL,Dynamic Money Managers Securities Pvt. Ltd.,Imperial Securities Company Pvt. Ltd.,100,868.1,86810.0,2025-08-12 11:17:56.499943
2025-08-12,73605,2025081204001094,BPCL,Premier Securities Company Ltd.,Imperial Securities Company Pvt. Ltd.,90,868.0,78120.0,2025-08-12 11:17:56.499995
2025-08-12,73604,2025081204001095,BPCL,Stoxkarts Securities Limited,Imperial Securities Company Pvt. Ltd.,136,868.0,118048.0,2025-08-12 11:17:56.500057
2025-08-12,73441,2025081204001140,BPCL,Stoxkarts Securities Limited,Cristal Kanchanjanga Securites Pvt. Ltd.,64,868.0,55552.0,2025-08-12 11:18:30.511698
2025-08-12,73440,2025081204001141,BPCL,Agrawal Securities (PVT) Ltd.,Cristal Kanchanjanga Securites Pvt. Ltd.,36,867.3,31222.8,2025-08-12 11:18:30.511832
2025-08-12,73382,2025081204001148,BPCL,Naasa Securities Co. Ltd.,INDEX SECURITIES LIMITED,51,870.0,44370.0,2025-08-12 11:18:45.507682
2025-08-12,73288,2025081204001157,BPCL,Agrawal Securities (PVT) Ltd.,INDEX SECURITIES LIMITED,464,867.3,402427.2,2025-08-12 11:19:00.539985
2025-08-12,73287,2025081204001158,BPCL,Naasa Securities Co. Ltd.,INDEX SECURITIES LIMITED,100,867.3,86730.0,2025-08-12 11:19:00.540231
2025-08-12,73286,2025081204001159,BPCL,Sri Hari Securities Pvt. Ltd.,INDEX SECURITIES LIMITED,1000,867.2,867200.0,2025-08-12 11:19:00.540396
2025-08-12,73285,2025081204001160,BPCL,Dynamic Money Managers Securities Pvt. Ltd.,INDEX SECURITIES LIMITED,885,867.0,767295.0,2025-08-12 11:19:00.540541
2025-08-12,72783,2025081204001260,BPCL,Vision Securities Pvt. Ltd,Himalayan Brokerage Company Limited,10,872.9,8729.0,2025-08-12 11:20:23.853987
2025-08-12,71894,2025081204001509,BPCL,Naasa Securities Co. Ltd.,Asian Securities Private Ltd.,12,867.1,10405.2,2025-08-12 11:22:55.870407
2025-08-12,71883,2025081204001512,BPCL,Naasa Securities Co. Ltd.,Midas Stock Broking Company Private Limited,80,871.0,69680.0,2025-08-12 11:22:57.883027
2025-08-12,71723,2025081204001566,BPCL,Naasa Securities Co. Ltd.,Dynamic Money Managers Securities Pvt. Ltd.,38,867.1,32949.8,2025-08-12 11:23:23.532715
2025-08-12,71722,2025081204001567,BPCL,Dynamic Money Managers Securities Pvt. Ltd.,Dynamic Money Managers Securities Pvt. Ltd.,115,867.0,99705.0,2025-08-12 11:23:23.532863
2025-08-12,71721,2025081204001568,BPCL,Indira securities pvt. ltd,Dynamic Money Managers Securities Pvt. Ltd.,100,865.0,86500.0,2025-08-12 11:23:23.532913
2025-08-12,71613,2025081204001596,BPCL,ABC Securities Private Limited,Dynamic Money Managers Securities Pvt. Ltd.,100,862.1,86210.0,2025-08-12 11:23:37.425403
2025-08-12,71585,2025081204001599,BPCL,Naasa Securities Co. Ltd.,Dynamic Money Managers Securities Pvt. Ltd.,222,862.0,191364.0,2025-08-12 11:23:43.048360
2025-08-12,71477,2025081204001621,BPCL,SUN SECURITIES PVT LTD,Dynamic Money Managers Securities Pvt. Ltd.,178,862.0,153436.0,2025-08-12 11:24:00.592796
2025-08-12,71287,2025081204001661,BPCL,SUN SECURITIES PVT LTD,Dynamic Money Managers Securities Pvt. Ltd.,22,863.0,18986.0,2025-08-12 11:24:27.075464
2025-08-12,71286,2025081204001662,BPCL,Citizens Share Broker Limited,Dynamic Money Managers Securities Pvt. Ltd.,200,861.2,172240.0,2025-08-12 11:24:27.075712
2025-08-12,69788,2025081204002073,BPCL,Dakshinkali Investment & Securities Pvt. Ltd.,Investment Management Nepal Pvt. Ltd.,107,862.2,92255.4,2025-08-12 11:28:20.540533
2025-08-12,69389,2025081204002155,BPCL,Sani Securities Company Ltd.,SHUBHAKAMANA SECURITIES PVT. LTD,100,863.0,86300.0,2025-08-12 11:29:17.242128
2025-08-12,69388,2025081204002156,BPCL,Dakshinkali Investment & Securities Pvt. Ltd.,SHUBHAKAMANA SECURITIES PVT. LTD,200,862.2,172440.0,2025-08-12 11:29:17.242254
2025-08-12,68982,2025081204002234,BPCL,Dakshinkali Investment & Securities Pvt. Ltd.,Nepal Investment And Securities Trading Private Limited,693,862.2,597504.6,2025-08-12 11:30:10.791804
2025-08-12,68981,2025081204002235,BPCL,Dynamic Money Managers Securities Pvt. Ltd.,Nepal Investment And Securities Trading Private Limited,307,862.1,264664.7,2025-08-12 11:30:10.792100
2025-08-12,68827,2025081204002257,BPCL,Dynamic Money Managers Securities Pvt. Ltd.,SHUBHAKAMANA SECURITIES PVT. LTD,400,862.1,344840.0,2025-08-12 11:30:33.458964
2025-08-12,68753,2025081204002277,BPCL,Dynamic Money Managers Securities Pvt. Ltd.,Investment Management Nepal Pvt. Ltd.,100,862.1,86210.0,2025-08-12 11:30:47.278813
2025-08-12,68597,2025081204002315,BPCL,Dynamic Money Managers Securities Pvt. Ltd.,Sani Securities Company Ltd.,100,862.1,86210.0,2025-08-12 11:31:15.435224
2025-08-12,68596,2025081204002316,BPCL,Dynamic Money Managers Securities Pvt. Ltd.,Imperial Securities Company Pvt. Ltd.,10,862.1,8621.0,2025-08-12 11:31:15.675886
2025-08-12,68475,2025081204002348,BPCL,SUN SECURITIES PVT LTD,Secured Securities Ltd.,350,862.2,301770.0,2025-08-12 11:31:33.889791
2025-08-12,68331,2025081204002388,BPCL,Dipshikha Dhitopatra Karobar Co. Pvt Ltd.,Secured Securities Ltd.,200,862.2,172440.0,2025-08-12 11:31:59.893153
2025-08-12,68083,2025081204002440,BPCL,Asian Securities Private Ltd.,Secured Securities Ltd.,1310,862.2,1129482.0,2025-08-12 11:32:41.896403
2025-08-12,68082,2025081204002441,BPCL,Asian Securities Private Ltd.,Shree Krishna Securities Ltd.,376,862.2,324187.2,2025-08-12 11:32:41.896597
2025-08-12,66722,2025081204002743,BPCL,SUN SECURITIES PVT LTD,N.M.B. SECURITIES LIMITED,95,862.5,81937.5,2025-08-12 11:36:20.339734
2025-08-12,66721,2025081204002744,BPCL,Dynamic Money Managers Securities Pvt. Ltd.,N.M.B. SECURITIES LIMITED,83,862.1,71554.3,2025-08-12 11:36:20.339910
2025-08-12,66720,2025081204002745,BPCL,Naasa Securities Co. Ltd.,N.M.B. SECURITIES LIMITED,500,862.0,431000.0,2025-08-12 11:36:20.339984
2025-08-12,66719,2025081204002746,BPCL,Kohinoor Investment & Securities Pvt. Ltd.,N.M.B. SECURITIES LIMITED,100,861.3,86130.0,2025-08-12 11:36:20.340045
2025-08-12,66718,2025081204002747,BPCL,Citizens Share Broker Limited,N.M.B. SECURITIES LIMITED,800,861.2,688960.0,2025-08-12 11:36:20.340107
2025-08-12,66717,2025081204002748,BPCL,Garima Securities Limited,N.M.B. SECURITIES LIMITED,50,861.1,43055.0,2025-08-12 11:36:20.340165
2025-08-12,66716,2025081204002749,BPCL,Dynamic Money Managers Securities Pvt. Ltd.,N.M.B. SECURITIES LIMITED,44,861.0,37884.0,2025-08-12 11:36:20.340226
2025-08-12,66715,2025081204002750,BPCL,ABC Securities Private Limited,N.M.B. SECURITIES LIMITED,200,861.0,172200.0,2025-08-12 11:36:20.340282
2025-08-12,66677,2025081204002759,BPCL,Dipshikha Dhitopatra Karobar Co. Pvt Ltd.,Online Securities Pvt. Ltd.,350,860.0,301000.0,2025-08-12 11:36:30.935998
2025-08-12,66610,2025081204002777,BPCL,Dipshikha Dhitopatra Karobar Co. Pvt Ltd.,INDEX SECURITIES LIMITED,150,860.0,129000.0,2025-08-12 11:36:39.116482
2025-08-12,66609,2025081204002778,BPCL,Shree Krishna Securities Ltd.,INDEX SECURITIES LIMITED,100,860.0,86000.0,2025-08-12 11:36:39.116737
2025-08-12,66533,2025081204002788,BPCL,Asian Securities Private Ltd.,N.M.B. SECURITIES LIMITED,128,861.0,110208.0,2025-08-12 11:36:56.027601
2025-08-12,65384,2025081204003014,BPCL,Shree Krishna Securities Ltd.,Property Wiard Limited,100,860.0,86000.0,2025-08-12 11:40:14.664506
2025-08-12,65383,2025081204003015,BPCL,Sundhara Securities Limited,Property Wiard Limited,16,860.0,13760.0,2025-08-12 11:40:14.664667
2025-08-12,65382,2025081204003016,BPCL,Online Securities Pvt. Ltd.,Property Wiard Limited,10,860.0,8600.0,2025-08-12 11:40:14.664726
2025-08-12,65381,2025081204003017,BPCL,Naasa Securities Co. Ltd.,Property Wiard Limited,100,860.0,86000.0,2025-08-12 11:40:14.664782
2025-08-12,65380,2025081204003018,BPCL,Arun Securities (PVT) Ltd.,Property Wiard Limited,50,860.0,43000.0,2025-08-12 11:40:14.664845
2025-08-12,65348,2025081204003039,BPCL,Asian Securities Private Ltd.,Property Wiard Limited,24,860.0,20640.0,2025-08-12 11:40:18.866372
2025-08-12,64483,2025081204003262,BPCL,Asian Securities Private Ltd.,Sri Hari Securities Pvt. Ltd.,3500,860.5,3011750.0,2025-08-12 11:42:56.483216
2025-08-12,64140,2025081204003383,BPCL,Aryatara Investment & Securities,Secured Securities Ltd.,100,863.0,86300.0,2025-08-12 11:43:53.921837
2025-08-12,64010,2025081204003419,BPCL,Naasa Securities Co. Ltd.,Kohinoor Investment & Securities Pvt. Ltd.,500,860.6,430300.0,2025-08-12 11:44:15.311350
2025-08-12,63744,2025081204003487,BPCL,Sani Securities Company Ltd.,Vision Securities Pvt. Ltd,15,861.0,12915.0,2025-08-12 11:44:57.738845
2025-08-12,62285,2025081204003806,BPCL,SHUBHAKAMANA SECURITIES PVT. LTD,Imperial Securities Company Pvt. Ltd.,200,863.0,172600.0,2025-08-12 11:49:00.243376
2025-08-12,62173,2025081204003837,BPCL,SUN SECURITIES PVT LTD,SUN SECURITIES PVT LTD,10,861.3,8613.0,2025-08-12 11:49:17.196588
2025-08-12,61867,2025081204003894,BPCL,Asian Securities Private Ltd.,Neev Securities Pvt. Ltd.,18,861.4,15505.2,2025-08-12 11:50:11.634074
2025-08-12,61430,2025081204003972,BPCL,Vision Securities Pvt. Ltd,Naasa Securities Co. Ltd.,10,864.0,8640.0,2025-08-12 11:51:36.016623
2025-08-12,61425,2025081204003973,BPCL,Trishakti Securities Public Limited,Naasa Securities Co. Ltd.,10,864.0,8640.0,2025-08-12 11:51:36.993958
2025-08-12,60811,2025081204004153,BPCL,Agrawal Securities (PVT) Ltd.,Online Securities Pvt. Ltd.,20,863.0,17260.0,2025-08-12 11:53:42.911472
2025-08-12,60810,2025081204004154,BPCL,Agrawal Securities (PVT) Ltd.,Kohinoor Investment & Securities Pvt. Ltd.,100,865.0,86500.0,2025-08-12 11:53:42.911836
2025-08-12,60809,2025081204004155,BPCL,Agrawal Securities (PVT) Ltd.,Nepal Investment And Securities Trading Private Limited,26,865.0,22490.0,2025-08-12 11:53:42.912023
2025-08-12,60808,2025081204004156,BPCL,Agrawal Securities (PVT) Ltd.,Linch Stock Market Ltd.,15,865.0,12975.0,2025-08-12 11:53:42.912213
2025-08-12,60807,2025081204004157,BPCL,Agrawal Securities (PVT) Ltd.,Secured Securities Ltd.,50,865.0,43250.0,2025-08-12 11:53:42.912410
2025-08-12,60806,2025081204004158,BPCL,Agrawal Securities (PVT) Ltd.,Secured Securities Ltd.,50,865.0,43250.0,2025-08-12 11:53:42.912585
2025-08-12,60805,2025081204004159,BPCL,Agrawal Securities (PVT) Ltd.,Indira securities pvt. ltd,439,865.0,379735.0,2025-08-12 11:53:42.912815
2025-08-12,60743,2025081204004178,BPCL,Online Securities Pvt. Ltd.,SUN SECURITIES PVT LTD,10,863.0,8630.0,2025-08-12 11:54:00.480282
2025-08-12,60538,2025081204004223,BPCL,INDEX SECURITIES LIMITED,Indira securities pvt. ltd,61,865.0,52765.0,2025-08-12 11:54:40.542181
2025-08-12,60537,2025081204004224,BPCL,INDEX SECURITIES LIMITED,Secured Securities Ltd.,100,865.0,86500.0,2025-08-12 11:54:40.542220
2025-08-12,60536,2025081204004225,BPCL,INDEX SECURITIES LIMITED,Secured Securities Ltd.,39,865.0,33735.0,2025-08-12 11:54:40.542253
2025-08-12,60468,2025081204004233,BPCL,Aryatara Investment & Securities,Secured Securities Ltd.,11,865.0,9515.0,2025-08-12 11:54:54.551027
2025-08-12,60467,2025081204004234,BPCL,Aryatara Investment & Securities,Nepal Stock House (PVT) Ltd.,121,865.0,104665.0,2025-08-12 11:54:54.551348
2025-08-12,60466,2025081204004235,BPCL,Aryatara Investment & Securities,Nepal Stock House (PVT) Ltd.,68,865.0,58820.0,2025-08-12 11:54:54.551529
2025-08-12,60125,2025081204004320,BPCL,Vision Securities Pvt. Ltd,SUN SECURITIES PVT LTD,10,862.0,8620.0,2025-08-12 11:56:04.810420
2025-08-12,58888,2025081204004578,BPCL,Vision Securities Pvt. Ltd,Cristal Kanchanjanga Securites Pvt. Ltd.,1000,863.0,863000.0,2025-08-12 12:00:11.258031
2025-08-12,58381,2025081204004695,BPCL,SUN SECURITIES PVT LTD,Dynamic Money Managers Securities Pvt. Ltd.,175,864.0,151200.0,2025-08-12 12:02:18.785909
2025-08-12,58275,2025081204004721,BPCL,SUN SECURITIES PVT LTD,Linch Stock Market Ltd.,65,864.0,56160.0,2025-08-12 12:02:43.417815
2025-08-12,57989,2025081204004793,BPCL,Global IME Securities Limited,NIMB Stock Markets Limited,30,863.0,25890.0,2025-08-12 12:03:39.151118
2025-08-12,57870,2025081204004846,BPCL,Global IME Securities Limited,Primo Securities (PVT) Ltd.,20,863.0,17260.0,2025-08-12 12:04:00.799247
2025-08-12,57869,2025081204004847,BPCL,Asian Securities Private Ltd.,Primo Securities (PVT) Ltd.,458,862.5,395025.0,2025-08-12 12:04:00.799484
2025-08-12,57868,2025081204004848,BPCL,Vision Securities Pvt. Ltd,Primo Securities (PVT) Ltd.,300,862.2,258660.0,2025-08-12 12:04:00.799560
2025-08-12,57867,2025081204004849,BPCL,Vision Securities Pvt. Ltd,Primo Securities (PVT) Ltd.,90,862.0,77580.0,2025-08-12 12:04:00.799626
2025-08-12,57866,2025081204004850,BPCL,Dipshikha Dhitopatra Karobar Co. Pvt Ltd.,Primo Securities (PVT) Ltd.,100,861.5,86150.0,2025-08-12 12:04:00.799689
2025-08-12,57865,2025081204004851,BPCL,Sani Securities Company Ltd.,Primo Securities (PVT) Ltd.,32,861.0,27552.0,2025-08-12 12:04:00.799752
2025-08-12,57394,2025081204004934,BPCL,Naasa Securities Co. Ltd.,Trishakti Securities Public Limited,12,860.8,10329.6,2025-08-12 12:05:30.363290
2025-08-12,57118,2025081204004997,BPCL,Naasa Securities Co. Ltd.,Agrawal Securities (PVT) Ltd.,50,860.8,43040.0,2025-08-12 12:06:19.842425
2025-08-12,56442,2025081204005192,BPCL,Sipla Securities Private Limited,SUN SECURITIES PVT LTD,200,860.9,172180.0,2025-08-12 12:08:15.751902
2025-08-12,56441,2025081204005193,BPCL,Naasa Securities Co. Ltd.,SUN SECURITIES PVT LTD,438,860.8,377030.4,2025-08-12 12:08:15.752128
2025-08-12,56440,2025081204005194,BPCL,Dakshinkali Investment & Securities Pvt. Ltd.,SUN SECURITIES PVT LTD,862,860.7,741923.4,2025-08-12 12:08:15.752211
2025-08-12,56331,2025081204005212,BPCL,Sani Securities Company Ltd.,Premier Securities Company Ltd.,3,861.0,2583.0,2025-08-12 12:08:30.095357
2025-08-12,56210,2025081204005251,BPCL,Dakshinkali Investment & Securities Pvt. Ltd.,Linch Stock Market Ltd.,138,860.7,118776.6,2025-08-12 12:08:52.695128
2025-08-12,56209,2025081204005252,BPCL,Naasa Securities Co. Ltd.,Linch Stock Market Ltd.,53,860.3,45595.9,2025-08-12 12:08:52.695284
2025-08-12,56208,2025081204005253,BPCL,Aryatara Investment & Securities,Linch Stock Market Ltd.,200,860.0,172000.0,2025-08-12 12:08:52.695363
2025-08-12,55150,2025081204005498,BPCL,Dakshinkali Investment & Securities Pvt. Ltd.,Property Wiard Limited,150,855.9,128385.0,2025-08-12 12:12:11.614593
2025-08-12,54420,2025081204005707,BPCL,Vision Securities Pvt. Ltd,Shree Krishna Securities Ltd.,231,856.0,197736.0,2025-08-12 12:14:25.930772
2025-08-12,54335,2025081204005733,BPCL,Vision Securities Pvt. Ltd,Premier Securities Company Ltd.,34,856.0,29104.0,2025-08-12 12:14:44.896661
2025-08-12,54307,2025081204005734,BPCL,Vision Securities Pvt. Ltd,Trisul Securities & Invt. Ltd.,35,856.0,29960.0,2025-08-12 12:14:47.487477
2025-08-12,54306,2025081204005735,BPCL,Midas Stock Broking Company Private Limited,Trisul Securities & Invt. Ltd.,100,856.0,85600.0,2025-08-12 12:14:47.487546
2025-08-12,54305,2025081204005736,BPCL,Dakshinkali Investment & Securities Pvt. Ltd.,Trisul Securities & Invt. Ltd.,15,855.9,12838.5,2025-08-12 12:14:47.487573
2025-08-12,54223,2025081204005753,BPCL,Sipla Securities Private Limited,Trisul Securities & Invt. Ltd.,100,856.0,85600.0,2025-08-12 12:15:13.611873
2025-08-12,54185,2025081204005762,BPCL,Trishakti Securities Public Limited,Agrawal Securities (PVT) Ltd.,10,859.0,8590.0,2025-08-12 12:15:23.948770
2025-08-12,53558,2025081204005891,BPCL,Vision Securities Pvt. Ltd,Vision Securities Pvt. Ltd,300,856.0,256800.0,2025-08-12 12:17:59.968881
2025-08-12,53557,2025081204005892,BPCL,Midas Stock Broking Company Private Limited,Vision Securities Pvt. Ltd,17,856.0,14552.0,2025-08-12 12:17:59.969086
2025-08-12,53556,2025081204005893,BPCL,Dakshinkali Investment & Securities Pvt. Ltd.,Vision Securities Pvt. Ltd,683,855.9,584579.7,2025-08-12 12:17:59.969166
2025-08-12,53427,2025081204005898,BPCL,Naasa Securities Co. Ltd.,Naasa Securities Co. Ltd.,10,857.0,8570.0,2025-08-12 12:18:17.669038
2025-08-12,53418,2025081204005902,BPCL,Dakshinkali Investment & Securities Pvt. Ltd.,Kalika Securities Pvt. Ltd.,100,855.9,85590.0,2025-08-12 12:18:20.196460
2025-08-12,53349,2025081204005911,BPCL,Sweta Securities Private Limited,Trishakti Securities Public Limited,18,856.0,15408.0,2025-08-12 12:18:42.622409
2025-08-12,53340,2025081204005915,BPCL,Dakshinkali Investment & Securities Pvt. Ltd.,S.P.S.A. Securities Limited,52,855.9,44506.8,2025-08-12 12:18:43.756179
2025-08-12,53339,2025081204005916,BPCL,Imperial Securities Company Pvt. Ltd.,S.P.S.A. Securities Limited,990,855.7,847143.0,2025-08-12 12:18:43.756371
2025-08-12,53338,2025081204005917,BPCL,Imperial Securities Company Pvt. Ltd.,S.P.S.A. Securities Limited,500,855.6,427800.0,2025-08-12 12:18:43.756449
2025-08-12,53337,2025081204005918,BPCL,Imperial Securities Company Pvt. Ltd.,S.P.S.A. Securities Limited,510,855.5,436305.0,2025-08-12 12:18:43.756523
2025-08-12,53336,2025081204005919,BPCL,Dakshinkali Investment & Securities Pvt. Ltd.,S.P.S.A. Securities Limited,400,855.3,342120.0,2025-08-12 12:18:43.756593
2025-08-12,53335,2025081204005920,BPCL,Stoxkarts Securities Limited,S.P.S.A. Securities Limited,100,855.2,85520.0,2025-08-12 12:18:43.756663
2025-08-12,53334,2025081204005921,BPCL,Sani Securities Company Ltd.,S.P.S.A. Securities Limited,60,855.2,51312.0,2025-08-12 12:18:43.756739
2025-08-12,53333,2025081204005922,BPCL,Hatemalo Financial Services Private Limited,S.P.S.A. Securities Limited,300,855.1,256530.0,2025-08-12 12:18:43.756808
2025-08-12,53332,2025081204005923,BPCL,Creative Securities Pvt Ltd,S.P.S.A. Securities Limited,500,855.0,427500.0,2025-08-12 12:18:43.756877
2025-08-12,53331,2025081204005924,BPCL,Imperial Securities Company Pvt. Ltd.,S.P.S.A. Securities Limited,20,855.0,17100.0,2025-08-12 12:18:43.756946
2025-08-12,53330,2025081204005925,BPCL,Sundhara Securities Limited,S.P.S.A. Securities Limited,50,855.0,42750.0,2025-08-12 12:18:43.757013
2025-08-12,53329,2025081204005926,BPCL,Investment Management Nepal Pvt. Ltd.,S.P.S.A. Securities Limited,10,855.0,8550.0,2025-08-12 12:18:43.757079
2025-08-12,53328,2025081204005927,BPCL,S.P.S.A. Securities Limited,S.P.S.A. Securities Limited,100,855.0,85500.0,2025-08-12 12:18:43.757144
2025-08-12,53327,2025081204005928,BPCL,Dipshikha Dhitopatra Karobar Co. Pvt Ltd.,S.P.S.A. Securities Limited,100,855.0,85500.0,2025-08-12 12:18:43.757211
2025-08-12,53154,2025081204005977,BPCL,Kalika Securities Pvt. Ltd.,Naasa Securities Co. Ltd.,10,854.6,8546.0,2025-08-12 12:19:27.242371
2025-08-12,53101,2025081204005984,BPCL,Opal Securities Investment (PVT) Ltd.,Sundhara Securities Limited,10,853.0,8530.0,2025-08-12 12:19:42.078692
2025-08-12,53100,2025081204005985,BPCL,Premier Securities Company Ltd.,Sundhara Securities Limited,13,853.0,11089.0,2025-08-12 12:19:42.078866
2025-08-12,53026,2025081204005995,BPCL,Premier Securities Company Ltd.,Trishakti Securities Public Limited,38,853.0,32414.0,2025-08-12 12:19:53.469707
2025-08-12,53003,2025081204005998,BPCL,Premier Securities Company Ltd.,Naasa Securities Co. Ltd.,50,853.0,42650.0,2025-08-12 12:19:59.920115
2025-08-12,52939,2025081204006005,BPCL,Premier Securities Company Ltd.,SUN SECURITIES PVT LTD,149,853.0,127097.0,2025-08-12 12:20:17.733196
2025-08-12,52938,2025081204006006,BPCL,Beni Securities Pvt.Ltd.,SUN SECURITIES PVT LTD,500,852.9,426450.0,2025-08-12 12:20:17.733557
2025-08-12,52937,2025081204006007,BPCL,Imperial Securities Company Pvt. Ltd.,SUN SECURITIES PVT LTD,40,852.8,34112.0,2025-08-12 12:20:17.733768
2025-08-12,52936,2025081204006008,BPCL,Imperial Securities Company Pvt. Ltd.,SUN SECURITIES PVT LTD,10,852.8,8528.0,2025-08-12 12:20:17.733967
2025-08-12,52935,2025081204006009,BPCL,Imperial Securities Company Pvt. Ltd.,SUN SECURITIES PVT LTD,50,850.8,42540.0,2025-08-12 12:20:17.734160
2025-08-12,52934,2025081204006010,BPCL,Vision Securities Pvt. Ltd,SUN SECURITIES PVT LTD,500,850.1,425050.0,2025-08-12 12:20:17.734359
2025-08-12,52933,2025081204006011,BPCL,Neev Securities Pvt. Ltd.,SUN SECURITIES PVT LTD,200,850.0,170000.0,2025-08-12 12:20:17.734562
2025-08-12,52932,2025081204006012,BPCL,Ashutosh Brokerage & Securities (PVT) Ltd.,SUN SECURITIES PVT LTD,51,850.0,43350.0,2025-08-12 12:20:17.734752
2025-08-12,52893,2025081204006017,BPCL,SUN SECURITIES PVT LTD,Online Securities Pvt. Ltd.,20,853.0,17060.0,2025-08-12 12:20:27.765476
2025-08-12,52798,2025081204006058,BPCL,Ashutosh Brokerage & Securities (PVT) Ltd.,Vision Securities Pvt. Ltd,129,850.0,109650.0,2025-08-12 12:20:52.680470
2025-08-12,52797,2025081204006059,BPCL,Kumari Securities Private Limited,Vision Securities Pvt. Ltd,40,850.0,34000.0,2025-08-12 12:20:52.680706
2025-08-12,52796,2025081204006060,BPCL,Arun Securities (PVT) Ltd.,Vision Securities Pvt. Ltd,50,850.0,42500.0,2025-08-12 12:20:52.680804
2025-08-12,52795,2025081204006061,BPCL,Naasa Securities Co. Ltd.,Vision Securities Pvt. Ltd,100,850.0,85000.0,2025-08-12 12:20:52.680873
2025-08-12,52794,2025081204006062,BPCL,Citizens Share Broker Limited,Vision Securities Pvt. Ltd,150,850.0,127500.0,2025-08-12 12:20:52.680937
2025-08-12,52793,2025081204006063,BPCL,Bhrikuti Stock Broking Co. Pvt. Ltd.,Vision Securities Pvt. Ltd,10,850.0,8500.0,2025-08-12 12:20:52.680998
2025-08-12,52792,2025081204006064,BPCL,Nepal Investment And Securities Trading Private Limited,Vision Securities Pvt. Ltd,521,850.0,442850.0,2025-08-12 12:20:52.681073
2025-08-12,52723,2025081204006092,BPCL,Nepal Investment And Securities Trading Private Limited,Sri Hari Securities Pvt. Ltd.,2479,850.0,2107150.0,2025-08-12 12:21:11.258795
2025-08-12,52722,2025081204006093,BPCL,Premier Securities Company Ltd.,Sri Hari Securities Pvt. Ltd.,250,850.0,212500.0,2025-08-12 12:21:11.259107
2025-08-12,52721,2025081204006094,BPCL,Naasa Securities Co. Ltd.,Sri Hari Securities Pvt. Ltd.,100,850.0,85000.0,2025-08-12 12:21:11.259303
2025-08-12,52720,2025081204006095,BPCL,Midas Stock Broking Company Private Limited,Sri Hari Securities Pvt. Ltd.,201,850.0,170850.0,2025-08-12 12:21:11.259536
2025-08-12,52528,2025081204006133,BPCL,Dipshikha Dhitopatra Karobar Co. Pvt Ltd.,Thrive Brokerage House Pvt. Ltd,50,847.0,42350.0,2025-08-12 12:21:58.760085
2025-08-12,52204,2025081204006194,BPCL,Neev Securities Pvt. Ltd.,Creative Securities Pvt Ltd,100,847.0,84700.0,2025-08-12 12:22:59.424568
2025-08-12,52110,2025081204006209,BPCL,Sumeru Securities Pvt. Ltd.,Aryatara Investment & Securities,32,846.0,27072.0,2025-08-12 12:23:15.764642
2025-08-12,52083,2025081204006215,BPCL,Agrawal Securities (PVT) Ltd.,Creative Securities Pvt Ltd,35,847.0,29645.0,2025-08-12 12:23:25.919465
2025-08-12,52082,2025081204006216,BPCL,Agrawal Securities (PVT) Ltd.,INDEX SECURITIES LIMITED,150,847.0,127050.0,2025-08-12 12:23:25.919847
2025-08-12,51998,2025081204006253,BPCL,Agrawal Securities (PVT) Ltd.,Oxford Securities Pvt. Ltd.,15,847.0,12705.0,2025-08-12 12:23:47.037799
2025-08-12,51992,2025081204006255,BPCL,Neev Securities Pvt. Ltd.,Oxford Securities Pvt. Ltd.,85,847.0,71995.0,2025-08-12 12:23:49.632639
2025-08-12,51926,2025081204006294,BPCL,Dipshikha Dhitopatra Karobar Co. Pvt Ltd.,Arun Securities (PVT) Ltd.,100,850.0,85000.0,2025-08-12 12:24:01.041541
2025-08-12,51864,2025081204006323,BPCL,Neev Securities Pvt. Ltd.,Imperial Securities Company Pvt. Ltd.,30,847.0,25410.0,2025-08-12 12:24:11.952962
2025-08-12,51551,2025081204006430,BPCL,Dynamic Money Managers Securities Pvt. Ltd.,Arun Securities (PVT) Ltd.,400,850.0,340000.0,2025-08-12 12:25:16.737546
2025-08-12,51550,2025081204006431,BPCL,Dynamic Money Managers Securities Pvt. Ltd.,INDEX SECURITIES LIMITED,50,850.0,42500.0,2025-08-12 12:25:16.737751
2025-08-12,51549,2025081204006432,BPCL,Dynamic Money Managers Securities Pvt. Ltd.,Nepal Stock House (PVT) Ltd.,500,850.0,425000.0,2025-08-12 12:25:16.737823
2025-08-12,51548,2025081204006433,BPCL,Dynamic Money Managers Securities Pvt. Ltd.,Nepal Stock House (PVT) Ltd.,500,850.0,425000.0,2025-08-12 12:25:16.737897
2025-08-12,51422,2025081204006465,BPCL,Agrawal Securities (PVT) Ltd.,Linch Stock Market Ltd.,30,848.0,25440.0,2025-08-12 12:25:43.545708
2025-08-12,51374,2025081204006471,BPCL,Agrawal Securities (PVT) Ltd.,Deevyaa Securities & Stock House Pvt. Ltd,70,848.0,59360.0,2025-08-12 12:25:54.017467
2025-08-12,51373,2025081204006472,BPCL,Neev Securities Pvt. Ltd.,Deevyaa Securities & Stock House Pvt. Ltd,35,847.0,29645.0,2025-08-12 12:25:54.017802
2025-08-12,51372,2025081204006473,BPCL,SHUBHAKAMANA SECURITIES PVT. LTD,Deevyaa Securities & Stock House Pvt. Ltd,10,847.0,8470.0,2025-08-12 12:25:54.018019
2025-08-12,51265,2025081204006499,BPCL,Naasa Securities Co. Ltd.,Nepal Stock House (PVT) Ltd.,50,850.0,42500.0,2025-08-12 12:26:16.636946
2025-08-12,51264,2025081204006500,BPCL,Naasa Securities Co. Ltd.,Agrawal Securities (PVT) Ltd.,200,850.0,170000.0,2025-08-12 12:26:16.637279
2025-08-12,50396,2025081204006660,BPCL,ABC Securities Private Limited,Sani Securities Company Ltd.,500,848.0,424000.0,2025-08-12 12:29:34.420920
2025-08-12,50395,2025081204006661,BPCL,Sipla Securities Private Limited,Sani Securities Company Ltd.,100,847.3,84730.0,2025-08-12 12:29:34.421248
2025-08-12,50394,2025081204006662,BPCL,Vision Securities Pvt. Ltd,Sani Securities Company Ltd.,500,847.2,423600.0,2025-08-12 12:29:34.421492
2025-08-12,50393,2025081204006663,BPCL,Opal Securities Investment (PVT) Ltd.,Sani Securities Company Ltd.,170,847.1,144007.0,2025-08-12 12:29:34.421726
2025-08-12,50392,2025081204006664,BPCL,Dynamic Money Managers Securities Pvt. Ltd.,Sani Securities Company Ltd.,100,847.0,84700.0,2025-08-12 12:29:34.421933
2025-08-12,50391,2025081204006665,BPCL,Indira securities pvt. ltd,Sani Securities Company Ltd.,500,847.0,423500.0,2025-08-12 12:29:34.422132
2025-08-12,50390,2025081204006666,BPCL,Naasa Securities Co. Ltd.,Sani Securities Company Ltd.,270,847.0,228690.0,2025-08-12 12:29:34.422353
2025-08-12,50304,2025081204006679,BPCL,Naasa Securities Co. Ltd.,BHOLE GANESH SECURITIES LTD,730,847.0,618310.0,2025-08-12 12:29:55.953224
2025-08-12,50303,2025081204006680,BPCL,Hatemalo Financial Services Private Limited,BHOLE GANESH SECURITIES LTD,10,847.0,8470.0,2025-08-12 12:29:55.953491
2025-08-12,50302,2025081204006681,BPCL,SUN SECURITIES PVT LTD,BHOLE GANESH SECURITIES LTD,1000,846.7,846700.0,2025-08-12 12:29:55.953569
2025-08-12,50301,2025081204006682,BPCL,Naasa Securities Co. Ltd.,BHOLE GANESH SECURITIES LTD,500,846.6,423300.0,2025-08-12 12:29:55.953643
2025-08-12,50300,2025081204006683,BPCL,Sumeru Securities Pvt. Ltd.,BHOLE GANESH SECURITIES LTD,18,846.0,15228.0,2025-08-12 12:29:55.953713
2025-08-12,50254,2025081204006692,BPCL,Miyo Securities Pvt Ltd,BHOLE GANESH SECURITIES LTD,10,846.0,8460.0,2025-08-12 12:30:07.384030
2025-08-12,50246,2025081204006694,BPCL,Dipshikha Dhitopatra Karobar Co. Pvt Ltd.,Elite Stock House Limited,950,845.4,803130.0,2025-08-12 12:30:11.009886
2025-08-12,50245,2025081204006695,BPCL,Sharepro Securities Private Limited,Elite Stock House Limited,100,845.1,84510.0,2025-08-12 12:30:11.010229
2025-08-12,50244,2025081204006696,BPCL,Imperial Securities Company Pvt. Ltd.,Elite Stock House Limited,200,845.1,169020.0,2025-08-12 12:30:11.010459
2025-08-12,50243,2025081204006697,BPCL,Agrawal Securities (PVT) Ltd.,Elite Stock House Limited,100,845.1,84510.0,2025-08-12 12:30:11.010658
2025-08-12,50242,2025081204006698,BPCL,Primo Securities (PVT) Ltd.,Elite Stock House Limited,20,845.0,16900.0,2025-08-12 12:30:11.010854
2025-08-12,50241,2025081204006699,BPCL,Secured Securities Ltd.,Elite Stock House Limited,250,845.0,211250.0,2025-08-12 12:30:11.011048
2025-08-12,50240,2025081204006700,BPCL,N.M.B. SECURITIES LIMITED,Elite Stock House Limited,1880,845.0,1588600.0,2025-08-12 12:30:11.011243
2025-08-12,50102,2025081204006715,BPCL,Opal Securities Investment (PVT) Ltd.,J.F. Securites (PVT) Ltd.,100,845.5,84550.0,2025-08-12 12:30:36.713519
2025-08-12,50101,2025081204006716,BPCL,N.M.B. SECURITIES LIMITED,J.F. Securites (PVT) Ltd.,120,845.0,101400.0,2025-08-12 12:30:36.713754
2025-08-12,50100,2025081204006717,BPCL,South Asian Bulls Pvt. Ltd.,J.F. Securites (PVT) Ltd.,500,845.0,422500.0,2025-08-12 12:30:36.713843
2025-08-12,50099,2025081204006718,BPCL,Creative Securities Pvt Ltd,J.F. Securites (PVT) Ltd.,500,845.0,422500.0,2025-08-12 12:30:36.713911
2025-08-12,50080,2025081204006721,BPCL,Premier Securities Company Ltd.,Naasa Securities Co. Ltd.,200,844.0,168800.0,2025-08-12 12:30:39.847835
2025-08-12,50079,2025081204006722,BPCL,Midas Stock Broking Company Private Limited,Naasa Securities Co. Ltd.,100,844.0,84400.0,2025-08-12 12:30:39.848008
2025-08-12,50078,2025081204006723,BPCL,Dipshikha Dhitopatra Karobar Co. Pvt Ltd.,Naasa Securities Co. Ltd.,65,844.0,54860.0,2025-08-12 12:30:39.848078
2025-08-12,50077,2025081204006724,BPCL,Vision Securities Pvt. Ltd,Naasa Securities Co. Ltd.,5000,844.0,4220000.0,2025-08-12 12:30:39.848153
2025-08-12,50076,2025081204006725,BPCL,Dipshikha Dhitopatra Karobar Co. Pvt Ltd.,Naasa Securities Co. Ltd.,100,844.0,84400.0,2025-08-12 12:30:39.848221
2025-08-12,49939,2025081204006801,BPCL,Kumari Securities Private Limited,Deevyaa Securities & Stock House Pvt. Ltd,150,843.8,126570.0,2025-08-12 12:31:10.405421
2025-08-12,49924,2025081204006806,BPCL,Kumari Securities Private Limited,Global IME Securities Limited,50,843.8,42190.0,2025-08-12 12:31:14.533927
2025-08-12,49910,2025081204006808,BPCL,Trishakti Securities Public Limited,J.F. Securites (PVT) Ltd.,10,845.0,8450.0,2025-08-12 12:31:21.232414
2025-08-12,49852,2025081204006825,BPCL,Dipshikha Dhitopatra Karobar Co. Pvt Ltd.,J.F. Securites (PVT) Ltd.,100,845.0,84500.0,2025-08-12 12:31:36.465888
2025-08-12,49807,2025081204006837,BPCL,Dakshinkali Investment & Securities Pvt. Ltd.,J.F. Securites (PVT) Ltd.,170,845.0,143650.0,2025-08-12 12:31:47.384732
2025-08-12,49806,2025081204006838,BPCL,Dakshinkali Investment & Securities Pvt. Ltd.,Trishakti Securities Public Limited,50,845.0,42250.0,2025-08-12 12:31:47.384923
2025-08-12,49805,2025081204006839,BPCL,Dakshinkali Investment & Securities Pvt. Ltd.,Capital Max Securities Ltd,290,845.0,245050.0,2025-08-12 12:31:47.384994
2025-08-12,49804,2025081204006840,BPCL,Dakshinkali Investment & Securities Pvt. Ltd.,Nepal Investment And Securities Trading Private Limited,490,845.0,414050.0,2025-08-12 12:31:47.385063
2025-08-12,49768,2025081204006846,BPCL,Dipshikha Dhitopatra Karobar Co. Pvt Ltd.,Ashutosh Brokerage & Securities (PVT) Ltd.,100,843.8,84380.0,2025-08-12 12:31:53.147096
2025-08-12,49767,2025081204006847,BPCL,Imperial Securities Company Pvt. Ltd.,Ashutosh Brokerage & Securities (PVT) Ltd.,100,843.5,84350.0,2025-08-12 12:31:53.147451
2025-08-12,49733,2025081204006853,BPCL,Imperial Securities Company Pvt. Ltd.,SUN SECURITIES PVT LTD,50,842.8,42140.0,2025-08-12 12:32:00.759187
2025-08-12,49732,2025081204006854,BPCL,INDEX SECURITIES LIMITED,SUN SECURITIES PVT LTD,300,842.0,252600.0,2025-08-12 12:32:00.759388
2025-08-12,49731,2025081204006855,BPCL,Sumeru Securities Pvt. Ltd.,SUN SECURITIES PVT LTD,100,842.0,84200.0,2025-08-12 12:32:00.759457
2025-08-12,49730,2025081204006856,BPCL,Neev Securities Pvt. Ltd.,SUN SECURITIES PVT LTD,100,840.0,84000.0,2025-08-12 12:32:00.759521
2025-08-12,49729,2025081204006857,BPCL,Indira securities pvt. ltd,SUN SECURITIES PVT LTD,200,840.0,168000.0,2025-08-12 12:32:00.759586
2025-08-12,49728,2025081204006858,BPCL,Imperial Securities Company Pvt. Ltd.,SUN SECURITIES PVT LTD,100,840.0,84000.0,2025-08-12 12:32:00.759650
2025-08-12,49727,2025081204006859,BPCL,J.F. Securites (PVT) Ltd.,SUN SECURITIES PVT LTD,60,840.0,50400.0,2025-08-12 12:32:00.759713
2025-08-12,49726,2025081204006860,BPCL,Agrawal Securities (PVT) Ltd.,SUN SECURITIES PVT LTD,100,840.0,84000.0,2025-08-12 12:32:00.759775
2025-08-12,49725,2025081204006861,BPCL,Agrawal Securities (PVT) Ltd.,SUN SECURITIES PVT LTD,1000,840.0,840000.0,2025-08-12 12:32:00.759838
2025-08-12,49724,2025081204006862,BPCL,SUN SECURITIES PVT LTD,SUN SECURITIES PVT LTD,190,840.0,159600.0,2025-08-12 12:32:00.759912
2025-08-12,49686,2025081204006877,BPCL,Opal Securities Investment (PVT) Ltd.,Kumari Securities Private Limited,10,843.0,8430.0,2025-08-12 12:32:08.997715
2025-08-12,49593,2025081204006898,BPCL,Sipla Securities Private Limited,S.P.S.A. Securities Limited,200,840.1,168020.0,2025-08-12 12:32:31.236417
2025-08-12,49592,2025081204006899,BPCL,SUN SECURITIES PVT LTD,S.P.S.A. Securities Limited,108,840.0,90720.0,2025-08-12 12:32:31.236721
2025-08-12,49586,2025081204006900,BPCL,SUN SECURITIES PVT LTD,Nagarik Stock Dealer ,702,840.0,589680.0,2025-08-12 12:32:32.377414
2025-08-12,49585,2025081204006901,BPCL,Cristal Kanchanjanga Securites Pvt. Ltd.,Nagarik Stock Dealer ,298,840.0,250320.0,2025-08-12 12:32:32.377566
2025-08-12,49578,2025081204006902,BPCL,Cristal Kanchanjanga Securites Pvt. Ltd.,Naasa Securities Co. Ltd.,535,840.0,449400.0,2025-08-12 12:32:36.871516
2025-08-12,49540,2025081204006914,BPCL,Cristal Kanchanjanga Securites Pvt. Ltd.,Magnet Securities and Investment Company Private Limited,1167,840.0,980280.0,2025-08-12 12:32:44.476762
2025-08-12,49534,2025081204006917,BPCL,Dipshikha Dhitopatra Karobar Co. Pvt Ltd.,Magnet Securities and Investment Company Private Limited,100,840.0,84000.0,2025-08-12 12:32:48.078563
2025-08-12,49513,2025081204006927,BPCL,Sri Hari Securities Pvt. Ltd.,Magnet Securities and Investment Company Private Limited,133,840.0,111720.0,2025-08-12 12:32:52.638331
2025-08-12,49469,2025081204006936,BPCL,Naasa Securities Co. Ltd.,Dipshikha Dhitopatra Karobar Co. Pvt Ltd.,200,840.1,168020.0,2025-08-12 12:33:05.221226
2025-08-12,49458,2025081204006938,BPCL,Trademow Securities Private Limited,BHOLE GANESH SECURITIES LTD,10,842.0,8420.0,2025-08-12 12:33:08.504528
2025-08-12,49402,2025081204006946,BPCL,Dipshikha Dhitopatra Karobar Co. Pvt Ltd.,BHOLE GANESH SECURITIES LTD,100,842.0,84200.0,2025-08-12 12:33:24.489066
2025-08-12,49347,2025081204006951,BPCL,Trishakti Securities Public Limited,BHOLE GANESH SECURITIES LTD,10,842.0,8420.0,2025-08-12 12:33:37.020981
2025-08-12,49342,2025081204006953,BPCL,Dipshikha Dhitopatra Karobar Co. Pvt Ltd.,BHOLE GANESH SECURITIES LTD,100,842.0,84200.0,2025-08-12 12:33:37.562979
2025-08-12,49286,2025081204006956,BPCL,Dipshikha Dhitopatra Karobar Co. Pvt Ltd.,BHOLE GANESH SECURITIES LTD,500,842.0,421000.0,2025-08-12 12:33:46.618995
2025-08-12,49282,2025081204006958,BPCL,ABC Securities Private Limited,BHOLE GANESH SECURITIES LTD,100,842.0,84200.0,2025-08-12 12:33:48.576686
2025-08-12,49255,2025081204006967,BPCL,Dakshinkali Investment & Securities Pvt. Ltd.,BHOLE GANESH SECURITIES LTD,180,842.0,151560.0,2025-08-12 12:33:55.074163
2025-08-12,49144,2025081204006986,BPCL,Dipshikha Dhitopatra Karobar Co. Pvt Ltd.,Kumari Securities Private Limited,40,843.0,33720.0,2025-08-12 12:34:19.839798
2025-08-12,49048,2025081204007010,BPCL,Sri Hari Securities Pvt. Ltd.,Nepal Investment And Securities Trading Private Limited,510,845.0,430950.0,2025-08-12 12:34:31.548308
2025-08-12,49047,2025081204007011,BPCL,Sri Hari Securities Pvt. Ltd.,K.B.L. Securities Limited ,900,845.0,760500.0,2025-08-12 12:34:31.548505
2025-08-12,49046,2025081204007012,BPCL,Sri Hari Securities Pvt. Ltd.,South Asian Bulls Pvt. Ltd.,58,845.0,49010.0,2025-08-12 12:34:31.548584
2025-08-12,49045,2025081204007013,BPCL,Sri Hari Securities Pvt. Ltd.,South Asian Bulls Pvt. Ltd.,3532,845.0,2984540.0,2025-08-12 12:34:31.548650
2025-08-12,49026,2025081204007015,BPCL,SHUBHAKAMANA SECURITIES PVT. LTD,South Asian Bulls Pvt. Ltd.,200,845.0,169000.0,2025-08-12 12:34:36.194010
2025-08-12,49014,2025081204007019,BPCL,Sri Hari Securities Pvt. Ltd.,South Asian Bulls Pvt. Ltd.,555,845.0,468975.0,2025-08-12 12:34:38.597189
2025-08-12,49013,2025081204007020,BPCL,Sri Hari Securities Pvt. Ltd.,Nepal Investment And Securities Trading Private Limited,70,845.0,59150.0,2025-08-12 12:34:38.597549
2025-08-12,48970,2025081204007049,BPCL,ABC Securities Private Limited,BHOLE GANESH SECURITIES LTD,100,846.0,84600.0,2025-08-12 12:34:47.444791
2025-08-12,48966,2025081204007053,BPCL,Sri Hari Securities Pvt. Ltd.,BHOLE GANESH SECURITIES LTD,1632,846.0,1380672.0,2025-08-12 12:34:48.642627
2025-08-12,48813,2025081204007114,BPCL,Trishakti Securities Public Limited,Cristal Kanchanjanga Securites Pvt. Ltd.,15,849.5,12742.5,2025-08-12 12:35:20.657109
2025-08-12,48812,2025081204007115,BPCL,Trishakti Securities Public Limited,Nepal Stock House (PVT) Ltd.,10,850.0,8500.0,2025-08-12 12:35:20.657211
2025-08-12,48670,2025081204007162,BPCL,Trishakti Securities Public Limited,Nepal Stock House (PVT) Ltd.,10,850.0,8500.0,2025-08-12 12:35:53.961728
2025-08-12,48644,2025081204007165,BPCL,Dipshikha Dhitopatra Karobar Co. Pvt Ltd.,Nepal Stock House (PVT) Ltd.,12,850.0,10200.0,2025-08-12 12:36:05.624718
2025-08-12,48643,2025081204007166,BPCL,Dipshikha Dhitopatra Karobar Co. Pvt Ltd.,Imperial Securities Company Pvt. Ltd.,25,850.0,21250.0,2025-08-12 12:36:05.624899
2025-08-12,48642,2025081204007167,BPCL,Dipshikha Dhitopatra Karobar Co. Pvt Ltd.,Online Securities Pvt. Ltd.,23,850.0,19550.0,2025-08-12 12:36:05.624970
2025-08-12,48573,2025081204007180,BPCL,Citizens Share Broker Limited,Dipshikha Dhitopatra Karobar Co. Pvt Ltd.,3,840.0,2520.0,2025-08-12 12:36:21.731792
2025-08-12,48472,2025081204007224,BPCL,N.M.B. SECURITIES LIMITED,S.P.S.A. Securities Limited,600,846.2,507720.0,2025-08-12 12:36:44.875025
2025-08-12,48464,2025081204007226,BPCL,N.M.B. SECURITIES LIMITED,Oxford Securities Pvt. Ltd.,10,846.2,8462.0,2025-08-12 12:36:46.711017
2025-08-12,48424,2025081204007230,BPCL,Pragyan Securities (PVT) Ltd.,Online Securities Pvt. Ltd.,50,850.0,42500.0,2025-08-12 12:36:54.246762
2025-08-12,48421,2025081204007231,BPCL,Trishakti Securities Public Limited,Online Securities Pvt. Ltd.,10,850.0,8500.0,2025-08-12 12:36:55.367339
2025-08-12,48311,2025081204007246,BPCL,Trishakti Securities Public Limited,Online Securities Pvt. Ltd.,77,850.0,65450.0,2025-08-12 12:37:13.473309
2025-08-12,48310,2025081204007247,BPCL,Trishakti Securities Public Limited,Cristal Kanchanjanga Securites Pvt. Ltd.,10,853.0,8530.0,2025-08-12 12:37:13.473368
2025-08-12,48228,2025081204007259,BPCL,South Asian Bulls Pvt. Ltd.,Oxford Securities Pvt. Ltd.,10,853.0,8530.0,2025-08-12 12:37:33.899637
2025-08-12,48224,2025081204007263,BPCL,South Asian Bulls Pvt. Ltd.,Cristal Kanchanjanga Securites Pvt. Ltd.,15,853.0,12795.0,2025-08-12 12:37:35.087217
2025-08-12,48041,2025081204007310,BPCL,Sri Hari Securities Pvt. Ltd.,S.P.S.A. Securities Limited,180,847.0,152460.0,2025-08-12 12:38:16.104185
2025-08-12,47925,2025081204007350,BPCL,SHUBHAKAMANA SECURITIES PVT. LTD,Cristal Kanchanjanga Securites Pvt. Ltd.,100,854.0,85400.0,2025-08-12 12:38:44.844330
2025-08-12,47917,2025081204007353,BPCL,Trishakti Securities Public Limited,Cristal Kanchanjanga Securites Pvt. Ltd.,10,854.0,8540.0,2025-08-12 12:38:47.905408
2025-08-12,47641,2025081204007439,BPCL,Naasa Securities Co. Ltd.,Cristal Kanchanjanga Securites Pvt. Ltd.,875,854.0,747250.0,2025-08-12 12:39:52.576745
2025-08-12,47640,2025081204007440,BPCL,Naasa Securities Co. Ltd.,NIMB Stock Markets Limited,308,855.0,263340.0,2025-08-12 12:39:52.576974
2025-08-12,47639,2025081204007441,BPCL,Naasa Securities Co. Ltd.,Cristal Kanchanjanga Securites Pvt. Ltd.,1990,855.0,1701450.0,2025-08-12 12:39:52.577050
2025-08-12,47290,2025081204007497,BPCL,Trishakti Securities Public Limited,Oxford Securities Pvt. Ltd.,10,858.0,8580.0,2025-08-12 12:41:05.602370
2025-08-12,47081,2025081204007546,BPCL,Nepal Investment And Securities Trading Private Limited,Cristal Kanchanjanga Securites Pvt. Ltd.,100,856.0,85600.0,2025-08-12 12:41:38.092393
2025-08-12,47027,2025081204007564,BPCL,Nepal Investment And Securities Trading Private Limited,Primo Securities (PVT) Ltd.,100,856.0,85600.0,2025-08-12 12:41:50.622185
2025-08-12,47026,2025081204007565,BPCL,Cristal Kanchanjanga Securites Pvt. Ltd.,Primo Securities (PVT) Ltd.,10,855.1,8551.0,2025-08-12 12:41:50.622580
2025-08-12,46875,2025081204007586,BPCL,SUN SECURITIES PVT LTD,Primo Securities (PVT) Ltd.,100,851.1,85110.0,2025-08-12 12:42:18.712398
2025-08-12,46874,2025081204007587,BPCL,Sri Hari Securities Pvt. Ltd.,Primo Securities (PVT) Ltd.,1900,851.0,1616900.0,2025-08-12 12:42:18.712649
2025-08-12,46727,2025081204007633,BPCL,Sri Hari Securities Pvt. Ltd.,Premier Securities Company Ltd.,100,851.0,85100.0,2025-08-12 12:42:43.055280
2025-08-12,46726,2025081204007634,BPCL,Sri Hari Securities Pvt. Ltd.,Premier Securities Company Ltd.,2000,851.0,1702000.0,2025-08-12 12:42:43.055397
2025-08-12,46725,2025081204007635,BPCL,N.M.B. SECURITIES LIMITED,Premier Securities Company Ltd.,300,850.3,255090.0,2025-08-12 12:42:43.055475
2025-08-12,46592,2025081204007670,BPCL,Trishakti Securities Public Limited,Vision Securities Pvt. Ltd,10,855.0,8550.0,2025-08-12 12:43:06.360851
2025-08-12,46569,2025081204007689,BPCL,Sri Hari Securities Pvt. Ltd.,Trisul Securities & Invt. Ltd.,500,850.4,425200.0,2025-08-12 12:43:08.513194
2025-08-12,46545,2025081204007695,BPCL,Sri Hari Securities Pvt. Ltd.,Premier Securities Company Ltd.,30,850.4,25512.0,2025-08-12 12:43:09.219902
2025-08-12,46490,2025081204007709,BPCL,Trishakti Securities Public Limited,Ashutosh Brokerage & Securities (PVT) Ltd.,10,854.0,8540.0,2025-08-12 12:43:20.466182
2025-08-12,46411,2025081204007724,BPCL,Naasa Securities Co. Ltd.,Ashutosh Brokerage & Securities (PVT) Ltd.,190,854.0,162260.0,2025-08-12 12:43:31.620644
2025-08-12,46410,2025081204007725,BPCL,Naasa Securities Co. Ltd.,Primo Securities (PVT) Ltd.,50,854.0,42700.0,2025-08-12 12:43:31.620995
2025-08-12,46409,2025081204007726,BPCL,Naasa Securities Co. Ltd.,Vision Securities Pvt. Ltd,587,855.0,501885.0,2025-08-12 12:43:31.621223
2025-08-12,46111,2025081204007807,BPCL,Vision Securities Pvt. Ltd,Vision Securities Pvt. Ltd,400,855.0,342000.0,2025-08-12 12:44:27.128096
2025-08-12,45992,2025081204007832,BPCL,Vision Securities Pvt. Ltd,Elite Stock House Limited,500,855.9,427950.0,2025-08-12 12:44:49.277695
2025-08-12,45385,2025081204007983,BPCL,Citizens Share Broker Limited,INDEX SECURITIES LIMITED,200,853.9,170780.0,2025-08-12 12:46:53.547414
2025-08-12,45384,2025081204007984,BPCL,Citizens Share Broker Limited,Sri Hari Securities Pvt. Ltd.,300,854.0,256200.0,2025-08-12 12:46:53.547812
2025-08-12,45355,2025081204007998,BPCL,Infinity Securities Limited,Sri Hari Securities Pvt. Ltd.,200,854.0,170800.0,2025-08-12 12:46:59.889015
2025-08-12,45323,2025081204008007,BPCL,SHUBHAKAMANA SECURITIES PVT. LTD,Midas Stock Broking Company Private Limited,30,854.0,25620.0,2025-08-12 12:47:10.458632
2025-08-12,45318,2025081204008008,BPCL,SHUBHAKAMANA SECURITIES PVT. LTD,INDEX SECURITIES LIMITED,100,854.0,85400.0,2025-08-12 12:47:13.371024
2025-08-12,45256,2025081204008013,BPCL,Infinity Securities Limited,Primo Securities (PVT) Ltd.,300,855.8,256740.0,2025-08-12 12:47:24.959058
2025-08-12,45202,2025081204008030,BPCL,N.M.B. SECURITIES LIMITED,Primo Securities (PVT) Ltd.,90,855.8,77022.0,2025-08-12 12:47:34.488716
2025-08-12,45153,2025081204008035,BPCL,Infinity Securities Limited,Deevyaa Securities & Stock House Pvt. Ltd,50,855.9,42795.0,2025-08-12 12:47:45.008178
2025-08-12,45152,2025081204008036,BPCL,Infinity Securities Limited,Vision Securities Pvt. Ltd,90,856.0,77040.0,2025-08-12 12:47:45.008476
2025-08-12,45044,2025081204008068,BPCL,Vision Securities Pvt. Ltd,Vision Securities Pvt. Ltd,500,856.0,428000.0,2025-08-12 12:48:04.640718
2025-08-12,45037,2025081204008069,BPCL,SHUBHAKAMANA SECURITIES PVT. LTD,Elite Stock House Limited,200,854.0,170800.0,2025-08-12 12:48:05.816736
2025-08-12,45029,2025081204008070,BPCL,Cristal Kanchanjanga Securites Pvt. Ltd.,Vision Securities Pvt. Ltd,50,856.0,42800.0,2025-08-12 12:48:06.821105
2025-08-12,44843,2025081204008100,BPCL,Vision Securities Pvt. Ltd,Vision Securities Pvt. Ltd,100,856.0,85600.0,2025-08-12 12:48:47.051504
2025-08-12,44795,2025081204008110,BPCL,N.M.B. SECURITIES LIMITED,Naasa Securities Co. Ltd.,15,854.5,12817.5,2025-08-12 12:48:56.742965
2025-08-12,44776,2025081204008116,BPCL,Vision Securities Pvt. Ltd,Vision Securities Pvt. Ltd,260,856.0,222560.0,2025-08-12 12:49:04.208456
2025-08-12,44775,2025081204008117,BPCL,Vision Securities Pvt. Ltd,Oxford Securities Pvt. Ltd.,10,856.0,8560.0,2025-08-12 12:49:04.208684
2025-08-12,44774,2025081204008118,BPCL,Vision Securities Pvt. Ltd,Vision Securities Pvt. Ltd,230,856.0,196880.0,2025-08-12 12:49:04.208767
2025-08-12,44717,2025081204008126,BPCL,Property Wiard Limited,Vision Securities Pvt. Ltd,773,856.0,661688.0,2025-08-12 12:49:18.292371
2025-08-12,44681,2025081204008149,BPCL,Property Wiard Limited,Hatemalo Financial Services Private Limited,376,856.0,321856.0,2025-08-12 12:49:24.069004
2025-08-12,44667,2025081204008153,BPCL,Property Wiard Limited,Vision Securities Pvt. Ltd,851,856.0,728456.0,2025-08-12 12:49:26.460186
2025-08-12,44635,2025081204008168,BPCL,Citizens Share Broker Limited,Vision Securities Pvt. Ltd,100,856.0,85600.0,2025-08-12 12:49:32.958587
2025-08-12,44626,2025081204008170,BPCL,Trishakti Securities Public Limited,Vision Securities Pvt. Ltd,600,856.0,513600.0,2025-08-12 12:49:35.680192
2025-08-12,44558,2025081204008184,BPCL,Citizens Share Broker Limited,Vision Securities Pvt. Ltd,400,856.0,342400.0,2025-08-12 12:49:51.018114
2025-08-12,44456,2025081204008205,BPCL,INDEX SECURITIES LIMITED,Vision Securities Pvt. Ltd,49,856.0,41944.0,2025-08-12 12:50:18.903943
2025-08-12,44455,2025081204008206,BPCL,INDEX SECURITIES LIMITED,Ashutosh Brokerage & Securities (PVT) Ltd.,200,856.5,171300.0,2025-08-12 12:50:18.904351
2025-08-12,44454,2025081204008207,BPCL,INDEX SECURITIES LIMITED,SHUBHAKAMANA SECURITIES PVT. LTD,500,857.8,428900.0,2025-08-12 12:50:18.904604
2025-08-12,44453,2025081204008208,BPCL,INDEX SECURITIES LIMITED,Cristal Kanchanjanga Securites Pvt. Ltd.,1000,858.0,858000.0,2025-08-12 12:50:18.904850
2025-08-12,44452,2025081204008209,BPCL,INDEX SECURITIES LIMITED,Agrawal Securities (PVT) Ltd.,40,859.0,34360.0,2025-08-12 12:50:18.905092
2025-08-12,44451,2025081204008210,BPCL,INDEX SECURITIES LIMITED,Primo Securities (PVT) Ltd.,536,859.0,460424.0,2025-08-12 12:50:18.905343
2025-08-12,44442,2025081204008211,BPCL,Neev Securities Pvt. Ltd.,Imperial Securities Company Pvt. Ltd.,15,856.0,12840.0,2025-08-12 12:50:20.906817
2025-08-12,44423,2025081204008214,BPCL,N.M.B. SECURITIES LIMITED,Primo Securities (PVT) Ltd.,95,859.0,81605.0,2025-08-12 12:50:24.932274
2025-08-12,44364,2025081204008244,BPCL,Trishakti Securities Public Limited,Primo Securities (PVT) Ltd.,10,859.0,8590.0,2025-08-12 12:50:35.196453
2025-08-12,44318,2025081204008250,BPCL,Naasa Securities Co. Ltd.,Primo Securities (PVT) Ltd.,359,859.0,308381.0,2025-08-12 12:50:44.193264
2025-08-12,44290,2025081204008252,BPCL,N.M.B. SECURITIES LIMITED,Agrawal Securities (PVT) Ltd.,15,860.0,12900.0,2025-08-12 12:50:50.009662
2025-08-12,44289,2025081204008253,BPCL,N.M.B. SECURITIES LIMITED,Oxford Securities Pvt. Ltd.,10,860.0,8600.0,2025-08-12 12:50:50.010069
2025-08-12,44288,2025081204008254,BPCL,N.M.B. SECURITIES LIMITED,Trishakti Securities Public Limited,150,860.0,129000.0,2025-08-12 12:50:50.010306
2025-08-12,44287,2025081204008255,BPCL,N.M.B. SECURITIES LIMITED,Imperial Securities Company Pvt. Ltd.,10,860.0,8600.0,2025-08-12 12:50:50.010553
2025-08-12,44286,2025081204008256,BPCL,N.M.B. SECURITIES LIMITED,Sani Securities Company Ltd.,100,860.0,86000.0,2025-08-12 12:50:50.010777
2025-08-12,44285,2025081204008257,BPCL,N.M.B. SECURITIES LIMITED,Sani Securities Company Ltd.,10,860.0,8600.0,2025-08-12 12:50:50.011004
2025-08-12,44284,2025081204008258,BPCL,N.M.B. SECURITIES LIMITED,ABC Securities Private Limited,16,860.0,13760.0,2025-08-12 12:50:50.011248
2025-08-12,44283,2025081204008259,BPCL,N.M.B. SECURITIES LIMITED,Indira securities pvt. ltd,500,860.0,430000.0,2025-08-12 12:50:50.011504
2025-08-12,44282,2025081204008260,BPCL,N.M.B. SECURITIES LIMITED,Oxford Securities Pvt. Ltd.,10,860.0,8600.0,2025-08-12 12:50:50.011734
2025-08-12,44281,2025081204008261,BPCL,N.M.B. SECURITIES LIMITED,Online Securities Pvt. Ltd.,200,860.0,172000.0,2025-08-12 12:50:50.011951
2025-08-12,44280,2025081204008262,BPCL,N.M.B. SECURITIES LIMITED,Trisul Securities & Invt. Ltd.,81,860.0,69660.0,2025-08-12 12:50:50.012193
2025-08-12,44279,2025081204008263,BPCL,N.M.B. SECURITIES LIMITED,Dipshikha Dhitopatra Karobar Co. Pvt Ltd.,250,860.0,215000.0,2025-08-12 12:50:50.012425
2025-08-12,44278,2025081204008264,BPCL,N.M.B. SECURITIES LIMITED,SUN SECURITIES PVT LTD,1000,860.0,860000.0,2025-08-12 12:50:50.012669
2025-08-12,44277,2025081204008265,BPCL,N.M.B. SECURITIES LIMITED,Sani Securities Company Ltd.,16,860.0,13760.0,2025-08-12 12:50:50.012890
2025-08-12,44175,2025081204008277,BPCL,Neev Securities Pvt. Ltd.,Midas Stock Broking Company Private Limited,15,860.1,12901.5,2025-08-12 12:51:13.666634
2025-08-12,44153,2025081204008279,BPCL,Trishakti Securities Public Limited,Midas Stock Broking Company Private Limited,13,860.1,11181.3,2025-08-12 12:51:18.489156
2025-08-12,44152,2025081204008280,BPCL,Trishakti Securities Public Limited,Primo Securities (PVT) Ltd.,25,862.0,21550.0,2025-08-12 12:51:18.489206
2025-08-12,44076,2025081204008302,BPCL,Aryatara Investment & Securities,Primo Securities (PVT) Ltd.,500,862.0,431000.0,2025-08-12 12:51:39.933203
2025-08-12,44055,2025081204008303,BPCL,N.M.B. SECURITIES LIMITED,Primo Securities (PVT) Ltd.,475,862.0,409450.0,2025-08-12 12:51:45.145034
2025-08-12,44054,2025081204008304,BPCL,N.M.B. SECURITIES LIMITED,Sani Securities Company Ltd.,134,863.0,115642.0,2025-08-12 12:51:45.145237
2025-08-12,44039,2025081204008305,BPCL,Sri Hari Securities Pvt. Ltd.,Sharepro Securities Private Limited,500,863.9,431950.0,2025-08-12 12:51:51.711579
2025-08-12,44038,2025081204008306,BPCL,Sri Hari Securities Pvt. Ltd.,Primo Securities (PVT) Ltd.,1000,864.0,864000.0,2025-08-12 12:51:51.711953
2025-08-12,44037,2025081204008307,BPCL,Sri Hari Securities Pvt. Ltd.,Primo Securities (PVT) Ltd.,1000,864.5,864500.0,2025-08-12 12:51:51.712181
2025-08-12,44036,2025081204008308,BPCL,Sri Hari Securities Pvt. Ltd.,Himalayan Brokerage Company Limited,315,864.9,272443.5,2025-08-12 12:51:51.712425
2025-08-12,44035,2025081204008309,BPCL,Sri Hari Securities Pvt. Ltd.,Sweta Securities Private Limited,30,865.0,25950.0,2025-08-12 12:51:51.712673
2025-08-12,44034,2025081204008310,BPCL,Sri Hari Securities Pvt. Ltd.,Aryatara Investment & Securities,30,865.0,25950.0,2025-08-12 12:51:51.712895
2025-08-12,44033,2025081204008311,BPCL,Sri Hari Securities Pvt. Ltd.,INDEX SECURITIES LIMITED,500,865.0,432500.0,2025-08-12 12:51:51.713105
2025-08-12,44032,2025081204008312,BPCL,Sri Hari Securities Pvt. Ltd.,Trishakti Securities Public Limited,15,865.0,12975.0,2025-08-12 12:51:51.713302
2025-08-12,44031,2025081204008313,BPCL,Sri Hari Securities Pvt. Ltd.,Kumari Securities Private Limited,506,865.0,437690.0,2025-08-12 12:51:51.713523
2025-08-12,44030,2025081204008314,BPCL,Sri Hari Securities Pvt. Ltd.,Kumari Securities Private Limited,300,865.0,259500.0,2025-08-12 12:51:51.713745
2025-08-12,44029,2025081204008315,BPCL,Sri Hari Securities Pvt. Ltd.,Linch Stock Market Ltd.,409,865.0,353785.0,2025-08-12 12:51:51.713946
2025-08-12,44004,2025081204008318,BPCL,SUN SECURITIES PVT LTD,Trisul Securities & Invt. Ltd.,200,866.0,173200.0,2025-08-12 12:52:01.756618
2025-08-12,44003,2025081204008319,BPCL,SUN SECURITIES PVT LTD,Cristal Kanchanjanga Securites Pvt. Ltd.,300,866.0,259800.0,2025-08-12 12:52:01.756827
2025-08-12,43996,2025081204008324,BPCL,SHUBHAKAMANA SECURITIES PVT. LTD,Cristal Kanchanjanga Securites Pvt. Ltd.,170,866.0,147220.0,2025-08-12 12:52:02.484176
2025-08-12,43974,2025081204008331,BPCL,SHUBHAKAMANA SECURITIES PVT. LTD,Cristal Kanchanjanga Securites Pvt. Ltd.,300,866.0,259800.0,2025-08-12 12:52:09.506662
2025-08-12,43779,2025081204008396,BPCL,INDEX SECURITIES LIMITED,Cristal Kanchanjanga Securites Pvt. Ltd.,200,866.0,173200.0,2025-08-12 12:52:46.267612
2025-08-12,43763,2025081204008401,BPCL,SHUBHAKAMANA SECURITIES PVT. LTD,Cristal Kanchanjanga Securites Pvt. Ltd.,30,866.0,25980.0,2025-08-12 12:52:51.623362
2025-08-12,43762,2025081204008402,BPCL,SHUBHAKAMANA SECURITIES PVT. LTD,Vision Securities Pvt. Ltd,10,866.0,8660.0,2025-08-12 12:52:51.623710
2025-08-12,43761,2025081204008403,BPCL,SHUBHAKAMANA SECURITIES PVT. LTD,Oxford Securities Pvt. Ltd.,10,866.0,8660.0,2025-08-12 12:52:51.623921
2025-08-12,43758,2025081204008404,BPCL,SHUBHAKAMANA SECURITIES PVT. LTD,Linch Stock Market Ltd.,35,866.0,30310.0,2025-08-12 12:52:53.276072
2025-08-12,43747,2025081204008408,BPCL,Bhrikuti Stock Broking Co. Pvt. Ltd.,Online Securities Pvt. Ltd.,46,867.0,39882.0,2025-08-12 12:52:58.654795
2025-08-12,43746,2025081204008409,BPCL,Bhrikuti Stock Broking Co. Pvt. Ltd.,Dipshikha Dhitopatra Karobar Co. Pvt Ltd.,454,867.0,393618.0,2025-08-12 12:52:58.655152
2025-08-12,43720,2025081204008420,BPCL,Naasa Securities Co. Ltd.,Dipshikha Dhitopatra Karobar Co. Pvt Ltd.,46,867.0,39882.0,2025-08-12 12:53:04.804476
2025-08-12,43719,2025081204008421,BPCL,Naasa Securities Co. Ltd.,ABC Securities Private Limited,54,867.0,46818.0,2025-08-12 12:53:04.804704
2025-08-12,43557,2025081204008455,BPCL,South Asian Bulls Pvt. Ltd.,ABC Securities Private Limited,50,867.0,43350.0,2025-08-12 12:53:40.619306
2025-08-12,43519,2025081204008473,BPCL,SHUBHAKAMANA SECURITIES PVT. LTD,ABC Securities Private Limited,15,867.0,13005.0,2025-08-12 12:53:48.769423
2025-08-12,43507,2025081204008475,BPCL,Nepal Investment And Securities Trading Private Limited,ABC Securities Private Limited,50,867.0,43350.0,2025-08-12 12:53:52.927215
2025-08-12,43465,2025081204008489,BPCL,Dipshikha Dhitopatra Karobar Co. Pvt Ltd.,ABC Securities Private Limited,500,867.0,433500.0,2025-08-12 12:53:59.814292
2025-08-12,43436,2025081204008496,BPCL,SHUBHAKAMANA SECURITIES PVT. LTD,ABC Securities Private Limited,100,867.0,86700.0,2025-08-12 12:54:13.839545
2025-08-12,43149,2025081204008550,BPCL,Citizens Share Broker Limited,Ashutosh Brokerage & Securities (PVT) Ltd.,3,860.0,2580.0,2025-08-12 12:55:25.923203
2025-08-12,43111,2025081204008566,BPCL,Sharepro Securities Private Limited,SHUBHAKAMANA SECURITIES PVT. LTD,100,865.0,86500.0,2025-08-12 12:55:32.055624
2025-08-12,43102,2025081204008567,BPCL,Naasa Securities Co. Ltd.,ABC Securities Private Limited,200,867.0,173400.0,2025-08-12 12:55:33.161852
2025-08-12,43094,2025081204008571,BPCL,SHUBHAKAMANA SECURITIES PVT. LTD,Elite Stock House Limited,80,865.0,69200.0,2025-08-12 12:55:36.480230
2025-08-12,42869,2025081204008614,BPCL,N.M.B. SECURITIES LIMITED,Aakashbhairab Securities Ltd.,2000,860.0,1720000.0,2025-08-12 12:56:30.947475
2025-08-12,42750,2025081204008649,BPCL,Naasa Securities Co. Ltd.,Naasa Securities Co. Ltd.,500,860.1,430050.0,2025-08-12 12:57:08.979006
2025-08-12,42393,2025081204008738,BPCL,Trishakti Securities Public Limited,ABC Securities Private Limited,10,865.0,8650.0,2025-08-12 12:58:57.393756
2025-08-12,41927,2025081204008846,BPCL,N.M.B. SECURITIES LIMITED,Imperial Securities Company Pvt. Ltd.,10,864.9,8649.0,2025-08-12 13:00:55.458718
2025-08-12,41926,2025081204008847,BPCL,N.M.B. SECURITIES LIMITED,ABC Securities Private Limited,13,865.0,11245.0,2025-08-12 13:00:55.459011
2025-08-12,41896,2025081204008851,BPCL,Midas Stock Broking Company Private Limited,Miyo Securities Pvt Ltd,120,862.0,103440.0,2025-08-12 13:01:01.488110
2025-08-12,41895,2025081204008852,BPCL,Linch Stock Market Ltd.,Miyo Securities Pvt Ltd,275,861.0,236775.0,2025-08-12 13:01:01.488380
2025-08-12,41787,2025081204008876,BPCL,Linch Stock Market Ltd.,Elite Stock House Limited,20,861.0,17220.0,2025-08-12 13:01:27.746861
2025-08-12,41708,2025081204008884,BPCL,Trishakti Securities Public Limited,Primo Securities (PVT) Ltd.,10,864.0,8640.0,2025-08-12 13:01:41.559532
2025-08-12,41678,2025081204008888,BPCL,Miyo Securities Pvt Ltd,Primo Securities (PVT) Ltd.,20,864.0,17280.0,2025-08-12 13:01:48.679979
2025-08-12,41440,2025081204008952,BPCL,Trisul Securities & Invt. Ltd.,Thrive Brokerage House Pvt. Ltd,64,863.5,55264.0,2025-08-12 13:02:46.212874
2025-08-12,41439,2025081204008953,BPCL,Trisul Securities & Invt. Ltd.,Thrive Brokerage House Pvt. Ltd,36,863.4,31082.4,2025-08-12 13:02:46.212977
2025-08-12,41360,2025081204008963,BPCL,Trisul Securities & Invt. Ltd.,Premier Securities Company Ltd.,28,863.4,24175.2,2025-08-12 13:02:53.879263
2025-08-12,41199,2025081204008995,BPCL,Trisul Securities & Invt. Ltd.,Trademow Securities Private Limited,64,863.3,55251.2,2025-08-12 13:03:35.504384
2025-08-12,41058,2025081204009024,BPCL,Trisul Securities & Invt. Ltd.,Trademow Securities Private Limited,31,863.2,26759.2,2025-08-12 13:04:08.611590
2025-08-12,40824,2025081204009091,BPCL,Trisul Securities & Invt. Ltd.,Premier Securities Company Ltd.,33,863.2,28485.6,2025-08-12 13:05:02.651877
2025-08-12,40514,2025081204009187,BPCL,Trisul Securities & Invt. Ltd.,Premier Securities Company Ltd.,39,863.1,33660.9,2025-08-12 13:06:19.042023
2025-08-12,40462,2025081204009206,BPCL,Trisul Securities & Invt. Ltd.,Cristal Kanchanjanga Securites Pvt. Ltd.,25,863.1,21577.5,2025-08-12 13:06:34.549505
2025-08-12,40302,2025081204009245,BPCL,Sri Hari Securities Pvt. Ltd.,Kohinoor Investment & Securities Pvt. Ltd.,832,863.0,718016.0,2025-08-12 13:07:20.379780
2025-08-12,40301,2025081204009246,BPCL,Sri Hari Securities Pvt. Ltd.,Cristal Kanchanjanga Securites Pvt. Ltd.,168,863.1,145000.8,2025-08-12 13:07:20.380498
2025-08-12,40293,2025081204009250,BPCL,Kalika Securities Pvt. Ltd.,Cristal Kanchanjanga Securites Pvt. Ltd.,10,863.1,8631.0,2025-08-12 13:07:25.440445
2025-08-12,40238,2025081204009277,BPCL,Thrive Brokerage House Pvt. Ltd,Machhapuchchhre Securities Limited,100,861.1,86110.0,2025-08-12 13:07:36.681029
2025-08-12,40237,2025081204009278,BPCL,Linch Stock Market Ltd.,Machhapuchchhre Securities Limited,205,861.0,176505.0,2025-08-12 13:07:36.681129
2025-08-12,40236,2025081204009279,BPCL,SHUBHAKAMANA SECURITIES PVT. LTD,Machhapuchchhre Securities Limited,150,860.0,129000.0,2025-08-12 13:07:36.681211
2025-08-12,40235,2025081204009280,BPCL,INDEX SECURITIES LIMITED,Machhapuchchhre Securities Limited,100,860.0,86000.0,2025-08-12 13:07:36.681285
2025-08-12,40234,2025081204009281,BPCL,SHUBHAKAMANA SECURITIES PVT. LTD,Machhapuchchhre Securities Limited,20,860.0,17200.0,2025-08-12 13:07:36.681394
2025-08-12,40233,2025081204009282,BPCL,Nagarik Stock Dealer ,Machhapuchchhre Securities Limited,1000,860.0,860000.0,2025-08-12 13:07:36.681463
2025-08-12,40232,2025081204009283,BPCL,INDEX SECURITIES LIMITED,Machhapuchchhre Securities Limited,100,860.0,86000.0,2025-08-12 13:07:36.681532
2025-08-12,40231,2025081204009284,BPCL,N.M.B. SECURITIES LIMITED,Machhapuchchhre Securities Limited,1325,860.0,1139500.0,2025-08-12 13:07:36.681603
2025-08-12,40127,2025081204009302,BPCL,Trishakti Securities Public Limited,Cristal Kanchanjanga Securites Pvt. Ltd.,10,863.1,8631.0,2025-08-12 13:08:05.457578
2025-08-12,40069,2025081204009323,BPCL,Property Wiard Limited,Cristal Kanchanjanga Securites Pvt. Ltd.,366,863.1,315894.6,2025-08-12 13:08:20.100680
2025-08-12,39973,2025081204009337,BPCL,N.M.B. SECURITIES LIMITED,Asian Securities Private Ltd.,83,860.0,71380.0,2025-08-12 13:08:51.701058
2025-08-12,39894,2025081204009365,BPCL,Midas Stock Broking Company Private Limited,Cristal Kanchanjanga Securites Pvt. Ltd.,500,858.0,429000.0,2025-08-12 13:09:19.102387
2025-08-12,39870,2025081204009372,BPCL,Sri Hari Securities Pvt. Ltd.,Asian Securities Private Ltd.,317,860.0,272620.0,2025-08-12 13:09:26.397770
2025-08-12,39869,2025081204009373,BPCL,Sri Hari Securities Pvt. Ltd.,Agrawal Securities (PVT) Ltd.,683,860.0,587380.0,2025-08-12 13:09:26.397977
2025-08-12,39827,2025081204009398,BPCL,Midas Stock Broking Company Private Limited,Cristal Kanchanjanga Securites Pvt. Ltd.,500,857.1,428550.0,2025-08-12 13:09:35.156858
2025-08-12,39826,2025081204009399,BPCL,Sri Hari Securities Pvt. Ltd.,Cristal Kanchanjanga Securites Pvt. Ltd.,1000,857.1,857100.0,2025-08-12 13:09:35.157242
2025-08-12,39825,2025081204009400,BPCL,Midas Stock Broking Company Private Limited,Cristal Kanchanjanga Securites Pvt. Ltd.,500,857.1,428550.0,2025-08-12 13:09:35.157490
2025-08-12,39779,2025081204009413,BPCL,Sri Hari Securities Pvt. Ltd.,Cristal Kanchanjanga Securites Pvt. Ltd.,2000,857.0,1714000.0,2025-08-12 13:09:51.209428
2025-08-12,39651,2025081204009449,BPCL,Dipshikha Dhitopatra Karobar Co. Pvt Ltd.,Kohinoor Investment & Securities Pvt. Ltd.,81,858.0,69498.0,2025-08-12 13:10:29.163683
2025-08-12,39546,2025081204009476,BPCL,Trishakti Securities Public Limited,Premier Securities Company Ltd.,10,860.0,8600.0,2025-08-12 13:11:00.582364
2025-08-12,39361,2025081204009555,BPCL,Midas Stock Broking Company Private Limited,Premier Securities Company Ltd.,190,860.0,163400.0,2025-08-12 13:11:57.169658
2025-08-12,39360,2025081204009556,BPCL,Midas Stock Broking Company Private Limited,Cristal Kanchanjanga Securites Pvt. Ltd.,310,860.0,266600.0,2025-08-12 13:11:57.170089
2025-08-12,39290,2025081204009576,BPCL,Nepal Investment And Securities Trading Private Limited,Cristal Kanchanjanga Securites Pvt. Ltd.,50,860.0,43000.0,2025-08-12 13:12:13.365903
2025-08-12,38788,2025081204009718,BPCL,Vision Securities Pvt. Ltd,Cristal Kanchanjanga Securites Pvt. Ltd.,500,860.0,430000.0,2025-08-12 13:14:11.708741
2025-08-12,38704,2025081204009738,BPCL,SUN SECURITIES PVT LTD,Cristal Kanchanjanga Securites Pvt. Ltd.,140,860.0,120400.0,2025-08-12 13:14:24.422289
2025-08-12,38703,2025081204009739,BPCL,SUN SECURITIES PVT LTD,Vision Securities Pvt. Ltd,10,860.0,8600.0,2025-08-12 13:14:24.422562
2025-08-12,38702,2025081204009740,BPCL,SUN SECURITIES PVT LTD,Dynamic Money Managers Securities Pvt. Ltd.,15,860.0,12900.0,2025-08-12 13:14:24.422645
2025-08-12,38477,2025081204009815,BPCL,SUN SECURITIES PVT LTD,Naasa Securities Co. Ltd.,20,862.0,17240.0,2025-08-12 13:15:11.566693
2025-08-12,38476,2025081204009816,BPCL,SUN SECURITIES PVT LTD,SHUBHAKAMANA SECURITIES PVT. LTD,115,862.9,99233.5,2025-08-12 13:15:11.566917
2025-08-12,38393,2025081204009829,BPCL,Oxford Securities Pvt. Ltd.,SHUBHAKAMANA SECURITIES PVT. LTD,200,859.0,171800.0,2025-08-12 13:15:27.249298
2025-08-12,38392,2025081204009830,BPCL,Nepal Investment And Securities Trading Private Limited,SHUBHAKAMANA SECURITIES PVT. LTD,100,858.0,85800.0,2025-08-12 13:15:27.249509
2025-08-12,38391,2025081204009831,BPCL,Dipshikha Dhitopatra Karobar Co. Pvt Ltd.,SHUBHAKAMANA SECURITIES PVT. LTD,200,858.0,171600.0,2025-08-12 13:15:27.249576
2025-08-12,38293,2025081204009850,BPCL,Sri Hari Securities Pvt. Ltd.,INDEX SECURITIES LIMITED,680,858.1,583508.0,2025-08-12 13:15:53.398536
2025-08-12,38097,2025081204009888,BPCL,SHUBHAKAMANA SECURITIES PVT. LTD,Kumari Securities Private Limited,50,858.2,42910.0,2025-08-12 13:16:38.255747
2025-08-12,38090,2025081204009891,BPCL,Citizens Share Broker Limited,Sundhara Securities Limited,1,856.0,856.0,2025-08-12 13:16:40.752874
2025-08-12,38071,2025081204009895,BPCL,South Asian Bulls Pvt. Ltd.,Miyo Securities Pvt Ltd,46,860.0,39560.0,2025-08-12 13:16:48.319592
2025-08-12,37606,2025081204009994,BPCL,INDEX SECURITIES LIMITED,Sri Hari Securities Pvt. Ltd.,300,862.0,258600.0,2025-08-12 13:19:11.896015
2025-08-12,37605,2025081204009995,BPCL,INDEX SECURITIES LIMITED,SHUBHAKAMANA SECURITIES PVT. LTD,185,862.9,159636.5,2025-08-12 13:19:11.896130
2025-08-12,37604,2025081204009996,BPCL,INDEX SECURITIES LIMITED,Sundhara Securities Limited,15,863.0,12945.0,2025-08-12 13:19:11.896210
2025-08-12,37373,2025081204010036,BPCL,Shree Krishna Securities Ltd.,Sri Hari Securities Pvt. Ltd.,200,862.8,172560.0,2025-08-12 13:20:49.678152
2025-08-12,37372,2025081204010037,BPCL,Shree Krishna Securities Ltd.,Sundhara Securities Limited,550,863.0,474650.0,2025-08-12 13:20:49.678427
2025-08-12,37215,2025081204010074,BPCL,SHUBHAKAMANA SECURITIES PVT. LTD,Cristal Kanchanjanga Securites Pvt. Ltd.,421,863.1,363365.1,2025-08-12 13:21:31.145000
2025-08-12,37214,2025081204010075,BPCL,SHUBHAKAMANA SECURITIES PVT. LTD,Primo Securities (PVT) Ltd.,20,864.0,17280.0,2025-08-12 13:21:31.145222
2025-08-12,37105,2025081204010089,BPCL,Aryatara Investment & Securities,Secured Securities Ltd.,100,864.0,86400.0,2025-08-12 13:21:51.667481
2025-08-12,37104,2025081204010090,BPCL,Shree Krishna Securities Ltd.,Primo Securities (PVT) Ltd.,500,864.9,432450.0,2025-08-12 13:21:51.959410
2025-08-12,37103,2025081204010091,BPCL,Shree Krishna Securities Ltd.,ABC Securities Private Limited,111,865.0,96015.0,2025-08-12 13:21:51.959830
2025-08-12,37102,2025081204010092,BPCL,Shree Krishna Securities Ltd.,Vision Securities Pvt. Ltd,116,865.0,100340.0,2025-08-12 13:21:51.960082
2025-08-12,37101,2025081204010093,BPCL,Shree Krishna Securities Ltd.,Premier Securities Company Ltd.,273,865.0,236145.0,2025-08-12 13:21:51.960340
2025-08-12,37066,2025081204010095,BPCL,INDEX SECURITIES LIMITED,Premier Securities Company Ltd.,227,865.0,196355.0,2025-08-12 13:22:00.306843
2025-08-12,37065,2025081204010096,BPCL,INDEX SECURITIES LIMITED,Imperial Securities Company Pvt. Ltd.,90,865.0,77850.0,2025-08-12 13:22:00.307251
2025-08-12,37064,2025081204010097,BPCL,INDEX SECURITIES LIMITED,Vision Securities Pvt. Ltd,83,865.0,71795.0,2025-08-12 13:22:00.307538
2025-08-12,37019,2025081204010108,BPCL,INDEX SECURITIES LIMITED,Vision Securities Pvt. Ltd,177,865.0,153105.0,2025-08-12 13:22:08.336267
2025-08-12,36995,2025081204010111,BPCL,Nepal Investment And Securities Trading Private Limited,Primo Securities (PVT) Ltd.,50,866.9,43345.0,2025-08-12 13:22:14.364631
2025-08-12,36273,2025081204010261,BPCL,INDEX SECURITIES LIMITED,Sri Hari Securities Pvt. Ltd.,73,865.0,63145.0,2025-08-12 13:25:29.997895
2025-08-12,36272,2025081204010262,BPCL,INDEX SECURITIES LIMITED,Sri Hari Securities Pvt. Ltd.,27,865.0,23355.0,2025-08-12 13:25:29.998300
2025-08-12,36215,2025081204010283,BPCL,INDEX SECURITIES LIMITED,ABC Securities Private Limited,20,865.0,17300.0,2025-08-12 13:25:47.001976
2025-08-12,36112,2025081204010297,BPCL,INDEX SECURITIES LIMITED,Oxford Securities Pvt. Ltd.,10,865.0,8650.0,2025-08-12 13:26:12.867343
2025-08-12,36056,2025081204010307,BPCL,INDEX SECURITIES LIMITED,Nepal Stock House (PVT) Ltd.,43,865.0,37195.0,2025-08-12 13:26:26.698409
2025-08-12,35275,2025081204010499,BPCL,Sani Securities Company Ltd.,Nepal Stock House (PVT) Ltd.,57,862.0,49134.0,2025-08-12 13:29:53.439159
2025-08-12,34993,2025081204010554,BPCL,Sani Securities Company Ltd.,Aryatara Investment & Securities,443,862.0,381866.0,2025-08-12 13:31:11.440742
2025-08-12,34942,2025081204010568,BPCL,Sri Hari Securities Pvt. Ltd.,N.M.B. SECURITIES LIMITED,50,861.4,43070.0,2025-08-12 13:31:25.239649
2025-08-12,34768,2025081204010594,BPCL,Nepal Investment And Securities Trading Private Limited,Aryatara Investment & Securities,50,862.0,43100.0,2025-08-12 13:32:19.311223
2025-08-12,33556,2025081204010827,BPCL,ABC Securities Private Limited,Vision Securities Pvt. Ltd,100,862.6,86260.0,2025-08-12 13:37:42.126594
2025-08-12,33484,2025081204010846,BPCL,ABC Securities Private Limited,Nepal Stock House (PVT) Ltd.,100,862.6,86260.0,2025-08-12 13:38:02.768885
2025-08-12,33434,2025081204010858,BPCL,SUN SECURITIES PVT LTD,Nepal Stock House (PVT) Ltd.,50,862.6,43130.0,2025-08-12 13:38:16.700989
2025-08-12,33315,2025081204010883,BPCL,Vision Securities Pvt. Ltd,Siprabi Securities Pvt. Ltd.,30,864.0,25920.0,2025-08-12 13:38:59.742697
2025-08-12,33314,2025081204010884,BPCL,Vision Securities Pvt. Ltd,Vision Securities Pvt. Ltd,46,864.0,39744.0,2025-08-12 13:38:59.742754
2025-08-12,33313,2025081204010885,BPCL,Vision Securities Pvt. Ltd,Aryatara Investment & Securities,20,864.0,17280.0,2025-08-12 13:38:59.742782
2025-08-12,33312,2025081204010886,BPCL,Vision Securities Pvt. Ltd,Asian Securities Private Ltd.,300,865.0,259500.0,2025-08-12 13:38:59.742806
2025-08-12,33311,2025081204010887,BPCL,Vision Securities Pvt. Ltd,Sweta Securities Private Limited,10,865.0,8650.0,2025-08-12 13:38:59.742831
2025-08-12,33310,2025081204010888,BPCL,Vision Securities Pvt. Ltd,Dipshikha Dhitopatra Karobar Co. Pvt Ltd.,94,865.0,81310.0,2025-08-12 13:38:59.742884
2025-08-12,33186,2025081204010908,BPCL,Sani Securities Company Ltd.,Dipshikha Dhitopatra Karobar Co. Pvt Ltd.,250,865.0,216250.0,2025-08-12 13:39:37.218207
2025-08-12,33057,2025081204010941,BPCL,Trishakti Securities Public Limited,Nepal Stock House (PVT) Ltd.,100,863.1,86310.0,2025-08-12 13:40:15.825796
2025-08-12,32878,2025081204010980,BPCL,SUN SECURITIES PVT LTD,Aryatara Investment & Securities,63,863.1,54375.3,2025-08-12 13:41:02.765974
2025-08-12,32748,2025081204010998,BPCL,SUN SECURITIES PVT LTD,Sani Securities Company Ltd.,217,863.1,187292.7,2025-08-12 13:41:41.677023
2025-08-12,32130,2025081204011123,BPCL,Secured Securities Ltd.,Infinity Securities Limited,100,864.0,86400.0,2025-08-12 13:44:34.508558
2025-08-12,32069,2025081204011138,BPCL,Secured Securities Ltd.,Aryatara Investment & Securities,105,864.0,90720.0,2025-08-12 13:44:48.135209
2025-08-12,32038,2025081204011153,BPCL,Capital Max Securities Ltd,Dipshikha Dhitopatra Karobar Co. Pvt Ltd.,31,865.0,26815.0,2025-08-12 13:44:57.130660
2025-08-12,32037,2025081204011154,BPCL,Capital Max Securities Ltd,Dipshikha Dhitopatra Karobar Co. Pvt Ltd.,62,865.0,53630.0,2025-08-12 13:44:57.130705
2025-08-12,32036,2025081204011155,BPCL,Capital Max Securities Ltd,Primo Securities (PVT) Ltd.,907,865.5,785008.5,2025-08-12 13:44:57.130734
2025-08-12,32033,2025081204011156,BPCL,MILKY WAY SHARE BROKER COMPANY LTD ,Primo Securities (PVT) Ltd.,43,865.5,37216.5,2025-08-12 13:44:57.988744
2025-08-12,31991,2025081204011164,BPCL,MILKY WAY SHARE BROKER COMPANY LTD ,Deevyaa Securities & Stock House Pvt. Ltd,50,865.5,43275.0,2025-08-12 13:45:11.100893
2025-08-12,31986,2025081204011167,BPCL,Sri Hari Securities Pvt. Ltd.,ABC Securities Private Limited,10,866.0,8660.0,2025-08-12 13:45:12.447293
2025-08-12,31985,2025081204011168,BPCL,Sri Hari Securities Pvt. Ltd.,SUN SECURITIES PVT LTD,500,866.0,433000.0,2025-08-12 13:45:12.447785
2025-08-12,31984,2025081204011169,BPCL,Sri Hari Securities Pvt. Ltd.,Vision Securities Pvt. Ltd,1000,866.0,866000.0,2025-08-12 13:45:12.448048
2025-08-12,31894,2025081204011224,BPCL,Sri Hari Securities Pvt. Ltd.,Aryatara Investment & Securities,496,866.0,429536.0,2025-08-12 13:45:26.430177
2025-08-12,31880,2025081204011227,BPCL,Sri Hari Securities Pvt. Ltd.,Dynamic Money Managers Securities Pvt. Ltd.,450,866.8,390060.0,2025-08-12 13:45:30.531338
2025-08-12,31851,2025081204011240,BPCL,MILKY WAY SHARE BROKER COMPANY LTD ,Dynamic Money Managers Securities Pvt. Ltd.,50,866.8,43340.0,2025-08-12 13:45:39.110199
2025-08-12,31850,2025081204011241,BPCL,MILKY WAY SHARE BROKER COMPANY LTD ,Oxford Securities Pvt. Ltd.,10,866.9,8669.0,2025-08-12 13:45:39.110689
2025-08-12,31758,2025081204011260,BPCL,Sri Hari Securities Pvt. Ltd.,Sani Securities Company Ltd.,100,867.0,86700.0,2025-08-12 13:45:52.786487
2025-08-12,31757,2025081204011261,BPCL,Sri Hari Securities Pvt. Ltd.,Cristal Kanchanjanga Securites Pvt. Ltd.,1000,867.0,867000.0,2025-08-12 13:45:52.786742
2025-08-12,31756,2025081204011262,BPCL,Sri Hari Securities Pvt. Ltd.,Trisul Securities & Invt. Ltd.,116,867.0,100572.0,2025-08-12 13:45:52.786826
2025-08-12,31755,2025081204011263,BPCL,Sri Hari Securities Pvt. Ltd.,Nepal Investment And Securities Trading Private Limited,1000,868.0,868000.0,2025-08-12 13:45:52.786910
2025-08-12,31754,2025081204011264,BPCL,Sri Hari Securities Pvt. Ltd.,Cristal Kanchanjanga Securites Pvt. Ltd.,1000,868.0,868000.0,2025-08-12 13:45:52.786992
2025-08-12,31753,2025081204011265,BPCL,Sri Hari Securities Pvt. Ltd.,Indira securities pvt. ltd,300,868.0,260400.0,2025-08-12 13:45:52.787072
2025-08-12,31669,2025081204011273,BPCL,Primo Securities (PVT) Ltd.,Infinity Securities Limited,500,869.0,434500.0,2025-08-12 13:46:05.526246
2025-08-12,31603,2025081204011288,BPCL,MILKY WAY SHARE BROKER COMPANY LTD ,Infinity Securities Limited,347,869.0,301543.0,2025-08-12 13:46:21.235442
2025-08-12,31359,2025081204011374,BPCL,Sri Hari Securities Pvt. Ltd.,SUN SECURITIES PVT LTD,350,868.0,303800.0,2025-08-12 13:47:02.196054
2025-08-12,31349,2025081204011377,BPCL,Vision Securities Pvt. Ltd,Nepal Stock House (PVT) Ltd.,3,855.0,2565.0,2025-08-12 13:47:05.813104
2025-08-12,31345,2025081204011378,BPCL,Secured Securities Ltd.,Infinity Securities Limited,153,869.0,132957.0,2025-08-12 13:47:06.478924
2025-08-12,31318,2025081204011382,BPCL,Sani Securities Company Ltd.,Imperial Securities Company Pvt. Ltd.,185,870.0,160950.0,2025-08-12 13:47:12.137381
2025-08-12,31317,2025081204011383,BPCL,Sani Securities Company Ltd.,Kumari Securities Private Limited,115,870.0,100050.0,2025-08-12 13:47:12.137816
2025-08-12,31225,2025081204011399,BPCL,Dakshinkali Investment & Securities Pvt. Ltd.,Kumari Securities Private Limited,385,870.0,334950.0,2025-08-12 13:47:33.085032
2025-08-12,31224,2025081204011400,BPCL,Dakshinkali Investment & Securities Pvt. Ltd.,Naasa Securities Co. Ltd.,50,870.0,43500.0,2025-08-12 13:47:33.085290
2025-08-12,31223,2025081204011401,BPCL,Dakshinkali Investment & Securities Pvt. Ltd.,Property Wiard Limited,50,870.0,43500.0,2025-08-12 13:47:33.085387
2025-08-12,31222,2025081204011402,BPCL,Dakshinkali Investment & Securities Pvt. Ltd.,Sani Securities Company Ltd.,15,870.0,13050.0,2025-08-12 13:47:33.085467
2025-08-12,31089,2025081204011427,BPCL,Sani Securities Company Ltd.,Sani Securities Company Ltd.,20,870.0,17400.0,2025-08-12 13:47:53.821588
2025-08-12,31088,2025081204011428,BPCL,Sani Securities Company Ltd.,Trishakti Securities Public Limited,230,870.0,200100.0,2025-08-12 13:47:53.821678
2025-08-12,31086,2025081204011429,BPCL,Midas Stock Broking Company Private Limited,Trishakti Securities Public Limited,370,870.0,321900.0,2025-08-12 13:47:54.822611
2025-08-12,31085,2025081204011430,BPCL,Midas Stock Broking Company Private Limited,Naasa Securities Co. Ltd.,116,870.0,100920.0,2025-08-12 13:47:54.822834
2025-08-12,31084,2025081204011431,BPCL,Midas Stock Broking Company Private Limited,Aryatara Investment & Securities,14,870.0,12180.0,2025-08-12 13:47:54.822926
2025-08-12,31034,2025081204011451,BPCL,Sri Hari Securities Pvt. Ltd.,Aryatara Investment & Securities,900,870.0,783000.0,2025-08-12 13:48:05.922521
2025-08-12,30966,2025081204011463,BPCL,Dipshikha Dhitopatra Karobar Co. Pvt Ltd.,Aryatara Investment & Securities,11,870.0,9570.0,2025-08-12 13:48:21.797662
2025-08-12,30965,2025081204011464,BPCL,Dipshikha Dhitopatra Karobar Co. Pvt Ltd.,Aakashbhairab Securities Ltd.,11,870.0,9570.0,2025-08-12 13:48:21.798059
2025-08-12,30964,2025081204011465,BPCL,Dipshikha Dhitopatra Karobar Co. Pvt Ltd.,ABC Securities Private Limited,300,870.0,261000.0,2025-08-12 13:48:21.798408
2025-08-12,30963,2025081204011466,BPCL,Dipshikha Dhitopatra Karobar Co. Pvt Ltd.,ABC Securities Private Limited,186,870.0,161820.0,2025-08-12 13:48:21.798739
2025-08-12,30962,2025081204011467,BPCL,Dipshikha Dhitopatra Karobar Co. Pvt Ltd.,Bhrikuti Stock Broking Co. Pvt. Ltd.,20,870.0,17400.0,2025-08-12 13:48:21.799001
2025-08-12,30961,2025081204011468,BPCL,Dipshikha Dhitopatra Karobar Co. Pvt Ltd.,Shree Krishna Securities Ltd.,412,870.0,358440.0,2025-08-12 13:48:21.799281
2025-08-12,30773,2025081204011505,BPCL,Shree Krishna Securities Ltd.,Shree Krishna Securities Ltd.,500,870.0,435000.0,2025-08-12 13:49:02.730219
2025-08-12,30684,2025081204011529,BPCL,Sipla Securities Private Limited,Shree Krishna Securities Ltd.,88,870.0,76560.0,2025-08-12 13:49:25.631076
2025-08-12,30683,2025081204011530,BPCL,Sipla Securities Private Limited,Bhrikuti Stock Broking Co. Pvt. Ltd.,12,870.0,10440.0,2025-08-12 13:49:25.631293
2025-08-12,30679,2025081204011531,BPCL,Sri Hari Securities Pvt. Ltd.,Bhrikuti Stock Broking Co. Pvt. Ltd.,88,870.0,76560.0,2025-08-12 13:49:29.466227
2025-08-12,30678,2025081204011532,BPCL,Sri Hari Securities Pvt. Ltd.,Elite Stock House Limited,15,870.0,13050.0,2025-08-12 13:49:29.466648
2025-08-12,30677,2025081204011533,BPCL,Sri Hari Securities Pvt. Ltd.,SHUBHAKAMANA SECURITIES PVT. LTD,20,870.0,17400.0,2025-08-12 13:49:29.466885
2025-08-12,30483,2025081204011574,BPCL,SHUBHAKAMANA SECURITIES PVT. LTD,Bhrikuti Stock Broking Co. Pvt. Ltd.,10,871.0,8710.0,2025-08-12 13:49:58.821354
2025-08-12,30421,2025081204011579,BPCL,Trishakti Securities Public Limited,Cristal Kanchanjanga Securites Pvt. Ltd.,50,872.0,43600.0,2025-08-12 13:50:06.904762
2025-08-12,30416,2025081204011580,BPCL,SHUBHAKAMANA SECURITIES PVT. LTD,Cristal Kanchanjanga Securites Pvt. Ltd.,790,872.0,688880.0,2025-08-12 13:50:07.849533
2025-08-12,30282,2025081204011634,BPCL,Creative Securities Pvt Ltd,Cristal Kanchanjanga Securites Pvt. Ltd.,48,872.0,41856.0,2025-08-12 13:50:37.180192
2025-08-12,30269,2025081204011639,BPCL,Machhapuchchhre Securities Limited,Cristal Kanchanjanga Securites Pvt. Ltd.,112,872.0,97664.0,2025-08-12 13:50:41.748539
2025-08-12,30268,2025081204011640,BPCL,Machhapuchchhre Securities Limited,S.P.S.A. Securities Limited,100,872.0,87200.0,2025-08-12 13:50:41.748596
2025-08-12,30267,2025081204011641,BPCL,Machhapuchchhre Securities Limited,Imperial Securities Company Pvt. Ltd.,100,873.0,87300.0,2025-08-12 13:50:41.748626
2025-08-12,30266,2025081204011642,BPCL,Machhapuchchhre Securities Limited,Cristal Kanchanjanga Securites Pvt. Ltd.,15,873.0,13095.0,2025-08-12 13:50:41.748651
2025-08-12,30265,2025081204011643,BPCL,Machhapuchchhre Securities Limited,Arun Securities (PVT) Ltd.,13,874.0,11362.0,2025-08-12 13:50:41.748675
2025-08-12,30186,2025081204011655,BPCL,Machhapuchchhre Securities Limited,Arun Securities (PVT) Ltd.,86,874.0,75164.0,2025-08-12 13:50:56.791656
2025-08-12,30185,2025081204011656,BPCL,Machhapuchchhre Securities Limited,Online Securities Pvt. Ltd.,70,874.9,61243.0,2025-08-12 13:50:56.791717
2025-08-12,30117,2025081204011666,BPCL,Machhapuchchhre Securities Limited,Bhrikuti Stock Broking Co. Pvt. Ltd.,10,875.0,8750.0,2025-08-12 13:51:07.838501
2025-08-12,29950,2025081204011705,BPCL,Sundhara Securities Limited,SHUBHAKAMANA SECURITIES PVT. LTD,10,874.9,8749.0,2025-08-12 13:51:42.606274
2025-08-12,29924,2025081204011715,BPCL,Machhapuchchhre Securities Limited,SHUBHAKAMANA SECURITIES PVT. LTD,90,874.9,78741.0,2025-08-12 13:51:49.772541
2025-08-12,29923,2025081204011716,BPCL,Machhapuchchhre Securities Limited,SHUBHAKAMANA SECURITIES PVT. LTD,20,875.0,17500.0,2025-08-12 13:51:49.772618
2025-08-12,29137,2025081204011867,BPCL,Primo Securities (PVT) Ltd.,Elite Stock House Limited,50,874.0,43700.0,2025-08-12 13:54:35.830829
2025-08-12,29136,2025081204011868,BPCL,Primo Securities (PVT) Ltd.,Naasa Securities Co. Ltd.,50,874.0,43700.0,2025-08-12 13:54:35.831065
2025-08-12,29104,2025081204011875,BPCL,Dipshikha Dhitopatra Karobar Co. Pvt Ltd.,Naasa Securities Co. Ltd.,100,874.0,87400.0,2025-08-12 13:54:40.611241
2025-08-12,29048,2025081204011889,BPCL,Dipshikha Dhitopatra Karobar Co. Pvt Ltd.,Dakshinkali Investment & Securities Pvt. Ltd.,100,874.0,87400.0,2025-08-12 13:54:53.359731
2025-08-12,29045,2025081204011890,BPCL,Machhapuchchhre Securities Limited,Dakshinkali Investment & Securities Pvt. Ltd.,10,874.0,8740.0,2025-08-12 13:54:54.273480
2025-08-12,29021,2025081204011893,BPCL,Primo Securities (PVT) Ltd.,Dakshinkali Investment & Securities Pvt. Ltd.,10,874.0,8740.0,2025-08-12 13:54:58.908457
2025-08-12,28938,2025081204011912,BPCL,Secured Securities Ltd.,Dakshinkali Investment & Securities Pvt. Ltd.,42,874.0,36708.0,2025-08-12 13:55:11.386446
2025-08-12,28895,2025081204011929,BPCL,Primo Securities (PVT) Ltd.,INDEX SECURITIES LIMITED,10,870.3,8703.0,2025-08-12 13:55:17.361748
2025-08-12,28894,2025081204011930,BPCL,SHUBHAKAMANA SECURITIES PVT. LTD,INDEX SECURITIES LIMITED,500,870.3,435150.0,2025-08-12 13:55:17.361804
2025-08-12,28893,2025081204011931,BPCL,Dipshikha Dhitopatra Karobar Co. Pvt Ltd.,INDEX SECURITIES LIMITED,400,870.2,348080.0,2025-08-12 13:55:17.361833
2025-08-12,28892,2025081204011932,BPCL,Sri Hari Securities Pvt. Ltd.,INDEX SECURITIES LIMITED,877,870.0,762990.0,2025-08-12 13:55:17.361859
2025-08-12,28891,2025081204011933,BPCL,Property Wiard Limited,INDEX SECURITIES LIMITED,100,870.0,87000.0,2025-08-12 13:55:17.361901
2025-08-12,28890,2025081204011934,BPCL,Sani Securities Company Ltd.,INDEX SECURITIES LIMITED,113,866.2,97880.6,2025-08-12 13:55:17.361929
2025-08-12,28779,2025081204011988,BPCL,Machhapuchchhre Securities Limited,Dakshinkali Investment & Securities Pvt. Ltd.,10,874.0,8740.0,2025-08-12 13:55:26.357710
2025-08-12,28568,2025081204012064,BPCL,ABC Securities Private Limited,SHUBHAKAMANA SECURITIES PVT. LTD,100,873.9,87390.0,2025-08-12 13:56:07.746743
2025-08-12,28528,2025081204012069,BPCL,Machhapuchchhre Securities Limited,Dakshinkali Investment & Securities Pvt. Ltd.,10,874.0,8740.0,2025-08-12 13:56:18.496819
2025-08-12,28432,2025081204012085,BPCL,ABC Securities Private Limited,Bhrikuti Stock Broking Co. Pvt. Ltd.,10,873.9,8739.0,2025-08-12 13:56:28.212560
2025-08-12,28417,2025081204012091,BPCL,ABC Securities Private Limited,Dipshikha Dhitopatra Karobar Co. Pvt Ltd.,90,873.9,78651.0,2025-08-12 13:56:33.716533
2025-08-12,28408,2025081204012093,BPCL,Machhapuchchhre Securities Limited,Dipshikha Dhitopatra Karobar Co. Pvt Ltd.,10,873.0,8730.0,2025-08-12 13:56:38.551455
2025-08-12,28349,2025081204012099,BPCL,Sani Securities Company Ltd.,S.P.S.A. Securities Limited,50,866.2,43310.0,2025-08-12 13:56:49.463856
2025-08-12,28278,2025081204012135,BPCL,Machhapuchchhre Securities Limited,Dipshikha Dhitopatra Karobar Co. Pvt Ltd.,10,873.0,8730.0,2025-08-12 13:56:57.601383
2025-08-12,27355,2025081204012318,BPCL,Nepal Investment And Securities Trading Private Limited,Kohinoor Investment & Securities Pvt. Ltd.,50,867.0,43350.0,2025-08-12 13:59:29.553266
2025-08-12,27354,2025081204012319,BPCL,Neev Securities Pvt. Ltd.,Kohinoor Investment & Securities Pvt. Ltd.,50,867.0,43350.0,2025-08-12 13:59:29.553681
2025-08-12,26742,2025081204012471,BPCL,Capital Max Securities Ltd,Dipshikha Dhitopatra Karobar Co. Pvt Ltd.,90,867.0,78030.0,2025-08-12 14:01:18.743836
2025-08-12,26741,2025081204012472,BPCL,Capital Max Securities Ltd,Dakshinkali Investment & Securities Pvt. Ltd.,818,870.0,711660.0,2025-08-12 14:01:18.743901
2025-08-12,26740,2025081204012473,BPCL,Capital Max Securities Ltd,Secured Securities Ltd.,92,871.5,80178.0,2025-08-12 14:01:18.743929
2025-08-12,26670,2025081204012503,BPCL,Sani Securities Company Ltd.,Agrawal Securities (PVT) Ltd.,37,866.2,32049.4,2025-08-12 14:01:34.833670
2025-08-12,26669,2025081204012504,BPCL,Primo Securities (PVT) Ltd.,Agrawal Securities (PVT) Ltd.,10,866.2,8662.0,2025-08-12 14:01:34.833934
2025-08-12,26668,2025081204012505,BPCL,Primo Securities (PVT) Ltd.,Agrawal Securities (PVT) Ltd.,500,866.0,433000.0,2025-08-12 14:01:34.834019
2025-08-12,26667,2025081204012506,BPCL,Midas Stock Broking Company Private Limited,Agrawal Securities (PVT) Ltd.,500,865.1,432550.0,2025-08-12 14:01:34.834121
2025-08-12,26666,2025081204012507,BPCL,Midas Stock Broking Company Private Limited,Agrawal Securities (PVT) Ltd.,453,865.1,391890.3,2025-08-12 14:01:34.834225
2025-08-12,26500,2025081204012539,BPCL,Machhapuchchhre Securities Limited,Dakshinkali Investment & Securities Pvt. Ltd.,10,871.0,8710.0,2025-08-12 14:02:10.431969
2025-08-12,25709,2025081204012712,BPCL,Sipla Securities Private Limited,Machhapuchchhre Securities Limited,100,865.5,86550.0,2025-08-12 14:04:15.755562
2025-08-12,25708,2025081204012713,BPCL,Midas Stock Broking Company Private Limited,Machhapuchchhre Securities Limited,47,865.4,40673.8,2025-08-12 14:04:15.755617
2025-08-12,25707,2025081204012714,BPCL,SUN SECURITIES PVT LTD,Machhapuchchhre Securities Limited,500,865.3,432650.0,2025-08-12 14:04:15.755641
2025-08-12,25706,2025081204012715,BPCL,Arun Securities (PVT) Ltd.,Machhapuchchhre Securities Limited,500,865.0,432500.0,2025-08-12 14:04:15.755666
2025-08-12,25705,2025081204012716,BPCL,NIMB Stock Markets Limited,Machhapuchchhre Securities Limited,500,865.0,432500.0,2025-08-12 14:04:15.755688
2025-08-12,25704,2025081204012717,BPCL,INDEX SECURITIES LIMITED,Machhapuchchhre Securities Limited,300,865.0,259500.0,2025-08-12 14:04:15.755708
2025-08-12,25703,2025081204012718,BPCL,SUN SECURITIES PVT LTD,Machhapuchchhre Securities Limited,53,865.0,45845.0,2025-08-12 14:04:15.755730
2025-08-12,25640,2025081204012727,BPCL,Machhapuchchhre Securities Limited,Dakshinkali Investment & Securities Pvt. Ltd.,10,871.0,8710.0,2025-08-12 14:04:26.786552
2025-08-12,25284,2025081204012849,BPCL,SUN SECURITIES PVT LTD,Infinity Securities Limited,97,865.0,83905.0,2025-08-12 14:05:29.125071
2025-08-12,25283,2025081204012850,BPCL,SUN SECURITIES PVT LTD,Infinity Securities Limited,335,864.0,289440.0,2025-08-12 14:05:29.125332
2025-08-12,25282,2025081204012851,BPCL,Dipshikha Dhitopatra Karobar Co. Pvt Ltd.,Infinity Securities Limited,68,863.2,58697.6,2025-08-12 14:05:29.125421
2025-08-12,25235,2025081204012864,BPCL,Machhapuchchhre Securities Limited,Nabil Stock Dealer Ltd.,10,870.0,8700.0,2025-08-12 14:05:38.969784
2025-08-12,23744,2025081204013332,BPCL,Vision Securities Pvt. Ltd,Market Securities & Exchange (PVT) Ltd.,70,864.0,60480.0,2025-08-12 14:10:33.752483
2025-08-12,23674,2025081204013363,BPCL,Vision Securities Pvt. Ltd,Citizens Share Broker Limited,27,864.0,23328.0,2025-08-12 14:10:52.503550
2025-08-12,23128,2025081204013459,BPCL,Dipshikha Dhitopatra Karobar Co. Pvt Ltd.,Nepal Investment And Securities Trading Private Limited,151,864.1,130479.1,2025-08-12 14:12:24.085550
2025-08-12,23127,2025081204013460,BPCL,Vision Securities Pvt. Ltd,Nepal Investment And Securities Trading Private Limited,300,864.0,259200.0,2025-08-12 14:12:24.085980
2025-08-12,23126,2025081204013461,BPCL,South Asian Bulls Pvt. Ltd.,Nepal Investment And Securities Trading Private Limited,60,863.5,51810.0,2025-08-12 14:12:24.086222
2025-08-12,23125,2025081204013462,BPCL,Dynamic Money Managers Securities Pvt. Ltd.,Nepal Investment And Securities Trading Private Limited,200,863.0,172600.0,2025-08-12 14:12:24.086476
2025-08-12,23124,2025081204013463,BPCL,K.B.L. Securities Limited ,Nepal Investment And Securities Trading Private Limited,900,863.0,776700.0,2025-08-12 14:12:24.086722
2025-08-12,22781,2025081204013544,BPCL,Naasa Securities Co. Ltd.,Naasa Securities Co. Ltd.,35,862.0,30170.0,2025-08-12 14:13:44.683347
2025-08-12,22780,2025081204013545,BPCL,Naasa Securities Co. Ltd.,Naasa Securities Co. Ltd.,400,861.5,344600.0,2025-08-12 14:13:44.683400
2025-08-12,22779,2025081204013546,BPCL,Dipshikha Dhitopatra Karobar Co. Pvt Ltd.,Naasa Securities Co. Ltd.,65,860.0,55900.0,2025-08-12 14:13:44.683444
2025-08-12,22706,2025081204013578,BPCL,Roadshow securities limited,Roadshow securities limited,4000,861.0,3444000.0,2025-08-12 14:14:02.961357
2025-08-12,22416,2025081204013631,BPCL,Dynamic Money Managers Securities Pvt. Ltd.,Creative Securities Pvt Ltd,50,861.0,43050.0,2025-08-12 14:15:05.321295
2025-08-12,22415,2025081204013632,BPCL,Dipshikha Dhitopatra Karobar Co. Pvt Ltd.,Creative Securities Pvt Ltd,31,860.0,26660.0,2025-08-12 14:15:05.321534
2025-08-12,22201,2025081204013652,BPCL,Online Securities Pvt. Ltd.,Secured Securities Ltd.,80,860.1,68808.0,2025-08-12 14:15:39.151282
2025-08-12,22200,2025081204013653,BPCL,S.P.S.A. Securities Limited,Secured Securities Ltd.,20,860.0,17200.0,2025-08-12 14:15:39.151771
2025-08-12,22186,2025081204013658,BPCL,S.P.S.A. Securities Limited,Citizens Share Broker Limited,100,860.0,86000.0,2025-08-12 14:15:43.336126
2025-08-12,22071,2025081204013695,BPCL,S.P.S.A. Securities Limited,Midas Stock Broking Company Private Limited,30,860.0,25800.0,2025-08-12 14:16:02.111040
2025-08-12,22070,2025081204013696,BPCL,Oxford Securities Pvt. Ltd.,Midas Stock Broking Company Private Limited,79,860.0,67940.0,2025-08-12 14:16:02.111263
2025-08-12,22069,2025081204013697,BPCL,SUN SECURITIES PVT LTD,Midas Stock Broking Company Private Limited,200,860.0,172000.0,2025-08-12 14:16:02.111358
2025-08-12,21931,2025081204013741,BPCL,Imperial Securities Company Pvt. Ltd.,ABC Securities Private Limited,15,858.0,12870.0,2025-08-12 14:16:31.790762
2025-08-12,21709,2025081204013792,BPCL,Online Securities Pvt. Ltd.,Imperial Securities Company Pvt. Ltd.,300,860.0,258000.0,2025-08-12 14:17:11.676931
2025-08-12,21483,2025081204013849,BPCL,K.B.L. Securities Limited ,Aryatara Investment & Securities,31,860.0,26660.0,2025-08-12 14:18:04.147185
2025-08-12,21199,2025081204013917,BPCL,K.B.L. Securities Limited ,Kalika Securities Pvt. Ltd.,30,860.0,25800.0,2025-08-12 14:18:59.464759
2025-08-12,21063,2025081204013966,BPCL,K.B.L. Securities Limited ,Midas Stock Broking Company Private Limited,139,860.0,119540.0,2025-08-12 14:19:30.981329
2025-08-12,21062,2025081204013967,BPCL,MILKY WAY SHARE BROKER COMPANY LTD ,Midas Stock Broking Company Private Limited,200,860.0,172000.0,2025-08-12 14:19:30.981565
2025-08-12,20884,2025081204013990,BPCL,Online Securities Pvt. Ltd.,Midas Stock Broking Company Private Limited,50,860.0,43000.0,2025-08-12 14:20:08.455824
2025-08-12,20837,2025081204013999,BPCL,Dipshikha Dhitopatra Karobar Co. Pvt Ltd.,Midas Stock Broking Company Private Limited,111,860.0,95460.0,2025-08-12 14:20:17.178450
2025-08-12,20836,2025081204014000,BPCL,Dipshikha Dhitopatra Karobar Co. Pvt Ltd.,Capital Max Securities Ltd,99,860.0,85140.0,2025-08-12 14:20:17.178863
2025-08-12,20362,2025081204014155,BPCL,Naasa Securities Co. Ltd.,Capital Max Securities Ltd,50,860.0,43000.0,2025-08-12 14:21:46.438943
2025-08-12,19736,2025081204014311,BPCL,Vision Securities Pvt. Ltd,Infinity Securities Limited,200,858.1,171620.0,2025-08-12 14:23:28.430561
2025-08-12,19693,2025081204014326,BPCL,Vision Securities Pvt. Ltd,S.P.S.A. Securities Limited,300,858.1,257430.0,2025-08-12 14:23:36.116135
2025-08-12,19692,2025081204014327,BPCL,Imperial Securities Company Pvt. Ltd.,S.P.S.A. Securities Limited,10,858.0,8580.0,2025-08-12 14:23:36.116402
2025-08-12,19691,2025081204014328,BPCL,Online Securities Pvt. Ltd.,S.P.S.A. Securities Limited,100,858.0,85800.0,2025-08-12 14:23:36.116495
2025-08-12,19690,2025081204014329,BPCL,Vision Securities Pvt. Ltd,S.P.S.A. Securities Limited,100,858.0,85800.0,2025-08-12 14:23:36.116576
2025-08-12,19689,2025081204014330,BPCL,Sani Securities Company Ltd.,S.P.S.A. Securities Limited,100,858.0,85800.0,2025-08-12 14:23:36.116656
2025-08-12,19688,2025081204014331,BPCL,Online Securities Pvt. Ltd.,S.P.S.A. Securities Limited,50,857.4,42870.0,2025-08-12 14:23:36.116735
2025-08-12,19687,2025081204014332,BPCL,SUN SECURITIES PVT LTD,S.P.S.A. Securities Limited,100,857.3,85730.0,2025-08-12 14:23:36.116812
2025-08-12,19686,2025081204014333,BPCL,N.M.B. SECURITIES LIMITED,S.P.S.A. Securities Limited,1000,857.2,857200.0,2025-08-12 14:23:36.116893
2025-08-12,19685,2025081204014334,BPCL,Midas Stock Broking Company Private Limited,S.P.S.A. Securities Limited,500,857.0,428500.0,2025-08-12 14:23:36.116973
2025-08-12,19684,2025081204014335,BPCL,Agrawal Securities (PVT) Ltd.,S.P.S.A. Securities Limited,1000,857.0,857000.0,2025-08-12 14:23:36.117052
2025-08-12,19593,2025081204014367,BPCL,Machhapuchchhre Securities Limited,S.P.S.A. Securities Limited,10,857.0,8570.0,2025-08-12 14:23:45.740200
2025-08-12,19019,2025081204014504,BPCL,Shree Krishna Securities Ltd.,Machhapuchchhre Securities Limited,500,856.4,428200.0,2025-08-12 14:25:26.002759
2025-08-12,19018,2025081204014505,BPCL,Vision Securities Pvt. Ltd,Machhapuchchhre Securities Limited,500,856.2,428100.0,2025-08-12 14:25:26.003140
2025-08-12,19017,2025081204014506,BPCL,Midas Stock Broking Company Private Limited,Machhapuchchhre Securities Limited,500,856.0,428000.0,2025-08-12 14:25:26.003404
