Date,S.N.,Contract ID,Symbol,Buyer Broker,Seller Broker,quantity,rate,amount,transaction_time
2025-08-12,78099,2025081201000026,SBL,Property Wiard Limited,Cristal Kanchanjanga Securites Pvt. Ltd.,10,372.9,3729.0,2025-08-12 11:00:20.351363
2025-08-12,77817,2025081201000070,SBL,Cristal Kanchanjanga Securites Pvt. Ltd.,J.F. Securites (PVT) Ltd.,10,380.3,3803.0,2025-08-12 11:01:48.746611
2025-08-12,75148,2025081201000658,SBL,Nepal Stock House (PVT) Ltd.,Imperial Securities Company Pvt. Ltd.,104,379.9,39509.6,2025-08-12 11:11:59.897491
2025-08-12,75041,2025081201000700,SBL,Secured Securities Ltd.,Naasa Securities Co. Ltd.,60,377.2,22632.0,2025-08-12 11:12:24.293737
2025-08-12,74666,2025081201000791,SBL,Nepal Stock House (PVT) Ltd.,Opal Securities Investment (PVT) Ltd.,400,378.9,151560.0,2025-08-12 11:13:57.310623
2025-08-12,74403,2025081201000844,SBL,Nepal Stock House (PVT) Ltd.,Pragyan Securities (PVT) Ltd.,200,378.6,75720.0,2025-08-12 11:15:05.352052
2025-08-12,73915,2025081201000945,SBL,Imperial Securities Company Pvt. Ltd.,Vision Securities Pvt. Ltd,1000,379.0,379000.0,2025-08-12 11:16:53.575497
2025-08-12,73865,2025081201000951,SBL,Shree Krishna Securities Ltd.,Nepal Stock House (PVT) Ltd.,50,378.0,18900.0,2025-08-12 11:17:02.479993
2025-08-12,73864,2025081201000952,SBL,MILKY WAY SHARE BROKER COMPANY LTD ,Nepal Stock House (PVT) Ltd.,700,378.0,264600.0,2025-08-12 11:17:02.480141
2025-08-12,73863,2025081201000953,SBL,Nepal Stock House (PVT) Ltd.,Nepal Stock House (PVT) Ltd.,300,377.7,113310.0,2025-08-12 11:17:02.480184
2025-08-12,73862,2025081201000954,SBL,Nepal Stock House (PVT) Ltd.,Nepal Stock House (PVT) Ltd.,500,377.5,188750.0,2025-08-12 11:17:02.480222
2025-08-12,73861,2025081201000955,SBL,Secured Securities Ltd.,Nepal Stock House (PVT) Ltd.,140,377.2,52808.0,2025-08-12 11:17:02.480261
2025-08-12,73860,2025081201000956,SBL,K.B.L. Securities Limited ,Nepal Stock House (PVT) Ltd.,1310,377.2,494132.0,2025-08-12 11:17:02.480302
2025-08-12,73715,2025081201000989,SBL,Imperial Securities Company Pvt. Ltd.,Nepal Stock House (PVT) Ltd.,1000,378.0,378000.0,2025-08-12 11:17:30.369605
2025-08-12,71353,2025081201001441,SBL,Imperial Securities Company Pvt. Ltd.,Vision Securities Pvt. Ltd,500,377.3,188650.0,2025-08-12 11:24:18.578554
2025-08-12,71352,2025081201001442,SBL,K.B.L. Securities Limited ,Vision Securities Pvt. Ltd,690,377.2,260268.0,2025-08-12 11:24:18.578649
2025-08-12,71351,2025081201001443,SBL,Imperial Securities Company Pvt. Ltd.,Vision Securities Pvt. Ltd,810,377.2,305532.0,2025-08-12 11:24:18.578691
2025-08-12,71240,2025081201001464,SBL,Imperial Securities Company Pvt. Ltd.,Dakshinkali Investment & Securities Pvt. Ltd.,46,377.2,17351.2,2025-08-12 11:24:33.806514
2025-08-12,70941,2025081201001545,SBL,Imperial Securities Company Pvt. Ltd.,Aakashbhairab Securities Ltd.,144,377.2,54316.8,2025-08-12 11:25:21.793273
2025-08-12,70940,2025081201001546,SBL,Sri Hari Securities Pvt. Ltd.,Aakashbhairab Securities Ltd.,260,377.0,98020.0,2025-08-12 11:25:21.793365
2025-08-12,70939,2025081201001547,SBL,Imperial Securities Company Pvt. Ltd.,Aakashbhairab Securities Ltd.,500,377.0,188500.0,2025-08-12 11:25:21.793416
2025-08-12,70938,2025081201001548,SBL,Creative Securities Pvt Ltd,Aakashbhairab Securities Ltd.,600,377.0,226200.0,2025-08-12 11:25:21.793501
2025-08-12,70937,2025081201001549,SBL,Secured Securities Ltd.,Aakashbhairab Securities Ltd.,200,376.7,75340.0,2025-08-12 11:25:21.793554
2025-08-12,70936,2025081201001550,SBL,Linch Stock Market Ltd.,Aakashbhairab Securities Ltd.,500,376.5,188250.0,2025-08-12 11:25:21.793612
2025-08-12,70935,2025081201001551,SBL,Secured Securities Ltd.,Aakashbhairab Securities Ltd.,200,376.5,75300.0,2025-08-12 11:25:21.793658
2025-08-12,70517,2025081201001636,SBL,Kumari Securities Private Limited,Linch Stock Market Ltd.,10,376.4,3764.0,2025-08-12 11:26:26.865719
2025-08-12,70264,2025081201001685,SBL,Kumari Securities Private Limited,SHUBHAKAMANA SECURITIES PVT. LTD,10,376.0,3760.0,2025-08-12 11:27:02.875369
2025-08-12,70263,2025081201001686,SBL,Dakshinkali Investment & Securities Pvt. Ltd.,SHUBHAKAMANA SECURITIES PVT. LTD,190,375.1,71269.0,2025-08-12 11:27:02.875462
2025-08-12,70165,2025081201001701,SBL,Dakshinkali Investment & Securities Pvt. Ltd.,Nepal Stock House (PVT) Ltd.,210,375.1,78771.0,2025-08-12 11:27:15.702869
2025-08-12,70164,2025081201001702,SBL,Premier Securities Company Ltd.,Nepal Stock House (PVT) Ltd.,500,375.0,187500.0,2025-08-12 11:27:15.702993
2025-08-12,70163,2025081201001703,SBL,Kohinoor Investment & Securities Pvt. Ltd.,Nepal Stock House (PVT) Ltd.,200,375.0,75000.0,2025-08-12 11:27:15.703046
2025-08-12,70162,2025081201001704,SBL,Property Wiard Limited,Nepal Stock House (PVT) Ltd.,90,375.0,33750.0,2025-08-12 11:27:15.703087
2025-08-12,70010,2025081201001733,SBL,Property Wiard Limited,SHUBHAKAMANA SECURITIES PVT. LTD,200,375.0,75000.0,2025-08-12 11:27:38.978105
2025-08-12,69751,2025081201001777,SBL,Naasa Securities Co. Ltd.,Trisul Securities & Invt. Ltd.,10,375.0,3750.0,2025-08-12 11:28:26.793268
2025-08-12,69750,2025081201001778,SBL,Creative Securities Pvt Ltd,Trisul Securities & Invt. Ltd.,600,374.0,224400.0,2025-08-12 11:28:26.793329
2025-08-12,69749,2025081201001779,SBL,Online Securities Pvt. Ltd.,Trisul Securities & Invt. Ltd.,10,374.0,3740.0,2025-08-12 11:28:26.793368
2025-08-12,69748,2025081201001780,SBL,KALASH STOCK MARKET PVT. LTD.,Trisul Securities & Invt. Ltd.,500,373.7,186850.0,2025-08-12 11:28:26.793396
2025-08-12,69747,2025081201001781,SBL,Nepal Investment And Securities Trading Private Limited,Trisul Securities & Invt. Ltd.,100,373.6,37360.0,2025-08-12 11:28:26.793424
2025-08-12,69746,2025081201001782,SBL,Siprabi Securities Pvt. Ltd.,Trisul Securities & Invt. Ltd.,10,373.6,3736.0,2025-08-12 11:28:26.793451
2025-08-12,69745,2025081201001783,SBL,Secured Securities Ltd.,Trisul Securities & Invt. Ltd.,1000,373.5,373500.0,2025-08-12 11:28:26.793479
2025-08-12,69744,2025081201001784,SBL,Imperial Securities Company Pvt. Ltd.,Trisul Securities & Invt. Ltd.,270,373.4,100818.0,2025-08-12 11:28:26.793508
2025-08-12,69669,2025081201001815,SBL,Imperial Securities Company Pvt. Ltd.,Trisul Securities & Invt. Ltd.,230,373.4,85882.0,2025-08-12 11:28:36.836268
2025-08-12,69668,2025081201001816,SBL,Sri Hari Securities Pvt. Ltd.,Trisul Securities & Invt. Ltd.,81,373.3,30237.3,2025-08-12 11:28:36.836313
2025-08-12,69667,2025081201001817,SBL,Nepal Stock House (PVT) Ltd.,Trisul Securities & Invt. Ltd.,500,373.0,186500.0,2025-08-12 11:28:36.836341
2025-08-12,69666,2025081201001818,SBL,Dakshinkali Investment & Securities Pvt. Ltd.,Trisul Securities & Invt. Ltd.,189,373.0,70497.0,2025-08-12 11:28:36.836368
2025-08-12,69450,2025081201001853,SBL,Creative Securities Pvt Ltd,Aakashbhairab Securities Ltd.,81,373.1,30221.1,2025-08-12 11:29:09.504431
2025-08-12,69118,2025081201001909,SBL,Creative Securities Pvt Ltd,SHUBHAKAMANA SECURITIES PVT. LTD,100,373.1,37310.0,2025-08-12 11:29:50.321197
2025-08-12,68741,2025081201001996,SBL,Imperial Securities Company Pvt. Ltd.,J.F. Securites (PVT) Ltd.,10,375.9,3759.0,2025-08-12 11:30:50.376643
2025-08-12,68740,2025081201001997,SBL,Imperial Securities Company Pvt. Ltd.,Imperial Securities Company Pvt. Ltd.,166,376.0,62416.0,2025-08-12 11:30:50.376812
2025-08-12,68673,2025081201002007,SBL,Trisul Securities & Invt. Ltd.,Dynamic Money Managers Securities Pvt. Ltd.,10,379.0,3790.0,2025-08-12 11:31:02.477346
2025-08-12,67150,2025081201002402,SBL,Primo Securities (PVT) Ltd.,SHUBHAKAMANA SECURITIES PVT. LTD,100,375.0,37500.0,2025-08-12 11:35:15.154280
2025-08-12,67025,2025081201002437,SBL,Imperial Securities Company Pvt. Ltd.,SHUBHAKAMANA SECURITIES PVT. LTD,100,373.2,37320.0,2025-08-12 11:35:34.206370
2025-08-12,66099,2025081201002670,SBL,South Asian Bulls Pvt. Ltd.,Online Securities Pvt. Ltd.,2000,373.3,746600.0,2025-08-12 11:38:07.994099
2025-08-12,65772,2025081201002726,SBL,Cristal Kanchanjanga Securites Pvt. Ltd.,Online Securities Pvt. Ltd.,10,374.0,3740.0,2025-08-12 11:39:02.911353
2025-08-12,65616,2025081201002757,SBL,Siprabi Securities Pvt. Ltd.,Nepal Stock House (PVT) Ltd.,100,373.4,37340.0,2025-08-12 11:39:28.108443
2025-08-12,65615,2025081201002758,SBL,South Asian Bulls Pvt. Ltd.,Nepal Stock House (PVT) Ltd.,1000,373.3,373300.0,2025-08-12 11:39:28.108596
2025-08-12,65614,2025081201002759,SBL,Imperial Securities Company Pvt. Ltd.,Nepal Stock House (PVT) Ltd.,900,373.2,335880.0,2025-08-12 11:39:28.108657
2025-08-12,65613,2025081201002760,SBL,Imperial Securities Company Pvt. Ltd.,Nepal Stock House (PVT) Ltd.,1000,373.2,373200.0,2025-08-12 11:39:28.108711
2025-08-12,65612,2025081201002761,SBL,Shree Krishna Securities Ltd.,Nepal Stock House (PVT) Ltd.,1000,373.2,373200.0,2025-08-12 11:39:28.108760
2025-08-12,65611,2025081201002762,SBL,Creative Securities Pvt Ltd,Nepal Stock House (PVT) Ltd.,69,373.1,25743.9,2025-08-12 11:39:28.108815
2025-08-12,65610,2025081201002763,SBL,Property Wiard Limited,Nepal Stock House (PVT) Ltd.,210,373.1,78351.0,2025-08-12 11:39:28.108854
2025-08-12,65609,2025081201002764,SBL,Siprabi Securities Pvt. Ltd.,Nepal Stock House (PVT) Ltd.,50,373.1,18655.0,2025-08-12 11:39:28.108892
2025-08-12,65608,2025081201002765,SBL,Shree Krishna Securities Ltd.,Nepal Stock House (PVT) Ltd.,1000,373.1,373100.0,2025-08-12 11:39:28.108930
2025-08-12,65607,2025081201002766,SBL,Dakshinkali Investment & Securities Pvt. Ltd.,Nepal Stock House (PVT) Ltd.,4671,373.0,1742283.0,2025-08-12 11:39:28.109034
2025-08-12,65374,2025081201002802,SBL,Premier Securities Company Ltd.,Dynamic Money Managers Securities Pvt. Ltd.,200,373.1,74620.0,2025-08-12 11:40:16.081867
2025-08-12,65358,2025081201002803,SBL,Premier Securities Company Ltd.,Naasa Securities Co. Ltd.,110,373.1,41041.0,2025-08-12 11:40:18.023357
2025-08-12,65131,2025081201002826,SBL,Premier Securities Company Ltd.,Thrive Brokerage House Pvt. Ltd,100,373.1,37310.0,2025-08-12 11:40:52.540019
2025-08-12,64651,2025081201002906,SBL,Premier Securities Company Ltd.,Online Securities Pvt. Ltd.,90,374.0,33660.0,2025-08-12 11:42:26.653388
2025-08-12,64398,2025081201002973,SBL,Premier Securities Company Ltd.,Online Securities Pvt. Ltd.,500,374.0,187000.0,2025-08-12 11:43:10.885695
2025-08-12,64093,2025081201003030,SBL,South Asian Bulls Pvt. Ltd.,Online Securities Pvt. Ltd.,1000,374.0,374000.0,2025-08-12 11:44:01.617160
2025-08-12,64060,2025081201003039,SBL,Capital Hub P. Ltd,Online Securities Pvt. Ltd.,400,374.0,149600.0,2025-08-12 11:44:06.667514
2025-08-12,63756,2025081201003110,SBL,Trisul Securities & Invt. Ltd.,Vision Securities Pvt. Ltd,10,375.0,3750.0,2025-08-12 11:44:56.258406
2025-08-12,63718,2025081201003119,SBL,Capital Hub P. Ltd,Nepal Stock House (PVT) Ltd.,1600,376.0,601600.0,2025-08-12 11:45:00.790237
2025-08-12,63244,2025081201003254,SBL,Cristal Kanchanjanga Securites Pvt. Ltd.,Nepal Stock House (PVT) Ltd.,200,376.0,75200.0,2025-08-12 11:46:31.720174
2025-08-12,63039,2025081201003306,SBL,Cristal Kanchanjanga Securites Pvt. Ltd.,Naasa Securities Co. Ltd.,100,374.3,37430.0,2025-08-12 11:47:02.941235
2025-08-12,62991,2025081201003314,SBL,Cristal Kanchanjanga Securites Pvt. Ltd.,Dynamic Money Managers Securities Pvt. Ltd.,100,375.2,37520.0,2025-08-12 11:47:09.862075
2025-08-12,62778,2025081201003387,SBL,Linch Stock Market Ltd.,Nepal Stock House (PVT) Ltd.,10,376.0,3760.0,2025-08-12 11:47:39.820596
2025-08-12,62500,2025081201003443,SBL,Imperial Securities Company Pvt. Ltd.,Nepal Stock House (PVT) Ltd.,340,376.0,127840.0,2025-08-12 11:48:24.373290
2025-08-12,62499,2025081201003444,SBL,Imperial Securities Company Pvt. Ltd.,Online Securities Pvt. Ltd.,1000,376.0,376000.0,2025-08-12 11:48:24.373431
2025-08-12,62431,2025081201003459,SBL,Imperial Securities Company Pvt. Ltd.,Thrive Brokerage House Pvt. Ltd,100,376.0,37600.0,2025-08-12 11:48:39.502652
2025-08-12,62430,2025081201003460,SBL,Imperial Securities Company Pvt. Ltd.,Premier Securities Company Ltd.,1000,377.0,377000.0,2025-08-12 11:48:39.502886
2025-08-12,62429,2025081201003461,SBL,Imperial Securities Company Pvt. Ltd.,Trisul Securities & Invt. Ltd.,2000,378.0,756000.0,2025-08-12 11:48:39.503094
2025-08-12,62210,2025081201003505,SBL,Imperial Securities Company Pvt. Ltd.,Nepal Investment And Securities Trading Private Limited,119,378.8,45077.2,2025-08-12 11:49:13.838194
2025-08-12,62209,2025081201003506,SBL,Imperial Securities Company Pvt. Ltd.,Imperial Securities Company Pvt. Ltd.,1500,378.9,568350.0,2025-08-12 11:49:13.838334
2025-08-12,62208,2025081201003507,SBL,Imperial Securities Company Pvt. Ltd.,Nepal Stock House (PVT) Ltd.,881,378.9,333810.9,2025-08-12 11:49:13.838391
2025-08-12,61938,2025081201003542,SBL,Shree Krishna Securities Ltd.,Vision Securities Pvt. Ltd,10,375.1,3751.0,2025-08-12 11:49:54.125646
2025-08-12,61499,2025081201003635,SBL,Kumari Securities Private Limited,Aryatara Investment & Securities,30,376.0,11280.0,2025-08-12 11:51:25.446611
2025-08-12,61498,2025081201003636,SBL,Shree Krishna Securities Ltd.,Aryatara Investment & Securities,40,375.1,15004.0,2025-08-12 11:51:25.446747
2025-08-12,61245,2025081201003695,SBL,Sweta Securities Private Limited,Citizens Share Broker Limited,500,375.0,187500.0,2025-08-12 11:52:05.000120
2025-08-12,61244,2025081201003696,SBL,Malla & Malla Stock Broking Company Pvt. Limited,Citizens Share Broker Limited,50,375.0,18750.0,2025-08-12 11:52:05.000206
2025-08-12,61243,2025081201003697,SBL,Imperial Securities Company Pvt. Ltd.,Citizens Share Broker Limited,384,374.6,143846.4,2025-08-12 11:52:05.000309
2025-08-12,60949,2025081201003762,SBL,Naasa Securities Co. Ltd.,J.F. Securites (PVT) Ltd.,10,378.8,3788.0,2025-08-12 11:53:08.702509
2025-08-12,60225,2025081201003933,SBL,Agrawal Securities (PVT) Ltd.,J.F. Securites (PVT) Ltd.,480,376.0,180480.0,2025-08-12 11:55:44.404927
2025-08-12,60034,2025081201003967,SBL,Agrawal Securities (PVT) Ltd.,Kohinoor Investment & Securities Pvt. Ltd.,174,376.0,65424.0,2025-08-12 11:56:18.835487
2025-08-12,59673,2025081201004028,SBL,Naasa Securities Co. Ltd.,Kohinoor Investment & Securities Pvt. Ltd.,10,377.0,3770.0,2025-08-12 11:57:41.500967
2025-08-12,59547,2025081201004062,SBL,Sani Securities Company Ltd.,Kohinoor Investment & Securities Pvt. Ltd.,20,377.0,7540.0,2025-08-12 11:58:08.485525
2025-08-12,59454,2025081201004086,SBL,ABC Securities Private Limited,Kohinoor Investment & Securities Pvt. Ltd.,21,377.0,7917.0,2025-08-12 11:58:22.931381
2025-08-12,59453,2025081201004087,SBL,ABC Securities Private Limited,Naasa Securities Co. Ltd.,179,377.0,67483.0,2025-08-12 11:58:22.931499
2025-08-12,58379,2025081201004289,SBL,Agrawal Securities (PVT) Ltd.,Trisul Securities & Invt. Ltd.,846,376.0,318096.0,2025-08-12 12:02:19.893899
2025-08-12,58378,2025081201004290,SBL,Imperial Securities Company Pvt. Ltd.,Trisul Securities & Invt. Ltd.,1000,375.0,375000.0,2025-08-12 12:02:19.893961
2025-08-12,58377,2025081201004291,SBL,Opal Securities Investment (PVT) Ltd.,Trisul Securities & Invt. Ltd.,500,375.0,187500.0,2025-08-12 12:02:19.893983
2025-08-12,58376,2025081201004292,SBL,Naasa Securities Co. Ltd.,Trisul Securities & Invt. Ltd.,10,375.0,3750.0,2025-08-12 12:02:19.894005
2025-08-12,58375,2025081201004293,SBL,Imperial Securities Company Pvt. Ltd.,Trisul Securities & Invt. Ltd.,616,374.6,230753.6,2025-08-12 12:02:19.894036
2025-08-12,58374,2025081201004294,SBL,South Asian Bulls Pvt. Ltd.,Trisul Securities & Invt. Ltd.,1000,374.6,374600.0,2025-08-12 12:02:19.894056
2025-08-12,58373,2025081201004295,SBL,Imperial Securities Company Pvt. Ltd.,Trisul Securities & Invt. Ltd.,1000,374.5,374500.0,2025-08-12 12:02:19.894081
2025-08-12,58372,2025081201004296,SBL,Cristal Kanchanjanga Securites Pvt. Ltd.,Trisul Securities & Invt. Ltd.,28,374.3,10480.4,2025-08-12 12:02:19.894108
2025-08-12,57363,2025081201004483,SBL,Imperial Securities Company Pvt. Ltd.,Thrive Brokerage House Pvt. Ltd,200,375.0,75000.0,2025-08-12 12:05:37.189284
2025-08-12,57362,2025081201004484,SBL,Imperial Securities Company Pvt. Ltd.,Trisul Securities & Invt. Ltd.,1300,376.9,489970.0,2025-08-12 12:05:37.189441
2025-08-12,56167,2025081201004703,SBL,Imperial Securities Company Pvt. Ltd.,ABC Securities Private Limited,500,374.9,187450.0,2025-08-12 12:09:03.248045
2025-08-12,55947,2025081201004765,SBL,Online Securities Pvt. Ltd.,Thrive Brokerage House Pvt. Ltd,200,375.0,75000.0,2025-08-12 12:09:51.332198
2025-08-12,55825,2025081201004798,SBL,Imperial Securities Company Pvt. Ltd.,Pragyan Securities (PVT) Ltd.,500,374.9,187450.0,2025-08-12 12:10:07.601771
2025-08-12,55824,2025081201004799,SBL,Vision Securities Pvt. Ltd,Pragyan Securities (PVT) Ltd.,100,374.9,37490.0,2025-08-12 12:10:07.601899
2025-08-12,54851,2025081201005042,SBL,Midas Stock Broking Company Private Limited,Thrive Brokerage House Pvt. Ltd,100,376.0,37600.0,2025-08-12 12:13:07.073776
2025-08-12,54160,2025081201005240,SBL,Midas Stock Broking Company Private Limited,Naasa Securities Co. Ltd.,232,376.0,87232.0,2025-08-12 12:15:32.170460
2025-08-12,53745,2025081201005335,SBL,Vision Securities Pvt. Ltd,Naasa Securities Co. Ltd.,350,374.9,131215.0,2025-08-12 12:17:10.487271
2025-08-12,53611,2025081201005360,SBL,SHUBHAKAMANA SECURITIES PVT. LTD,Opal Securities Investment (PVT) Ltd.,10,375.0,3750.0,2025-08-12 12:17:48.667906
2025-08-12,53392,2025081201005471,SBL,Vision Securities Pvt. Ltd,Oxford Securities Pvt. Ltd.,15,374.9,5623.5,2025-08-12 12:18:31.883832
2025-08-12,53110,2025081201005535,SBL,Vision Securities Pvt. Ltd,Trisul Securities & Invt. Ltd.,460,374.9,172454.0,2025-08-12 12:19:40.671853
2025-08-12,52593,2025081201005657,SBL,Vision Securities Pvt. Ltd,Trisul Securities & Invt. Ltd.,75,374.9,28117.5,2025-08-12 12:21:41.280732
2025-08-12,52592,2025081201005658,SBL,Dakshinkali Investment & Securities Pvt. Ltd.,Trisul Securities & Invt. Ltd.,175,374.5,65537.5,2025-08-12 12:21:41.281003
2025-08-12,52321,2025081201005738,SBL,Imperial Securities Company Pvt. Ltd.,Opal Securities Investment (PVT) Ltd.,106,375.0,39750.0,2025-08-12 12:22:33.862678
2025-08-12,52126,2025081201005797,SBL,Imperial Securities Company Pvt. Ltd.,Trisul Securities & Invt. Ltd.,894,375.0,335250.0,2025-08-12 12:23:11.636700
2025-08-12,52009,2025081201005826,SBL,Dakshinkali Investment & Securities Pvt. Ltd.,Naasa Securities Co. Ltd.,201,374.5,75274.5,2025-08-12 12:23:43.877223
2025-08-12,51480,2025081201005909,SBL,Dakshinkali Investment & Securities Pvt. Ltd.,Trisul Securities & Invt. Ltd.,106,374.5,39697.0,2025-08-12 12:25:34.148833
2025-08-12,51000,2025081201006023,SBL,Dakshinkali Investment & Securities Pvt. Ltd.,Aryatara Investment & Securities,18,374.5,6741.0,2025-08-12 12:27:20.133975
2025-08-12,50999,2025081201006024,SBL,Sundhara Securities Limited,Aryatara Investment & Securities,100,374.5,37450.0,2025-08-12 12:27:20.134281
2025-08-12,50998,2025081201006025,SBL,Sani Securities Company Ltd.,Aryatara Investment & Securities,10,374.5,3745.0,2025-08-12 12:27:20.134437
2025-08-12,50736,2025081201006097,SBL,Imperial Securities Company Pvt. Ltd.,Online Securities Pvt. Ltd.,189,374.9,70856.1,2025-08-12 12:28:10.536905
2025-08-12,50735,2025081201006098,SBL,Imperial Securities Company Pvt. Ltd.,Dynamic Money Managers Securities Pvt. Ltd.,48,375.0,18000.0,2025-08-12 12:28:10.537058
2025-08-12,50734,2025081201006099,SBL,Imperial Securities Company Pvt. Ltd.,Imperial Securities Company Pvt. Ltd.,163,375.0,61125.0,2025-08-12 12:28:10.537119
2025-08-12,50676,2025081201006114,SBL,Imperial Securities Company Pvt. Ltd.,Imperial Securities Company Pvt. Ltd.,97,375.0,36375.0,2025-08-12 12:28:27.714534
2025-08-12,50618,2025081201006139,SBL,Imperial Securities Company Pvt. Ltd.,Kohinoor Investment & Securities Pvt. Ltd.,10,376.0,3760.0,2025-08-12 12:28:41.959207
2025-08-12,50617,2025081201006140,SBL,Imperial Securities Company Pvt. Ltd.,Primo Securities (PVT) Ltd.,1000,376.0,376000.0,2025-08-12 12:28:41.959367
2025-08-12,50616,2025081201006141,SBL,Imperial Securities Company Pvt. Ltd.,Online Securities Pvt. Ltd.,2000,376.0,752000.0,2025-08-12 12:28:41.959437
2025-08-12,50615,2025081201006142,SBL,Imperial Securities Company Pvt. Ltd.,Online Securities Pvt. Ltd.,90,376.0,33840.0,2025-08-12 12:28:41.959496
2025-08-12,50614,2025081201006143,SBL,Imperial Securities Company Pvt. Ltd.,Dipshikha Dhitopatra Karobar Co. Pvt Ltd.,11,376.0,4136.0,2025-08-12 12:28:41.959554
2025-08-12,50579,2025081201006152,SBL,Imperial Securities Company Pvt. Ltd.,Shree Krishna Securities Ltd.,200,375.0,75000.0,2025-08-12 12:28:56.315525
2025-08-12,49413,2025081201006450,SBL,Imperial Securities Company Pvt. Ltd.,Naasa Securities Co. Ltd.,76,375.0,28500.0,2025-08-12 12:33:21.203153
2025-08-12,49214,2025081201006499,SBL,Imperial Securities Company Pvt. Ltd.,Online Securities Pvt. Ltd.,33,375.0,12375.0,2025-08-12 12:34:07.107935
2025-08-12,49174,2025081201006508,SBL,Imperial Securities Company Pvt. Ltd.,Midas Stock Broking Company Private Limited,94,375.0,35250.0,2025-08-12 12:34:15.259928
2025-08-12,49173,2025081201006509,SBL,Naasa Securities Co. Ltd.,Midas Stock Broking Company Private Limited,10,375.0,3750.0,2025-08-12 12:34:15.260109
2025-08-12,49172,2025081201006510,SBL,Sani Securities Company Ltd.,Midas Stock Broking Company Private Limited,490,374.5,183505.0,2025-08-12 12:34:15.260190
2025-08-12,49171,2025081201006511,SBL,Imperial Securities Company Pvt. Ltd.,Midas Stock Broking Company Private Limited,1000,374.4,374400.0,2025-08-12 12:34:15.260242
2025-08-12,49170,2025081201006512,SBL,Cristal Kanchanjanga Securites Pvt. Ltd.,Midas Stock Broking Company Private Limited,72,374.3,26949.6,2025-08-12 12:34:15.260306
2025-08-12,49169,2025081201006513,SBL,South Asian Bulls Pvt. Ltd.,Midas Stock Broking Company Private Limited,1000,374.3,374300.0,2025-08-12 12:34:15.260359
2025-08-12,49168,2025081201006514,SBL,Dakshinkali Investment & Securities Pvt. Ltd.,Midas Stock Broking Company Private Limited,1000,374.2,374200.0,2025-08-12 12:34:15.260413
2025-08-12,49167,2025081201006515,SBL,K.B.L. Securities Limited ,Midas Stock Broking Company Private Limited,2000,374.1,748200.0,2025-08-12 12:34:15.260463
2025-08-12,49166,2025081201006516,SBL,Midas Stock Broking Company Private Limited,Midas Stock Broking Company Private Limited,50,374.1,18705.0,2025-08-12 12:34:15.260515
2025-08-12,49165,2025081201006517,SBL,Kohinoor Investment & Securities Pvt. Ltd.,Midas Stock Broking Company Private Limited,40,374.1,14964.0,2025-08-12 12:34:15.260564
2025-08-12,49164,2025081201006518,SBL,N.M.B. SECURITIES LIMITED,Midas Stock Broking Company Private Limited,1244,374.0,465256.0,2025-08-12 12:34:15.260614
2025-08-12,47873,2025081201006752,SBL,ABC Securities Private Limited,Thrive Brokerage House Pvt. Ltd,100,376.0,37600.0,2025-08-12 12:38:59.424783
2025-08-12,46172,2025081201007149,SBL,Linch Stock Market Ltd.,Midas Stock Broking Company Private Limited,200,375.0,75000.0,2025-08-12 12:44:14.647837
2025-08-12,44621,2025081201007507,SBL,Cristal Kanchanjanga Securites Pvt. Ltd.,Online Securities Pvt. Ltd.,200,375.0,75000.0,2025-08-12 12:49:37.110874
2025-08-12,44082,2025081201007615,SBL,Imperial Securities Company Pvt. Ltd.,Online Securities Pvt. Ltd.,800,375.0,300000.0,2025-08-12 12:51:38.946835
2025-08-12,43308,2025081201007788,SBL,Siprabi Securities Pvt. Ltd.,Thrive Brokerage House Pvt. Ltd,100,375.1,37510.0,2025-08-12 12:54:44.258739
2025-08-12,42239,2025081201008007,SBL,Naasa Securities Co. Ltd.,Aryatara Investment & Securities,10,375.0,3750.0,2025-08-12 12:59:46.048290
2025-08-12,42232,2025081201008009,SBL,N.M.B. SECURITIES LIMITED,Aryatara Investment & Securities,1318,375.0,494250.0,2025-08-12 12:59:48.298330
2025-08-12,42231,2025081201008010,SBL,N.M.B. SECURITIES LIMITED,Online Securities Pvt. Ltd.,938,375.1,351843.8,2025-08-12 12:59:48.298476
2025-08-12,41556,2025081201008199,SBL,Investment Management Nepal Pvt. Ltd.,Sani Securities Company Ltd.,100,374.6,37460.0,2025-08-12 13:02:09.273853
2025-08-12,41555,2025081201008200,SBL,Cristal Kanchanjanga Securites Pvt. Ltd.,Sani Securities Company Ltd.,25,374.6,9365.0,2025-08-12 13:02:09.274144
2025-08-12,41373,2025081201008224,SBL,Imperial Securities Company Pvt. Ltd.,Online Securities Pvt. Ltd.,1062,375.1,398356.2,2025-08-12 13:02:50.349068
2025-08-12,41158,2025081201008278,SBL,Imperial Securities Company Pvt. Ltd.,Imperial Securities Company Pvt. Ltd.,1000,375.9,375900.0,2025-08-12 13:03:44.953044
2025-08-12,40360,2025081201008530,SBL,Trisul Securities & Invt. Ltd.,Online Securities Pvt. Ltd.,50,377.0,18850.0,2025-08-12 13:07:06.038425
2025-08-12,37861,2025081201009157,SBL,Online Securities Pvt. Ltd.,Vision Securities Pvt. Ltd,50,375.0,18750.0,2025-08-12 13:17:54.290557
2025-08-12,37810,2025081201009179,SBL,Online Securities Pvt. Ltd.,Dipshikha Dhitopatra Karobar Co. Pvt Ltd.,30,375.0,11250.0,2025-08-12 13:18:05.873989
2025-08-12,37374,2025081201009254,SBL,K.B.L. Securities Limited ,Machhapuchchhre Securities Limited,150,375.1,56265.0,2025-08-12 13:20:48.989874
2025-08-12,37320,2025081201009263,SBL,K.B.L. Securities Limited ,Machhapuchchhre Securities Limited,75,375.1,28132.5,2025-08-12 13:21:04.029780
2025-08-12,37300,2025081201009265,SBL,K.B.L. Securities Limited ,Machhapuchchhre Securities Limited,30,375.1,11253.0,2025-08-12 13:21:15.060827
2025-08-12,37284,2025081201009273,SBL,K.B.L. Securities Limited ,Machhapuchchhre Securities Limited,500,375.1,187550.0,2025-08-12 13:21:23.084411
2025-08-12,37202,2025081201009320,SBL,K.B.L. Securities Limited ,Machhapuchchhre Securities Limited,183,375.1,68643.3,2025-08-12 13:21:35.116617
2025-08-12,37147,2025081201009328,SBL,K.B.L. Securities Limited ,Machhapuchchhre Securities Limited,50,375.1,18755.0,2025-08-12 13:21:43.140664
2025-08-12,37111,2025081201009339,SBL,K.B.L. Securities Limited ,Machhapuchchhre Securities Limited,12,375.1,4501.2,2025-08-12 13:21:51.162041
2025-08-12,37110,2025081201009340,SBL,Online Securities Pvt. Ltd.,Machhapuchchhre Securities Limited,150,375.0,56250.0,2025-08-12 13:21:51.162088
2025-08-12,37109,2025081201009341,SBL,South Asian Bulls Pvt. Ltd.,Machhapuchchhre Securities Limited,50,375.0,18750.0,2025-08-12 13:21:51.162119
2025-08-12,37108,2025081201009342,SBL,Imperial Securities Company Pvt. Ltd.,Machhapuchchhre Securities Limited,288,375.0,108000.0,2025-08-12 13:21:51.162148
2025-08-12,36656,2025081201009440,SBL,Imperial Securities Company Pvt. Ltd.,Aryatara Investment & Securities,10,375.0,3750.0,2025-08-12 13:23:50.874473
2025-08-12,36400,2025081201009496,SBL,Imperial Securities Company Pvt. Ltd.,Bhrikuti Stock Broking Co. Pvt. Ltd.,30,375.0,11250.0,2025-08-12 13:25:00.360050
2025-08-12,35466,2025081201009705,SBL,Linch Stock Market Ltd.,Naasa Securities Co. Ltd.,30,375.3,11259.0,2025-08-12 13:29:07.505567
2025-08-12,34101,2025081201009982,SBL,Linch Stock Market Ltd.,ABC Securities Private Limited,200,376.9,75380.0,2025-08-12 13:35:25.721137
2025-08-12,33917,2025081201010009,SBL,Sani Securities Company Ltd.,ABC Securities Private Limited,93,376.9,35051.7,2025-08-12 13:36:14.126309
2025-08-12,33705,2025081201010049,SBL,Linch Stock Market Ltd.,ABC Securities Private Limited,50,376.9,18845.0,2025-08-12 13:37:15.570229
2025-08-12,32881,2025081201010228,SBL,Sweta Securities Private Limited,Nepal Stock House (PVT) Ltd.,20,376.5,7530.0,2025-08-12 13:41:00.182764
2025-08-12,32880,2025081201010229,SBL,Cristal Kanchanjanga Securites Pvt. Ltd.,Nepal Stock House (PVT) Ltd.,375,375.2,140700.0,2025-08-12 13:41:00.182960
2025-08-12,32879,2025081201010230,SBL,Imperial Securities Company Pvt. Ltd.,Nepal Stock House (PVT) Ltd.,105,375.2,39396.0,2025-08-12 13:41:00.183050
2025-08-12,32412,2025081201010306,SBL,Imperial Securities Company Pvt. Ltd.,Thrive Brokerage House Pvt. Ltd,500,375.2,187600.0,2025-08-12 13:43:10.695792
2025-08-12,32134,2025081201010353,SBL,Sumeru Securities Pvt. Ltd.,ABC Securities Private Limited,157,376.9,59173.3,2025-08-12 13:44:33.902624
2025-08-12,32117,2025081201010357,SBL,Imperial Securities Company Pvt. Ltd.,Online Securities Pvt. Ltd.,950,377.0,358150.0,2025-08-12 13:44:39.548466
2025-08-12,32116,2025081201010358,SBL,Imperial Securities Company Pvt. Ltd.,Asian Securities Private Ltd.,642,377.0,242034.0,2025-08-12 13:44:39.548664
2025-08-12,32115,2025081201010359,SBL,Imperial Securities Company Pvt. Ltd.,Machhapuchchhre Securities Limited,121,377.8,45713.8,2025-08-12 13:44:39.548741
2025-08-12,32114,2025081201010360,SBL,Imperial Securities Company Pvt. Ltd.,Machhapuchchhre Securities Limited,19,377.8,7178.2,2025-08-12 13:44:39.548808
2025-08-12,32113,2025081201010361,SBL,Imperial Securities Company Pvt. Ltd.,Machhapuchchhre Securities Limited,108,377.8,40802.4,2025-08-12 13:44:39.548882
2025-08-12,32112,2025081201010362,SBL,Imperial Securities Company Pvt. Ltd.,Machhapuchchhre Securities Limited,150,377.8,56670.0,2025-08-12 13:44:39.548949
2025-08-12,32111,2025081201010363,SBL,Imperial Securities Company Pvt. Ltd.,Neev Securities Pvt. Ltd.,50,377.9,18895.0,2025-08-12 13:44:39.549013
2025-08-12,32110,2025081201010364,SBL,Imperial Securities Company Pvt. Ltd.,Machhapuchchhre Securities Limited,21,377.9,7935.9,2025-08-12 13:44:39.549098
2025-08-12,32109,2025081201010365,SBL,Imperial Securities Company Pvt. Ltd.,Machhapuchchhre Securities Limited,75,377.9,28342.5,2025-08-12 13:44:39.549168
2025-08-12,32108,2025081201010366,SBL,Imperial Securities Company Pvt. Ltd.,Machhapuchchhre Securities Limited,45,377.9,17005.5,2025-08-12 13:44:39.549228
2025-08-12,32107,2025081201010367,SBL,Imperial Securities Company Pvt. Ltd.,Machhapuchchhre Securities Limited,75,377.9,28342.5,2025-08-12 13:44:39.549289
2025-08-12,32106,2025081201010368,SBL,Imperial Securities Company Pvt. Ltd.,Machhapuchchhre Securities Limited,75,377.9,28342.5,2025-08-12 13:44:39.549361
2025-08-12,32105,2025081201010369,SBL,Imperial Securities Company Pvt. Ltd.,Machhapuchchhre Securities Limited,100,377.9,37790.0,2025-08-12 13:44:39.549428
2025-08-12,32104,2025081201010370,SBL,Imperial Securities Company Pvt. Ltd.,Agrawal Securities (PVT) Ltd.,1500,378.0,567000.0,2025-08-12 13:44:39.549494
2025-08-12,32103,2025081201010371,SBL,Imperial Securities Company Pvt. Ltd.,Secured Securities Ltd.,19,378.0,7182.0,2025-08-12 13:44:39.549563
2025-08-12,30949,2025081201010559,SBL,Siprabi Securities Pvt. Ltd.,Secured Securities Ltd.,200,378.0,75600.0,2025-08-12 13:48:26.196596
2025-08-12,29989,2025081201010795,SBL,Opal Securities Investment (PVT) Ltd.,Secured Securities Ltd.,46,378.0,17388.0,2025-08-12 13:51:36.130160
2025-08-12,29988,2025081201010796,SBL,Opal Securities Investment (PVT) Ltd.,Investment Management Nepal Pvt. Ltd.,500,378.0,189000.0,2025-08-12 13:51:36.130493
2025-08-12,29987,2025081201010797,SBL,Opal Securities Investment (PVT) Ltd.,Linch Stock Market Ltd.,247,378.0,93366.0,2025-08-12 13:51:36.130694
2025-08-12,29708,2025081201010836,SBL,Cristal Kanchanjanga Securites Pvt. Ltd.,Nepal Stock House (PVT) Ltd.,19,378.9,7199.1,2025-08-12 13:52:34.283569
2025-08-12,29707,2025081201010837,SBL,Cristal Kanchanjanga Securites Pvt. Ltd.,Dynamic Money Managers Securities Pvt. Ltd.,10,379.0,3790.0,2025-08-12 13:52:34.283726
2025-08-12,29698,2025081201010838,SBL,Opal Securities Investment (PVT) Ltd.,Nepal Stock House (PVT) Ltd.,1429,378.0,540162.0,2025-08-12 13:52:36.241200
2025-08-12,29638,2025081201010853,SBL,Imperial Securities Company Pvt. Ltd.,Nepal Stock House (PVT) Ltd.,571,378.0,215838.0,2025-08-12 13:52:49.066255
2025-08-12,29637,2025081201010854,SBL,Imperial Securities Company Pvt. Ltd.,Dynamic Money Managers Securities Pvt. Ltd.,80,379.0,30320.0,2025-08-12 13:52:49.066426
2025-08-12,29636,2025081201010855,SBL,Imperial Securities Company Pvt. Ltd.,Vision Securities Pvt. Ltd,1000,379.0,379000.0,2025-08-12 13:52:49.066494
2025-08-12,29635,2025081201010856,SBL,Imperial Securities Company Pvt. Ltd.,Kohinoor Investment & Securities Pvt. Ltd.,100,379.0,37900.0,2025-08-12 13:52:49.066556
2025-08-12,29634,2025081201010857,SBL,Imperial Securities Company Pvt. Ltd.,Creative Securities Pvt Ltd,500,379.9,189950.0,2025-08-12 13:52:49.066619
2025-08-12,29633,2025081201010858,SBL,Imperial Securities Company Pvt. Ltd.,Nepal Stock House (PVT) Ltd.,1000,380.0,380000.0,2025-08-12 13:52:49.066682
2025-08-12,29632,2025081201010859,SBL,Imperial Securities Company Pvt. Ltd.,Market Securities & Exchange (PVT) Ltd.,100,380.0,38000.0,2025-08-12 13:52:49.066741
2025-08-12,29631,2025081201010860,SBL,Imperial Securities Company Pvt. Ltd.,Vision Securities Pvt. Ltd,2000,380.0,760000.0,2025-08-12 13:52:49.066805
2025-08-12,29630,2025081201010861,SBL,Imperial Securities Company Pvt. Ltd.,Nepal Stock House (PVT) Ltd.,1000,380.0,380000.0,2025-08-12 13:52:49.066898
2025-08-12,29629,2025081201010862,SBL,Imperial Securities Company Pvt. Ltd.,Vision Securities Pvt. Ltd,95,380.0,36100.0,2025-08-12 13:52:49.066969
2025-08-12,29628,2025081201010863,SBL,Imperial Securities Company Pvt. Ltd.,Imperial Securities Company Pvt. Ltd.,500,380.0,190000.0,2025-08-12 13:52:49.067046
2025-08-12,29627,2025081201010864,SBL,Imperial Securities Company Pvt. Ltd.,Cristal Kanchanjanga Securites Pvt. Ltd.,300,380.0,114000.0,2025-08-12 13:52:49.067105
2025-08-12,29626,2025081201010865,SBL,Imperial Securities Company Pvt. Ltd.,Trisul Securities & Invt. Ltd.,11,380.0,4180.0,2025-08-12 13:52:49.067162
2025-08-12,29625,2025081201010866,SBL,Imperial Securities Company Pvt. Ltd.,Sri Hari Securities Pvt. Ltd.,15,380.0,5700.0,2025-08-12 13:52:49.067233
2025-08-12,29624,2025081201010867,SBL,Imperial Securities Company Pvt. Ltd.,Imperial Securities Company Pvt. Ltd.,100,380.0,38000.0,2025-08-12 13:52:49.067335
2025-08-12,29623,2025081201010868,SBL,Imperial Securities Company Pvt. Ltd.,Naasa Securities Co. Ltd.,50,380.0,19000.0,2025-08-12 13:52:49.067399
2025-08-12,29622,2025081201010869,SBL,Imperial Securities Company Pvt. Ltd.,Online Securities Pvt. Ltd.,118,380.0,44840.0,2025-08-12 13:52:49.067494
2025-08-12,29621,2025081201010870,SBL,Imperial Securities Company Pvt. Ltd.,Dipshikha Dhitopatra Karobar Co. Pvt Ltd.,50,380.0,19000.0,2025-08-12 13:52:49.067581
2025-08-12,29620,2025081201010871,SBL,Imperial Securities Company Pvt. Ltd.,Malla & Malla Stock Broking Company Pvt. Limited,410,380.0,155800.0,2025-08-12 13:52:49.067660
2025-08-12,29471,2025081201010913,SBL,Imperial Securities Company Pvt. Ltd.,Malla & Malla Stock Broking Company Pvt. Limited,90,380.0,34200.0,2025-08-12 13:53:25.811502
2025-08-12,29470,2025081201010914,SBL,Imperial Securities Company Pvt. Ltd.,Property Wiard Limited,30,380.0,11400.0,2025-08-12 13:53:25.811651
2025-08-12,29469,2025081201010915,SBL,Imperial Securities Company Pvt. Ltd.,Agrawal Securities (PVT) Ltd.,300,380.0,114000.0,2025-08-12 13:53:25.811713
2025-08-12,29468,2025081201010916,SBL,Imperial Securities Company Pvt. Ltd.,Imperial Securities Company Pvt. Ltd.,100,380.0,38000.0,2025-08-12 13:53:25.811770
2025-08-12,29467,2025081201010917,SBL,Imperial Securities Company Pvt. Ltd.,SHUBHAKAMANA SECURITIES PVT. LTD,200,380.3,76060.0,2025-08-12 13:53:25.811829
2025-08-12,29466,2025081201010918,SBL,Imperial Securities Company Pvt. Ltd.,Nepal Stock House (PVT) Ltd.,500,380.6,190300.0,2025-08-12 13:53:25.811894
2025-08-12,29465,2025081201010919,SBL,Imperial Securities Company Pvt. Ltd.,Sundhara Securities Limited,500,381.0,190500.0,2025-08-12 13:53:25.811954
2025-08-12,29464,2025081201010920,SBL,Imperial Securities Company Pvt. Ltd.,Opal Securities Investment (PVT) Ltd.,28,381.0,10668.0,2025-08-12 13:53:25.812011
2025-08-12,29463,2025081201010921,SBL,Imperial Securities Company Pvt. Ltd.,Sri Hari Securities Pvt. Ltd.,1000,381.0,381000.0,2025-08-12 13:53:25.812076
2025-08-12,29462,2025081201010922,SBL,Imperial Securities Company Pvt. Ltd.,Dipshikha Dhitopatra Karobar Co. Pvt Ltd.,348,381.0,132588.0,2025-08-12 13:53:25.812132
2025-08-12,29461,2025081201010923,SBL,Imperial Securities Company Pvt. Ltd.,ABC Securities Private Limited,889,381.4,339064.6,2025-08-12 13:53:25.812188
2025-08-12,29460,2025081201010924,SBL,Imperial Securities Company Pvt. Ltd.,Online Securities Pvt. Ltd.,15,381.4,5721.0,2025-08-12 13:53:25.812245
2025-08-12,29384,2025081201010956,SBL,Imperial Securities Company Pvt. Ltd.,Online Securities Pvt. Ltd.,817,381.4,311603.8,2025-08-12 13:53:40.093577
2025-08-12,29383,2025081201010957,SBL,Imperial Securities Company Pvt. Ltd.,Agrawal Securities (PVT) Ltd.,300,382.0,114600.0,2025-08-12 13:53:40.093737
2025-08-12,29382,2025081201010958,SBL,Imperial Securities Company Pvt. Ltd.,Premier Securities Company Ltd.,50,382.0,19100.0,2025-08-12 13:53:40.093794
2025-08-12,29381,2025081201010959,SBL,Imperial Securities Company Pvt. Ltd.,Midas Stock Broking Company Private Limited,46,382.0,17572.0,2025-08-12 13:53:40.093848
2025-08-12,29380,2025081201010960,SBL,Imperial Securities Company Pvt. Ltd.,Sweta Securities Private Limited,11,382.3,4205.3,2025-08-12 13:53:40.093905
2025-08-12,29379,2025081201010961,SBL,Imperial Securities Company Pvt. Ltd.,Imperial Securities Company Pvt. Ltd.,1000,382.5,382500.0,2025-08-12 13:53:40.093963
2025-08-12,29378,2025081201010962,SBL,Imperial Securities Company Pvt. Ltd.,Pragyan Securities (PVT) Ltd.,100,383.0,38300.0,2025-08-12 13:53:40.094018
2025-08-12,29377,2025081201010963,SBL,Imperial Securities Company Pvt. Ltd.,Sri Hari Securities Pvt. Ltd.,1676,383.0,641908.0,2025-08-12 13:53:40.094093
2025-08-12,28790,2025081201011116,SBL,Sumeru Securities Pvt. Ltd.,Dipshikha Dhitopatra Karobar Co. Pvt Ltd.,11,378.0,4158.0,2025-08-12 13:55:23.934878
2025-08-12,28789,2025081201011117,SBL,Trademow Securities Private Limited,Dipshikha Dhitopatra Karobar Co. Pvt Ltd.,389,377.0,146653.0,2025-08-12 13:55:23.935085
2025-08-12,28724,2025081201011123,SBL,Siprabi Securities Pvt. Ltd.,Sundhara Securities Limited,100,380.0,38000.0,2025-08-12 13:55:36.452055
2025-08-12,28101,2025081201011236,SBL,Opal Securities Investment (PVT) Ltd.,Kohinoor Investment & Securities Pvt. Ltd.,547,380.0,207860.0,2025-08-12 13:57:36.013194
2025-08-12,27779,2025081201011357,SBL,Siprabi Securities Pvt. Ltd.,Kohinoor Investment & Securities Pvt. Ltd.,200,380.0,76000.0,2025-08-12 13:58:07.908560
2025-08-12,27168,2025081201011457,SBL,Arun Securities (PVT) Ltd.,Magnet Securities and Investment Company Private Limited,60,379.0,22740.0,2025-08-12 14:00:00.785884
2025-08-12,26138,2025081201011768,SBL,Aryatara Investment & Securities,Kohinoor Investment & Securities Pvt. Ltd.,10,380.0,3800.0,2025-08-12 14:03:01.340716
2025-08-12,25638,2025081201011913,SBL,Sani Securities Company Ltd.,Magnet Securities and Investment Company Private Limited,200,378.2,75640.0,2025-08-12 14:04:27.475739
2025-08-12,25637,2025081201011914,SBL,Citizens Share Broker Limited,Magnet Securities and Investment Company Private Limited,25,378.2,9455.0,2025-08-12 14:04:27.475922
2025-08-12,23714,2025081201012279,SBL,Sani Securities Company Ltd.,Vision Securities Pvt. Ltd,20,378.0,7560.0,2025-08-12 14:10:39.606789
2025-08-12,23713,2025081201012280,SBL,Kalika Securities Pvt. Ltd.,Vision Securities Pvt. Ltd,1500,378.0,567000.0,2025-08-12 14:10:39.606959
2025-08-12,18546,2025081201013275,SBL,Citizens Share Broker Limited,Neev Securities Pvt. Ltd.,1,378.2,378.2,2025-08-12 14:26:52.786424
2025-08-12,17923,2025081201013424,SBL,Secured Securities Ltd.,Sagarmatha Securities Private Limited,100,378.9,37890.0,2025-08-12 14:28:59.907312
2025-08-12,17862,2025081201013435,SBL,Deevyaa Securities & Stock House Pvt. Ltd,Sagarmatha Securities Private Limited,25,378.9,9472.5,2025-08-12 14:29:15.464451
2025-08-12,16810,2025081201013687,SBL,Sundhara Securities Limited,Vision Securities Pvt. Ltd,250,378.0,94500.0,2025-08-12 14:33:37.363695
2025-08-12,16809,2025081201013688,SBL,Naasa Securities Co. Ltd.,Vision Securities Pvt. Ltd,400,378.0,151200.0,2025-08-12 14:33:37.364040
2025-08-12,16808,2025081201013689,SBL,Thrive Brokerage House Pvt. Ltd,Vision Securities Pvt. Ltd,200,376.3,75260.0,2025-08-12 14:33:37.364245
2025-08-12,16807,2025081201013690,SBL,Imperial Securities Company Pvt. Ltd.,Vision Securities Pvt. Ltd,150,376.2,56430.0,2025-08-12 14:33:37.364447
2025-08-12,16425,2025081201013777,SBL,Vision Securities Pvt. Ltd,Arun Securities (PVT) Ltd.,100,378.7,37870.0,2025-08-12 14:34:54.002849
2025-08-12,15880,2025081201013875,SBL,Imperial Securities Company Pvt. Ltd.,Secured Securities Ltd.,1100,376.2,413820.0,2025-08-12 14:36:22.646375
2025-08-12,13389,2025081201014312,SBL,Trisul Securities & Invt. Ltd.,Sweta Securities Private Limited,25,378.8,9470.0,2025-08-12 14:42:13.158163
2025-08-12,13308,2025081201014333,SBL,Imperial Securities Company Pvt. Ltd.,Sagarmatha Securities Private Limited,100,376.2,37620.0,2025-08-12 14:42:21.252822
2025-08-12,13087,2025081201014405,SBL,Online Securities Pvt. Ltd.,Sweta Securities Private Limited,40,378.8,15152.0,2025-08-12 14:42:41.695090
2025-08-12,12298,2025081201014536,SBL,Imperial Securities Company Pvt. Ltd.,BHOLE GANESH SECURITIES LTD,650,376.2,244530.0,2025-08-12 14:44:10.988512
2025-08-12,11699,2025081201014645,SBL,Kalika Securities Pvt. Ltd.,BHOLE GANESH SECURITIES LTD,500,376.1,188050.0,2025-08-12 14:45:10.127940
2025-08-12,11574,2025081201014663,SBL,Cristal Kanchanjanga Securites Pvt. Ltd.,Himalayan Brokerage Company Limited,10,377.0,3770.0,2025-08-12 14:45:25.091682
2025-08-12,11153,2025081201014766,SBL,Imperial Securities Company Pvt. Ltd.,Himalayan Brokerage Company Limited,90,376.0,33840.0,2025-08-12 14:45:58.572217
2025-08-12,10944,2025081201014807,SBL,Imperial Securities Company Pvt. Ltd.,Naasa Securities Co. Ltd.,642,376.0,241392.0,2025-08-12 14:46:18.475268
2025-08-12,10028,2025081201014965,SBL,Imperial Securities Company Pvt. Ltd.,Sweta Securities Private Limited,190,377.0,71630.0,2025-08-12 14:47:48.526833
2025-08-12,10027,2025081201014966,SBL,Imperial Securities Company Pvt. Ltd.,Imperial Securities Company Pvt. Ltd.,150,377.0,56550.0,2025-08-12 14:47:48.527009
2025-08-12,9964,2025081201014974,SBL,Cristal Kanchanjanga Securites Pvt. Ltd.,Sagarmatha Securities Private Limited,10,378.9,3789.0,2025-08-12 14:47:52.896590
2025-08-12,9920,2025081201014982,SBL,Imperial Securities Company Pvt. Ltd.,Sagarmatha Securities Private Limited,365,378.9,138298.5,2025-08-12 14:47:59.688017
2025-08-12,9919,2025081201014983,SBL,Imperial Securities Company Pvt. Ltd.,KALASH STOCK MARKET PVT. LTD.,100,378.9,37890.0,2025-08-12 14:47:59.688177
2025-08-12,9918,2025081201014984,SBL,Imperial Securities Company Pvt. Ltd.,Kohinoor Investment & Securities Pvt. Ltd.,243,380.0,92340.0,2025-08-12 14:47:59.688248
2025-08-12,9917,2025081201014985,SBL,Imperial Securities Company Pvt. Ltd.,Nepal Stock House (PVT) Ltd.,227,380.0,86260.0,2025-08-12 14:47:59.688314
2025-08-12,9916,2025081201014986,SBL,Imperial Securities Company Pvt. Ltd.,Thrive Brokerage House Pvt. Ltd,65,380.0,24700.0,2025-08-12 14:47:59.688377
2025-08-12,8909,2025081201015192,SBL,Sweta Securities Private Limited,Nepal Investment And Securities Trading Private Limited,100,379.9,37990.0,2025-08-12 14:49:50.361069
2025-08-12,8710,2025081201015237,SBL,Trishakti Securities Public Limited,Naasa Securities Co. Ltd.,112,377.1,42235.2,2025-08-12 14:50:13.016531
2025-08-12,8559,2025081201015262,SBL,Cristal Kanchanjanga Securites Pvt. Ltd.,Thrive Brokerage House Pvt. Ltd,10,380.0,3800.0,2025-08-12 14:50:28.802017
2025-08-12,8496,2025081201015284,SBL,Trishakti Securities Public Limited,Aryatara Investment & Securities,38,377.1,14329.8,2025-08-12 14:50:34.010562
2025-08-12,6592,2025081201015568,SBL,Primo Securities (PVT) Ltd.,Aryatara Investment & Securities,68,377.1,25642.8,2025-08-12 14:53:30.004085
2025-08-12,6350,2025081201015622,SBL,Imperial Securities Company Pvt. Ltd.,Naasa Securities Co. Ltd.,660,377.0,248820.0,2025-08-12 14:53:47.108803
2025-08-12,6349,2025081201015623,SBL,Dynamic Money Managers Securities Pvt. Ltd.,Naasa Securities Co. Ltd.,90,377.0,33930.0,2025-08-12 14:53:47.108888
2025-08-12,6142,2025081201015646,SBL,Dynamic Money Managers Securities Pvt. Ltd.,Trisul Securities & Invt. Ltd.,410,377.0,154570.0,2025-08-12 14:54:03.146890
2025-08-12,5720,2025081201015728,SBL,Imperial Securities Company Pvt. Ltd.,Sani Securities Company Ltd.,131,376.0,49256.0,2025-08-12 14:54:39.104330
2025-08-12,5300,2025081201015804,SBL,Imperial Securities Company Pvt. Ltd.,Midas Stock Broking Company Private Limited,100,376.0,37600.0,2025-08-12 14:55:11.089516
2025-08-12,4667,2025081201015890,SBL,Shree Krishna Securities Ltd.,Sani Securities Company Ltd.,1,370.0,370.0,2025-08-12 14:56:01.825991
2025-08-12,4140,2025081201016015,SBL,Cristal Kanchanjanga Securites Pvt. Ltd.,Aryatara Investment & Securities,17,377.0,6409.0,2025-08-12 14:56:40.205251
2025-08-12,4139,2025081201016016,SBL,Cristal Kanchanjanga Securites Pvt. Ltd.,Cristal Kanchanjanga Securites Pvt. Ltd.,10,378.0,3780.0,2025-08-12 14:56:40.205455
2025-08-12,3965,2025081201016059,SBL,Imperial Securities Company Pvt. Ltd.,Himalayan Brokerage Company Limited,37,376.0,13912.0,2025-08-12 14:56:52.786610
2025-08-12,3964,2025081201016060,SBL,Deevyaa Securities & Stock House Pvt. Ltd,Himalayan Brokerage Company Limited,100,376.0,37600.0,2025-08-12 14:56:52.786691
2025-08-12,3963,2025081201016061,SBL,Dipshikha Dhitopatra Karobar Co. Pvt Ltd.,Himalayan Brokerage Company Limited,200,376.0,75200.0,2025-08-12 14:56:52.786744
2025-08-12,3962,2025081201016062,SBL,Ashutosh Brokerage & Securities (PVT) Ltd.,Himalayan Brokerage Company Limited,200,376.0,75200.0,2025-08-12 14:56:52.786771
2025-08-12,3961,2025081201016063,SBL,Imperial Securities Company Pvt. Ltd.,Himalayan Brokerage Company Limited,500,375.5,187750.0,2025-08-12 14:56:52.786795
2025-08-12,3960,2025081201016064,SBL,Sri Hari Securities Pvt. Ltd.,Himalayan Brokerage Company Limited,1000,375.3,375300.0,2025-08-12 14:56:52.786820
2025-08-12,3959,2025081201016065,SBL,Imperial Securities Company Pvt. Ltd.,Himalayan Brokerage Company Limited,672,375.0,252000.0,2025-08-12 14:56:52.786862
2025-08-12,3958,2025081201016066,SBL,Vision Securities Pvt. Ltd,Himalayan Brokerage Company Limited,100,375.0,37500.0,2025-08-12 14:56:52.786889
2025-08-12,3957,2025081201016067,SBL,Aryatara Investment & Securities,Himalayan Brokerage Company Limited,100,375.0,37500.0,2025-08-12 14:56:52.786912
2025-08-12,3956,2025081201016068,SBL,Sani Securities Company Ltd.,Himalayan Brokerage Company Limited,35,375.0,13125.0,2025-08-12 14:56:52.786938
2025-08-12,3955,2025081201016069,SBL,Ashutosh Brokerage & Securities (PVT) Ltd.,Himalayan Brokerage Company Limited,56,375.0,21000.0,2025-08-12 14:56:52.786962
2025-08-12,2879,2025081201016300,SBL,Dakshinkali Investment & Securities Pvt. Ltd.,Investment Management Nepal Pvt. Ltd.,200,376.0,75200.0,2025-08-12 14:58:11.555100
2025-08-12,2878,2025081201016301,SBL,Property Wiard Limited,Investment Management Nepal Pvt. Ltd.,400,375.1,150040.0,2025-08-12 14:58:11.555258
2025-08-12,2429,2025081201016376,SBL,Dipshikha Dhitopatra Karobar Co. Pvt Ltd.,Secured Securities Ltd.,255,377.5,96262.5,2025-08-12 14:58:31.124049
2025-08-12,2428,2025081201016377,SBL,Dipshikha Dhitopatra Karobar Co. Pvt Ltd.,Arun Securities (PVT) Ltd.,295,377.5,111362.5,2025-08-12 14:58:31.124225
2025-08-12,2032,2025081201016440,SBL,S.P.S.A. Securities Limited,Trisul Securities & Invt. Ltd.,333,376.0,125208.0,2025-08-12 14:58:54.360477
2025-08-12,2031,2025081201016441,SBL,Property Wiard Limited,Trisul Securities & Invt. Ltd.,247,375.1,92649.7,2025-08-12 14:58:54.360652
2025-08-12,1088,2025081201016572,SBL,Property Wiard Limited,Thrive Brokerage House Pvt. Ltd,100,375.1,37510.0,2025-08-12 14:59:26.217367
2025-08-12,545,2025081201016678,SBL,Property Wiard Limited,Nepal Stock House (PVT) Ltd.,253,375.1,94900.3,2025-08-12 14:59:45.368555
2025-08-12,544,2025081201016679,SBL,S.P.S.A. Securities Limited,Nepal Stock House (PVT) Ltd.,333,375.1,124908.3,2025-08-12 14:59:45.368737
2025-08-12,76,2025081201016757,SBL,Cristal Kanchanjanga Securites Pvt. Ltd.,Nepal Stock House (PVT) Ltd.,20,375.1,7502.0,2025-08-12 14:59:58.708517
