Date,S.N.,Contract ID,Symbol,Buyer Broker,Seller Broker,quantity,rate,amount,transaction_time
2025-08-12,78201,2025081204000011,UMHL,Sumeru Securities Pvt. Ltd.,Naasa Securities Co. Ltd.,7657,582.0,4456374.0,2025-08-12 10:46:00.034482
2025-08-12,77842,2025081204000054,UMHL,Vision Securities Pvt. Ltd,Opal Securities Investment (PVT) Ltd.,20,584.0,11680.0,2025-08-12 11:01:39.800915
2025-08-12,77723,2025081204000069,UMHL,Malla & Malla Stock Broking Company Pvt. Limited,Cristal Kanchanjanga Securites Pvt. Ltd.,20,587.5,11750.0,2025-08-12 11:02:11.086588
2025-08-12,77501,2025081204000088,UMHL,Dakshinkali Investment & Securities Pvt. Ltd.,Sumeru Securities Pvt. Ltd.,50,585.0,29250.0,2025-08-12 11:02:57.013389
2025-08-12,77500,2025081204000089,UMHL,Imperial Securities Company Pvt. Ltd.,Sumeru Securities Pvt. Ltd.,10,585.0,5850.0,2025-08-12 11:02:57.013451
2025-08-12,77499,2025081204000090,UMHL,Midas Stock Broking Company Private Limited,Sumeru Securities Pvt. Ltd.,1000,584.5,584500.0,2025-08-12 11:02:57.013474
2025-08-12,77498,2025081204000091,UMHL,Aryatara Investment & Securities,Sumeru Securities Pvt. Ltd.,100,583.1,58310.0,2025-08-12 11:02:57.013501
2025-08-12,77497,2025081204000092,UMHL,Sundhara Securities Limited,Sumeru Securities Pvt. Ltd.,400,583.1,233240.0,2025-08-12 11:02:57.013525
2025-08-12,77496,2025081204000093,UMHL,Imperial Securities Company Pvt. Ltd.,Sumeru Securities Pvt. Ltd.,100,582.2,58220.0,2025-08-12 11:02:57.013556
2025-08-12,77495,2025081204000094,UMHL,Aryatara Investment & Securities,Sumeru Securities Pvt. Ltd.,1000,582.2,582200.0,2025-08-12 11:02:57.013576
2025-08-12,77494,2025081204000095,UMHL,KALASH STOCK MARKET PVT. LTD.,Sumeru Securities Pvt. Ltd.,200,582.2,116440.0,2025-08-12 11:02:57.013601
2025-08-12,77493,2025081204000096,UMHL,Imperial Securities Company Pvt. Ltd.,Sumeru Securities Pvt. Ltd.,10,582.1,5821.0,2025-08-12 11:02:57.013630
2025-08-12,77236,2025081204000144,UMHL,Aryatara Investment & Securities,Sumeru Securities Pvt. Ltd.,50,582.3,29115.0,2025-08-12 11:04:01.467683
2025-08-12,77235,2025081204000145,UMHL,Nagarik Stock Dealer ,Sumeru Securities Pvt. Ltd.,1000,582.3,582300.0,2025-08-12 11:04:01.467774
2025-08-12,77234,2025081204000146,UMHL,Vision Securities Pvt. Ltd,Sumeru Securities Pvt. Ltd.,350,582.2,203770.0,2025-08-12 11:04:01.467850
2025-08-12,77123,2025081204000158,UMHL,R.B.B. Securities Company Ltd,Sumeru Securities Pvt. Ltd.,200,582.5,116500.0,2025-08-12 11:04:28.640596
2025-08-12,77122,2025081204000159,UMHL,Market Securities & Exchange (PVT) Ltd.,Sumeru Securities Pvt. Ltd.,100,582.3,58230.0,2025-08-12 11:04:28.640662
2025-08-12,77121,2025081204000160,UMHL,Property Wiard Limited,Sumeru Securities Pvt. Ltd.,100,582.3,58230.0,2025-08-12 11:04:28.640688
2025-08-12,77120,2025081204000161,UMHL,Vision Securities Pvt. Ltd,Sumeru Securities Pvt. Ltd.,180,582.2,104796.0,2025-08-12 11:04:28.640710
2025-08-12,77119,2025081204000162,UMHL,Citizens Share Broker Limited,Sumeru Securities Pvt. Ltd.,300,582.2,174660.0,2025-08-12 11:04:28.640732
2025-08-12,77118,2025081204000163,UMHL,Imperial Securities Company Pvt. Ltd.,Sumeru Securities Pvt. Ltd.,100,582.2,58220.0,2025-08-12 11:04:28.640754
2025-08-12,77117,2025081204000164,UMHL,Imperial Securities Company Pvt. Ltd.,Sumeru Securities Pvt. Ltd.,10,582.2,5822.0,2025-08-12 11:04:28.640774
2025-08-12,77035,2025081204000173,UMHL,Shree Krishna Securities Ltd.,Capital Max Securities Ltd,800,583.1,466480.0,2025-08-12 11:04:48.930662
2025-08-12,76914,2025081204000191,UMHL,Sundhara Securities Limited,Capital Max Securities Ltd,50,583.3,29165.0,2025-08-12 11:05:14.129000
2025-08-12,76913,2025081204000192,UMHL,SUN SECURITIES PVT LTD,Capital Max Securities Ltd,400,583.2,233280.0,2025-08-12 11:05:14.129088
2025-08-12,76912,2025081204000193,UMHL,Online Securities Pvt. Ltd.,Capital Max Securities Ltd,50,583.2,29160.0,2025-08-12 11:05:14.129130
2025-08-12,76854,2025081204000215,UMHL,Vision Securities Pvt. Ltd,Capital Max Securities Ltd,30,584.0,17520.0,2025-08-12 11:05:29.194894
2025-08-12,76853,2025081204000216,UMHL,Online Securities Pvt. Ltd.,Capital Max Securities Ltd,75,583.2,43740.0,2025-08-12 11:05:29.194996
2025-08-12,76800,2025081204000230,UMHL,Sumeru Securities Pvt. Ltd.,Capital Max Securities Ltd,300,584.0,175200.0,2025-08-12 11:05:43.307156
2025-08-12,76799,2025081204000231,UMHL,Online Securities Pvt. Ltd.,Capital Max Securities Ltd,200,583.2,116640.0,2025-08-12 11:05:43.307254
2025-08-12,76779,2025081204000237,UMHL,R.B.B. Securities Company Ltd,Capital Max Securities Ltd,50,583.3,29165.0,2025-08-12 11:05:52.352018
2025-08-12,76778,2025081204000238,UMHL,Online Securities Pvt. Ltd.,Capital Max Securities Ltd,200,583.2,116640.0,2025-08-12 11:05:52.352065
2025-08-12,76777,2025081204000239,UMHL,SUN SECURITIES PVT LTD,Capital Max Securities Ltd,100,583.2,58320.0,2025-08-12 11:05:52.352092
2025-08-12,76457,2025081204000321,UMHL,Nepal Stock House (PVT) Ltd.,Capital Max Securities Ltd,350,584.0,204400.0,2025-08-12 11:07:14.712439
2025-08-12,76456,2025081204000322,UMHL,Imperial Securities Company Pvt. Ltd.,Capital Max Securities Ltd,100,583.5,58350.0,2025-08-12 11:07:14.712496
2025-08-12,76455,2025081204000323,UMHL,Aryatara Investment & Securities,Capital Max Securities Ltd,50,583.4,29170.0,2025-08-12 11:07:14.712524
2025-08-12,76454,2025081204000324,UMHL,Naasa Securities Co. Ltd.,Capital Max Securities Ltd,200,583.4,116680.0,2025-08-12 11:07:14.712548
2025-08-12,76453,2025081204000325,UMHL,Sewa Securities Pvt. Ltd.,Capital Max Securities Ltd,100,583.4,58340.0,2025-08-12 11:07:14.712570
2025-08-12,76316,2025081204000368,UMHL,R.B.B. Securities Company Ltd,Nepal Investment And Securities Trading Private Limited,50,583.6,29180.0,2025-08-12 11:07:46.030244
2025-08-12,76315,2025081204000369,UMHL,Capital Max Securities Ltd,Nepal Investment And Securities Trading Private Limited,500,583.5,291750.0,2025-08-12 11:07:46.030363
2025-08-12,76314,2025081204000370,UMHL,Capital Max Securities Ltd,Nepal Investment And Securities Trading Private Limited,450,583.4,262530.0,2025-08-12 11:07:46.030412
2025-08-12,76258,2025081204000390,UMHL,Capital Max Securities Ltd,Sajilo Broker Limited,109,586.0,63874.0,2025-08-12 11:07:58.962799
2025-08-12,76257,2025081204000391,UMHL,Capital Max Securities Ltd,Trisul Securities & Invt. Ltd.,10,587.0,5870.0,2025-08-12 11:07:58.962907
2025-08-12,76256,2025081204000392,UMHL,Capital Max Securities Ltd,Cristal Kanchanjanga Securites Pvt. Ltd.,50,587.5,29375.0,2025-08-12 11:07:58.962974
2025-08-12,76255,2025081204000393,UMHL,Capital Max Securities Ltd,Capital Max Securities Ltd,50,589.9,29495.0,2025-08-12 11:07:58.963036
2025-08-12,76254,2025081204000394,UMHL,Capital Max Securities Ltd,Citizens Share Broker Limited,200,589.9,117980.0,2025-08-12 11:07:58.963099
2025-08-12,76253,2025081204000395,UMHL,Capital Max Securities Ltd,Kohinoor Investment & Securities Pvt. Ltd.,500,590.0,295000.0,2025-08-12 11:07:58.963162
2025-08-12,76252,2025081204000396,UMHL,Capital Max Securities Ltd,Linch Stock Market Ltd.,499,590.0,294410.0,2025-08-12 11:07:58.963220
2025-08-12,76251,2025081204000397,UMHL,Capital Max Securities Ltd,Vision Securities Pvt. Ltd,400,591.9,236760.0,2025-08-12 11:07:58.963279
2025-08-12,76250,2025081204000398,UMHL,Capital Max Securities Ltd,NIMB Stock Markets Limited,300,592.8,177840.0,2025-08-12 11:07:58.963382
2025-08-12,76249,2025081204000399,UMHL,Capital Max Securities Ltd,Citizens Share Broker Limited,150,592.8,88920.0,2025-08-12 11:07:58.963444
2025-08-12,76248,2025081204000400,UMHL,Capital Max Securities Ltd,South Asian Bulls Pvt. Ltd.,100,592.9,59290.0,2025-08-12 11:07:58.963538
2025-08-12,76247,2025081204000401,UMHL,Capital Max Securities Ltd,Aryatara Investment & Securities,100,593.0,59300.0,2025-08-12 11:07:58.963614
2025-08-12,76246,2025081204000402,UMHL,Capital Max Securities Ltd,Citizens Share Broker Limited,300,593.4,178020.0,2025-08-12 11:07:58.963677
2025-08-12,76245,2025081204000403,UMHL,Capital Max Securities Ltd,Vision Securities Pvt. Ltd,600,593.6,356160.0,2025-08-12 11:07:58.963734
2025-08-12,76244,2025081204000404,UMHL,Capital Max Securities Ltd,Thrive Brokerage House Pvt. Ltd,100,593.8,59380.0,2025-08-12 11:07:58.963793
2025-08-12,76243,2025081204000405,UMHL,Capital Max Securities Ltd,Naasa Securities Co. Ltd.,100,594.0,59400.0,2025-08-12 11:07:58.963853
2025-08-12,76242,2025081204000406,UMHL,Capital Max Securities Ltd,Vision Securities Pvt. Ltd,500,594.7,297350.0,2025-08-12 11:07:58.963916
2025-08-12,76241,2025081204000407,UMHL,Capital Max Securities Ltd,SUN SECURITIES PVT LTD,200,594.8,118960.0,2025-08-12 11:07:58.963993
2025-08-12,76240,2025081204000408,UMHL,Capital Max Securities Ltd,Online Securities Pvt. Ltd.,50,594.8,29740.0,2025-08-12 11:07:58.964051
2025-08-12,76239,2025081204000409,UMHL,Capital Max Securities Ltd,Vision Securities Pvt. Ltd,500,594.8,297400.0,2025-08-12 11:07:58.964129
2025-08-12,76238,2025081204000410,UMHL,Capital Max Securities Ltd,Sumeru Securities Pvt. Ltd.,10,594.8,5948.0,2025-08-12 11:07:58.964197
2025-08-12,76237,2025081204000411,UMHL,Capital Max Securities Ltd,Deevyaa Securities & Stock House Pvt. Ltd,20,594.8,11896.0,2025-08-12 11:07:58.964253
2025-08-12,76236,2025081204000412,UMHL,Capital Max Securities Ltd,Capital Max Securities Ltd,500,594.8,297400.0,2025-08-12 11:07:58.964308
2025-08-12,76235,2025081204000413,UMHL,Capital Max Securities Ltd,Trishakti Securities Public Limited,800,594.8,475840.0,2025-08-12 11:07:58.964380
2025-08-12,76234,2025081204000414,UMHL,Capital Max Securities Ltd,Aryatara Investment & Securities,1000,594.8,594800.0,2025-08-12 11:07:58.964435
2025-08-12,76233,2025081204000415,UMHL,Capital Max Securities Ltd,Market Securities & Exchange (PVT) Ltd.,25,594.8,14870.0,2025-08-12 11:07:58.964489
2025-08-12,76232,2025081204000416,UMHL,Capital Max Securities Ltd,Dipshikha Dhitopatra Karobar Co. Pvt Ltd.,500,594.8,297400.0,2025-08-12 11:07:58.964544
2025-08-12,76231,2025081204000417,UMHL,Capital Max Securities Ltd,Opal Securities Investment (PVT) Ltd.,1000,594.8,594800.0,2025-08-12 11:07:58.964613
2025-08-12,76230,2025081204000418,UMHL,Capital Max Securities Ltd,Sani Securities Company Ltd.,100,594.8,59480.0,2025-08-12 11:07:58.964671
2025-08-12,76229,2025081204000419,UMHL,Capital Max Securities Ltd,Siprabi Securities Pvt. Ltd.,200,594.8,118960.0,2025-08-12 11:07:58.964755
2025-08-12,76228,2025081204000420,UMHL,Capital Max Securities Ltd,Sundhara Securities Limited,200,595.0,119000.0,2025-08-12 11:07:58.964813
2025-08-12,76227,2025081204000421,UMHL,Capital Max Securities Ltd,Premier Securities Company Ltd.,50,595.0,29750.0,2025-08-12 11:07:58.964871
2025-08-12,76226,2025081204000422,UMHL,Capital Max Securities Ltd,Opal Securities Investment (PVT) Ltd.,500,595.0,297500.0,2025-08-12 11:07:58.964931
2025-08-12,76225,2025081204000423,UMHL,Capital Max Securities Ltd,Deevyaa Securities & Stock House Pvt. Ltd,20,595.0,11900.0,2025-08-12 11:07:58.964990
2025-08-12,76224,2025081204000424,UMHL,Capital Max Securities Ltd,Garima Securities Limited,100,595.6,59560.0,2025-08-12 11:07:58.965060
2025-08-12,76223,2025081204000425,UMHL,Capital Max Securities Ltd,Kumari Securities Private Limited,100,597.0,59700.0,2025-08-12 11:07:58.965127
2025-08-12,76222,2025081204000426,UMHL,Capital Max Securities Ltd,Creative Securities Pvt Ltd,500,597.59,298795.0,2025-08-12 11:07:58.965238
2025-08-12,76221,2025081204000427,UMHL,Capital Max Securities Ltd,Primo Securities (PVT) Ltd.,100,598.2,59820.0,2025-08-12 11:07:58.965306
2025-08-12,76220,2025081204000428,UMHL,Capital Max Securities Ltd,Nepal Investment And Securities Trading Private Limited,30,599.0,17970.0,2025-08-12 11:07:58.965386
2025-08-12,76219,2025081204000429,UMHL,Capital Max Securities Ltd,Sumeru Securities Pvt. Ltd.,300,599.0,179700.0,2025-08-12 11:07:58.965461
2025-08-12,76218,2025081204000430,UMHL,Capital Max Securities Ltd,Sundhara Securities Limited,500,599.2,299600.0,2025-08-12 11:07:58.965524
2025-08-12,76217,2025081204000431,UMHL,Capital Max Securities Ltd,Opal Securities Investment (PVT) Ltd.,20,599.2,11984.0,2025-08-12 11:07:58.965619
2025-08-12,76216,2025081204000432,UMHL,Capital Max Securities Ltd,Asian Securities Private Ltd.,50,599.2,29960.0,2025-08-12 11:07:58.965683
2025-08-12,76215,2025081204000433,UMHL,Capital Max Securities Ltd,Asian Securities Private Ltd.,100,599.2,59920.0,2025-08-12 11:07:58.965746
2025-08-12,76214,2025081204000434,UMHL,Capital Max Securities Ltd,Sundhara Securities Limited,457,599.2,273834.4,2025-08-12 11:07:58.965809
2025-08-12,76213,2025081204000435,UMHL,Capital Max Securities Ltd,Sumeru Securities Pvt. Ltd.,50,583.4,29170.0,2025-08-12 11:07:59.228669
2025-08-12,76173,2025081204000441,UMHL,Capital Max Securities Ltd,Sani Securities Company Ltd.,10,595.0,5950.0,2025-08-12 11:08:14.022931
2025-08-12,76172,2025081204000442,UMHL,Capital Max Securities Ltd,Aryatara Investment & Securities,500,595.0,297500.0,2025-08-12 11:08:14.022986
2025-08-12,76171,2025081204000443,UMHL,Capital Max Securities Ltd,Capital Max Securities Ltd,30,595.0,17850.0,2025-08-12 11:08:14.023006
2025-08-12,76170,2025081204000444,UMHL,Capital Max Securities Ltd,Sundhara Securities Limited,343,599.2,205525.6,2025-08-12 11:08:14.023056
2025-08-12,76169,2025081204000445,UMHL,Capital Max Securities Ltd,Online Securities Pvt. Ltd.,50,599.2,29960.0,2025-08-12 11:08:14.023077
2025-08-12,76168,2025081204000446,UMHL,Capital Max Securities Ltd,Sri Hari Securities Pvt. Ltd.,29,600.0,17400.0,2025-08-12 11:08:14.023095
2025-08-12,76167,2025081204000447,UMHL,Imperial Securities Company Pvt. Ltd.,Sumeru Securities Pvt. Ltd.,50,583.5,29175.0,2025-08-12 11:08:14.296432
2025-08-12,75990,2025081204000479,UMHL,Imperial Securities Company Pvt. Ltd.,Sumeru Securities Pvt. Ltd.,50,583.5,29175.0,2025-08-12 11:08:59.499384
2025-08-12,75828,2025081204000499,UMHL,Imperial Securities Company Pvt. Ltd.,Capital Max Securities Ltd,300,583.9,175170.0,2025-08-12 11:09:27.163946
2025-08-12,75827,2025081204000500,UMHL,Trishakti Securities Public Limited,Capital Max Securities Ltd,600,583.8,350280.0,2025-08-12 11:09:27.163986
2025-08-12,75826,2025081204000501,UMHL,Citizens Share Broker Limited,Capital Max Securities Ltd,300,583.8,175140.0,2025-08-12 11:09:27.164009
2025-08-12,75825,2025081204000502,UMHL,Kumari Securities Private Limited,Capital Max Securities Ltd,1000,583.7,583700.0,2025-08-12 11:09:27.164040
2025-08-12,75824,2025081204000503,UMHL,Agrawal Securities (PVT) Ltd.,Capital Max Securities Ltd,100,583.6,58360.0,2025-08-12 11:09:27.164067
2025-08-12,75823,2025081204000504,UMHL,NIMB Stock Markets Limited,Capital Max Securities Ltd,150,583.6,87540.0,2025-08-12 11:09:27.164087
2025-08-12,75822,2025081204000505,UMHL,R.B.B. Securities Company Ltd,Capital Max Securities Ltd,50,583.6,29180.0,2025-08-12 11:09:27.164105
2025-08-12,75821,2025081204000506,UMHL,Capital Max Securities Ltd,Capital Max Securities Ltd,1000,583.6,583600.0,2025-08-12 11:09:27.164131
2025-08-12,75820,2025081204000507,UMHL,Imperial Securities Company Pvt. Ltd.,Capital Max Securities Ltd,100,583.5,58350.0,2025-08-12 11:09:27.164164
2025-08-12,75819,2025081204000508,UMHL,Capital Max Securities Ltd,Capital Max Securities Ltd,50,583.5,29175.0,2025-08-12 11:09:27.164186
2025-08-12,75818,2025081204000509,UMHL,Imperial Securities Company Pvt. Ltd.,Capital Max Securities Ltd,100,583.4,58340.0,2025-08-12 11:09:27.164209
2025-08-12,75709,2025081204000528,UMHL,Capital Max Securities Ltd,Online Securities Pvt. Ltd.,20,594.0,11880.0,2025-08-12 11:09:50.242945
2025-08-12,75708,2025081204000529,UMHL,Capital Max Securities Ltd,Capital Max Securities Ltd,10,594.0,5940.0,2025-08-12 11:09:50.243039
2025-08-12,75707,2025081204000530,UMHL,Capital Max Securities Ltd,Capital Max Securities Ltd,10,594.0,5940.0,2025-08-12 11:09:50.243115
2025-08-12,75706,2025081204000531,UMHL,Capital Max Securities Ltd,Kumari Securities Private Limited,50,594.8,29740.0,2025-08-12 11:09:50.243198
2025-08-12,75705,2025081204000532,UMHL,Capital Max Securities Ltd,Capital Max Securities Ltd,30,594.8,17844.0,2025-08-12 11:09:50.243275
2025-08-12,75704,2025081204000533,UMHL,Capital Max Securities Ltd,Nagarik Stock Dealer ,1000,594.8,594800.0,2025-08-12 11:09:50.243368
2025-08-12,75703,2025081204000534,UMHL,Capital Max Securities Ltd,SUN SECURITIES PVT LTD,1000,594.9,594900.0,2025-08-12 11:09:50.243443
2025-08-12,75702,2025081204000535,UMHL,Capital Max Securities Ltd,Dakshinkali Investment & Securities Pvt. Ltd.,1000,595.0,595000.0,2025-08-12 11:09:50.243513
2025-08-12,75701,2025081204000536,UMHL,Capital Max Securities Ltd,Naasa Securities Co. Ltd.,1000,595.0,595000.0,2025-08-12 11:09:50.243584
2025-08-12,75700,2025081204000537,UMHL,Capital Max Securities Ltd,Capital Max Securities Ltd,500,595.0,297500.0,2025-08-12 11:09:50.243673
2025-08-12,75699,2025081204000538,UMHL,Capital Max Securities Ltd,N.M.B. SECURITIES LIMITED,141,595.1,83909.1,2025-08-12 11:09:50.243746
2025-08-12,75697,2025081204000539,UMHL,Citizens Share Broker Limited,Sumeru Securities Pvt. Ltd.,50,584.0,29200.0,2025-08-12 11:09:50.705732
2025-08-12,75519,2025081204000579,UMHL,Nepal Investment And Securities Trading Private Limited,Capital Max Securities Ltd,30,584.3,17529.0,2025-08-12 11:10:35.395104
2025-08-12,75518,2025081204000580,UMHL,Imperial Securities Company Pvt. Ltd.,Capital Max Securities Ltd,250,584.3,146075.0,2025-08-12 11:10:35.395146
2025-08-12,75517,2025081204000581,UMHL,R.B.B. Securities Company Ltd,Capital Max Securities Ltd,100,584.2,58420.0,2025-08-12 11:10:35.395192
2025-08-12,75516,2025081204000582,UMHL,Online Securities Pvt. Ltd.,Capital Max Securities Ltd,150,584.1,87615.0,2025-08-12 11:10:35.395237
2025-08-12,75515,2025081204000583,UMHL,Citizens Share Broker Limited,Capital Max Securities Ltd,50,584.0,29200.0,2025-08-12 11:10:35.395264
2025-08-12,75514,2025081204000584,UMHL,K.B.L. Securities Limited ,Capital Max Securities Ltd,50,584.0,29200.0,2025-08-12 11:10:35.395307
2025-08-12,75513,2025081204000585,UMHL,Citizens Share Broker Limited,Capital Max Securities Ltd,200,583.5,116700.0,2025-08-12 11:10:35.395336
2025-08-12,75512,2025081204000586,UMHL,Trishakti Securities Public Limited,Capital Max Securities Ltd,170,583.4,99178.0,2025-08-12 11:10:35.395357
2025-08-12,75497,2025081204000587,UMHL,Citizens Share Broker Limited,Bhrikuti Stock Broking Co. Pvt. Ltd.,100,584.4,58440.0,2025-08-12 11:10:39.494914
2025-08-12,75473,2025081204000591,UMHL,Naasa Securities Co. Ltd.,Bhrikuti Stock Broking Co. Pvt. Ltd.,200,584.0,116800.0,2025-08-12 11:10:42.864363
2025-08-12,75469,2025081204000593,UMHL,Capital Max Securities Ltd,Naasa Securities Co. Ltd.,200,595.0,119000.0,2025-08-12 11:10:45.421609
2025-08-12,75468,2025081204000594,UMHL,Capital Max Securities Ltd,Aryatara Investment & Securities,500,595.6,297800.0,2025-08-12 11:10:45.421690
2025-08-12,75467,2025081204000595,UMHL,Capital Max Securities Ltd,Capital Max Securities Ltd,10,595.6,5956.0,2025-08-12 11:10:45.421713
2025-08-12,75465,2025081204000596,UMHL,Trishakti Securities Public Limited,Sumeru Securities Pvt. Ltd.,20,583.4,11668.0,2025-08-12 11:10:45.929138
2025-08-12,75419,2025081204000601,UMHL,Kumari Securities Private Limited,Capital Max Securities Ltd,1000,583.5,583500.0,2025-08-12 11:10:59.489361
2025-08-12,75418,2025081204000602,UMHL,Capital Max Securities Ltd,Capital Max Securities Ltd,500,583.5,291750.0,2025-08-12 11:10:59.489465
2025-08-12,75362,2025081204000617,UMHL,Capital Max Securities Ltd,Capital Max Securities Ltd,500,583.5,291750.0,2025-08-12 11:11:11.546604
2025-08-12,75361,2025081204000618,UMHL,Trishakti Securities Public Limited,Capital Max Securities Ltd,810,583.4,472554.0,2025-08-12 11:11:11.546665
2025-08-12,75330,2025081204000621,UMHL,Kohinoor Investment & Securities Pvt. Ltd.,Kumari Securities Private Limited,10,594.9,5949.0,2025-08-12 11:11:18.780119
2025-08-12,75302,2025081204000622,UMHL,Capital Max Securities Ltd,Sumeru Securities Pvt. Ltd.,50,585.0,29250.0,2025-08-12 11:11:25.121662
2025-08-12,75288,2025081204000628,UMHL,Magnet Securities and Investment Company Private Limited,Creative Securities Pvt Ltd,100,594.5,59450.0,2025-08-12 11:11:31.719039
2025-08-12,75273,2025081204000632,UMHL,Capital Max Securities Ltd,Sumeru Securities Pvt. Ltd.,50,585.0,29250.0,2025-08-12 11:11:36.165434
2025-08-12,74750,2025081204000757,UMHL,Vision Securities Pvt. Ltd,Capital Max Securities Ltd,30,586.0,17580.0,2025-08-12 11:13:35.059949
2025-08-12,74749,2025081204000758,UMHL,Aryatara Investment & Securities,Capital Max Securities Ltd,10,585.1,5851.0,2025-08-12 11:13:35.060056
2025-08-12,74748,2025081204000759,UMHL,Aryatara Investment & Securities,Capital Max Securities Ltd,10,585.1,5851.0,2025-08-12 11:13:35.060135
2025-08-12,74747,2025081204000760,UMHL,Aryatara Investment & Securities,Capital Max Securities Ltd,10,585.1,5851.0,2025-08-12 11:13:35.060202
2025-08-12,74746,2025081204000761,UMHL,Market Securities & Exchange (PVT) Ltd.,Capital Max Securities Ltd,250,585.1,146275.0,2025-08-12 11:13:35.060272
2025-08-12,74745,2025081204000762,UMHL,Miyo Securities Pvt Ltd,Capital Max Securities Ltd,190,585.1,111169.0,2025-08-12 11:13:35.060358
2025-08-12,74679,2025081204000787,UMHL,Capital Max Securities Ltd,Sajilo Broker Limited,100,590.0,59000.0,2025-08-12 11:13:54.120970
2025-08-12,74678,2025081204000788,UMHL,Capital Max Securities Ltd,Oxford Securities Pvt. Ltd.,200,590.0,118000.0,2025-08-12 11:13:54.121027
2025-08-12,74677,2025081204000789,UMHL,Capital Max Securities Ltd,Online Securities Pvt. Ltd.,10,592.9,5929.0,2025-08-12 11:13:54.121054
2025-08-12,74674,2025081204000790,UMHL,Miyo Securities Pvt Ltd,Sumeru Securities Pvt. Ltd.,10,585.1,5851.0,2025-08-12 11:13:54.784282
2025-08-12,74318,2025081204000893,UMHL,Cristal Kanchanjanga Securites Pvt. Ltd.,Nabil Stock Dealer Ltd.,50,590.0,29500.0,2025-08-12 11:15:25.786135
2025-08-12,74317,2025081204000894,UMHL,Cristal Kanchanjanga Securites Pvt. Ltd.,Online Securities Pvt. Ltd.,190,592.9,112651.0,2025-08-12 11:15:25.786194
2025-08-12,74316,2025081204000895,UMHL,Cristal Kanchanjanga Securites Pvt. Ltd.,Naasa Securities Co. Ltd.,10,593.0,5930.0,2025-08-12 11:15:25.786217
2025-08-12,74153,2025081204000943,UMHL,ABC Securities Private Limited,Sumeru Securities Pvt. Ltd.,20,585.2,11704.0,2025-08-12 11:15:53.323405
2025-08-12,74050,2025081204000965,UMHL,Trisul Securities & Invt. Ltd.,Capital Max Securities Ltd,65,585.5,38057.5,2025-08-12 11:16:18.688992
2025-08-12,74049,2025081204000966,UMHL,ABC Securities Private Limited,Capital Max Securities Ltd,80,585.2,46816.0,2025-08-12 11:16:18.689040
2025-08-12,74048,2025081204000967,UMHL,Nabil Stock Dealer Ltd.,Capital Max Securities Ltd,50,585.2,29260.0,2025-08-12 11:16:18.689068
2025-08-12,74047,2025081204000968,UMHL,Capital Max Securities Ltd,Capital Max Securities Ltd,1000,585.2,585200.0,2025-08-12 11:16:18.689092
2025-08-12,74046,2025081204000969,UMHL,Stoxkarts Securities Limited,Capital Max Securities Ltd,300,585.1,175530.0,2025-08-12 11:16:18.689118
2025-08-12,73399,2025081204001144,UMHL,ABC Securities Private Limited,Kohinoor Investment & Securities Pvt. Ltd.,200,589.8,117960.0,2025-08-12 11:18:37.947864
2025-08-12,73231,2025081204001174,UMHL,Capital Max Securities Ltd,Thrive Brokerage House Pvt. Ltd,110,589.7,64867.0,2025-08-12 11:19:13.459466
2025-08-12,73230,2025081204001175,UMHL,Capital Max Securities Ltd,Kohinoor Investment & Securities Pvt. Ltd.,800,589.8,471840.0,2025-08-12 11:19:13.459520
2025-08-12,73229,2025081204001176,UMHL,Capital Max Securities Ltd,Deevyaa Securities & Stock House Pvt. Ltd,108,590.0,63720.0,2025-08-12 11:19:13.459547
2025-08-12,73228,2025081204001177,UMHL,Capital Max Securities Ltd,Thrive Brokerage House Pvt. Ltd,82,592.4,48576.8,2025-08-12 11:19:13.459571
2025-08-12,73170,2025081204001185,UMHL,Capital Max Securities Ltd,Thrive Brokerage House Pvt. Ltd,68,592.4,40283.2,2025-08-12 11:19:21.489271
2025-08-12,73169,2025081204001186,UMHL,Capital Max Securities Ltd,Trishakti Securities Public Limited,100,592.4,59240.0,2025-08-12 11:19:21.489349
2025-08-12,73168,2025081204001187,UMHL,Capital Max Securities Ltd,Trishakti Securities Public Limited,222,592.8,131601.6,2025-08-12 11:19:21.489379
2025-08-12,73167,2025081204001188,UMHL,Capital Max Securities Ltd,Online Securities Pvt. Ltd.,500,592.9,296450.0,2025-08-12 11:19:21.489404
2025-08-12,73166,2025081204001189,UMHL,Capital Max Securities Ltd,Naasa Securities Co. Ltd.,110,593.0,65230.0,2025-08-12 11:19:21.489436
2025-08-12,72833,2025081204001253,UMHL,Prabhu Stock Market Limited,Capital Max Securities Ltd,500,586.2,293100.0,2025-08-12 11:20:16.699670
2025-08-12,72832,2025081204001254,UMHL,Sewa Securities Pvt. Ltd.,Capital Max Securities Ltd,300,586.1,175830.0,2025-08-12 11:20:16.699744
2025-08-12,72715,2025081204001270,UMHL,Sewa Securities Pvt. Ltd.,Capital Max Securities Ltd,550,586.1,322355.0,2025-08-12 11:20:33.757428
2025-08-12,71859,2025081204001517,UMHL,Capital Max Securities Ltd,Creative Securities Pvt Ltd,200,588.1,117620.0,2025-08-12 11:23:03.529493
2025-08-12,71858,2025081204001518,UMHL,Capital Max Securities Ltd,Creative Securities Pvt Ltd,800,588.0,470400.0,2025-08-12 11:23:03.529859
2025-08-12,71711,2025081204001569,UMHL,Cristal Kanchanjanga Securites Pvt. Ltd.,Trisul Securities & Invt. Ltd.,88,590.0,51920.0,2025-08-12 11:23:26.089806
2025-08-12,71710,2025081204001570,UMHL,Cristal Kanchanjanga Securites Pvt. Ltd.,Thrive Brokerage House Pvt. Ltd,12,592.0,7104.0,2025-08-12 11:23:26.089866
2025-08-12,70864,2025081204001789,UMHL,Capital Max Securities Ltd,Imperial Securities Company Pvt. Ltd.,100,589.9,58990.0,2025-08-12 11:25:36.926882
2025-08-12,70863,2025081204001790,UMHL,Capital Max Securities Ltd,Oxford Securities Pvt. Ltd.,100,590.0,59000.0,2025-08-12 11:25:36.926939
2025-08-12,70862,2025081204001791,UMHL,Capital Max Securities Ltd,Capital Max Securities Ltd,10,591.8,5918.0,2025-08-12 11:25:36.926967
2025-08-12,70323,2025081204001949,UMHL,Capital Max Securities Ltd,Nepal Stock House (PVT) Ltd.,40,590.8,23632.0,2025-08-12 11:26:52.165243
2025-08-12,70322,2025081204001950,UMHL,Capital Max Securities Ltd,Cristal Kanchanjanga Securites Pvt. Ltd.,10,591.0,5910.0,2025-08-12 11:26:52.165322
2025-08-12,70059,2025081204002001,UMHL,Capital Max Securities Ltd,Thrive Brokerage House Pvt. Ltd,188,590.0,110920.0,2025-08-12 11:27:31.307411
2025-08-12,70058,2025081204002002,UMHL,Capital Max Securities Ltd,SUN SECURITIES PVT LTD,10,590.0,5900.0,2025-08-12 11:27:31.307510
2025-08-12,69962,2025081204002025,UMHL,Agrawal Securities (PVT) Ltd.,Capital Max Securities Ltd,250,588.5,147125.0,2025-08-12 11:27:44.347977
2025-08-12,69961,2025081204002026,UMHL,SUN SECURITIES PVT LTD,Capital Max Securities Ltd,40,588.4,23536.0,2025-08-12 11:27:44.348052
2025-08-12,69960,2025081204002027,UMHL,SUN SECURITIES PVT LTD,Capital Max Securities Ltd,100,588.3,58830.0,2025-08-12 11:27:44.348078
2025-08-12,69959,2025081204002028,UMHL,SUN SECURITIES PVT LTD,Capital Max Securities Ltd,100,588.2,58820.0,2025-08-12 11:27:44.348105
2025-08-12,69958,2025081204002029,UMHL,KALASH STOCK MARKET PVT. LTD.,Capital Max Securities Ltd,500,588.1,294050.0,2025-08-12 11:27:44.348129
2025-08-12,69842,2025081204002057,UMHL,Capital Max Securities Ltd,Bhrikuti Stock Broking Co. Pvt. Ltd.,50,588.2,29410.0,2025-08-12 11:28:12.459927
2025-08-12,69841,2025081204002058,UMHL,Capital Max Securities Ltd,Bhrikuti Stock Broking Co. Pvt. Ltd.,150,588.0,88200.0,2025-08-12 11:28:12.460159
2025-08-12,69688,2025081204002100,UMHL,Online Securities Pvt. Ltd.,SUN SECURITIES PVT LTD,338,590.0,199420.0,2025-08-12 11:28:35.385628
2025-08-12,69277,2025081204002169,UMHL,Sani Securities Company Ltd.,SUN SECURITIES PVT LTD,100,590.0,59000.0,2025-08-12 11:29:32.933303
2025-08-12,69235,2025081204002182,UMHL,Capital Max Securities Ltd,Agrawal Securities (PVT) Ltd.,50,588.0,29400.0,2025-08-12 11:29:37.959616
2025-08-12,68927,2025081204002238,UMHL,Capital Max Securities Ltd,Agrawal Securities (PVT) Ltd.,250,587.1,146775.0,2025-08-12 11:30:18.309644
2025-08-12,68890,2025081204002247,UMHL,Capital Max Securities Ltd,Nepal Stock House (PVT) Ltd.,200,587.0,117400.0,2025-08-12 11:30:23.846805
2025-08-12,68823,2025081204002259,UMHL,Capital Max Securities Ltd,Cristal Kanchanjanga Securites Pvt. Ltd.,120,587.0,70440.0,2025-08-12 11:30:33.949383
2025-08-12,68794,2025081204002260,UMHL,Capital Max Securities Ltd,Sani Securities Company Ltd.,180,587.0,105660.0,2025-08-12 11:30:37.953154
2025-08-12,68793,2025081204002261,UMHL,Capital Max Securities Ltd,Sani Securities Company Ltd.,820,586.2,480684.0,2025-08-12 11:30:37.953258
2025-08-12,68755,2025081204002276,UMHL,Sundhara Securities Limited,Asian Securities Private Ltd.,100,587.0,58700.0,2025-08-12 11:30:45.503687
2025-08-12,68437,2025081204002358,UMHL,Capital Max Securities Ltd,Asian Securities Private Ltd.,274,587.0,160838.0,2025-08-12 11:31:39.191462
2025-08-12,68436,2025081204002359,UMHL,Capital Max Securities Ltd,Sajilo Broker Limited,100,587.0,58700.0,2025-08-12 11:31:39.191587
2025-08-12,68435,2025081204002360,UMHL,Capital Max Securities Ltd,Agrawal Securities (PVT) Ltd.,200,589.9,117980.0,2025-08-12 11:31:39.191667
2025-08-12,68434,2025081204002361,UMHL,Capital Max Securities Ltd,SUN SECURITIES PVT LTD,52,590.0,30680.0,2025-08-12 11:31:39.191742
2025-08-12,68433,2025081204002362,UMHL,Capital Max Securities Ltd,Online Securities Pvt. Ltd.,174,590.0,102660.0,2025-08-12 11:31:39.191815
2025-08-12,68393,2025081204002374,UMHL,Capital Max Securities Ltd,Online Securities Pvt. Ltd.,51,590.0,30090.0,2025-08-12 11:31:46.247280
2025-08-12,68392,2025081204002375,UMHL,Capital Max Securities Ltd,SHUBHAKAMANA SECURITIES PVT. LTD,100,590.9,59090.0,2025-08-12 11:31:46.247372
2025-08-12,68391,2025081204002376,UMHL,Capital Max Securities Ltd,Trishakti Securities Public Limited,100,590.9,59090.0,2025-08-12 11:31:46.247409
2025-08-12,68390,2025081204002377,UMHL,Capital Max Securities Ltd,SUN SECURITIES PVT LTD,10,591.0,5910.0,2025-08-12 11:31:46.247435
2025-08-12,68015,2025081204002453,UMHL,Naasa Securities Co. Ltd.,SUN SECURITIES PVT LTD,50,591.0,29550.0,2025-08-12 11:32:51.198634
2025-08-12,67605,2025081204002561,UMHL,SUN SECURITIES PVT LTD,Sani Securities Company Ltd.,200,586.5,117300.0,2025-08-12 11:33:55.455470
2025-08-12,67124,2025081204002640,UMHL,SUN SECURITIES PVT LTD,Citizens Share Broker Limited,386,586.5,226389.0,2025-08-12 11:35:17.848611
2025-08-12,67123,2025081204002641,UMHL,Nagarik Stock Dealer ,Citizens Share Broker Limited,1614,586.4,946449.6,2025-08-12 11:35:17.848888
2025-08-12,66970,2025081204002669,UMHL,Oxford Securities Pvt. Ltd.,Imperial Securities Company Pvt. Ltd.,100,586.5,58650.0,2025-08-12 11:35:45.949863
2025-08-12,66488,2025081204002791,UMHL,Oxford Securities Pvt. Ltd.,Capital Max Securities Ltd,800,586.5,469200.0,2025-08-12 11:37:01.379778
2025-08-12,66213,2025081204002836,UMHL,Nagarik Stock Dealer ,NIMB Stock Markets Limited,1500,586.6,879900.0,2025-08-12 11:37:46.860374
2025-08-12,66090,2025081204002865,UMHL,Nagarik Stock Dealer ,Bhrikuti Stock Broking Co. Pvt. Ltd.,200,586.6,117320.0,2025-08-12 11:38:09.936207
2025-08-12,65932,2025081204002892,UMHL,Prabhu Stock Market Limited,Capital Max Securities Ltd,400,586.7,234680.0,2025-08-12 11:38:34.704499
2025-08-12,65668,2025081204002950,UMHL,Sani Securities Company Ltd.,Sumeru Securities Pvt. Ltd.,236,588.0,138768.0,2025-08-12 11:39:18.716155
2025-08-12,64814,2025081204003179,UMHL,Dipshikha Dhitopatra Karobar Co. Pvt Ltd.,Sumeru Securities Pvt. Ltd.,30,588.0,17640.0,2025-08-12 11:42:04.008864
2025-08-12,64664,2025081204003225,UMHL,Prabhu Stock Market Limited,Citizens Share Broker Limited,100,586.7,58670.0,2025-08-12 11:42:24.116634
2025-08-12,64663,2025081204003226,UMHL,Sundhara Securities Limited,Citizens Share Broker Limited,100,586.7,58670.0,2025-08-12 11:42:24.116939
2025-08-12,64662,2025081204003227,UMHL,Nagarik Stock Dealer ,Citizens Share Broker Limited,1800,586.6,1055880.0,2025-08-12 11:42:24.117043
2025-08-12,64503,2025081204003257,UMHL,Nagarik Stock Dealer ,Bhrikuti Stock Broking Co. Pvt. Ltd.,1000,586.6,586600.0,2025-08-12 11:42:53.047193
2025-08-12,64328,2025081204003340,UMHL,Agrawal Securities (PVT) Ltd.,ABC Securities Private Limited,700,587.5,411250.0,2025-08-12 11:43:19.344199
2025-08-12,63984,2025081204003429,UMHL,Dipshikha Dhitopatra Karobar Co. Pvt Ltd.,Magnet Securities and Investment Company Private Limited,35,587.5,20562.5,2025-08-12 11:44:19.789574
2025-08-12,63983,2025081204003430,UMHL,Nagarik Stock Dealer ,Magnet Securities and Investment Company Private Limited,215,586.6,126119.0,2025-08-12 11:44:19.789846
2025-08-12,63767,2025081204003484,UMHL,Prabhu Stock Market Limited,Capital Max Securities Ltd,500,587.0,293500.0,2025-08-12 11:44:54.280204
2025-08-12,63766,2025081204003485,UMHL,Aryatara Investment & Securities,Capital Max Securities Ltd,100,586.7,58670.0,2025-08-12 11:44:54.280337
2025-08-12,63731,2025081204003490,UMHL,Arun Securities (PVT) Ltd.,Bhrikuti Stock Broking Co. Pvt. Ltd.,100,587.5,58750.0,2025-08-12 11:44:59.041077
2025-08-12,63652,2025081204003510,UMHL,Capital Max Securities Ltd,Bhrikuti Stock Broking Co. Pvt. Ltd.,25,587.5,14687.5,2025-08-12 11:45:14.347359
2025-08-12,63651,2025081204003511,UMHL,Capital Max Securities Ltd,Sumeru Securities Pvt. Ltd.,34,588.0,19992.0,2025-08-12 11:45:14.347468
2025-08-12,63650,2025081204003512,UMHL,Capital Max Securities Ltd,Himalayan Brokerage Company Limited,300,588.0,176400.0,2025-08-12 11:45:14.347539
2025-08-12,63649,2025081204003513,UMHL,Capital Max Securities Ltd,Creative Securities Pvt Ltd,41,588.8,24140.8,2025-08-12 11:45:14.347602
2025-08-12,63452,2025081204003544,UMHL,Sewa Securities Pvt. Ltd.,Capital Max Securities Ltd,13,587.0,7631.0,2025-08-12 11:45:45.476803
2025-08-12,63451,2025081204003545,UMHL,Aryatara Investment & Securities,Capital Max Securities Ltd,35,586.7,20534.5,2025-08-12 11:45:45.476907
2025-08-12,63450,2025081204003546,UMHL,Market Securities & Exchange (PVT) Ltd.,Capital Max Securities Ltd,500,586.7,293350.0,2025-08-12 11:45:45.476973
2025-08-12,63449,2025081204003547,UMHL,Nagarik Stock Dealer ,Capital Max Securities Ltd,1452,586.6,851743.2,2025-08-12 11:45:45.477048
2025-08-12,63276,2025081204003580,UMHL,Dipshikha Dhitopatra Karobar Co. Pvt Ltd.,Opal Securities Investment (PVT) Ltd.,2,585.5,1171.0,2025-08-12 11:46:25.526796
2025-08-12,63091,2025081204003619,UMHL,Trisul Securities & Invt. Ltd.,Creative Securities Pvt Ltd,459,588.8,270259.2,2025-08-12 11:46:54.873298
2025-08-12,63090,2025081204003620,UMHL,Trisul Securities & Invt. Ltd.,Dynamic Money Managers Securities Pvt. Ltd.,100,588.8,58880.0,2025-08-12 11:46:54.873378
2025-08-12,63089,2025081204003621,UMHL,Trisul Securities & Invt. Ltd.,Citizens Share Broker Limited,3000,589.0,1767000.0,2025-08-12 11:46:54.873410
2025-08-12,63088,2025081204003622,UMHL,Trisul Securities & Invt. Ltd.,Dynamic Money Managers Securities Pvt. Ltd.,100,589.0,58900.0,2025-08-12 11:46:54.873437
2025-08-12,63087,2025081204003623,UMHL,Trisul Securities & Invt. Ltd.,Himalayan Brokerage Company Limited,300,589.0,176700.0,2025-08-12 11:46:54.873463
2025-08-12,63086,2025081204003624,UMHL,Trisul Securities & Invt. Ltd.,Himalayan Brokerage Company Limited,300,589.0,176700.0,2025-08-12 11:46:54.873492
2025-08-12,63085,2025081204003625,UMHL,Trisul Securities & Invt. Ltd.,SUN SECURITIES PVT LTD,741,589.9,437115.9,2025-08-12 11:46:54.873517
2025-08-12,62990,2025081204003638,UMHL,Trisul Securities & Invt. Ltd.,SUN SECURITIES PVT LTD,99,589.9,58400.1,2025-08-12 11:47:09.937440
2025-08-12,62989,2025081204003639,UMHL,Trisul Securities & Invt. Ltd.,Citizens Share Broker Limited,101,590.0,59590.0,2025-08-12 11:47:09.937540
2025-08-12,62760,2025081204003676,UMHL,Sani Securities Company Ltd.,Capital Max Securities Ltd,100,588.0,58800.0,2025-08-12 11:47:42.943228
2025-08-12,62759,2025081204003677,UMHL,Trishakti Securities Public Limited,Capital Max Securities Ltd,200,587.2,117440.0,2025-08-12 11:47:42.943305
2025-08-12,62758,2025081204003678,UMHL,Sani Securities Company Ltd.,Capital Max Securities Ltd,100,587.1,58710.0,2025-08-12 11:47:42.943366
2025-08-12,62757,2025081204003679,UMHL,Arun Securities (PVT) Ltd.,Capital Max Securities Ltd,100,587.1,58710.0,2025-08-12 11:47:42.943392
2025-08-12,62756,2025081204003680,UMHL,SUN SECURITIES PVT LTD,Capital Max Securities Ltd,1000,587.1,587100.0,2025-08-12 11:47:42.943415
2025-08-12,62572,2025081204003736,UMHL,Capital Max Securities Ltd,Citizens Share Broker Limited,50,590.0,29500.0,2025-08-12 11:48:11.047318
2025-08-12,62522,2025081204003755,UMHL,Capital Max Securities Ltd,Citizens Share Broker Limited,100,590.0,59000.0,2025-08-12 11:48:20.082984
2025-08-12,62396,2025081204003789,UMHL,SUN SECURITIES PVT LTD,Capital Max Securities Ltd,500,588.0,294000.0,2025-08-12 11:48:45.341438
2025-08-12,62395,2025081204003790,UMHL,Secured Securities Ltd.,Capital Max Securities Ltd,100,588.0,58800.0,2025-08-12 11:48:45.341500
2025-08-12,62286,2025081204003805,UMHL,Capital Max Securities Ltd,Citizens Share Broker Limited,100,590.0,59000.0,2025-08-12 11:48:59.397825
2025-08-12,62156,2025081204003838,UMHL,Bhrikuti Stock Broking Co. Pvt. Ltd.,Citizens Share Broker Limited,949,590.0,559910.0,2025-08-12 11:49:21.936925
2025-08-12,62155,2025081204003839,UMHL,Bhrikuti Stock Broking Co. Pvt. Ltd.,Kohinoor Investment & Securities Pvt. Ltd.,51,590.0,30090.0,2025-08-12 11:49:21.937264
2025-08-12,62151,2025081204003840,UMHL,Citizens Share Broker Limited,Bhrikuti Stock Broking Co. Pvt. Ltd.,50,588.1,29405.0,2025-08-12 11:49:22.947334
2025-08-12,62150,2025081204003841,UMHL,Agrawal Securities (PVT) Ltd.,Bhrikuti Stock Broking Co. Pvt. Ltd.,25,588.1,14702.5,2025-08-12 11:49:22.947609
2025-08-12,61905,2025081204003883,UMHL,Agrawal Securities (PVT) Ltd.,Sweta Securities Private Limited,25,589.0,14725.0,2025-08-12 11:50:00.621843
2025-08-12,61842,2025081204003896,UMHL,Sewa Securities Pvt. Ltd.,Imperial Securities Company Pvt. Ltd.,30,588.5,17655.0,2025-08-12 11:50:17.483137
2025-08-12,61816,2025081204003903,UMHL,Capital Max Securities Ltd,Sweta Securities Private Limited,65,589.0,38285.0,2025-08-12 11:50:27.862813
2025-08-12,61721,2025081204003923,UMHL,Capital Max Securities Ltd,Sweta Securities Private Limited,60,589.0,35340.0,2025-08-12 11:50:38.721584
2025-08-12,61720,2025081204003924,UMHL,Capital Max Securities Ltd,Kohinoor Investment & Securities Pvt. Ltd.,10,590.0,5900.0,2025-08-12 11:50:38.721677
2025-08-12,61493,2025081204003952,UMHL,Sewa Securities Pvt. Ltd.,Asian Securities Private Ltd.,55,588.5,32367.5,2025-08-12 11:51:27.341223
2025-08-12,61482,2025081204003956,UMHL,Trishakti Securities Public Limited,Kohinoor Investment & Securities Pvt. Ltd.,539,590.0,318010.0,2025-08-12 11:51:28.866668
2025-08-12,61481,2025081204003957,UMHL,Trishakti Securities Public Limited,Online Securities Pvt. Ltd.,32,590.0,18880.0,2025-08-12 11:51:28.867193
2025-08-12,61480,2025081204003958,UMHL,Trishakti Securities Public Limited,Kohinoor Investment & Securities Pvt. Ltd.,220,590.0,129800.0,2025-08-12 11:51:28.867553
2025-08-12,61479,2025081204003959,UMHL,Trishakti Securities Public Limited,Imperial Securities Company Pvt. Ltd.,35,590.0,20650.0,2025-08-12 11:51:28.867884
2025-08-12,61478,2025081204003960,UMHL,Trishakti Securities Public Limited,Online Securities Pvt. Ltd.,100,590.0,59000.0,2025-08-12 11:51:28.868251
2025-08-12,61477,2025081204003961,UMHL,Trishakti Securities Public Limited,Trishakti Securities Public Limited,120,590.0,70800.0,2025-08-12 11:51:28.868601
2025-08-12,61476,2025081204003962,UMHL,Trishakti Securities Public Limited,Kohinoor Investment & Securities Pvt. Ltd.,200,590.0,118000.0,2025-08-12 11:51:28.868937
2025-08-12,61475,2025081204003963,UMHL,Trishakti Securities Public Limited,Sumeru Securities Pvt. Ltd.,254,590.0,149860.0,2025-08-12 11:51:28.869273
2025-08-12,61315,2025081204003998,UMHL,Sewa Securities Pvt. Ltd.,Sri Hari Securities Pvt. Ltd.,65,588.5,38252.5,2025-08-12 11:51:57.638561
2025-08-12,61314,2025081204003999,UMHL,Property Wiard Limited,Sri Hari Securities Pvt. Ltd.,100,588.1,58810.0,2025-08-12 11:51:57.638932
2025-08-12,61313,2025081204004000,UMHL,Capital Max Securities Ltd,Sri Hari Securities Pvt. Ltd.,834,588.0,490392.0,2025-08-12 11:51:57.639071
2025-08-12,61277,2025081204004014,UMHL,Capital Max Securities Ltd,Asian Securities Private Ltd.,108,588.0,63504.0,2025-08-12 11:52:03.527072
2025-08-12,61091,2025081204004051,UMHL,Trisul Securities & Invt. Ltd.,Cristal Kanchanjanga Securites Pvt. Ltd.,21,589.0,12369.0,2025-08-12 11:52:38.545450
2025-08-12,61090,2025081204004052,UMHL,Trisul Securities & Invt. Ltd.,Sumeru Securities Pvt. Ltd.,281,590.0,165790.0,2025-08-12 11:52:38.545552
2025-08-12,61089,2025081204004053,UMHL,Trisul Securities & Invt. Ltd.,Capital Max Securities Ltd,100,590.0,59000.0,2025-08-12 11:52:38.545626
2025-08-12,61088,2025081204004054,UMHL,Trisul Securities & Invt. Ltd.,Sani Securities Company Ltd.,500,590.0,295000.0,2025-08-12 11:52:38.545698
2025-08-12,61087,2025081204004055,UMHL,Trisul Securities & Invt. Ltd.,Premier Securities Company Ltd.,500,590.8,295400.0,2025-08-12 11:52:38.545781
2025-08-12,61086,2025081204004056,UMHL,Trisul Securities & Invt. Ltd.,Opal Securities Investment (PVT) Ltd.,110,591.0,65010.0,2025-08-12 11:52:38.545859
2025-08-12,61085,2025081204004057,UMHL,Trisul Securities & Invt. Ltd.,Sani Securities Company Ltd.,100,591.0,59100.0,2025-08-12 11:52:38.545932
2025-08-12,61084,2025081204004058,UMHL,Trisul Securities & Invt. Ltd.,Imperial Securities Company Pvt. Ltd.,217,591.0,128247.0,2025-08-12 11:52:38.546004
2025-08-12,61083,2025081204004059,UMHL,Trisul Securities & Invt. Ltd.,Market Securities & Exchange (PVT) Ltd.,171,591.0,101061.0,2025-08-12 11:52:38.546074
2025-08-12,60835,2025081204004148,UMHL,Vision Securities Pvt. Ltd,SUN SECURITIES PVT LTD,50,590.9,29545.0,2025-08-12 11:53:34.842136
2025-08-12,60299,2025081204004280,UMHL,Capital Max Securities Ltd,Deevyaa Securities & Stock House Pvt. Ltd,250,588.1,147025.0,2025-08-12 11:55:31.434798
2025-08-12,60298,2025081204004281,UMHL,Capital Max Securities Ltd,Deevyaa Securities & Stock House Pvt. Ltd,250,588.0,147000.0,2025-08-12 11:55:31.435082
2025-08-12,59981,2025081204004363,UMHL,Capital Max Securities Ltd,Dynamic Money Managers Securities Pvt. Ltd.,222,589.0,130758.0,2025-08-12 11:56:25.486696
2025-08-12,59967,2025081204004373,UMHL,Capital Max Securities Ltd,Premier Securities Company Ltd.,200,590.8,118160.0,2025-08-12 11:56:30.120181
2025-08-12,59966,2025081204004374,UMHL,Capital Max Securities Ltd,SUN SECURITIES PVT LTD,10,590.9,5909.0,2025-08-12 11:56:30.120234
2025-08-12,59868,2025081204004403,UMHL,Secured Securities Ltd.,Premier Securities Company Ltd.,100,590.8,59080.0,2025-08-12 11:56:55.721410
2025-08-12,59649,2025081204004451,UMHL,Capital Max Securities Ltd,Market Securities & Exchange (PVT) Ltd.,200,591.0,118200.0,2025-08-12 11:57:46.575406
2025-08-12,59569,2025081204004466,UMHL,Capital Max Securities Ltd,Trisul Securities & Invt. Ltd.,10,590.9,5909.0,2025-08-12 11:58:03.449386
2025-08-12,59568,2025081204004467,UMHL,Capital Max Securities Ltd,Market Securities & Exchange (PVT) Ltd.,10,591.0,5910.0,2025-08-12 11:58:03.449456
2025-08-12,59116,2025081204004528,UMHL,Trisul Securities & Invt. Ltd.,Market Securities & Exchange (PVT) Ltd.,619,591.0,365829.0,2025-08-12 11:59:29.286019
2025-08-12,59115,2025081204004529,UMHL,Trisul Securities & Invt. Ltd.,Naasa Securities Co. Ltd.,200,591.0,118200.0,2025-08-12 11:59:29.286594
2025-08-12,59114,2025081204004530,UMHL,Trisul Securities & Invt. Ltd.,Oxford Securities Pvt. Ltd.,100,591.0,59100.0,2025-08-12 11:59:29.286978
2025-08-12,59113,2025081204004531,UMHL,Trisul Securities & Invt. Ltd.,Secured Securities Ltd.,15,591.0,8865.0,2025-08-12 11:59:29.287329
2025-08-12,59112,2025081204004532,UMHL,Trisul Securities & Invt. Ltd.,Midas Stock Broking Company Private Limited,66,591.0,39006.0,2025-08-12 11:59:29.287700
2025-08-12,58822,2025081204004591,UMHL,Siprabi Securities Pvt. Ltd.,Midas Stock Broking Company Private Limited,338,591.0,199758.0,2025-08-12 12:00:23.815713
2025-08-12,58821,2025081204004592,UMHL,Siprabi Securities Pvt. Ltd.,Midas Stock Broking Company Private Limited,62,591.0,36642.0,2025-08-12 12:00:23.816376
2025-08-12,58731,2025081204004612,UMHL,Naasa Securities Co. Ltd.,Midas Stock Broking Company Private Limited,267,591.0,157797.0,2025-08-12 12:00:56.363482
2025-08-12,58582,2025081204004636,UMHL,Citizens Share Broker Limited,Dynamic Money Managers Securities Pvt. Ltd.,7,594.0,4158.0,2025-08-12 12:01:35.875706
2025-08-12,58559,2025081204004641,UMHL,SUN SECURITIES PVT LTD,Midas Stock Broking Company Private Limited,171,591.0,101061.0,2025-08-12 12:01:40.688624
2025-08-12,58558,2025081204004642,UMHL,SUN SECURITIES PVT LTD,Capital Max Securities Ltd,100,591.0,59100.0,2025-08-12 12:01:40.688696
2025-08-12,58557,2025081204004643,UMHL,SUN SECURITIES PVT LTD,Bhrikuti Stock Broking Co. Pvt. Ltd.,229,591.0,135339.0,2025-08-12 12:01:40.688723
2025-08-12,58033,2025081204004782,UMHL,Vision Securities Pvt. Ltd,Capital Max Securities Ltd,30,589.3,17679.0,2025-08-12 12:03:33.740723
2025-08-12,58032,2025081204004783,UMHL,Trisul Securities & Invt. Ltd.,Capital Max Securities Ltd,2500,589.2,1473000.0,2025-08-12 12:03:33.740837
2025-08-12,58031,2025081204004784,UMHL,Trisul Securities & Invt. Ltd.,Capital Max Securities Ltd,2470,589.1,1455077.0,2025-08-12 12:03:33.740913
2025-08-12,57882,2025081204004841,UMHL,Capital Max Securities Ltd,Bhrikuti Stock Broking Co. Pvt. Ltd.,21,591.0,12411.0,2025-08-12 12:03:59.839258
2025-08-12,57881,2025081204004842,UMHL,Capital Max Securities Ltd,Creative Securities Pvt Ltd,10,591.0,5910.0,2025-08-12 12:03:59.839380
2025-08-12,57880,2025081204004843,UMHL,Capital Max Securities Ltd,Asian Securities Private Ltd.,99,591.0,58509.0,2025-08-12 12:03:59.839409
2025-08-12,57817,2025081204004859,UMHL,Capital Max Securities Ltd,Capital Max Securities Ltd,300,591.7,177510.0,2025-08-12 12:04:10.895295
2025-08-12,57816,2025081204004860,UMHL,Capital Max Securities Ltd,Premier Securities Company Ltd.,10,591.8,5918.0,2025-08-12 12:04:10.895433
2025-08-12,56374,2025081204005201,UMHL,Agrawal Securities (PVT) Ltd.,Aakashbhairab Securities Ltd.,50,590.0,29500.0,2025-08-12 12:08:25.078718
2025-08-12,56373,2025081204005202,UMHL,Nepal Investment And Securities Trading Private Limited,Aakashbhairab Securities Ltd.,50,589.3,29465.0,2025-08-12 12:08:25.079120
2025-08-12,56372,2025081204005203,UMHL,Trisul Securities & Invt. Ltd.,Aakashbhairab Securities Ltd.,30,589.1,17673.0,2025-08-12 12:08:25.079278
2025-08-12,56371,2025081204005204,UMHL,Capital Max Securities Ltd,Aakashbhairab Securities Ltd.,235,589.1,138438.5,2025-08-12 12:08:25.079422
2025-08-12,56109,2025081204005275,UMHL,Capital Max Securities Ltd,Trisul Securities & Invt. Ltd.,500,589.1,294550.0,2025-08-12 12:09:14.012630
2025-08-12,56053,2025081204005286,UMHL,Capital Max Securities Ltd,Online Securities Pvt. Ltd.,300,589.1,176730.0,2025-08-12 12:09:27.739036
2025-08-12,55666,2025081204005371,UMHL,Cristal Kanchanjanga Securites Pvt. Ltd.,Online Securities Pvt. Ltd.,160,590.0,94400.0,2025-08-12 12:10:32.495714
2025-08-12,55665,2025081204005372,UMHL,Cristal Kanchanjanga Securites Pvt. Ltd.,SUN SECURITIES PVT LTD,500,590.7,295350.0,2025-08-12 12:10:32.496072
2025-08-12,55664,2025081204005373,UMHL,Cristal Kanchanjanga Securites Pvt. Ltd.,Trisul Securities & Invt. Ltd.,500,590.8,295400.0,2025-08-12 12:10:32.496209
2025-08-12,55663,2025081204005374,UMHL,Cristal Kanchanjanga Securites Pvt. Ltd.,Imperial Securities Company Pvt. Ltd.,1620,591.0,957420.0,2025-08-12 12:10:32.496349
2025-08-12,55662,2025081204005375,UMHL,Cristal Kanchanjanga Securites Pvt. Ltd.,Sani Securities Company Ltd.,100,591.2,59120.0,2025-08-12 12:10:32.496483
2025-08-12,55661,2025081204005376,UMHL,Cristal Kanchanjanga Securites Pvt. Ltd.,Premier Securities Company Ltd.,120,591.8,71016.0,2025-08-12 12:10:32.496612
2025-08-12,55550,2025081204005413,UMHL,Cristal Kanchanjanga Securites Pvt. Ltd.,Asian Securities Private Ltd.,200,590.6,118120.0,2025-08-12 12:10:47.556961
2025-08-12,55549,2025081204005414,UMHL,Cristal Kanchanjanga Securites Pvt. Ltd.,Premier Securities Company Ltd.,82,591.8,48527.6,2025-08-12 12:10:47.557282
2025-08-12,55548,2025081204005415,UMHL,Cristal Kanchanjanga Securites Pvt. Ltd.,Nepal Investment And Securities Trading Private Limited,100,591.8,59180.0,2025-08-12 12:10:47.557457
2025-08-12,55547,2025081204005416,UMHL,Cristal Kanchanjanga Securites Pvt. Ltd.,Capital Max Securities Ltd,50,591.8,29590.0,2025-08-12 12:10:47.557610
2025-08-12,55546,2025081204005417,UMHL,Cristal Kanchanjanga Securites Pvt. Ltd.,Naasa Securities Co. Ltd.,20,591.8,11836.0,2025-08-12 12:10:47.557796
2025-08-12,55545,2025081204005418,UMHL,Cristal Kanchanjanga Securites Pvt. Ltd.,Capital Max Securities Ltd,10,591.8,5918.0,2025-08-12 12:10:47.557988
2025-08-12,55544,2025081204005419,UMHL,Cristal Kanchanjanga Securites Pvt. Ltd.,Siprabi Securities Pvt. Ltd.,50,591.9,29595.0,2025-08-12 12:10:47.558183
2025-08-12,55543,2025081204005420,UMHL,Cristal Kanchanjanga Securites Pvt. Ltd.,Secured Securities Ltd.,48,592.0,28416.0,2025-08-12 12:10:47.558366
2025-08-12,55542,2025081204005421,UMHL,Cristal Kanchanjanga Securites Pvt. Ltd.,Online Securities Pvt. Ltd.,1000,592.0,592000.0,2025-08-12 12:10:47.558562
2025-08-12,55541,2025081204005422,UMHL,Cristal Kanchanjanga Securites Pvt. Ltd.,Thrive Brokerage House Pvt. Ltd,500,592.0,296000.0,2025-08-12 12:10:47.558776
2025-08-12,55540,2025081204005423,UMHL,Cristal Kanchanjanga Securites Pvt. Ltd.,Asian Securities Private Ltd.,400,592.0,236800.0,2025-08-12 12:10:47.558981
2025-08-12,55539,2025081204005424,UMHL,Cristal Kanchanjanga Securites Pvt. Ltd.,Sani Securities Company Ltd.,96,592.0,56832.0,2025-08-12 12:10:47.559187
2025-08-12,55538,2025081204005425,UMHL,Cristal Kanchanjanga Securites Pvt. Ltd.,Kalika Securities Pvt. Ltd.,10,592.0,5920.0,2025-08-12 12:10:47.559399
2025-08-12,55537,2025081204005426,UMHL,Cristal Kanchanjanga Securites Pvt. Ltd.,Dynamic Money Managers Securities Pvt. Ltd.,434,592.0,256928.0,2025-08-12 12:10:47.559550
2025-08-12,55296,2025081204005473,UMHL,Agrawal Securities (PVT) Ltd.,Pragyan Securities (PVT) Ltd.,100,590.0,59000.0,2025-08-12 12:11:37.112046
2025-08-12,55092,2025081204005509,UMHL,Sri Hari Securities Pvt. Ltd.,Pragyan Securities (PVT) Ltd.,300,589.2,176760.0,2025-08-12 12:12:28.268472
2025-08-12,54999,2025081204005579,UMHL,Sagarmatha Securities Private Limited,Pragyan Securities (PVT) Ltd.,274,590.0,161660.0,2025-08-12 12:12:38.597986
2025-08-12,54998,2025081204005580,UMHL,Sagarmatha Securities Private Limited,Pragyan Securities (PVT) Ltd.,100,591.9,59190.0,2025-08-12 12:12:38.598382
2025-08-12,54997,2025081204005581,UMHL,Sagarmatha Securities Private Limited,Dynamic Money Managers Securities Pvt. Ltd.,66,592.0,39072.0,2025-08-12 12:12:38.598520
2025-08-12,54996,2025081204005582,UMHL,Sagarmatha Securities Private Limited,Capital Max Securities Ltd,50,592.0,29600.0,2025-08-12 12:12:38.598651
2025-08-12,54995,2025081204005583,UMHL,Sagarmatha Securities Private Limited,Vision Securities Pvt. Ltd,500,592.0,296000.0,2025-08-12 12:12:38.598779
2025-08-12,54994,2025081204005584,UMHL,Sagarmatha Securities Private Limited,Linch Stock Market Ltd.,107,592.0,63344.0,2025-08-12 12:12:38.598906
2025-08-12,54993,2025081204005585,UMHL,Sagarmatha Securities Private Limited,Kohinoor Investment & Securities Pvt. Ltd.,100,592.0,59200.0,2025-08-12 12:12:38.599032
2025-08-12,54992,2025081204005586,UMHL,Sagarmatha Securities Private Limited,Creative Securities Pvt Ltd,803,592.3,475616.9,2025-08-12 12:12:38.599161
2025-08-12,54974,2025081204005593,UMHL,Capital Max Securities Ltd,Creative Securities Pvt Ltd,20,592.3,11846.0,2025-08-12 12:12:42.812889
2025-08-12,54811,2025081204005623,UMHL,Cristal Kanchanjanga Securites Pvt. Ltd.,Kohinoor Investment & Securities Pvt. Ltd.,750,592.0,444000.0,2025-08-12 12:13:16.132981
2025-08-12,54660,2025081204005666,UMHL,Cristal Kanchanjanga Securites Pvt. Ltd.,Aryatara Investment & Securities,1000,592.0,592000.0,2025-08-12 12:13:44.957844
2025-08-12,54559,2025081204005681,UMHL,Cristal Kanchanjanga Securites Pvt. Ltd.,Capital Max Securities Ltd,2000,592.0,1184000.0,2025-08-12 12:14:03.197702
2025-08-12,54534,2025081204005687,UMHL,Cristal Kanchanjanga Securites Pvt. Ltd.,Sri Hari Securities Pvt. Ltd.,53,592.0,31376.0,2025-08-12 12:14:08.942626
2025-08-12,54438,2025081204005705,UMHL,Cristal Kanchanjanga Securites Pvt. Ltd.,Bhrikuti Stock Broking Co. Pvt. Ltd.,75,592.0,44400.0,2025-08-12 12:14:24.796592
2025-08-12,54394,2025081204005710,UMHL,Citizens Share Broker Limited,Asian Securities Private Ltd.,9,591.0,5319.0,2025-08-12 12:14:28.901185
2025-08-12,54342,2025081204005729,UMHL,Cristal Kanchanjanga Securites Pvt. Ltd.,Malla & Malla Stock Broking Company Pvt. Limited,100,592.0,59200.0,2025-08-12 12:14:43.119925
2025-08-12,54284,2025081204005739,UMHL,Dipshikha Dhitopatra Karobar Co. Pvt Ltd.,Creative Securities Pvt Ltd,177,592.3,104837.1,2025-08-12 12:14:55.220783
2025-08-12,54283,2025081204005740,UMHL,Dipshikha Dhitopatra Karobar Co. Pvt Ltd.,Thrive Brokerage House Pvt. Ltd,550,592.4,325820.0,2025-08-12 12:14:55.220901
2025-08-12,54282,2025081204005741,UMHL,Dipshikha Dhitopatra Karobar Co. Pvt Ltd.,SUN SECURITIES PVT LTD,273,592.9,161861.7,2025-08-12 12:14:55.220995
2025-08-12,54261,2025081204005746,UMHL,Cristal Kanchanjanga Securites Pvt. Ltd.,Siprabi Securities Pvt. Ltd.,22,592.0,13024.0,2025-08-12 12:15:02.123903
2025-08-12,54236,2025081204005749,UMHL,Capital Max Securities Ltd,Siprabi Securities Pvt. Ltd.,95,591.0,56145.0,2025-08-12 12:15:10.488418
2025-08-12,54235,2025081204005750,UMHL,Capital Max Securities Ltd,SUN SECURITIES PVT LTD,327,592.9,193878.3,2025-08-12 12:15:10.488512
2025-08-12,54234,2025081204005751,UMHL,Capital Max Securities Ltd,Dakshinkali Investment & Securities Pvt. Ltd.,78,593.0,46254.0,2025-08-12 12:15:10.488554
2025-08-12,54216,2025081204005756,UMHL,Capital Max Securities Ltd,Premier Securities Company Ltd.,10,591.0,5910.0,2025-08-12 12:15:16.519950
2025-08-12,54215,2025081204005757,UMHL,Capital Max Securities Ltd,Dakshinkali Investment & Securities Pvt. Ltd.,10,593.0,5930.0,2025-08-12 12:15:16.520069
2025-08-12,54195,2025081204005761,UMHL,Capital Max Securities Ltd,Dakshinkali Investment & Securities Pvt. Ltd.,50,593.0,29650.0,2025-08-12 12:15:21.546024
2025-08-12,53961,2025081204005789,UMHL,SUN SECURITIES PVT LTD,Dakshinkali Investment & Securities Pvt. Ltd.,267,593.0,158331.0,2025-08-12 12:16:19.081136
2025-08-12,53960,2025081204005790,UMHL,SUN SECURITIES PVT LTD,Sweta Securities Private Limited,200,593.0,118600.0,2025-08-12 12:16:19.081271
2025-08-12,53959,2025081204005791,UMHL,SUN SECURITIES PVT LTD,Imperial Securities Company Pvt. Ltd.,30,593.0,17790.0,2025-08-12 12:16:19.081367
2025-08-12,53677,2025081204005857,UMHL,SUN SECURITIES PVT LTD,Elite Stock House Limited,500,590.0,295000.0,2025-08-12 12:17:28.254752
2025-08-12,52459,2025081204006143,UMHL,Trishakti Securities Public Limited,Himalayan Securities Limited,25,590.1,14752.5,2025-08-12 12:22:13.593982
2025-08-12,52454,2025081204006145,UMHL,Trishakti Securities Public Limited,Arun Securities (PVT) Ltd.,10,590.1,5901.0,2025-08-12 12:22:14.702058
2025-08-12,51485,2025081204006446,UMHL,Trishakti Securities Public Limited,Opal Securities Investment (PVT) Ltd.,14,590.1,8261.4,2025-08-12 12:25:33.087095
2025-08-12,50789,2025081204006587,UMHL,Trishakti Securities Public Limited,Naasa Securities Co. Ltd.,51,590.1,30095.1,2025-08-12 12:28:04.516913
2025-08-12,50788,2025081204006588,UMHL,Capital Max Securities Ltd,Naasa Securities Co. Ltd.,78,590.1,46027.8,2025-08-12 12:28:04.517569
2025-08-12,50787,2025081204006589,UMHL,Naasa Securities Co. Ltd.,Naasa Securities Co. Ltd.,121,590.0,71390.0,2025-08-12 12:28:04.518016
2025-08-12,50442,2025081204006644,UMHL,Capital Max Securities Ltd,Sewa Securities Pvt. Ltd.,50,591.0,29550.0,2025-08-12 12:29:22.708550
2025-08-12,50441,2025081204006645,UMHL,Capital Max Securities Ltd,Bhrikuti Stock Broking Co. Pvt. Ltd.,10,592.0,5920.0,2025-08-12 12:29:22.708671
2025-08-12,49708,2025081204006872,UMHL,Imperial Securities Company Pvt. Ltd.,Dipshikha Dhitopatra Karobar Co. Pvt Ltd.,121,591.9,71619.9,2025-08-12 12:32:03.421601
2025-08-12,48951,2025081204007054,UMHL,Naasa Securities Co. Ltd.,Kohinoor Investment & Securities Pvt. Ltd.,150,590.0,88500.0,2025-08-12 12:34:52.810203
2025-08-12,48775,2025081204007135,UMHL,Naasa Securities Co. Ltd.,Sani Securities Company Ltd.,116,590.0,68440.0,2025-08-12 12:35:27.353727
2025-08-12,48165,2025081204007275,UMHL,Naasa Securities Co. Ltd.,Premier Securities Company Ltd.,113,590.0,66670.0,2025-08-12 12:37:47.825937
2025-08-12,48164,2025081204007276,UMHL,Sundhara Securities Limited,Premier Securities Company Ltd.,100,590.0,59000.0,2025-08-12 12:37:47.826751
2025-08-12,48163,2025081204007277,UMHL,Trishakti Securities Public Limited,Premier Securities Company Ltd.,200,590.0,118000.0,2025-08-12 12:37:47.827438
2025-08-12,48162,2025081204007278,UMHL,Aryatara Investment & Securities,Premier Securities Company Ltd.,100,590.0,59000.0,2025-08-12 12:37:47.828190
2025-08-12,48161,2025081204007279,UMHL,Arun Securities (PVT) Ltd.,Premier Securities Company Ltd.,100,590.0,59000.0,2025-08-12 12:37:47.828897
2025-08-12,48019,2025081204007317,UMHL,Agrawal Securities (PVT) Ltd.,Premier Securities Company Ltd.,29,590.0,17110.0,2025-08-12 12:38:24.949202
2025-08-12,47837,2025081204007377,UMHL,Agrawal Securities (PVT) Ltd.,Nagarik Stock Dealer ,56,590.0,33040.0,2025-08-12 12:39:07.700557
2025-08-12,47658,2025081204007433,UMHL,Agrawal Securities (PVT) Ltd.,Nagarik Stock Dealer ,444,589.3,261649.2,2025-08-12 12:39:45.812642
2025-08-12,47618,2025081204007442,UMHL,Agrawal Securities (PVT) Ltd.,Dipshikha Dhitopatra Karobar Co. Pvt Ltd.,50,589.3,29465.0,2025-08-12 12:39:55.862212
2025-08-12,47030,2025081204007563,UMHL,Sri Hari Securities Pvt. Ltd.,Premier Securities Company Ltd.,10,589.2,5892.0,2025-08-12 12:41:50.314370
2025-08-12,46914,2025081204007583,UMHL,Trishakti Securities Public Limited,Trisul Securities & Invt. Ltd.,15,590.0,8850.0,2025-08-12 12:42:11.981768
2025-08-12,46846,2025081204007598,UMHL,Sundhara Securities Limited,Deevyaa Securities & Stock House Pvt. Ltd,125,589.3,73662.5,2025-08-12 12:42:25.360729
2025-08-12,46845,2025081204007599,UMHL,Sri Hari Securities Pvt. Ltd.,Deevyaa Securities & Stock House Pvt. Ltd,190,589.2,111948.0,2025-08-12 12:42:25.361130
2025-08-12,46844,2025081204007600,UMHL,Dipshikha Dhitopatra Karobar Co. Pvt Ltd.,Deevyaa Securities & Stock House Pvt. Ltd,500,589.2,294600.0,2025-08-12 12:42:25.361297
2025-08-12,46843,2025081204007601,UMHL,Capital Max Securities Ltd,Deevyaa Securities & Stock House Pvt. Ltd,965,589.1,568481.5,2025-08-12 12:42:25.361472
2025-08-12,46842,2025081204007602,UMHL,Trisul Securities & Invt. Ltd.,Deevyaa Securities & Stock House Pvt. Ltd,20,589.1,11782.0,2025-08-12 12:42:25.361655
2025-08-12,46816,2025081204007603,UMHL,Naasa Securities Co. Ltd.,Trisul Securities & Invt. Ltd.,40,590.0,23600.0,2025-08-12 12:42:30.903466
2025-08-12,46815,2025081204007604,UMHL,Naasa Securities Co. Ltd.,Siprabi Securities Pvt. Ltd.,14,590.0,8260.0,2025-08-12 12:42:30.904245
2025-08-12,46814,2025081204007605,UMHL,Naasa Securities Co. Ltd.,Swarna Laxmi Securities Pvt. Ltd.,100,590.0,59000.0,2025-08-12 12:42:30.904975
2025-08-12,46813,2025081204007606,UMHL,Naasa Securities Co. Ltd.,Investment Management Nepal Pvt. Ltd.,46,590.0,27140.0,2025-08-12 12:42:30.905621
2025-08-12,46655,2025081204007646,UMHL,Trishakti Securities Public Limited,Naasa Securities Co. Ltd.,10,589.2,5892.0,2025-08-12 12:42:55.935727
2025-08-12,46644,2025081204007649,UMHL,Trishakti Securities Public Limited,Investment Management Nepal Pvt. Ltd.,15,590.0,8850.0,2025-08-12 12:42:59.283783
2025-08-12,46493,2025081204007706,UMHL,Trishakti Securities Public Limited,Capital Max Securities Ltd,990,589.2,583308.0,2025-08-12 12:43:20.241177
2025-08-12,46492,2025081204007707,UMHL,Arun Securities (PVT) Ltd.,Capital Max Securities Ltd,100,589.2,58920.0,2025-08-12 12:43:20.241373
2025-08-12,46491,2025081204007708,UMHL,Trisul Securities & Invt. Ltd.,Capital Max Securities Ltd,1910,589.1,1125181.0,2025-08-12 12:43:20.241399
2025-08-12,46480,2025081204007711,UMHL,Trishakti Securities Public Limited,Investment Management Nepal Pvt. Ltd.,15,590.0,8850.0,2025-08-12 12:43:23.492929
2025-08-12,46338,2025081204007745,UMHL,Trisul Securities & Invt. Ltd.,Online Securities Pvt. Ltd.,220,589.1,129602.0,2025-08-12 12:43:45.838892
2025-08-12,46330,2025081204007748,UMHL,Trishakti Securities Public Limited,Investment Management Nepal Pvt. Ltd.,15,590.0,8850.0,2025-08-12 12:43:48.611034
2025-08-12,46262,2025081204007764,UMHL,Capital Max Securities Ltd,Investment Management Nepal Pvt. Ltd.,109,590.0,64310.0,2025-08-12 12:43:59.412507
2025-08-12,46261,2025081204007765,UMHL,Capital Max Securities Ltd,Linch Stock Market Ltd.,25,590.4,14760.0,2025-08-12 12:43:59.412580
2025-08-12,46159,2025081204007798,UMHL,Trisul Securities & Invt. Ltd.,Deevyaa Securities & Stock House Pvt. Ltd,53,589.1,31222.3,2025-08-12 12:44:17.794556
2025-08-12,45734,2025081204007902,UMHL,Trishakti Securities Public Limited,Aryatara Investment & Securities,15,590.0,8850.0,2025-08-12 12:45:34.222845
2025-08-12,45208,2025081204008027,UMHL,Online Securities Pvt. Ltd.,Sundhara Securities Limited,170,589.2,100164.0,2025-08-12 12:47:33.498669
2025-08-12,45207,2025081204008028,UMHL,Trisul Securities & Invt. Ltd.,Sundhara Securities Limited,297,589.1,174962.7,2025-08-12 12:47:33.498739
2025-08-12,45206,2025081204008029,UMHL,Capital Max Securities Ltd,Sundhara Securities Limited,533,589.1,313990.3,2025-08-12 12:47:33.498774
2025-08-12,45008,2025081204008076,UMHL,Capital Max Securities Ltd,Aryatara Investment & Securities,325,589.1,191457.5,2025-08-12 12:48:14.471569
2025-08-12,44999,2025081204008077,UMHL,Capital Max Securities Ltd,Sundhara Securities Limited,30,589.1,17673.0,2025-08-12 12:48:17.721285
2025-08-12,44850,2025081204008094,UMHL,Capital Max Securities Ltd,Sewa Securities Pvt. Ltd.,50,589.9,29495.0,2025-08-12 12:48:46.613838
2025-08-12,44849,2025081204008095,UMHL,Capital Max Securities Ltd,Sundhara Securities Limited,25,590.0,14750.0,2025-08-12 12:48:46.613988
2025-08-12,44848,2025081204008096,UMHL,Capital Max Securities Ltd,ABC Securities Private Limited,300,590.0,177000.0,2025-08-12 12:48:46.614079
2025-08-12,44847,2025081204008097,UMHL,Capital Max Securities Ltd,Linch Stock Market Ltd.,375,590.4,221400.0,2025-08-12 12:48:46.614182
2025-08-12,44846,2025081204008098,UMHL,Capital Max Securities Ltd,Premier Securities Company Ltd.,100,590.4,59040.0,2025-08-12 12:48:46.614291
2025-08-12,44845,2025081204008099,UMHL,Capital Max Securities Ltd,Blue Chip Securities Ltd,150,591.0,88650.0,2025-08-12 12:48:46.614420
2025-08-12,44842,2025081204008101,UMHL,Trishakti Securities Public Limited,Blue Chip Securities Ltd,60,591.0,35460.0,2025-08-12 12:48:47.377057
2025-08-12,44787,2025081204008112,UMHL,Capital Max Securities Ltd,Blue Chip Securities Ltd,290,591.0,171390.0,2025-08-12 12:48:59.682609
2025-08-12,44786,2025081204008113,UMHL,Capital Max Securities Ltd,Online Securities Pvt. Ltd.,10,591.8,5918.0,2025-08-12 12:48:59.682677
2025-08-12,43835,2025081204008380,UMHL,Capital Max Securities Ltd,Nepal Stock House (PVT) Ltd.,500,589.3,294650.0,2025-08-12 12:52:32.621742
2025-08-12,43834,2025081204008381,UMHL,Capital Max Securities Ltd,Nepal Stock House (PVT) Ltd.,2000,589.2,1178400.0,2025-08-12 12:52:32.622191
2025-08-12,43833,2025081204008382,UMHL,Capital Max Securities Ltd,Nepal Stock House (PVT) Ltd.,1112,589.1,655079.2,2025-08-12 12:52:32.622427
2025-08-12,43832,2025081204008383,UMHL,Linch Stock Market Ltd.,Nepal Stock House (PVT) Ltd.,168,589.0,98952.0,2025-08-12 12:52:32.622686
2025-08-12,43831,2025081204008384,UMHL,Trishakti Securities Public Limited,Nepal Stock House (PVT) Ltd.,150,589.0,88350.0,2025-08-12 12:52:32.622873
2025-08-12,43830,2025081204008385,UMHL,Capital Max Securities Ltd,Nepal Stock House (PVT) Ltd.,70,589.0,41230.0,2025-08-12 12:52:32.623071
2025-08-12,43540,2025081204008463,UMHL,Trisul Securities & Invt. Ltd.,Cristal Kanchanjanga Securites Pvt. Ltd.,100,591.0,59100.0,2025-08-12 12:53:44.410640
2025-08-12,43539,2025081204008464,UMHL,Trisul Securities & Invt. Ltd.,Investment Management Nepal Pvt. Ltd.,10,591.6,5916.0,2025-08-12 12:53:44.410726
2025-08-12,43522,2025081204008471,UMHL,Capital Max Securities Ltd,Premier Securities Company Ltd.,60,591.0,35460.0,2025-08-12 12:53:47.974112
2025-08-12,43521,2025081204008472,UMHL,Capital Max Securities Ltd,Investment Management Nepal Pvt. Ltd.,50,591.6,29580.0,2025-08-12 12:53:47.974196
2025-08-12,43366,2025081204008511,UMHL,Capital Max Securities Ltd,Naasa Securities Co. Ltd.,10,589.2,5892.0,2025-08-12 12:54:28.924586
2025-08-12,43068,2025081204008575,UMHL,Capital Max Securities Ltd,Opal Securities Investment (PVT) Ltd.,100,589.2,58920.0,2025-08-12 12:55:43.978048
2025-08-12,42792,2025081204008636,UMHL,Trisul Securities & Invt. Ltd.,Dipshikha Dhitopatra Karobar Co. Pvt Ltd.,10,591.0,5910.0,2025-08-12 12:56:57.117575
2025-08-12,42791,2025081204008637,UMHL,Trisul Securities & Invt. Ltd.,Investment Management Nepal Pvt. Ltd.,10,591.6,5916.0,2025-08-12 12:56:57.117695
2025-08-12,42693,2025081204008663,UMHL,Prabhu Stock Market Limited,Capital Max Securities Ltd,400,589.5,235800.0,2025-08-12 12:57:28.012481
2025-08-12,42684,2025081204008664,UMHL,Capital Max Securities Ltd,Investment Management Nepal Pvt. Ltd.,10,591.6,5916.0,2025-08-12 12:57:31.027246
2025-08-12,42483,2025081204008713,UMHL,Vision Securities Pvt. Ltd,Investment Management Nepal Pvt. Ltd.,60,591.6,35496.0,2025-08-12 12:58:21.650430
2025-08-12,42424,2025081204008729,UMHL,Sani Securities Company Ltd.,Asian Securities Private Ltd.,10,590.0,5900.0,2025-08-12 12:58:44.160925
2025-08-12,42423,2025081204008730,UMHL,Prabhu Stock Market Limited,Asian Securities Private Ltd.,14,589.5,8253.0,2025-08-12 12:58:44.161025
2025-08-12,42355,2025081204008744,UMHL,Trishakti Securities Public Limited,Investment Management Nepal Pvt. Ltd.,15,591.6,8874.0,2025-08-12 12:59:05.436349
2025-08-12,42274,2025081204008764,UMHL,Trishakti Securities Public Limited,Premier Securities Company Ltd.,100,591.5,59150.0,2025-08-12 12:59:36.607127
2025-08-12,42273,2025081204008765,UMHL,Trishakti Securities Public Limited,Investment Management Nepal Pvt. Ltd.,10,591.6,5916.0,2025-08-12 12:59:36.607252
2025-08-12,41558,2025081204008921,UMHL,Sweta Securities Private Limited,Investment Management Nepal Pvt. Ltd.,200,591.6,118320.0,2025-08-12 13:02:08.567073
2025-08-12,41497,2025081204008936,UMHL,Trishakti Securities Public Limited,Investment Management Nepal Pvt. Ltd.,135,591.6,79866.0,2025-08-12 13:02:27.788466
2025-08-12,41496,2025081204008937,UMHL,Trishakti Securities Public Limited,Online Securities Pvt. Ltd.,100,591.7,59170.0,2025-08-12 13:02:27.788531
2025-08-12,41495,2025081204008938,UMHL,Trishakti Securities Public Limited,Capital Max Securities Ltd,10,591.8,5918.0,2025-08-12 13:02:27.788571
2025-08-12,41452,2025081204008948,UMHL,Trishakti Securities Public Limited,Capital Max Securities Ltd,55,591.8,32549.0,2025-08-12 13:02:43.858988
2025-08-12,40967,2025081204009051,UMHL,Hatemalo Financial Services Private Limited,BHOLE GANESH SECURITIES LTD,100,590.0,59000.0,2025-08-12 13:04:25.954565
2025-08-12,40966,2025081204009052,UMHL,Prabhu Stock Market Limited,BHOLE GANESH SECURITIES LTD,86,589.5,50697.0,2025-08-12 13:04:25.954636
2025-08-12,40965,2025081204009053,UMHL,Sewa Securities Pvt. Ltd.,BHOLE GANESH SECURITIES LTD,200,589.5,117900.0,2025-08-12 13:04:25.954664
2025-08-12,40964,2025081204009054,UMHL,Nagarik Stock Dealer ,BHOLE GANESH SECURITIES LTD,1614,589.4,951291.6,2025-08-12 13:04:25.954689
2025-08-12,40940,2025081204009056,UMHL,Trishakti Securities Public Limited,Capital Max Securities Ltd,15,591.8,8877.0,2025-08-12 13:04:33.443121
2025-08-12,40204,2025081204009290,UMHL,Nagarik Stock Dealer ,Online Securities Pvt. Ltd.,300,591.7,177510.0,2025-08-12 13:07:45.698586
2025-08-12,40203,2025081204009291,UMHL,Nagarik Stock Dealer ,Capital Max Securities Ltd,420,591.8,248556.0,2025-08-12 13:07:45.698700
2025-08-12,40202,2025081204009292,UMHL,Nagarik Stock Dealer ,BHOLE GANESH SECURITIES LTD,480,591.8,284064.0,2025-08-12 13:07:45.698801
2025-08-12,39949,2025081204009344,UMHL,Dipshikha Dhitopatra Karobar Co. Pvt Ltd.,Vision Securities Pvt. Ltd,1000,591.0,591000.0,2025-08-12 13:09:00.991132
2025-08-12,39939,2025081204009346,UMHL,Sani Securities Company Ltd.,Capital Max Securities Ltd,10,590.0,5900.0,2025-08-12 13:09:03.197178
2025-08-12,39938,2025081204009347,UMHL,Dipshikha Dhitopatra Karobar Co. Pvt Ltd.,Capital Max Securities Ltd,990,590.0,584100.0,2025-08-12 13:09:03.197286
2025-08-12,39901,2025081204009361,UMHL,Dipshikha Dhitopatra Karobar Co. Pvt Ltd.,Capital Max Securities Ltd,10,590.0,5900.0,2025-08-12 13:09:16.238509
2025-08-12,39900,2025081204009362,UMHL,Nagarik Stock Dealer ,Capital Max Securities Ltd,605,589.4,356587.0,2025-08-12 13:09:16.238548
2025-08-12,39899,2025081204009363,UMHL,Sundhara Securities Limited,Capital Max Securities Ltd,100,589.4,58940.0,2025-08-12 13:09:16.238573
2025-08-12,39813,2025081204009406,UMHL,Dipshikha Dhitopatra Karobar Co. Pvt Ltd.,Capital Max Securities Ltd,780,591.0,460980.0,2025-08-12 13:09:40.332288
2025-08-12,39791,2025081204009407,UMHL,Dipshikha Dhitopatra Karobar Co. Pvt Ltd.,Midas Stock Broking Company Private Limited,100,591.0,59100.0,2025-08-12 13:09:45.560388
2025-08-12,39414,2025081204009534,UMHL,Trishakti Securities Public Limited,Neev Securities Pvt. Ltd.,120,591.1,70932.0,2025-08-12 13:11:40.018384
2025-08-12,38779,2025081204009720,UMHL,Trishakti Securities Public Limited,Sani Securities Company Ltd.,380,591.1,224618.0,2025-08-12 13:14:15.043803
2025-08-12,38778,2025081204009721,UMHL,Trishakti Securities Public Limited,Sani Securities Company Ltd.,200,591.1,118220.0,2025-08-12 13:14:15.044252
2025-08-12,38777,2025081204009722,UMHL,Trishakti Securities Public Limited,Sani Securities Company Ltd.,200,591.1,118220.0,2025-08-12 13:14:15.044500
2025-08-12,38776,2025081204009723,UMHL,Trishakti Securities Public Limited,Sani Securities Company Ltd.,100,591.1,59110.0,2025-08-12 13:14:15.044707
2025-08-12,38775,2025081204009724,UMHL,Dipshikha Dhitopatra Karobar Co. Pvt Ltd.,Sani Securities Company Ltd.,37,591.0,21867.0,2025-08-12 13:14:15.044927
2025-08-12,38738,2025081204009731,UMHL,Dipshikha Dhitopatra Karobar Co. Pvt Ltd.,Dipshikha Dhitopatra Karobar Co. Pvt Ltd.,83,591.0,49053.0,2025-08-12 13:14:20.791611
2025-08-12,38737,2025081204009732,UMHL,Capital Max Securities Ltd,Dipshikha Dhitopatra Karobar Co. Pvt Ltd.,417,590.1,246071.7,2025-08-12 13:14:20.791699
2025-08-12,38509,2025081204009812,UMHL,Trishakti Securities Public Limited,Bhrikuti Stock Broking Co. Pvt. Ltd.,81,591.0,47871.0,2025-08-12 13:15:03.181617
2025-08-12,38407,2025081204009828,UMHL,Nagarik Stock Dealer ,Bhrikuti Stock Broking Co. Pvt. Ltd.,50,591.0,29550.0,2025-08-12 13:15:21.962016
2025-08-12,38377,2025081204009833,UMHL,Sumeru Securities Pvt. Ltd.,Bhrikuti Stock Broking Co. Pvt. Ltd.,217,591.0,128247.0,2025-08-12 13:15:30.341267
2025-08-12,38376,2025081204009834,UMHL,Sumeru Securities Pvt. Ltd.,Dipshikha Dhitopatra Karobar Co. Pvt Ltd.,10,591.5,5915.0,2025-08-12 13:15:30.341401
2025-08-12,38283,2025081204009851,UMHL,Capital Max Securities Ltd,Vision Securities Pvt. Ltd,500,590.1,295050.0,2025-08-12 13:15:53.443879
2025-08-12,38280,2025081204009853,UMHL,Capital Max Securities Ltd,Dipshikha Dhitopatra Karobar Co. Pvt Ltd.,83,590.1,48978.3,2025-08-12 13:15:55.626049
2025-08-12,38279,2025081204009854,UMHL,Capital Max Securities Ltd,Dipshikha Dhitopatra Karobar Co. Pvt Ltd.,1917,590.0,1131030.0,2025-08-12 13:15:55.626504
2025-08-12,38017,2025081204009909,UMHL,Capital Max Securities Ltd,Opal Securities Investment (PVT) Ltd.,25,591.0,14775.0,2025-08-12 13:17:03.197377
2025-08-12,38016,2025081204009910,UMHL,Capital Max Securities Ltd,Dipshikha Dhitopatra Karobar Co. Pvt Ltd.,10,591.5,5915.0,2025-08-12 13:17:03.197470
2025-08-12,37424,2025081204010026,UMHL,Capital Max Securities Ltd,Aryatara Investment & Securities,25,591.0,14775.0,2025-08-12 13:20:19.737737
2025-08-12,37345,2025081204010039,UMHL,Capital Max Securities Ltd,Dipshikha Dhitopatra Karobar Co. Pvt Ltd.,200,590.2,118040.0,2025-08-12 13:20:55.122253
2025-08-12,37344,2025081204010040,UMHL,Capital Max Securities Ltd,Dipshikha Dhitopatra Karobar Co. Pvt Ltd.,1800,590.0,1062000.0,2025-08-12 13:20:55.122743
2025-08-12,37184,2025081204010086,UMHL,Capital Max Securities Ltd,Dipshikha Dhitopatra Karobar Co. Pvt Ltd.,879,590.0,518610.0,2025-08-12 13:21:39.574059
2025-08-12,36811,2025081204010143,UMHL,Sumeru Securities Pvt. Ltd.,Arun Securities (PVT) Ltd.,500,590.1,295050.0,2025-08-12 13:23:05.625655
2025-08-12,36754,2025081204010152,UMHL,Sumeru Securities Pvt. Ltd.,Deevyaa Securities & Stock House Pvt. Ltd,100,590.1,59010.0,2025-08-12 13:23:22.942869
2025-08-12,36751,2025081204010154,UMHL,Sumeru Securities Pvt. Ltd.,Linch Stock Market Ltd.,36,590.1,21243.6,2025-08-12 13:23:24.261951
2025-08-12,36750,2025081204010155,UMHL,Sumeru Securities Pvt. Ltd.,Miyo Securities Pvt Ltd,80,590.1,47208.0,2025-08-12 13:23:24.398493
2025-08-12,36274,2025081204010260,UMHL,SUN SECURITIES PVT LTD,Aryatara Investment & Securities,10,591.0,5910.0,2025-08-12 13:25:29.432191
2025-08-12,36043,2025081204010311,UMHL,Thrive Brokerage House Pvt. Ltd,Trisul Securities & Invt. Ltd.,10,590.9,5909.0,2025-08-12 13:26:29.806691
2025-08-12,35825,2025081204010365,UMHL,Sumeru Securities Pvt. Ltd.,Linch Stock Market Ltd.,10,590.1,5901.0,2025-08-12 13:27:15.830497
2025-08-12,35731,2025081204010382,UMHL,Dipshikha Dhitopatra Karobar Co. Pvt Ltd.,Aryatara Investment & Securities,965,591.0,570315.0,2025-08-12 13:27:44.614516
2025-08-12,35730,2025081204010383,UMHL,Dipshikha Dhitopatra Karobar Co. Pvt Ltd.,Siprabi Securities Pvt. Ltd.,35,591.0,20685.0,2025-08-12 13:27:44.615713
2025-08-12,35627,2025081204010403,UMHL,Dipshikha Dhitopatra Karobar Co. Pvt Ltd.,Siprabi Securities Pvt. Ltd.,165,591.0,97515.0,2025-08-12 13:28:08.869243
2025-08-12,35626,2025081204010404,UMHL,Dipshikha Dhitopatra Karobar Co. Pvt Ltd.,Kalika Securities Pvt. Ltd.,335,591.0,197985.0,2025-08-12 13:28:08.869340
2025-08-12,34750,2025081204010599,UMHL,SUN SECURITIES PVT LTD,Sumeru Securities Pvt. Ltd.,107,590.3,63162.1,2025-08-12 13:32:26.321142
2025-08-12,34666,2025081204010620,UMHL,Pragyan Securities (PVT) Ltd.,Dipshikha Dhitopatra Karobar Co. Pvt Ltd.,500,590.5,295250.0,2025-08-12 13:32:54.731451
2025-08-12,34537,2025081204010632,UMHL,SUN SECURITIES PVT LTD,Vision Securities Pvt. Ltd,510,590.3,301053.0,2025-08-12 13:33:13.985796
2025-08-12,34536,2025081204010633,UMHL,Capital Max Securities Ltd,Vision Securities Pvt. Ltd,490,590.2,289198.0,2025-08-12 13:33:13.986287
2025-08-12,34483,2025081204010649,UMHL,Capital Max Securities Ltd,Capital Max Securities Ltd,500,590.2,295100.0,2025-08-12 13:33:30.412005
2025-08-12,34171,2025081204010702,UMHL,Capital Max Securities Ltd,Infinity Securities Limited,10,590.2,5902.0,2025-08-12 13:35:05.609250
2025-08-12,34170,2025081204010703,UMHL,Sumeru Securities Pvt. Ltd.,Infinity Securities Limited,90,590.2,53118.0,2025-08-12 13:35:05.609742
2025-08-12,34161,2025081204010705,UMHL,Aryatara Investment & Securities,Kalika Securities Pvt. Ltd.,100,591.0,59100.0,2025-08-12 13:35:07.813694
2025-08-12,33847,2025081204010763,UMHL,Dynamic Money Managers Securities Pvt. Ltd.,Kalika Securities Pvt. Ltd.,18,591.0,10638.0,2025-08-12 13:36:27.709023
2025-08-12,33754,2025081204010778,UMHL,Sumeru Securities Pvt. Ltd.,Thrive Brokerage House Pvt. Ltd,100,590.2,59020.0,2025-08-12 13:36:50.046540
2025-08-12,33643,2025081204010818,UMHL,Sumeru Securities Pvt. Ltd.,Dipshikha Dhitopatra Karobar Co. Pvt Ltd.,200,590.2,118040.0,2025-08-12 13:37:28.590816
2025-08-12,33448,2025081204010853,UMHL,Property Wiard Limited,Dakshinkali Investment & Securities Pvt. Ltd.,74,590.9,43726.6,2025-08-12 13:38:11.741021
2025-08-12,33447,2025081204010854,UMHL,Property Wiard Limited,Kalika Securities Pvt. Ltd.,10,591.0,5910.0,2025-08-12 13:38:11.741190
2025-08-12,33352,2025081204010880,UMHL,Dynamic Money Managers Securities Pvt. Ltd.,Kalika Securities Pvt. Ltd.,16,591.0,9456.0,2025-08-12 13:38:47.109182
2025-08-12,33348,2025081204010882,UMHL,Property Wiard Limited,Kumari Securities Private Limited,10,590.2,5902.0,2025-08-12 13:38:49.630919
2025-08-12,33132,2025081204010918,UMHL,Sundhara Securities Limited,Oxford Securities Pvt. Ltd.,44,590.3,25973.2,2025-08-12 13:39:55.916768
2025-08-12,32632,2025081204011023,UMHL,Sundhara Securities Limited,Vision Securities Pvt. Ltd,176,590.3,103892.8,2025-08-12 13:42:11.829924
2025-08-12,32539,2025081204011042,UMHL,Sundhara Securities Limited,Vision Securities Pvt. Ltd,13,590.3,7673.9,2025-08-12 13:42:35.280913
2025-08-12,32411,2025081204011064,UMHL,Property Wiard Limited,Aryatara Investment & Securities,100,590.2,59020.0,2025-08-12 13:43:11.068952
2025-08-12,32394,2025081204011072,UMHL,Property Wiard Limited,Sweta Securities Private Limited,176,590.2,103875.2,2025-08-12 13:43:17.042934
2025-08-12,32287,2025081204011085,UMHL,Property Wiard Limited,Vision Securities Pvt. Ltd,311,590.3,183583.3,2025-08-12 13:43:51.720888
2025-08-12,32286,2025081204011086,UMHL,Property Wiard Limited,Naasa Securities Co. Ltd.,189,591.0,111699.0,2025-08-12 13:43:51.721050
2025-08-12,32217,2025081204011093,UMHL,Property Wiard Limited,Naasa Securities Co. Ltd.,11,591.0,6501.0,2025-08-12 13:44:02.775471
2025-08-12,32216,2025081204011094,UMHL,Property Wiard Limited,Blue Chip Securities Ltd,500,591.0,295500.0,2025-08-12 13:44:02.775948
2025-08-12,32215,2025081204011095,UMHL,Property Wiard Limited,Creative Securities Pvt Ltd,60,591.0,35460.0,2025-08-12 13:44:02.776168
2025-08-12,32214,2025081204011096,UMHL,Property Wiard Limited,Trishakti Securities Public Limited,100,591.0,59100.0,2025-08-12 13:44:02.776402
2025-08-12,32213,2025081204011097,UMHL,Property Wiard Limited,Siprabi Securities Pvt. Ltd.,14,591.0,8274.0,2025-08-12 13:44:02.776619
2025-08-12,32212,2025081204011098,UMHL,Property Wiard Limited,Neev Securities Pvt. Ltd.,20,591.0,11820.0,2025-08-12 13:44:02.776869
2025-08-12,32164,2025081204011112,UMHL,Property Wiard Limited,Deevyaa Securities & Stock House Pvt. Ltd,25,591.0,14775.0,2025-08-12 13:44:23.829049
2025-08-12,32151,2025081204011117,UMHL,Kumari Securities Private Limited,Deevyaa Securities & Stock House Pvt. Ltd,404,591.0,238764.0,2025-08-12 13:44:27.816754
2025-08-12,32124,2025081204011127,UMHL,Property Wiard Limited,Blue Chip Securities Ltd,25,591.5,14787.5,2025-08-12 13:44:35.858468
2025-08-12,32066,2025081204011139,UMHL,Kumari Securities Private Limited,Property Wiard Limited,96,591.0,56736.0,2025-08-12 13:44:48.896019
2025-08-12,32065,2025081204011140,UMHL,Sumeru Securities Pvt. Ltd.,Property Wiard Limited,20,590.2,11804.0,2025-08-12 13:44:48.896092
2025-08-12,32064,2025081204011141,UMHL,Sumeru Securities Pvt. Ltd.,Property Wiard Limited,627,590.2,370055.4,2025-08-12 13:44:48.896120
2025-08-12,32063,2025081204011142,UMHL,Sagarmatha Securities Private Limited,Property Wiard Limited,300,590.2,177060.0,2025-08-12 13:44:48.896145
2025-08-12,32062,2025081204011143,UMHL,Sumeru Securities Pvt. Ltd.,Property Wiard Limited,557,590.1,328685.7,2025-08-12 13:44:48.896178
2025-08-12,31840,2025081204011243,UMHL,Sumeru Securities Pvt. Ltd.,Shree Krishna Securities Ltd.,800,590.1,472080.0,2025-08-12 13:45:40.952579
2025-08-12,31826,2025081204011250,UMHL,Sumeru Securities Pvt. Ltd.,Property Wiard Limited,25,590.1,14752.5,2025-08-12 13:45:42.028874
2025-08-12,31768,2025081204011254,UMHL,Capital Max Securities Ltd,Blue Chip Securities Ltd,475,591.5,280962.5,2025-08-12 13:45:50.333987
2025-08-12,31767,2025081204011255,UMHL,Capital Max Securities Ltd,Bhrikuti Stock Broking Co. Pvt. Ltd.,25,591.5,14787.5,2025-08-12 13:45:50.334060
2025-08-12,31734,2025081204011266,UMHL,Capital Max Securities Ltd,Bhrikuti Stock Broking Co. Pvt. Ltd.,75,591.5,44362.5,2025-08-12 13:45:57.362806
2025-08-12,31733,2025081204011267,UMHL,Capital Max Securities Ltd,Hatemalo Financial Services Private Limited,300,591.9,177570.0,2025-08-12 13:45:57.362881
2025-08-12,31732,2025081204011268,UMHL,Capital Max Securities Ltd,Neev Securities Pvt. Ltd.,100,591.9,59190.0,2025-08-12 13:45:57.362908
2025-08-12,31731,2025081204011269,UMHL,Capital Max Securities Ltd,Agrawal Securities (PVT) Ltd.,25,592.0,14800.0,2025-08-12 13:45:57.362949
2025-08-12,31672,2025081204011272,UMHL,Capital Max Securities Ltd,Agrawal Securities (PVT) Ltd.,35,592.0,20720.0,2025-08-12 13:46:04.394861
2025-08-12,31130,2025081204011416,UMHL,Capital Max Securities Ltd,Agrawal Securities (PVT) Ltd.,50,592.0,29600.0,2025-08-12 13:47:42.772872
2025-08-12,30974,2025081204011457,UMHL,Capital Max Securities Ltd,Agrawal Securities (PVT) Ltd.,15,592.0,8880.0,2025-08-12 13:48:20.940070
2025-08-12,30770,2025081204011507,UMHL,Trisul Securities & Invt. Ltd.,Trisul Securities & Invt. Ltd.,10,591.9,5919.0,2025-08-12 13:49:03.156152
2025-08-12,30769,2025081204011508,UMHL,Trisul Securities & Invt. Ltd.,Agrawal Securities (PVT) Ltd.,10,592.0,5920.0,2025-08-12 13:49:03.156211
2025-08-12,30589,2025081204011543,UMHL,Malla & Malla Stock Broking Company Pvt. Limited,Deevyaa Securities & Stock House Pvt. Ltd,53,590.2,31280.6,2025-08-12 13:49:38.383482
2025-08-12,30556,2025081204011550,UMHL,Property Wiard Limited,Citizens Share Broker Limited,15,591.9,8878.5,2025-08-12 13:49:46.626857
2025-08-12,30025,2025081204011696,UMHL,Trisul Securities & Invt. Ltd.,Citizens Share Broker Limited,500,591.9,295950.0,2025-08-12 13:51:25.976984
2025-08-12,29254,2025081204011843,UMHL,Trisul Securities & Invt. Ltd.,Property Wiard Limited,100,591.5,59150.0,2025-08-12 13:54:15.633948
2025-08-12,29253,2025081204011844,UMHL,Trisul Securities & Invt. Ltd.,Citizens Share Broker Limited,10,591.9,5919.0,2025-08-12 13:54:15.634034
2025-08-12,29019,2025081204011894,UMHL,Nepal Stock House (PVT) Ltd.,Secured Securities Ltd.,170,591.5,100555.0,2025-08-12 13:55:00.368097
2025-08-12,28902,2025081204011923,UMHL,Capital Max Securities Ltd,Secured Securities Ltd.,130,591.5,76895.0,2025-08-12 13:55:15.797668
2025-08-12,28901,2025081204011924,UMHL,Capital Max Securities Ltd,Citizens Share Broker Limited,10,591.9,5919.0,2025-08-12 13:55:15.797826
2025-08-12,28234,2025081204012149,UMHL,Aryatara Investment & Securities,Linch Stock Market Ltd.,35,591.0,20685.0,2025-08-12 13:57:11.392667
2025-08-12,28230,2025081204012150,UMHL,Property Wiard Limited,Nagarik Stock Dealer ,500,591.8,295900.0,2025-08-12 13:57:11.635467
2025-08-12,28200,2025081204012154,UMHL,Aryatara Investment & Securities,Property Wiard Limited,65,591.0,38415.0,2025-08-12 13:57:19.665385
2025-08-12,28199,2025081204012155,UMHL,Property Wiard Limited,Property Wiard Limited,100,590.4,59040.0,2025-08-12 13:57:19.665534
2025-08-12,28198,2025081204012156,UMHL,Trishakti Securities Public Limited,Property Wiard Limited,200,590.3,118060.0,2025-08-12 13:57:19.665650
2025-08-12,28197,2025081204012157,UMHL,Malla & Malla Stock Broking Company Pvt. Limited,Property Wiard Limited,135,590.2,79677.0,2025-08-12 13:57:19.665719
2025-08-12,28131,2025081204012165,UMHL,Malla & Malla Stock Broking Company Pvt. Limited,Property Wiard Limited,15,590.2,8853.0,2025-08-12 13:57:32.718683
2025-08-12,28019,2025081204012202,UMHL,Capital Max Securities Ltd,Nagarik Stock Dealer ,90,591.8,53262.0,2025-08-12 13:57:45.847293
2025-08-12,28018,2025081204012203,UMHL,Capital Max Securities Ltd,Citizens Share Broker Limited,10,591.9,5919.0,2025-08-12 13:57:45.847381
2025-08-12,27294,2025081204012339,UMHL,Aryatara Investment & Securities,Siprabi Securities Pvt. Ltd.,53,591.0,31323.0,2025-08-12 13:59:39.768464
2025-08-12,27007,2025081204012418,UMHL,Aryatara Investment & Securities,Vision Securities Pvt. Ltd,47,591.0,27777.0,2025-08-12 14:00:31.799657
2025-08-12,27006,2025081204012419,UMHL,Property Wiard Limited,Vision Securities Pvt. Ltd,32,590.3,18889.6,2025-08-12 14:00:31.800170
2025-08-12,27005,2025081204012420,UMHL,Malla & Malla Stock Broking Company Pvt. Limited,Vision Securities Pvt. Ltd,297,590.2,175289.4,2025-08-12 14:00:31.800491
2025-08-12,27004,2025081204012421,UMHL,Opal Securities Investment (PVT) Ltd.,Vision Securities Pvt. Ltd,20,590.2,11804.0,2025-08-12 14:00:31.800823
2025-08-12,27003,2025081204012422,UMHL,Naasa Securities Co. Ltd.,Vision Securities Pvt. Ltd,50,590.2,29510.0,2025-08-12 14:00:31.801167
2025-08-12,27002,2025081204012423,UMHL,Sumeru Securities Pvt. Ltd.,Vision Securities Pvt. Ltd,554,590.1,326915.4,2025-08-12 14:00:31.801409
2025-08-12,26297,2025081204012581,UMHL,Naasa Securities Co. Ltd.,Citizens Share Broker Limited,190,591.0,112290.0,2025-08-12 14:02:41.765829
2025-08-12,26080,2025081204012624,UMHL,Sumeru Securities Pvt. Ltd.,Indira securities pvt. ltd,650,590.1,383565.0,2025-08-12 14:03:10.020268
2025-08-12,25746,2025081204012704,UMHL,South Asian Bulls Pvt. Ltd.,Citizens Share Broker Limited,110,591.0,65010.0,2025-08-12 14:04:10.618559
2025-08-12,25537,2025081204012766,UMHL,South Asian Bulls Pvt. Ltd.,Sweta Securities Private Limited,90,591.7,53253.0,2025-08-12 14:04:46.771434
2025-08-12,25290,2025081204012846,UMHL,Trisul Securities & Invt. Ltd.,Sweta Securities Private Limited,110,591.7,65087.0,2025-08-12 14:05:27.842361
2025-08-12,25289,2025081204012847,UMHL,Trisul Securities & Invt. Ltd.,Capital Max Securities Ltd,10,591.8,5918.0,2025-08-12 14:05:27.842496
2025-08-12,24540,2025081204013087,UMHL,Opal Securities Investment (PVT) Ltd.,Capital Max Securities Ltd,200,590.2,118040.0,2025-08-12 14:08:14.515557
2025-08-12,24539,2025081204013088,UMHL,Sumeru Securities Pvt. Ltd.,Capital Max Securities Ltd,800,590.1,472080.0,2025-08-12 14:08:14.516523
2025-08-12,24258,2025081204013153,UMHL,Sani Securities Company Ltd.,Cristal Kanchanjanga Securites Pvt. Ltd.,100,591.0,59100.0,2025-08-12 14:09:07.313964
2025-08-12,24127,2025081204013184,UMHL,Thrive Brokerage House Pvt. Ltd,Capital Max Securities Ltd,47,590.2,27739.4,2025-08-12 14:09:29.815415
2025-08-12,24024,2025081204013218,UMHL,Thrive Brokerage House Pvt. Ltd,Dakshinkali Investment & Securities Pvt. Ltd.,129,590.2,76135.8,2025-08-12 14:09:46.116931
2025-08-12,23890,2025081204013279,UMHL,Himalayan Brokerage Company Limited,Cristal Kanchanjanga Securites Pvt. Ltd.,20,591.0,11820.0,2025-08-12 14:10:08.776513
2025-08-12,23854,2025081204013291,UMHL,Capital Max Securities Ltd,Cristal Kanchanjanga Securites Pvt. Ltd.,80,591.0,47280.0,2025-08-12 14:10:16.009914
2025-08-12,23853,2025081204013292,UMHL,Capital Max Securities Ltd,Investment Management Nepal Pvt. Ltd.,10,591.6,5916.0,2025-08-12 14:10:16.009993
2025-08-12,23245,2025081204013437,UMHL,Sani Securities Company Ltd.,Dakshinkali Investment & Securities Pvt. Ltd.,500,591.0,295500.0,2025-08-12 14:11:50.798614
2025-08-12,23155,2025081204013452,UMHL,Thrive Brokerage House Pvt. Ltd,Dakshinkali Investment & Securities Pvt. Ltd.,824,591.0,486984.0,2025-08-12 14:12:14.445432
2025-08-12,22688,2025081204013583,UMHL,Kumari Securities Private Limited,Midas Stock Broking Company Private Limited,500,590.3,295150.0,2025-08-12 14:14:07.590173
2025-08-12,22537,2025081204013604,UMHL,Capital Max Securities Ltd,Dakshinkali Investment & Securities Pvt. Ltd.,676,591.0,399516.0,2025-08-12 14:14:43.147968
2025-08-12,22536,2025081204013605,UMHL,Capital Max Securities Ltd,Investment Management Nepal Pvt. Ltd.,10,591.6,5916.0,2025-08-12 14:14:43.148050
2025-08-12,22520,2025081204013607,UMHL,Property Wiard Limited,Dakshinkali Investment & Securities Pvt. Ltd.,15,591.0,8865.0,2025-08-12 14:14:48.319279
2025-08-12,21823,2025081204013766,UMHL,Aryatara Investment & Securities,Linch Stock Market Ltd.,20,590.9,11818.0,2025-08-12 14:16:52.361702
2025-08-12,21721,2025081204013791,UMHL,Pragyan Securities (PVT) Ltd.,Aryatara Investment & Securities,500,590.2,295100.0,2025-08-12 14:17:09.513129
2025-08-12,21554,2025081204013825,UMHL,Property Wiard Limited,Linch Stock Market Ltd.,15,590.9,8863.5,2025-08-12 14:17:47.765576
2025-08-12,21328,2025081204013893,UMHL,Property Wiard Limited,Linch Stock Market Ltd.,500,590.9,295450.0,2025-08-12 14:18:35.894022
2025-08-12,21319,2025081204013898,UMHL,Pragyan Securities (PVT) Ltd.,Property Wiard Limited,500,590.2,295100.0,2025-08-12 14:18:38.905355
2025-08-12,21290,2025081204013902,UMHL,Vision Securities Pvt. Ltd,Property Wiard Limited,30,590.2,17706.0,2025-08-12 14:18:43.919561
2025-08-12,21077,2025081204013960,UMHL,Vision Securities Pvt. Ltd,Vision Securities Pvt. Ltd,170,590.2,100334.0,2025-08-12 14:19:27.312221
2025-08-12,21076,2025081204013961,UMHL,Capital Max Securities Ltd,Vision Securities Pvt. Ltd,210,590.2,123942.0,2025-08-12 14:19:27.312729
2025-08-12,21075,2025081204013962,UMHL,Sumeru Securities Pvt. Ltd.,Vision Securities Pvt. Ltd,620,590.1,365862.0,2025-08-12 14:19:27.312963
2025-08-12,20956,2025081204013980,UMHL,Property Wiard Limited,Linch Stock Market Ltd.,10,590.9,5909.0,2025-08-12 14:19:57.111102
2025-08-12,20452,2025081204014121,UMHL,Sumeru Securities Pvt. Ltd.,Opal Securities Investment (PVT) Ltd.,107,590.2,63151.4,2025-08-12 14:21:25.299414
2025-08-12,20286,2025081204014198,UMHL,Sumeru Securities Pvt. Ltd.,Agrawal Securities (PVT) Ltd.,1000,590.1,590100.0,2025-08-12 14:21:56.159440
2025-08-12,20181,2025081204014223,UMHL,Property Wiard Limited,Linch Stock Market Ltd.,10,590.9,5909.0,2025-08-12 14:22:14.449613
2025-08-12,19510,2025081204014387,UMHL,Capital Max Securities Ltd,Investment Management Nepal Pvt. Ltd.,410,590.2,241982.0,2025-08-12 14:23:57.617326
2025-08-12,19509,2025081204014388,UMHL,Naasa Securities Co. Ltd.,Investment Management Nepal Pvt. Ltd.,90,590.2,53118.0,2025-08-12 14:23:57.617790
2025-08-12,19352,2025081204014418,UMHL,Property Wiard Limited,Malla & Malla Stock Broking Company Pvt. Limited,50,590.5,29525.0,2025-08-12 14:24:25.782340
2025-08-12,19351,2025081204014419,UMHL,Property Wiard Limited,Linch Stock Market Ltd.,10,590.9,5909.0,2025-08-12 14:24:25.782511
2025-08-12,19095,2025081204014488,UMHL,Naasa Securities Co. Ltd.,Opal Securities Investment (PVT) Ltd.,100,590.2,59020.0,2025-08-12 14:25:07.489296
2025-08-12,19094,2025081204014489,UMHL,Sumeru Securities Pvt. Ltd.,Opal Securities Investment (PVT) Ltd.,260,590.1,153426.0,2025-08-12 14:25:07.489361
2025-08-12,18962,2025081204014518,UMHL,Property Wiard Limited,Linch Stock Market Ltd.,10,590.9,5909.0,2025-08-12 14:25:33.962056
2025-08-12,18912,2025081204014534,UMHL,Trademow Securities Private Limited,Linch Stock Market Ltd.,610,590.9,360449.0,2025-08-12 14:25:44.979872
2025-08-12,18444,2025081204014666,UMHL,Capital Max Securities Ltd,Oxford Securities Pvt. Ltd.,70,590.9,41363.0,2025-08-12 14:27:10.399384
2025-08-12,18443,2025081204014667,UMHL,Capital Max Securities Ltd,Dakshinkali Investment & Securities Pvt. Ltd.,10,591.0,5910.0,2025-08-12 14:27:10.399474
2025-08-12,18094,2025081204014736,UMHL,Aryatara Investment & Securities,Capital Max Securities Ltd,2000,590.5,1181000.0,2025-08-12 14:28:25.736100
2025-08-12,17991,2025081204014761,UMHL,Aryatara Investment & Securities,Sri Hari Securities Pvt. Ltd.,50,590.5,29525.0,2025-08-12 14:28:46.464581
2025-08-12,17860,2025081204014784,UMHL,Aryatara Investment & Securities,Property Wiard Limited,90,590.5,53145.0,2025-08-12 14:29:16.585926
2025-08-12,17798,2025081204014810,UMHL,Dipshikha Dhitopatra Karobar Co. Pvt Ltd.,Sumeru Securities Pvt. Ltd.,40,590.9,23636.0,2025-08-12 14:29:33.107464
2025-08-12,17797,2025081204014811,UMHL,Dipshikha Dhitopatra Karobar Co. Pvt Ltd.,Dakshinkali Investment & Securities Pvt. Ltd.,60,591.0,35460.0,2025-08-12 14:29:33.108553
2025-08-12,17782,2025081204014819,UMHL,Aryatara Investment & Securities,Kalika Securities Pvt. Ltd.,48,590.5,28344.0,2025-08-12 14:29:38.779549
2025-08-12,17653,2025081204014851,UMHL,Aryatara Investment & Securities,Linch Stock Market Ltd.,200,590.5,118100.0,2025-08-12 14:30:09.608551
2025-08-12,17504,2025081204014882,UMHL,Aryatara Investment & Securities,Capital Max Securities Ltd,500,590.5,295250.0,2025-08-12 14:30:43.495642
2025-08-12,17445,2025081204014911,UMHL,Aryatara Investment & Securities,Creative Securities Pvt Ltd,107,590.5,63183.5,2025-08-12 14:30:56.115735
2025-08-12,17432,2025081204014914,UMHL,Trisul Securities & Invt. Ltd.,Trisul Securities & Invt. Ltd.,10,590.9,5909.0,2025-08-12 14:31:01.065091
2025-08-12,17431,2025081204014915,UMHL,Trisul Securities & Invt. Ltd.,Dakshinkali Investment & Securities Pvt. Ltd.,10,591.0,5910.0,2025-08-12 14:31:01.065175
2025-08-12,17140,2025081204014970,UMHL,Dynamic Money Managers Securities Pvt. Ltd.,Midas Stock Broking Company Private Limited,40,590.2,23608.0,2025-08-12 14:32:11.999342
2025-08-12,17139,2025081204014971,UMHL,Sumeru Securities Pvt. Ltd.,Midas Stock Broking Company Private Limited,960,590.1,566496.0,2025-08-12 14:32:12.000483
2025-08-12,16764,2025081204015054,UMHL,Sumeru Securities Pvt. Ltd.,Sri Hari Securities Pvt. Ltd.,50,590.1,29505.0,2025-08-12 14:33:47.315986
2025-08-12,16507,2025081204015120,UMHL,Trisul Securities & Invt. Ltd.,Kalika Securities Pvt. Ltd.,10,590.9,5909.0,2025-08-12 14:34:40.060883
2025-08-12,16144,2025081204015254,UMHL,Capital Max Securities Ltd,Dakshinkali Investment & Securities Pvt. Ltd.,10,591.0,5910.0,2025-08-12 14:35:44.452142
2025-08-12,15830,2025081204015362,UMHL,Sani Securities Company Ltd.,Bhrikuti Stock Broking Co. Pvt. Ltd.,25,590.2,14755.0,2025-08-12 14:36:29.247769
2025-08-12,15801,2025081204015366,UMHL,Vision Securities Pvt. Ltd,Dakshinkali Investment & Securities Pvt. Ltd.,100,591.0,59100.0,2025-08-12 14:36:37.056448
2025-08-12,15693,2025081204015384,UMHL,South Asian Bulls Pvt. Ltd.,Dakshinkali Investment & Securities Pvt. Ltd.,100,591.0,59100.0,2025-08-12 14:37:02.459338
2025-08-12,15242,2025081204015502,UMHL,Vision Securities Pvt. Ltd,Naasa Securities Co. Ltd.,100,590.3,59030.0,2025-08-12 14:38:08.410308
2025-08-12,15241,2025081204015503,UMHL,Secured Securities Ltd.,Naasa Securities Co. Ltd.,50,590.3,29515.0,2025-08-12 14:38:08.410786
2025-08-12,15228,2025081204015504,UMHL,Sani Securities Company Ltd.,Nepal Investment And Securities Trading Private Limited,400,590.2,236080.0,2025-08-12 14:38:10.908845
2025-08-12,15115,2025081204015532,UMHL,Trisul Securities & Invt. Ltd.,Naasa Securities Co. Ltd.,80,590.3,47224.0,2025-08-12 14:38:30.072632
2025-08-12,15114,2025081204015533,UMHL,Trisul Securities & Invt. Ltd.,Dakshinkali Investment & Securities Pvt. Ltd.,10,591.0,5910.0,2025-08-12 14:38:30.072709
2025-08-12,14878,2025081204015585,UMHL,Nepal Investment And Securities Trading Private Limited,Aryatara Investment & Securities,80,590.3,47224.0,2025-08-12 14:39:03.830538
2025-08-12,14877,2025081204015586,UMHL,Sani Securities Company Ltd.,Aryatara Investment & Securities,85,590.2,50167.0,2025-08-12 14:39:03.831754
2025-08-12,14867,2025081204015590,UMHL,Sumeru Securities Pvt. Ltd.,Imperial Securities Company Pvt. Ltd.,500,590.1,295050.0,2025-08-12 14:39:05.868343
2025-08-12,14758,2025081204015595,UMHL,Opal Securities Investment (PVT) Ltd.,Aryatara Investment & Securities,115,590.2,67873.0,2025-08-12 14:39:16.264419
2025-08-12,14406,2025081204015670,UMHL,Opal Securities Investment (PVT) Ltd.,Nepal Investment And Securities Trading Private Limited,72,590.2,42494.4,2025-08-12 14:40:06.652385
2025-08-12,14390,2025081204015671,UMHL,Opal Securities Investment (PVT) Ltd.,Trisul Securities & Invt. Ltd.,113,590.2,66692.6,2025-08-12 14:40:08.563791
2025-08-12,14389,2025081204015672,UMHL,Sumeru Securities Pvt. Ltd.,Trisul Securities & Invt. Ltd.,187,590.1,110348.7,2025-08-12 14:40:08.564305
2025-08-12,13936,2025081204015820,UMHL,Sumeru Securities Pvt. Ltd.,Premier Securities Company Ltd.,100,590.1,59010.0,2025-08-12 14:41:10.575588
2025-08-12,13766,2025081204015885,UMHL,Sumeru Securities Pvt. Ltd.,South Asian Bulls Pvt. Ltd.,1070,590.1,631407.0,2025-08-12 14:41:31.529195
2025-08-12,13618,2025081204015956,UMHL,Sumeru Securities Pvt. Ltd.,Dakshinkali Investment & Securities Pvt. Ltd.,1141,590.1,673304.1,2025-08-12 14:41:51.739352
2025-08-12,13617,2025081204015957,UMHL,Sumeru Securities Pvt. Ltd.,Dakshinkali Investment & Securities Pvt. Ltd.,1859,590.1,1096995.9,2025-08-12 14:41:51.739876
2025-08-12,13461,2025081204015995,UMHL,Sumeru Securities Pvt. Ltd.,Sani Securities Company Ltd.,1015,590.1,598951.5,2025-08-12 14:42:08.078074
2025-08-12,13369,2025081204016021,UMHL,Sumeru Securities Pvt. Ltd.,Imperial Securities Company Pvt. Ltd.,107,590.1,63140.7,2025-08-12 14:42:14.610769
2025-08-12,13184,2025081204016059,UMHL,Sumeru Securities Pvt. Ltd.,Dakshinkali Investment & Securities Pvt. Ltd.,1685,590.1,994318.5,2025-08-12 14:42:34.037704
2025-08-12,12921,2025081204016118,UMHL,Sumeru Securities Pvt. Ltd.,Sani Securities Company Ltd.,100,590.1,59010.0,2025-08-12 14:43:01.872111
2025-08-12,12828,2025081204016136,UMHL,Agrawal Securities (PVT) Ltd.,Swarna Laxmi Securities Pvt. Ltd.,200,590.9,118180.0,2025-08-12 14:43:15.142047
2025-08-12,12827,2025081204016137,UMHL,Agrawal Securities (PVT) Ltd.,Midas Stock Broking Company Private Limited,10,590.9,5909.0,2025-08-12 14:43:15.142532
2025-08-12,12826,2025081204016138,UMHL,Agrawal Securities (PVT) Ltd.,Kumari Securities Private Limited,290,590.9,171361.0,2025-08-12 14:43:15.142761
2025-08-12,12792,2025081204016144,UMHL,Sumeru Securities Pvt. Ltd.,Kumari Securities Private Limited,30,590.9,17727.0,2025-08-12 14:43:18.850126
2025-08-12,12791,2025081204016145,UMHL,Sumeru Securities Pvt. Ltd.,ABC Securities Private Limited,300,590.9,177270.0,2025-08-12 14:43:18.850627
2025-08-12,12544,2025081204016206,UMHL,Sumeru Securities Pvt. Ltd.,Capital Max Securities Ltd,600,590.9,354540.0,2025-08-12 14:43:40.858307
2025-08-12,11937,2025081204016317,UMHL,Sumeru Securities Pvt. Ltd.,Nepal Stock House (PVT) Ltd.,70,590.9,41363.0,2025-08-12 14:44:43.173336
2025-08-12,11936,2025081204016318,UMHL,Sumeru Securities Pvt. Ltd.,Nepal Stock House (PVT) Ltd.,330,590.2,194766.0,2025-08-12 14:44:43.173903
2025-08-12,11714,2025081204016344,UMHL,Sumeru Securities Pvt. Ltd.,Trishakti Securities Public Limited,500,590.2,295100.0,2025-08-12 14:45:08.405708
2025-08-12,11621,2025081204016366,UMHL,Sumeru Securities Pvt. Ltd.,South Asian Bulls Pvt. Ltd.,170,590.2,100334.0,2025-08-12 14:45:17.733275
2025-08-12,11504,2025081204016397,UMHL,Sumeru Securities Pvt. Ltd.,Sweta Securities Private Limited,50,590.1,29505.0,2025-08-12 14:45:31.787865
2025-08-12,11475,2025081204016408,UMHL,Capital Max Securities Ltd,South Asian Bulls Pvt. Ltd.,44,590.2,25968.8,2025-08-12 14:45:34.451512
2025-08-12,11474,2025081204016409,UMHL,Capital Max Securities Ltd,Thrive Brokerage House Pvt. Ltd,150,590.2,88530.0,2025-08-12 14:45:34.452024
2025-08-12,11473,2025081204016410,UMHL,Capital Max Securities Ltd,Naasa Securities Co. Ltd.,148,591.0,87468.0,2025-08-12 14:45:34.452382
2025-08-12,11472,2025081204016411,UMHL,Capital Max Securities Ltd,Himalayan Brokerage Company Limited,200,591.0,118200.0,2025-08-12 14:45:34.452661
2025-08-12,11471,2025081204016412,UMHL,Capital Max Securities Ltd,Agrawal Securities (PVT) Ltd.,31,591.0,18321.0,2025-08-12 14:45:34.452887
2025-08-12,11470,2025081204016413,UMHL,Capital Max Securities Ltd,Sani Securities Company Ltd.,20,591.0,11820.0,2025-08-12 14:45:34.453139
2025-08-12,11469,2025081204016414,UMHL,Capital Max Securities Ltd,Property Wiard Limited,150,591.0,88650.0,2025-08-12 14:45:34.453454
2025-08-12,11468,2025081204016415,UMHL,Capital Max Securities Ltd,Sajilo Broker Limited,1000,591.0,591000.0,2025-08-12 14:45:34.453736
2025-08-12,11467,2025081204016416,UMHL,Capital Max Securities Ltd,Agrawal Securities (PVT) Ltd.,100,591.0,59100.0,2025-08-12 14:45:34.454007
2025-08-12,11466,2025081204016417,UMHL,Capital Max Securities Ltd,Vision Securities Pvt. Ltd,214,591.0,126474.0,2025-08-12 14:45:34.454320
2025-08-12,11465,2025081204016418,UMHL,Capital Max Securities Ltd,ABC Securities Private Limited,500,591.0,295500.0,2025-08-12 14:45:34.454570
2025-08-12,11196,2025081204016482,UMHL,Capital Max Securities Ltd,Vision Securities Pvt. Ltd,700,591.2,413840.0,2025-08-12 14:45:55.566471
