Date,S.N.,Contract ID,Symbol,Buyer Broker,Seller Broker,quantity,rate,amount,transaction_time
2025-08-19,61766,2025081904000009,NGPL,Vision Securities Pvt. Ltd,Bhrikuti Stock Broking Co. Pvt. Ltd.,10,415.0,4150.0,2025-08-19 10:46:00.038633
2025-08-19,61433,2025081904000177,NGPL,BHOLE GANESH SECURITIES LTD,Nepal Stock House (PVT) Ltd.,50,410.0,20500.0,2025-08-19 11:01:57.393622
2025-08-19,61425,2025081904000178,NGPL,Midas Stock Broking Company Private Limited,Asian Securities Private Ltd.,500,412.0,206000.0,2025-08-19 11:02:04.578382
2025-08-19,61050,2025081904000311,NGPL,BHOLE GANESH SECURITIES LTD,South Asian Bulls Pvt. Ltd.,50,410.0,20500.0,2025-08-19 11:05:01.366210
2025-08-19,61049,2025081904000312,NGPL,Sewa Securities Pvt. Ltd.,South Asian Bulls Pvt. Ltd.,650,408.0,265200.0,2025-08-19 11:05:01.366306
2025-08-19,60610,2025081904000477,NGPL,Infinity Securities Limited,Sewa Securities Pvt. Ltd.,50,411.0,20550.0,2025-08-19 11:07:53.363127
2025-08-19,60536,2025081904000504,NGPL,Nepal Stock House (PVT) Ltd.,Malla & Malla Stock Broking Company Pvt. Limited,50,411.8,20590.0,2025-08-19 11:08:23.263699
2025-08-19,60535,2025081904000505,NGPL,Nepal Stock House (PVT) Ltd.,Deevyaa Securities & Stock House Pvt. Ltd,25,411.8,10295.0,2025-08-19 11:08:23.263857
2025-08-19,60534,2025081904000506,NGPL,Nepal Stock House (PVT) Ltd.,ABC Securities Private Limited,25,411.8,10295.0,2025-08-19 11:08:23.263918
2025-08-19,60418,2025081904000548,NGPL,Infinity Securities Limited,Linch Stock Market Ltd.,50,411.0,20550.0,2025-08-19 11:09:07.991667
2025-08-19,60411,2025081904000551,NGPL,Thrive Brokerage House Pvt. Ltd,ABC Securities Private Limited,76,411.8,31296.8,2025-08-19 11:09:09.976132
2025-08-19,60265,2025081904000587,NGPL,Midas Stock Broking Company Private Limited,Sunrise Securities Limited,500,410.1,205050.0,2025-08-19 11:09:54.005052
2025-08-19,60237,2025081904000593,NGPL,Midas Stock Broking Company Private Limited,Sunrise Securities Limited,150,410.1,61515.0,2025-08-19 11:10:05.691019
2025-08-19,60194,2025081904000605,NGPL,Midas Stock Broking Company Private Limited,Sunrise Securities Limited,350,410.1,143535.0,2025-08-19 11:10:21.095023
2025-08-19,60193,2025081904000606,NGPL,Linch Stock Market Ltd.,Sunrise Securities Limited,150,410.0,61500.0,2025-08-19 11:10:21.095308
2025-08-19,59971,2025081904000692,NGPL,Nepal Investment And Securities Trading Private Limited,Sajilo Broker Limited,50,410.0,20500.0,2025-08-19 11:11:33.601297
2025-08-19,59729,2025081904000771,NGPL,Nepal Investment And Securities Trading Private Limited,Sunrise Securities Limited,490,410.0,200900.0,2025-08-19 11:12:49.518536
2025-08-19,59728,2025081904000772,NGPL,Sagarmatha Securities Private Limited,Sunrise Securities Limited,10,410.0,4100.0,2025-08-19 11:12:49.518725
2025-08-19,59010,2025081904000947,NGPL,Sagarmatha Securities Private Limited,Aakashbhairab Securities Ltd.,20,410.0,8200.0,2025-08-19 11:16:39.501686
2025-08-19,59009,2025081904000948,NGPL,BHOLE GANESH SECURITIES LTD,Aakashbhairab Securities Ltd.,50,410.0,20500.0,2025-08-19 11:16:39.501864
2025-08-19,59008,2025081904000949,NGPL,Naasa Securities Co. Ltd.,Aakashbhairab Securities Ltd.,830,410.0,340300.0,2025-08-19 11:16:39.501957
2025-08-19,58896,2025081904000962,NGPL,Capital Hub P. Ltd,Sweta Securities Private Limited,200,411.0,82200.0,2025-08-19 11:17:15.466867
2025-08-19,58396,2025081904001046,NGPL,Siprabi Securities Pvt. Ltd.,Miyo Securities Pvt Ltd,100,411.1,41110.0,2025-08-19 11:19:28.127938
2025-08-19,58395,2025081904001047,NGPL,Nepal Stock House (PVT) Ltd.,Miyo Securities Pvt Ltd,400,411.1,164440.0,2025-08-19 11:19:28.128282
2025-08-19,58185,2025081904001085,NGPL,Nepal Stock House (PVT) Ltd.,Sweta Securities Private Limited,100,411.1,41110.0,2025-08-19 11:20:29.516174
2025-08-19,58126,2025081904001100,NGPL,Dipshikha Dhitopatra Karobar Co. Pvt Ltd.,Aryatara Investment & Securities,500,411.0,205500.0,2025-08-19 11:20:44.202965
2025-08-19,58047,2025081904001127,NGPL,Online Securities Pvt. Ltd.,Siprabi Securities Pvt. Ltd.,1,405.0,405.0,2025-08-19 11:21:13.128350
2025-08-19,57986,2025081904001139,NGPL,Naasa Securities Co. Ltd.,Kalika Securities Pvt. Ltd.,11,410.0,4510.0,2025-08-19 11:21:28.036155
2025-08-19,57444,2025081904001271,NGPL,Naasa Securities Co. Ltd.,Primo Securities (PVT) Ltd.,16,410.0,6560.0,2025-08-19 11:23:54.138849
2025-08-19,57440,2025081904001273,NGPL,Naasa Securities Co. Ltd.,Siprabi Securities Pvt. Ltd.,143,410.0,58630.0,2025-08-19 11:23:55.750100
2025-08-19,57439,2025081904001274,NGPL,Imperial Securities Company Pvt. Ltd.,Siprabi Securities Pvt. Ltd.,57,410.0,23370.0,2025-08-19 11:23:55.750372
2025-08-19,57326,2025081904001298,NGPL,Imperial Securities Company Pvt. Ltd.,Sundhara Securities Limited,43,410.0,17630.0,2025-08-19 11:24:25.119431
2025-08-19,57122,2025081904001334,NGPL,Sani Securities Company Ltd.,Sundhara Securities Limited,247,410.0,101270.0,2025-08-19 11:25:10.107782
2025-08-19,57090,2025081904001341,NGPL,Sani Securities Company Ltd.,Neev Securities Pvt. Ltd.,753,410.0,308730.0,2025-08-19 11:25:17.071213
2025-08-19,56706,2025081904001418,NGPL,South Asian Bulls Pvt. Ltd.,Neev Securities Pvt. Ltd.,100,410.0,41000.0,2025-08-19 11:26:47.077674
2025-08-19,56660,2025081904001435,NGPL,J.F. Securites (PVT) Ltd.,Neev Securities Pvt. Ltd.,12,410.0,4920.0,2025-08-19 11:26:56.661786
2025-08-19,56162,2025081904001548,NGPL,Sumeru Securities Pvt. Ltd.,Online Securities Pvt. Ltd.,50,409.6,20480.0,2025-08-19 11:29:08.678325
2025-08-19,55874,2025081904001628,NGPL,Online Securities Pvt. Ltd.,Linch Stock Market Ltd.,7,401.8,2812.6,2025-08-19 11:30:37.021780
2025-08-19,55817,2025081904001645,NGPL,Online Securities Pvt. Ltd.,Linch Stock Market Ltd.,7,402.0,2814.0,2025-08-19 11:30:54.035123
2025-08-19,55658,2025081904001689,NGPL,Sumeru Securities Pvt. Ltd.,Swarna Laxmi Securities Pvt. Ltd.,31,409.6,12697.6,2025-08-19 11:31:45.622558
2025-08-19,55142,2025081904001787,NGPL,Kalika Securities Pvt. Ltd.,Online Securities Pvt. Ltd.,10,409.9,4099.0,2025-08-19 11:33:56.777920
2025-08-19,55141,2025081904001788,NGPL,Kalika Securities Pvt. Ltd.,Neev Securities Pvt. Ltd.,135,410.0,55350.0,2025-08-19 11:33:56.778177
2025-08-19,54963,2025081904001816,NGPL,Online Securities Pvt. Ltd.,Sagarmatha Securities Private Limited,1,402.0,402.0,2025-08-19 11:34:50.156717
2025-08-19,54918,2025081904001826,NGPL,Kalika Securities Pvt. Ltd.,Sundhara Securities Limited,255,410.0,104550.0,2025-08-19 11:35:05.482839
2025-08-19,54917,2025081904001827,NGPL,Imperial Securities Company Pvt. Ltd.,Sundhara Securities Limited,73,410.0,29930.0,2025-08-19 11:35:05.483067
2025-08-19,54888,2025081904001835,NGPL,NIMB Stock Markets Limited,Sundhara Securities Limited,179,410.0,73390.0,2025-08-19 11:35:12.155570
2025-08-19,54780,2025081904001859,NGPL,NIMB Stock Markets Limited,Elite Stock House Limited,100,410.5,41050.0,2025-08-19 11:35:48.422216
2025-08-19,53747,2025081904002098,NGPL,Himalayan Securities Limited,Ashutosh Brokerage & Securities (PVT) Ltd.,1,402.3,402.3,2025-08-19 11:41:12.174283
2025-08-19,53530,2025081904002134,NGPL,Online Securities Pvt. Ltd.,Thrive Brokerage House Pvt. Ltd,1,403.0,403.0,2025-08-19 11:42:16.478011
2025-08-19,53504,2025081904002138,NGPL,NIMB Stock Markets Limited,Nepal Investment And Securities Trading Private Limited,21,410.5,8620.5,2025-08-19 11:42:18.752975
2025-08-19,51783,2025081904002510,NGPL,Kalika Securities Pvt. Ltd.,Aryatara Investment & Securities,290,411.0,119190.0,2025-08-19 11:50:25.225467
2025-08-19,51782,2025081904002511,NGPL,Kalika Securities Pvt. Ltd.,Asian Securities Private Ltd.,50,411.0,20550.0,2025-08-19 11:50:25.225737
2025-08-19,51781,2025081904002512,NGPL,Kalika Securities Pvt. Ltd.,Nepal Stock House (PVT) Ltd.,60,411.0,24660.0,2025-08-19 11:50:25.225842
2025-08-19,51703,2025081904002530,NGPL,Online Securities Pvt. Ltd.,Dipshikha Dhitopatra Karobar Co. Pvt Ltd.,1,403.0,403.0,2025-08-19 11:50:50.278112
2025-08-19,51496,2025081904002591,NGPL,Dipshikha Dhitopatra Karobar Co. Pvt Ltd.,Online Securities Pvt. Ltd.,21,410.0,8610.0,2025-08-19 11:52:01.306864
2025-08-19,51495,2025081904002592,NGPL,Online Securities Pvt. Ltd.,Premier Securities Company Ltd.,1000,410.5,410500.0,2025-08-19 11:52:01.308805
2025-08-19,51494,2025081904002593,NGPL,Online Securities Pvt. Ltd.,Nepal Stock House (PVT) Ltd.,90,411.0,36990.0,2025-08-19 11:52:01.308939
2025-08-19,51164,2025081904002666,NGPL,Dakshinkali Investment & Securities Pvt. Ltd.,Nepal Stock House (PVT) Ltd.,50,411.0,20550.0,2025-08-19 11:53:29.271307
2025-08-19,51163,2025081904002667,NGPL,Dakshinkali Investment & Securities Pvt. Ltd.,Naasa Securities Co. Ltd.,100,411.0,41100.0,2025-08-19 11:53:29.271822
2025-08-19,51162,2025081904002668,NGPL,Dakshinkali Investment & Securities Pvt. Ltd.,Elite Stock House Limited,500,411.6,205800.0,2025-08-19 11:53:29.272144
2025-08-19,51161,2025081904002669,NGPL,Dakshinkali Investment & Securities Pvt. Ltd.,Sunrise Securities Limited,350,411.7,144095.0,2025-08-19 11:53:29.272476
2025-08-19,51160,2025081904002670,NGPL,Dakshinkali Investment & Securities Pvt. Ltd.,ABC Securities Private Limited,99,411.8,40768.2,2025-08-19 11:53:29.272783
2025-08-19,51159,2025081904002671,NGPL,Dakshinkali Investment & Securities Pvt. Ltd.,Cristal Kanchanjanga Securites Pvt. Ltd.,100,411.9,41190.0,2025-08-19 11:53:29.273076
2025-08-19,51158,2025081904002672,NGPL,Dakshinkali Investment & Securities Pvt. Ltd.,Primo Securities (PVT) Ltd.,301,411.9,123981.9,2025-08-19 11:53:29.273395
2025-08-19,50912,2025081904002724,NGPL,Miyo Securities Pvt Ltd,Primo Securities (PVT) Ltd.,155,411.9,63844.5,2025-08-19 11:54:23.399306
2025-08-19,49963,2025081904002891,NGPL,Sumeru Securities Pvt. Ltd.,Naasa Securities Co. Ltd.,100,411.0,41100.0,2025-08-19 11:58:46.395361
2025-08-19,49962,2025081904002892,NGPL,Sumeru Securities Pvt. Ltd.,Kumari Securities Private Limited,19,411.0,7809.0,2025-08-19 11:58:46.395624
2025-08-19,49444,2025081904002976,NGPL,Miyo Securities Pvt Ltd,Property Wiard Limited,486,411.0,199746.0,2025-08-19 12:01:24.743948
2025-08-19,49372,2025081904002977,NGPL,Dynamic Money Managers Securities Pvt. Ltd.,Property Wiard Limited,500,411.0,205500.0,2025-08-19 12:01:44.761225
2025-08-19,49332,2025081904002986,NGPL,Trishakti Securities Public Limited,Property Wiard Limited,14,411.0,5754.0,2025-08-19 12:01:59.973610
2025-08-19,49331,2025081904002987,NGPL,Trishakti Securities Public Limited,Online Securities Pvt. Ltd.,11,411.0,4521.0,2025-08-19 12:01:59.974005
2025-08-19,49191,2025081904003016,NGPL,Sagarmatha Securities Private Limited,Online Securities Pvt. Ltd.,189,411.0,77679.0,2025-08-19 12:02:43.693185
2025-08-19,48702,2025081904003146,NGPL,Sagarmatha Securities Private Limited,Kumari Securities Private Limited,281,411.0,115491.0,2025-08-19 12:04:52.189493
2025-08-19,47617,2025081904003355,NGPL,Sagarmatha Securities Private Limited,N.M.B. SECURITIES LIMITED,30,411.0,12330.0,2025-08-19 12:09:26.463660
2025-08-19,47616,2025081904003356,NGPL,Vision Securities Pvt. Ltd,N.M.B. SECURITIES LIMITED,70,411.0,28770.0,2025-08-19 12:09:26.463986
2025-08-19,47600,2025081904003357,NGPL,Investment Management Nepal Pvt. Ltd.,Primo Securities (PVT) Ltd.,544,411.9,224073.6,2025-08-19 12:09:34.085215
2025-08-19,47599,2025081904003358,NGPL,Investment Management Nepal Pvt. Ltd.,Naasa Securities Co. Ltd.,56,411.9,23066.4,2025-08-19 12:09:34.085504
2025-08-19,47538,2025081904003372,NGPL,Infinity Securities Limited,Naasa Securities Co. Ltd.,44,411.9,18123.6,2025-08-19 12:09:48.915618
2025-08-19,47475,2025081904003389,NGPL,Sumeru Securities Pvt. Ltd.,Aakashbhairab Securities Ltd.,30,412.0,12360.0,2025-08-19 12:09:59.749613
2025-08-19,47422,2025081904003402,NGPL,Vision Securities Pvt. Ltd,Aakashbhairab Securities Ltd.,490,412.0,201880.0,2025-08-19 12:10:17.361209
2025-08-19,47401,2025081904003404,NGPL,Infinity Securities Limited,Aakashbhairab Securities Ltd.,56,412.0,23072.0,2025-08-19 12:10:20.998111
2025-08-19,47311,2025081904003424,NGPL,Sri Hari Securities Pvt. Ltd.,KALASH STOCK MARKET PVT. LTD.,500,411.9,205950.0,2025-08-19 12:10:39.775459
2025-08-19,47230,2025081904003435,NGPL,Vision Securities Pvt. Ltd,Dakshinkali Investment & Securities Pvt. Ltd.,100,411.0,41100.0,2025-08-19 12:11:00.757695
2025-08-19,47229,2025081904003436,NGPL,South Asian Bulls Pvt. Ltd.,Dakshinkali Investment & Securities Pvt. Ltd.,500,411.0,205500.0,2025-08-19 12:11:00.758006
2025-08-19,47228,2025081904003437,NGPL,Miyo Securities Pvt Ltd,Dakshinkali Investment & Securities Pvt. Ltd.,400,411.0,164400.0,2025-08-19 12:11:00.758127
2025-08-19,47160,2025081904003454,NGPL,Investment Management Nepal Pvt. Ltd.,Sumeru Securities Pvt. Ltd.,350,411.8,144130.0,2025-08-19 12:11:15.600274
2025-08-19,46732,2025081904003536,NGPL,Miyo Securities Pvt Ltd,Sweta Securities Private Limited,300,411.0,123300.0,2025-08-19 12:12:41.495039
2025-08-19,46716,2025081904003542,NGPL,Sagarmatha Securities Private Limited,Sumeru Securities Pvt. Ltd.,10,411.8,4118.0,2025-08-19 12:12:44.579421
2025-08-19,46715,2025081904003543,NGPL,Sagarmatha Securities Private Limited,KALASH STOCK MARKET PVT. LTD.,490,411.9,201831.0,2025-08-19 12:12:44.579727
2025-08-19,46226,2025081904003630,NGPL,Trishakti Securities Public Limited,KALASH STOCK MARKET PVT. LTD.,30,411.9,12357.0,2025-08-19 12:14:44.207548
2025-08-19,45880,2025081904003674,NGPL,Sani Securities Company Ltd.,Sumeru Securities Pvt. Ltd.,1,405.0,405.0,2025-08-19 12:15:57.510134
2025-08-19,45786,2025081904003687,NGPL,Capital Max Securities Ltd,KALASH STOCK MARKET PVT. LTD.,10,411.9,4119.0,2025-08-19 12:16:12.286651
2025-08-19,45730,2025081904003695,NGPL,Sajilo Broker Limited,Kohinoor Investment & Securities Pvt. Ltd.,200,411.1,82220.0,2025-08-19 12:16:24.999879
2025-08-19,45729,2025081904003696,NGPL,Agrawal Securities (PVT) Ltd.,Kohinoor Investment & Securities Pvt. Ltd.,2800,411.1,1151080.0,2025-08-19 12:16:25.000155
2025-08-19,45702,2025081904003703,NGPL,Sri Hari Securities Pvt. Ltd.,KALASH STOCK MARKET PVT. LTD.,13,411.9,5354.7,2025-08-19 12:16:29.394776
2025-08-19,45701,2025081904003704,NGPL,Sri Hari Securities Pvt. Ltd.,Aakashbhairab Securities Ltd.,87,412.0,35844.0,2025-08-19 12:16:29.395089
2025-08-19,45555,2025081904003753,NGPL,Sumeru Securities Pvt. Ltd.,Aakashbhairab Securities Ltd.,210,412.0,86520.0,2025-08-19 12:17:04.671720
2025-08-19,45539,2025081904003757,NGPL,Nagarik Stock Dealer ,Aakashbhairab Securities Ltd.,555,412.0,228660.0,2025-08-19 12:17:08.914625
2025-08-19,45326,2025081904003804,NGPL,Miyo Securities Pvt Ltd,Aakashbhairab Securities Ltd.,50,412.0,20600.0,2025-08-19 12:17:49.515895
2025-08-19,45252,2025081904003821,NGPL,Sumeru Securities Pvt. Ltd.,Aakashbhairab Securities Ltd.,40,412.0,16480.0,2025-08-19 12:18:03.970786
2025-08-19,45210,2025081904003833,NGPL,Agrawal Securities (PVT) Ltd.,Aakashbhairab Securities Ltd.,482,412.0,198584.0,2025-08-19 12:18:12.865882
2025-08-19,45209,2025081904003834,NGPL,Agrawal Securities (PVT) Ltd.,Capital Hub P. Ltd,18,412.0,7416.0,2025-08-19 12:18:12.866188
2025-08-19,45194,2025081904003836,NGPL,Sumeru Securities Pvt. Ltd.,Capital Hub P. Ltd,55,412.0,22660.0,2025-08-19 12:18:17.032678
2025-08-19,45107,2025081904003860,NGPL,Agrawal Securities (PVT) Ltd.,Sani Securities Company Ltd.,250,411.1,102775.0,2025-08-19 12:18:33.748386
2025-08-19,45099,2025081904003863,NGPL,Sumeru Securities Pvt. Ltd.,Capital Hub P. Ltd,27,412.0,11124.0,2025-08-19 12:18:35.137592
2025-08-19,45098,2025081904003864,NGPL,Sumeru Securities Pvt. Ltd.,Naasa Securities Co. Ltd.,33,412.0,13596.0,2025-08-19 12:18:35.137910
2025-08-19,45086,2025081904003865,NGPL,Trishakti Securities Public Limited,Naasa Securities Co. Ltd.,100,412.0,41200.0,2025-08-19 12:18:37.549490
2025-08-19,45009,2025081904003894,NGPL,Kalika Securities Pvt. Ltd.,Naasa Securities Co. Ltd.,317,412.0,130604.0,2025-08-19 12:18:51.907353
2025-08-19,45008,2025081904003895,NGPL,Kalika Securities Pvt. Ltd.,Sewa Securities Pvt. Ltd.,122,412.0,50264.0,2025-08-19 12:18:51.907673
2025-08-19,44909,2025081904003911,NGPL,Kalika Securities Pvt. Ltd.,Sanima Securities Limited,461,412.0,189932.0,2025-08-19 12:19:13.461950
2025-08-19,44908,2025081904003912,NGPL,Miyo Securities Pvt Ltd,Sanima Securities Limited,55,412.0,22660.0,2025-08-19 12:19:13.462534
2025-08-19,44907,2025081904003913,NGPL,Sumeru Securities Pvt. Ltd.,Sanima Securities Limited,65,411.2,26728.0,2025-08-19 12:19:13.462931
2025-08-19,44906,2025081904003914,NGPL,Agrawal Securities (PVT) Ltd.,Sanima Securities Limited,2419,411.1,994450.9,2025-08-19 12:19:13.463341
2025-08-19,44828,2025081904003939,NGPL,Sani Securities Company Ltd.,Naasa Securities Co. Ltd.,5,408.0,2040.0,2025-08-19 12:19:26.539355
2025-08-19,44648,2025081904003976,NGPL,Imperial Securities Company Pvt. Ltd.,Sani Securities Company Ltd.,250,412.0,103000.0,2025-08-19 12:20:12.726627
2025-08-19,44525,2025081904004002,NGPL,Imperial Securities Company Pvt. Ltd.,Linch Stock Market Ltd.,60,412.0,24720.0,2025-08-19 12:20:44.860207
2025-08-19,44459,2025081904004021,NGPL,Imperial Securities Company Pvt. Ltd.,Sundhara Securities Limited,295,412.0,121540.0,2025-08-19 12:21:02.407981
2025-08-19,44247,2025081904004064,NGPL,South Asian Bulls Pvt. Ltd.,Midas Stock Broking Company Private Limited,1000,412.0,412000.0,2025-08-19 12:21:41.715786
2025-08-19,44106,2025081904004116,NGPL,South Asian Bulls Pvt. Ltd.,Trishakti Securities Public Limited,1000,412.0,412000.0,2025-08-19 12:22:00.741590
2025-08-19,43995,2025081904004137,NGPL,Trishakti Securities Public Limited,Secured Securities Ltd.,25,412.0,10300.0,2025-08-19 12:22:26.654871
2025-08-19,43447,2025081904004258,NGPL,MILKY WAY SHARE BROKER COMPANY LTD ,Secured Securities Ltd.,15,412.0,6180.0,2025-08-19 12:24:06.767291
2025-08-19,43446,2025081904004259,NGPL,MILKY WAY SHARE BROKER COMPANY LTD ,Siprabi Securities Pvt. Ltd.,70,412.0,28840.0,2025-08-19 12:24:06.767636
2025-08-19,43445,2025081904004260,NGPL,MILKY WAY SHARE BROKER COMPANY LTD ,Siprabi Securities Pvt. Ltd.,17,412.8,7017.6,2025-08-19 12:24:06.767792
2025-08-19,43444,2025081904004261,NGPL,MILKY WAY SHARE BROKER COMPANY LTD ,Nepal Stock House (PVT) Ltd.,50,412.9,20645.0,2025-08-19 12:24:06.767929
2025-08-19,43443,2025081904004262,NGPL,MILKY WAY SHARE BROKER COMPANY LTD ,Primo Securities (PVT) Ltd.,1000,412.9,412900.0,2025-08-19 12:24:06.768067
2025-08-19,43442,2025081904004263,NGPL,MILKY WAY SHARE BROKER COMPANY LTD ,Capital Max Securities Ltd,848,413.0,350224.0,2025-08-19 12:24:06.768207
2025-08-19,43128,2025081904004307,NGPL,Naasa Securities Co. Ltd.,Nepal Investment And Securities Trading Private Limited,12,412.9,4954.8,2025-08-19 12:25:27.157497
2025-08-19,42933,2025081904004353,NGPL,Aryatara Investment & Securities,Nepal Investment And Securities Trading Private Limited,88,412.9,36335.2,2025-08-19 12:26:13.690392
2025-08-19,42932,2025081904004354,NGPL,Aryatara Investment & Securities,Naasa Securities Co. Ltd.,100,412.9,41290.0,2025-08-19 12:26:13.690823
2025-08-19,42931,2025081904004355,NGPL,Aryatara Investment & Securities,Capital Max Securities Ltd,652,413.0,269276.0,2025-08-19 12:26:13.690976
2025-08-19,42930,2025081904004356,NGPL,Aryatara Investment & Securities,Agrawal Securities (PVT) Ltd.,160,413.0,66080.0,2025-08-19 12:26:13.691118
2025-08-19,42804,2025081904004382,NGPL,Primo Securities (PVT) Ltd.,Agrawal Securities (PVT) Ltd.,240,413.0,99120.0,2025-08-19 12:26:37.299372
2025-08-19,42803,2025081904004383,NGPL,Primo Securities (PVT) Ltd.,J.F. Securites (PVT) Ltd.,50,413.0,20650.0,2025-08-19 12:26:37.299775
2025-08-19,42802,2025081904004384,NGPL,Primo Securities (PVT) Ltd.,Nepal Stock House (PVT) Ltd.,183,413.0,75579.0,2025-08-19 12:26:37.299924
2025-08-19,42801,2025081904004385,NGPL,Primo Securities (PVT) Ltd.,Sumeru Securities Pvt. Ltd.,527,413.0,217651.0,2025-08-19 12:26:37.300064
2025-08-19,42765,2025081904004389,NGPL,Ashutosh Brokerage & Securities (PVT) Ltd.,Sumeru Securities Pvt. Ltd.,250,413.0,103250.0,2025-08-19 12:26:45.774536
2025-08-19,42587,2025081904004431,NGPL,Online Securities Pvt. Ltd.,Sumeru Securities Pvt. Ltd.,12,413.0,4956.0,2025-08-19 12:27:26.897602
2025-08-19,42304,2025081904004491,NGPL,Sani Securities Company Ltd.,Sweta Securities Private Limited,180,412.9,74322.0,2025-08-19 12:28:25.092025
2025-08-19,42261,2025081904004497,NGPL,Deevyaa Securities & Stock House Pvt. Ltd,Sumeru Securities Pvt. Ltd.,20,413.0,8260.0,2025-08-19 12:28:35.551202
2025-08-19,41915,2025081904004535,NGPL,Naasa Securities Co. Ltd.,Sundhara Securities Limited,70,412.0,28840.0,2025-08-19 12:29:57.011132
2025-08-19,41914,2025081904004536,NGPL,Linch Stock Market Ltd.,Sundhara Securities Limited,204,412.0,84048.0,2025-08-19 12:29:57.011888
2025-08-19,41913,2025081904004537,NGPL,Kumari Securities Private Limited,Sundhara Securities Limited,505,412.0,208060.0,2025-08-19 12:29:57.012401
2025-08-19,41900,2025081904004538,NGPL,Kumari Securities Private Limited,Online Securities Pvt. Ltd.,100,412.0,41200.0,2025-08-19 12:30:00.788577
2025-08-19,41867,2025081904004548,NGPL,Kumari Securities Private Limited,Elite Stock House Limited,1000,412.0,412000.0,2025-08-19 12:30:08.636942
2025-08-19,41815,2025081904004569,NGPL,Kumari Securities Private Limited,Sanima Securities Limited,1395,412.0,574740.0,2025-08-19 12:30:23.186844
2025-08-19,41814,2025081904004570,NGPL,Sani Securities Company Ltd.,Sanima Securities Limited,1200,411.4,493680.0,2025-08-19 12:30:23.187522
2025-08-19,41813,2025081904004571,NGPL,Aryatara Investment & Securities,Sanima Securities Limited,100,411.2,41120.0,2025-08-19 12:30:23.187971
2025-08-19,41812,2025081904004572,NGPL,Agrawal Securities (PVT) Ltd.,Sanima Securities Limited,305,411.1,125385.5,2025-08-19 12:30:23.188430
2025-08-19,41680,2025081904004601,NGPL,Agrawal Securities (PVT) Ltd.,Vision Securities Pvt. Ltd,15,411.1,6166.5,2025-08-19 12:30:52.931839
2025-08-19,40644,2025081904004790,NGPL,Dynamic Money Managers Securities Pvt. Ltd.,Nabil Stock Dealer Ltd.,500,412.0,206000.0,2025-08-19 12:34:32.253530
2025-08-19,40434,2025081904004829,NGPL,Global IME Securities Limited,Naasa Securities Co. Ltd.,38,412.0,15656.0,2025-08-19 12:35:19.670043
2025-08-19,40263,2025081904004870,NGPL,Global IME Securities Limited,Blue Chip Securities Ltd,22,412.0,9064.0,2025-08-19 12:35:56.120757
2025-08-19,40262,2025081904004871,NGPL,Online Securities Pvt. Ltd.,Blue Chip Securities Ltd,100,411.2,41120.0,2025-08-19 12:35:56.121128
2025-08-19,40261,2025081904004872,NGPL,Agrawal Securities (PVT) Ltd.,Blue Chip Securities Ltd,211,411.1,86742.1,2025-08-19 12:35:56.121282
2025-08-19,40260,2025081904004873,NGPL,Miyo Securities Pvt Ltd,Blue Chip Securities Ltd,151,411.0,62061.0,2025-08-19 12:35:56.121477
2025-08-19,40259,2025081904004874,NGPL,Asian Securities Private Ltd.,Blue Chip Securities Ltd,10,411.0,4110.0,2025-08-19 12:35:56.121623
2025-08-19,40258,2025081904004875,NGPL,Dakshinkali Investment & Securities Pvt. Ltd.,Blue Chip Securities Ltd,250,411.0,102750.0,2025-08-19 12:35:56.121770
2025-08-19,40257,2025081904004876,NGPL,ABC Securities Private Limited,Blue Chip Securities Ltd,50,411.0,20550.0,2025-08-19 12:35:56.121918
2025-08-19,40256,2025081904004877,NGPL,Naasa Securities Co. Ltd.,Blue Chip Securities Ltd,18,411.0,7398.0,2025-08-19 12:35:56.122064
2025-08-19,40255,2025081904004878,NGPL,Creative Securities Pvt Ltd,Blue Chip Securities Ltd,100,411.0,41100.0,2025-08-19 12:35:56.122214
2025-08-19,40254,2025081904004879,NGPL,Nepal Stock House (PVT) Ltd.,Blue Chip Securities Ltd,120,411.0,49320.0,2025-08-19 12:35:56.122374
2025-08-19,40253,2025081904004880,NGPL,Creative Securities Pvt Ltd,Blue Chip Securities Ltd,168,411.0,69048.0,2025-08-19 12:35:56.122527
2025-08-19,40088,2025081904004907,NGPL,Creative Securities Pvt Ltd,Midas Stock Broking Company Private Limited,32,411.0,13152.0,2025-08-19 12:36:40.709761
2025-08-19,40087,2025081904004908,NGPL,Miyo Securities Pvt Ltd,Midas Stock Broking Company Private Limited,45,410.3,18463.5,2025-08-19 12:36:40.710157
2025-08-19,39106,2025081904005147,NGPL,Sani Securities Company Ltd.,Sweta Securities Private Limited,1000,411.0,411000.0,2025-08-19 12:40:22.647005
2025-08-19,39044,2025081904005158,NGPL,Sani Securities Company Ltd.,Pragyan Securities (PVT) Ltd.,300,411.0,123300.0,2025-08-19 12:40:35.377244
2025-08-19,38963,2025081904005174,NGPL,Sani Securities Company Ltd.,Miyo Securities Pvt Ltd,500,411.0,205500.0,2025-08-19 12:40:51.789844
2025-08-19,38539,2025081904005272,NGPL,Sani Securities Company Ltd.,Online Securities Pvt. Ltd.,70,411.0,28770.0,2025-08-19 12:42:18.443954
2025-08-19,38508,2025081904005282,NGPL,Sani Securities Company Ltd.,Sani Securities Company Ltd.,130,411.0,53430.0,2025-08-19 12:42:28.375068
2025-08-19,38090,2025081904005361,NGPL,Aryatara Investment & Securities,Pragyan Securities (PVT) Ltd.,100,410.4,41040.0,2025-08-19 12:44:08.853181
2025-08-19,37939,2025081904005397,NGPL,Miyo Securities Pvt Ltd,Bhrikuti Stock Broking Co. Pvt. Ltd.,305,410.3,125141.5,2025-08-19 12:44:40.804619
2025-08-19,37938,2025081904005398,NGPL,Miyo Securities Pvt Ltd,Bhrikuti Stock Broking Co. Pvt. Ltd.,85,410.3,34875.5,2025-08-19 12:44:40.805404
2025-08-19,37937,2025081904005399,NGPL,Miyo Securities Pvt Ltd,Bhrikuti Stock Broking Co. Pvt. Ltd.,220,410.3,90266.0,2025-08-19 12:44:40.805925
2025-08-19,37936,2025081904005400,NGPL,Miyo Securities Pvt Ltd,Bhrikuti Stock Broking Co. Pvt. Ltd.,90,410.3,36927.0,2025-08-19 12:44:40.806453
2025-08-19,37935,2025081904005401,NGPL,Miyo Securities Pvt Ltd,Bhrikuti Stock Broking Co. Pvt. Ltd.,40,410.3,16412.0,2025-08-19 12:44:40.806962
2025-08-19,37934,2025081904005402,NGPL,Sumeru Securities Pvt. Ltd.,Bhrikuti Stock Broking Co. Pvt. Ltd.,100,410.3,41030.0,2025-08-19 12:44:40.807456
2025-08-19,37933,2025081904005403,NGPL,Miyo Securities Pvt Ltd,Bhrikuti Stock Broking Co. Pvt. Ltd.,300,410.3,123090.0,2025-08-19 12:44:40.807948
2025-08-19,37932,2025081904005404,NGPL,Sumeru Securities Pvt. Ltd.,Bhrikuti Stock Broking Co. Pvt. Ltd.,110,410.3,45133.0,2025-08-19 12:44:40.808441
2025-08-19,37931,2025081904005405,NGPL,Miyo Securities Pvt Ltd,Bhrikuti Stock Broking Co. Pvt. Ltd.,50,410.3,20515.0,2025-08-19 12:44:40.808932
2025-08-19,37855,2025081904005441,NGPL,Miyo Securities Pvt Ltd,Online Securities Pvt. Ltd.,50,410.3,20515.0,2025-08-19 12:44:55.777597
2025-08-19,37720,2025081904005486,NGPL,Miyo Securities Pvt Ltd,Premier Securities Company Ltd.,20,410.3,8206.0,2025-08-19 12:45:25.364812
2025-08-19,37719,2025081904005487,NGPL,Miyo Securities Pvt Ltd,Premier Securities Company Ltd.,55,410.3,22566.5,2025-08-19 12:45:25.365165
2025-08-19,37718,2025081904005488,NGPL,Sumeru Securities Pvt. Ltd.,Premier Securities Company Ltd.,20,410.3,8206.0,2025-08-19 12:45:25.365330
2025-08-19,37632,2025081904005505,NGPL,Dipshikha Dhitopatra Karobar Co. Pvt Ltd.,Vision Securities Pvt. Ltd,44,410.4,18057.6,2025-08-19 12:45:56.642914
2025-08-19,37527,2025081904005527,NGPL,Dipshikha Dhitopatra Karobar Co. Pvt Ltd.,Sri Hari Securities Pvt. Ltd.,156,410.4,64022.4,2025-08-19 12:46:22.108686
2025-08-19,37526,2025081904005528,NGPL,Sumeru Securities Pvt. Ltd.,Sri Hari Securities Pvt. Ltd.,170,410.3,69751.0,2025-08-19 12:46:22.109061
2025-08-19,37525,2025081904005529,NGPL,Miyo Securities Pvt Ltd,Sri Hari Securities Pvt. Ltd.,70,410.3,28721.0,2025-08-19 12:46:22.109225
2025-08-19,37524,2025081904005530,NGPL,Miyo Securities Pvt Ltd,Sri Hari Securities Pvt. Ltd.,55,410.3,22566.5,2025-08-19 12:46:22.109413
2025-08-19,37523,2025081904005531,NGPL,Miyo Securities Pvt Ltd,Sri Hari Securities Pvt. Ltd.,45,410.3,18463.5,2025-08-19 12:46:22.109580
2025-08-19,37522,2025081904005532,NGPL,Miyo Securities Pvt Ltd,Sri Hari Securities Pvt. Ltd.,225,410.3,92317.5,2025-08-19 12:46:22.109777
2025-08-19,37521,2025081904005533,NGPL,Sumeru Securities Pvt. Ltd.,Sri Hari Securities Pvt. Ltd.,70,410.3,28721.0,2025-08-19 12:46:22.109944
2025-08-19,37520,2025081904005534,NGPL,Miyo Securities Pvt Ltd,Sri Hari Securities Pvt. Ltd.,145,410.3,59493.5,2025-08-19 12:46:22.110119
2025-08-19,37519,2025081904005535,NGPL,Miyo Securities Pvt Ltd,Sri Hari Securities Pvt. Ltd.,125,410.3,51287.5,2025-08-19 12:46:22.110273
2025-08-19,37518,2025081904005536,NGPL,Miyo Securities Pvt Ltd,Sri Hari Securities Pvt. Ltd.,60,410.3,24618.0,2025-08-19 12:46:22.110438
2025-08-19,37517,2025081904005537,NGPL,Miyo Securities Pvt Ltd,Sri Hari Securities Pvt. Ltd.,275,410.3,112832.5,2025-08-19 12:46:22.110674
2025-08-19,37516,2025081904005538,NGPL,Miyo Securities Pvt Ltd,Sri Hari Securities Pvt. Ltd.,104,410.3,42671.2,2025-08-19 12:46:22.110926
2025-08-19,37464,2025081904005556,NGPL,Miyo Securities Pvt Ltd,Opal Securities Investment (PVT) Ltd.,96,410.3,39388.8,2025-08-19 12:46:37.307184
2025-08-19,37463,2025081904005557,NGPL,Miyo Securities Pvt Ltd,Opal Securities Investment (PVT) Ltd.,60,410.3,24618.0,2025-08-19 12:46:37.307955
2025-08-19,37462,2025081904005558,NGPL,Sumeru Securities Pvt. Ltd.,Opal Securities Investment (PVT) Ltd.,65,410.3,26669.5,2025-08-19 12:46:37.308551
2025-08-19,37461,2025081904005559,NGPL,Miyo Securities Pvt Ltd,Opal Securities Investment (PVT) Ltd.,200,410.3,82060.0,2025-08-19 12:46:37.309141
2025-08-19,37460,2025081904005560,NGPL,Miyo Securities Pvt Ltd,Opal Securities Investment (PVT) Ltd.,140,410.3,57442.0,2025-08-19 12:46:37.309748
2025-08-19,37459,2025081904005561,NGPL,Sumeru Securities Pvt. Ltd.,Opal Securities Investment (PVT) Ltd.,70,410.3,28721.0,2025-08-19 12:46:37.310440
2025-08-19,37458,2025081904005562,NGPL,Sumeru Securities Pvt. Ltd.,Opal Securities Investment (PVT) Ltd.,80,410.3,32824.0,2025-08-19 12:46:37.311062
2025-08-19,37457,2025081904005563,NGPL,Sumeru Securities Pvt. Ltd.,Opal Securities Investment (PVT) Ltd.,130,410.3,53339.0,2025-08-19 12:46:37.311711
2025-08-19,37456,2025081904005564,NGPL,Miyo Securities Pvt Ltd,Opal Securities Investment (PVT) Ltd.,130,410.3,53339.0,2025-08-19 12:46:37.312428
2025-08-19,37455,2025081904005565,NGPL,Miyo Securities Pvt Ltd,Opal Securities Investment (PVT) Ltd.,35,410.3,14360.5,2025-08-19 12:46:37.313031
2025-08-19,37454,2025081904005566,NGPL,Miyo Securities Pvt Ltd,Opal Securities Investment (PVT) Ltd.,90,410.3,36927.0,2025-08-19 12:46:37.313697
2025-08-19,37453,2025081904005567,NGPL,Miyo Securities Pvt Ltd,Opal Securities Investment (PVT) Ltd.,90,410.3,36927.0,2025-08-19 12:46:37.314347
2025-08-19,37452,2025081904005568,NGPL,Sumeru Securities Pvt. Ltd.,Opal Securities Investment (PVT) Ltd.,290,410.3,118987.0,2025-08-19 12:46:37.315036
2025-08-19,37451,2025081904005569,NGPL,Miyo Securities Pvt Ltd,Opal Securities Investment (PVT) Ltd.,130,410.3,53339.0,2025-08-19 12:46:37.315641
2025-08-19,37450,2025081904005570,NGPL,Miyo Securities Pvt Ltd,Opal Securities Investment (PVT) Ltd.,55,410.3,22566.5,2025-08-19 12:46:37.316115
2025-08-19,37449,2025081904005571,NGPL,Miyo Securities Pvt Ltd,Opal Securities Investment (PVT) Ltd.,210,410.3,86163.0,2025-08-19 12:46:37.316320
2025-08-19,37448,2025081904005572,NGPL,Miyo Securities Pvt Ltd,Opal Securities Investment (PVT) Ltd.,629,410.3,258078.7,2025-08-19 12:46:37.316621
2025-08-19,37403,2025081904005585,NGPL,Miyo Securities Pvt Ltd,Sri Hari Securities Pvt. Ltd.,21,410.3,8616.3,2025-08-19 12:46:49.314108
2025-08-19,37402,2025081904005586,NGPL,Miyo Securities Pvt Ltd,Sri Hari Securities Pvt. Ltd.,380,410.3,155914.0,2025-08-19 12:46:49.314456
2025-08-19,37401,2025081904005587,NGPL,Miyo Securities Pvt Ltd,Sri Hari Securities Pvt. Ltd.,335,410.3,137450.5,2025-08-19 12:46:49.314602
2025-08-19,37400,2025081904005588,NGPL,Miyo Securities Pvt Ltd,Sri Hari Securities Pvt. Ltd.,110,410.3,45133.0,2025-08-19 12:46:49.314745
2025-08-19,37399,2025081904005589,NGPL,Miyo Securities Pvt Ltd,Sri Hari Securities Pvt. Ltd.,154,410.3,63186.2,2025-08-19 12:46:49.314879
2025-08-19,37198,2025081904005668,NGPL,Naasa Securities Co. Ltd.,Kumari Securities Private Limited,100,410.8,41080.0,2025-08-19 12:47:27.490182
2025-08-19,37168,2025081904005676,NGPL,Miyo Securities Pvt Ltd,Pragyan Securities (PVT) Ltd.,76,410.3,31182.8,2025-08-19 12:47:35.211405
2025-08-19,37167,2025081904005677,NGPL,Miyo Securities Pvt Ltd,Pragyan Securities (PVT) Ltd.,124,410.3,50877.2,2025-08-19 12:47:35.211786
2025-08-19,37018,2025081904005710,NGPL,Nepal Stock House (PVT) Ltd.,Sewa Securities Pvt. Ltd.,201,410.8,82570.8,2025-08-19 12:48:11.017486
2025-08-19,36695,2025081904005790,NGPL,Nepal Stock House (PVT) Ltd.,Kumari Securities Private Limited,99,410.8,40669.2,2025-08-19 12:49:41.119297
2025-08-19,36694,2025081904005791,NGPL,Miyo Securities Pvt Ltd,Kumari Securities Private Limited,276,410.3,113242.8,2025-08-19 12:49:41.119629
2025-08-19,36693,2025081904005792,NGPL,Miyo Securities Pvt Ltd,Kumari Securities Private Limited,135,410.3,55390.5,2025-08-19 12:49:41.119785
2025-08-19,36692,2025081904005793,NGPL,Miyo Securities Pvt Ltd,Kumari Securities Private Limited,190,410.3,77957.0,2025-08-19 12:49:41.119928
2025-08-19,36585,2025081904005840,NGPL,Miyo Securities Pvt Ltd,Pragyan Securities (PVT) Ltd.,60,410.3,24618.0,2025-08-19 12:50:04.049817
2025-08-19,36584,2025081904005841,NGPL,Miyo Securities Pvt Ltd,Pragyan Securities (PVT) Ltd.,80,410.3,32824.0,2025-08-19 12:50:04.050261
2025-08-19,36583,2025081904005842,NGPL,Miyo Securities Pvt Ltd,Pragyan Securities (PVT) Ltd.,160,410.3,65648.0,2025-08-19 12:50:04.050750
2025-08-19,36231,2025081904005924,NGPL,Miyo Securities Pvt Ltd,Market Securities & Exchange (PVT) Ltd.,280,410.3,114884.0,2025-08-19 12:52:03.454957
2025-08-19,36230,2025081904005925,NGPL,Sumeru Securities Pvt. Ltd.,Market Securities & Exchange (PVT) Ltd.,120,410.3,49236.0,2025-08-19 12:52:03.455394
2025-08-19,36229,2025081904005926,NGPL,Miyo Securities Pvt Ltd,Market Securities & Exchange (PVT) Ltd.,170,410.3,69751.0,2025-08-19 12:52:03.455682
2025-08-19,36228,2025081904005927,NGPL,Miyo Securities Pvt Ltd,Market Securities & Exchange (PVT) Ltd.,40,410.3,16412.0,2025-08-19 12:52:03.455926
2025-08-19,36227,2025081904005928,NGPL,Miyo Securities Pvt Ltd,Market Securities & Exchange (PVT) Ltd.,60,410.3,24618.0,2025-08-19 12:52:03.456148
2025-08-19,36226,2025081904005929,NGPL,Sumeru Securities Pvt. Ltd.,Market Securities & Exchange (PVT) Ltd.,50,410.3,20515.0,2025-08-19 12:52:03.456331
2025-08-19,36225,2025081904005930,NGPL,Sumeru Securities Pvt. Ltd.,Market Securities & Exchange (PVT) Ltd.,75,410.3,30772.5,2025-08-19 12:52:03.456564
2025-08-19,36190,2025081904005936,NGPL,Online Securities Pvt. Ltd.,Kohinoor Investment & Securities Pvt. Ltd.,1,403.0,403.0,2025-08-19 12:52:14.475837
2025-08-19,36146,2025081904005939,NGPL,Aryatara Investment & Securities,Sani Securities Company Ltd.,70,410.4,28728.0,2025-08-19 12:52:28.727664
2025-08-19,36077,2025081904005958,NGPL,Sunrise Securities Limited,Online Securities Pvt. Ltd.,200,410.8,82160.0,2025-08-19 12:52:55.282398
2025-08-19,36076,2025081904005959,NGPL,Sunrise Securities Limited,South Asian Bulls Pvt. Ltd.,170,410.9,69853.0,2025-08-19 12:52:55.282773
2025-08-19,36075,2025081904005960,NGPL,Sunrise Securities Limited,K.B.L. Securities Limited ,150,411.0,61650.0,2025-08-19 12:52:55.282919
2025-08-19,36074,2025081904005961,NGPL,Sunrise Securities Limited,Trishakti Securities Public Limited,150,411.0,61650.0,2025-08-19 12:52:55.283064
2025-08-19,36073,2025081904005962,NGPL,Sunrise Securities Limited,Primo Securities (PVT) Ltd.,10,411.0,4110.0,2025-08-19 12:52:55.283245
2025-08-19,36072,2025081904005963,NGPL,Sunrise Securities Limited,Cristal Kanchanjanga Securites Pvt. Ltd.,25,412.0,10300.0,2025-08-19 12:52:55.283414
2025-08-19,36071,2025081904005964,NGPL,Sunrise Securities Limited,Infinity Securities Limited,3000,412.0,1236000.0,2025-08-19 12:52:55.283563
2025-08-19,36070,2025081904005965,NGPL,Sunrise Securities Limited,Sewa Securities Pvt. Ltd.,20,412.0,8240.0,2025-08-19 12:52:55.283707
2025-08-19,36069,2025081904005966,NGPL,Sunrise Securities Limited,ABC Securities Private Limited,40,412.0,16480.0,2025-08-19 12:52:55.283868
2025-08-19,36068,2025081904005967,NGPL,Sunrise Securities Limited,Creative Securities Pvt Ltd,1235,412.0,508820.0,2025-08-19 12:52:55.284007
2025-08-19,35689,2025081904006027,NGPL,Sewa Securities Pvt. Ltd.,Online Securities Pvt. Ltd.,100,411.9,41190.0,2025-08-19 12:55:12.172418
2025-08-19,35688,2025081904006028,NGPL,Sewa Securities Pvt. Ltd.,Creative Securities Pvt Ltd,765,412.0,315180.0,2025-08-19 12:55:12.172776
2025-08-19,35687,2025081904006029,NGPL,Sewa Securities Pvt. Ltd.,ABC Securities Private Limited,15,412.0,6180.0,2025-08-19 12:55:12.172932
2025-08-19,35684,2025081904006030,NGPL,Sani Securities Company Ltd.,Nepal Stock House (PVT) Ltd.,2000,411.0,822000.0,2025-08-19 12:55:13.024385
2025-08-19,35462,2025081904006061,NGPL,Dakshinkali Investment & Securities Pvt. Ltd.,Naasa Securities Co. Ltd.,42,411.0,17262.0,2025-08-19 12:56:22.809884
2025-08-19,35402,2025081904006069,NGPL,Dakshinkali Investment & Securities Pvt. Ltd.,Kohinoor Investment & Securities Pvt. Ltd.,458,411.0,188238.0,2025-08-19 12:56:40.478216
2025-08-19,35342,2025081904006074,NGPL,Sani Securities Company Ltd.,Kohinoor Investment & Securities Pvt. Ltd.,113,411.0,46443.0,2025-08-19 12:56:54.572851
2025-08-19,35030,2025081904006141,NGPL,Sewa Securities Pvt. Ltd.,ABC Securities Private Limited,15,412.0,6180.0,2025-08-19 12:58:30.248217
2025-08-19,35029,2025081904006142,NGPL,Sewa Securities Pvt. Ltd.,ABC Securities Private Limited,50,412.0,20600.0,2025-08-19 12:58:30.248938
2025-08-19,35028,2025081904006143,NGPL,Sewa Securities Pvt. Ltd.,South Asian Bulls Pvt. Ltd.,100,412.0,41200.0,2025-08-19 12:58:30.249393
2025-08-19,35027,2025081904006144,NGPL,Sewa Securities Pvt. Ltd.,Sweta Securities Private Limited,185,412.0,76220.0,2025-08-19 12:58:30.249840
2025-08-19,34686,2025081904006203,NGPL,Aryatara Investment & Securities,Kalika Securities Pvt. Ltd.,30,412.0,12360.0,2025-08-19 13:00:08.405368
2025-08-19,34667,2025081904006209,NGPL,Sani Securities Company Ltd.,Kalika Securities Pvt. Ltd.,170,412.0,70040.0,2025-08-19 13:00:14.991709
2025-08-19,34582,2025081904006217,NGPL,Sani Securities Company Ltd.,Citizens Share Broker Limited,800,412.0,329600.0,2025-08-19 13:00:30.527119
2025-08-19,34511,2025081904006229,NGPL,Citizens Share Broker Limited,Siprabi Securities Pvt. Ltd.,11,412.5,4537.5,2025-08-19 13:00:58.591277
2025-08-19,34510,2025081904006230,NGPL,Citizens Share Broker Limited,Miyo Securities Pvt Ltd,500,412.5,206250.0,2025-08-19 13:00:58.592001
2025-08-19,34509,2025081904006231,NGPL,Citizens Share Broker Limited,Nepal Stock House (PVT) Ltd.,50,412.6,20630.0,2025-08-19 13:00:58.592472
2025-08-19,34508,2025081904006232,NGPL,Citizens Share Broker Limited,Nepal Stock House (PVT) Ltd.,439,412.6,181131.4,2025-08-19 13:00:58.592919
2025-08-19,34164,2025081904006311,NGPL,Sumeru Securities Pvt. Ltd.,Sweta Securities Private Limited,22,412.4,9072.8,2025-08-19 13:02:19.354913
2025-08-19,33883,2025081904006358,NGPL,Sani Securities Company Ltd.,Nepal Stock House (PVT) Ltd.,30,412.0,12360.0,2025-08-19 13:03:38.214992
2025-08-19,33848,2025081904006375,NGPL,Sagarmatha Securities Private Limited,Vision Securities Pvt. Ltd,100,412.3,41230.0,2025-08-19 13:03:49.972177
2025-08-19,33847,2025081904006376,NGPL,Sagarmatha Securities Private Limited,Sweta Securities Private Limited,100,412.4,41240.0,2025-08-19 13:03:49.972985
2025-08-19,33828,2025081904006383,NGPL,Dynamic Money Managers Securities Pvt. Ltd.,Sweta Securities Private Limited,40,412.4,16496.0,2025-08-19 13:03:56.764742
2025-08-19,33757,2025081904006403,NGPL,Citizens Share Broker Limited,Siprabi Securities Pvt. Ltd.,201,411.5,82711.5,2025-08-19 13:04:22.831421
2025-08-19,33690,2025081904006431,NGPL,Citizens Share Broker Limited,Magnet Securities and Investment Company Private Limited,160,412.0,65920.0,2025-08-19 13:04:44.237118
2025-08-19,33517,2025081904006504,NGPL,Naasa Securities Co. Ltd.,Nepal Stock House (PVT) Ltd.,1000,411.3,411300.0,2025-08-19 13:05:32.465503
2025-08-19,33516,2025081904006505,NGPL,Sanima Securities Limited,Nepal Stock House (PVT) Ltd.,300,411.2,123360.0,2025-08-19 13:05:32.466349
2025-08-19,33515,2025081904006506,NGPL,Citizens Share Broker Limited,Nepal Stock House (PVT) Ltd.,800,411.1,328880.0,2025-08-19 13:05:32.466877
2025-08-19,33514,2025081904006507,NGPL,Citizens Share Broker Limited,Nepal Stock House (PVT) Ltd.,639,411.1,262692.9,2025-08-19 13:05:32.467409
2025-08-19,33513,2025081904006508,NGPL,Sani Securities Company Ltd.,Nepal Stock House (PVT) Ltd.,1261,411.0,518271.0,2025-08-19 13:05:32.467913
2025-08-19,33505,2025081904006510,NGPL,Sweta Securities Private Limited,Citizens Share Broker Limited,600,411.3,246780.0,2025-08-19 13:05:36.896958
2025-08-19,33437,2025081904006528,NGPL,Sani Securities Company Ltd.,Citizens Share Broker Limited,626,411.0,257286.0,2025-08-19 13:06:00.434370
2025-08-19,33436,2025081904006529,NGPL,Garima Securities Limited,Citizens Share Broker Limited,200,411.0,82200.0,2025-08-19 13:06:00.434727
2025-08-19,33105,2025081904006628,NGPL,Dipshikha Dhitopatra Karobar Co. Pvt Ltd.,Deevyaa Securities & Stock House Pvt. Ltd,400,410.5,164200.0,2025-08-19 13:07:19.679555
2025-08-19,33104,2025081904006629,NGPL,Siprabi Securities Pvt. Ltd.,Deevyaa Securities & Stock House Pvt. Ltd,1000,410.4,410400.0,2025-08-19 13:07:19.679914
2025-08-19,33103,2025081904006630,NGPL,Miyo Securities Pvt Ltd,Deevyaa Securities & Stock House Pvt. Ltd,75,410.3,30772.5,2025-08-19 13:07:19.680131
2025-08-19,33102,2025081904006631,NGPL,Sumeru Securities Pvt. Ltd.,Deevyaa Securities & Stock House Pvt. Ltd,50,410.3,20515.0,2025-08-19 13:07:19.680347
2025-08-19,33101,2025081904006632,NGPL,Miyo Securities Pvt Ltd,Deevyaa Securities & Stock House Pvt. Ltd,60,410.3,24618.0,2025-08-19 13:07:19.680518
2025-08-19,33100,2025081904006633,NGPL,Miyo Securities Pvt Ltd,Deevyaa Securities & Stock House Pvt. Ltd,65,410.3,26669.5,2025-08-19 13:07:19.680673
2025-08-19,33099,2025081904006634,NGPL,Miyo Securities Pvt Ltd,Deevyaa Securities & Stock House Pvt. Ltd,350,410.3,143605.0,2025-08-19 13:07:19.680835
2025-08-19,33098,2025081904006635,NGPL,Sumeru Securities Pvt. Ltd.,Deevyaa Securities & Stock House Pvt. Ltd,60,410.3,24618.0,2025-08-19 13:07:19.680984
2025-08-19,33097,2025081904006636,NGPL,Sumeru Securities Pvt. Ltd.,Deevyaa Securities & Stock House Pvt. Ltd,70,410.3,28721.0,2025-08-19 13:07:19.681145
2025-08-19,33096,2025081904006637,NGPL,Miyo Securities Pvt Ltd,Deevyaa Securities & Stock House Pvt. Ltd,350,410.3,143605.0,2025-08-19 13:07:19.681296
2025-08-19,33095,2025081904006638,NGPL,Sumeru Securities Pvt. Ltd.,Deevyaa Securities & Stock House Pvt. Ltd,60,410.3,24618.0,2025-08-19 13:07:19.681449
2025-08-19,33094,2025081904006639,NGPL,Miyo Securities Pvt Ltd,Deevyaa Securities & Stock House Pvt. Ltd,50,410.3,20515.0,2025-08-19 13:07:19.681610
2025-08-19,33093,2025081904006640,NGPL,Sumeru Securities Pvt. Ltd.,Deevyaa Securities & Stock House Pvt. Ltd,70,410.3,28721.0,2025-08-19 13:07:19.681758
2025-08-19,33092,2025081904006641,NGPL,Miyo Securities Pvt Ltd,Deevyaa Securities & Stock House Pvt. Ltd,450,410.3,184635.0,2025-08-19 13:07:19.681917
2025-08-19,33091,2025081904006642,NGPL,Miyo Securities Pvt Ltd,Deevyaa Securities & Stock House Pvt. Ltd,60,410.3,24618.0,2025-08-19 13:07:19.682064
2025-08-19,33090,2025081904006643,NGPL,Miyo Securities Pvt Ltd,Deevyaa Securities & Stock House Pvt. Ltd,550,410.3,225665.0,2025-08-19 13:07:19.682212
2025-08-19,33089,2025081904006644,NGPL,Miyo Securities Pvt Ltd,Deevyaa Securities & Stock House Pvt. Ltd,360,410.3,147708.0,2025-08-19 13:07:19.682375
2025-08-19,33088,2025081904006645,NGPL,Sumeru Securities Pvt. Ltd.,Deevyaa Securities & Stock House Pvt. Ltd,35,410.2,14357.0,2025-08-19 13:07:19.682521
2025-08-19,33087,2025081904006646,NGPL,Miyo Securities Pvt Ltd,Deevyaa Securities & Stock House Pvt. Ltd,70,410.2,28714.0,2025-08-19 13:07:19.682730
2025-08-19,33086,2025081904006647,NGPL,Miyo Securities Pvt Ltd,Deevyaa Securities & Stock House Pvt. Ltd,45,410.2,18459.0,2025-08-19 13:07:19.682915
2025-08-19,33085,2025081904006648,NGPL,Miyo Securities Pvt Ltd,Deevyaa Securities & Stock House Pvt. Ltd,100,410.2,41020.0,2025-08-19 13:07:19.683077
2025-08-19,33084,2025081904006649,NGPL,Naasa Securities Co. Ltd.,Deevyaa Securities & Stock House Pvt. Ltd,876,410.2,359335.2,2025-08-19 13:07:19.683256
2025-08-19,32988,2025081904006670,NGPL,Naasa Securities Co. Ltd.,Naasa Securities Co. Ltd.,1000,410.2,410200.0,2025-08-19 13:07:53.193807
2025-08-19,32750,2025081904006747,NGPL,Pragyan Securities (PVT) Ltd.,Citizens Share Broker Limited,50,411.3,20565.0,2025-08-19 13:08:54.527348
2025-08-19,31828,2025081904006969,NGPL,Sani Securities Company Ltd.,Naasa Securities Co. Ltd.,1000,411.0,411000.0,2025-08-19 13:13:46.954618
2025-08-19,31470,2025081904007100,NGPL,Vision Securities Pvt. Ltd,Trisul Securities & Invt. Ltd.,65,410.3,26669.5,2025-08-19 13:15:53.142035
2025-08-19,31469,2025081904007101,NGPL,Dynamic Money Managers Securities Pvt. Ltd.,Trisul Securities & Invt. Ltd.,235,410.3,96420.5,2025-08-19 13:15:53.142861
2025-08-19,31280,2025081904007143,NGPL,Capital Max Securities Ltd,Citizens Share Broker Limited,10,410.5,4105.0,2025-08-19 13:17:11.266798
2025-08-19,31279,2025081904007144,NGPL,Dipshikha Dhitopatra Karobar Co. Pvt Ltd.,Citizens Share Broker Limited,79,410.4,32421.6,2025-08-19 13:17:11.267195
2025-08-19,31278,2025081904007145,NGPL,Dynamic Money Managers Securities Pvt. Ltd.,Citizens Share Broker Limited,85,410.3,34875.5,2025-08-19 13:17:11.267361
2025-08-19,31070,2025081904007179,NGPL,Sunrise Securities Limited,Asian Securities Private Ltd.,1000,410.4,410400.0,2025-08-19 13:18:26.314539
2025-08-19,30893,2025081904007243,NGPL,Sunrise Securities Limited,Nepal Stock House (PVT) Ltd.,200,410.4,82080.0,2025-08-19 13:19:21.909535
2025-08-19,30748,2025081904007280,NGPL,Sunrise Securities Limited,Nepal Stock House (PVT) Ltd.,200,410.4,82080.0,2025-08-19 13:20:10.744731
2025-08-19,30747,2025081904007281,NGPL,Naasa Securities Co. Ltd.,Citizens Share Broker Limited,350,410.8,143780.0,2025-08-19 13:20:11.164675
2025-08-19,30746,2025081904007282,NGPL,Naasa Securities Co. Ltd.,Dipshikha Dhitopatra Karobar Co. Pvt Ltd.,400,411.0,164400.0,2025-08-19 13:20:11.165492
2025-08-19,30745,2025081904007283,NGPL,Naasa Securities Co. Ltd.,Imperial Securities Company Pvt. Ltd.,245,411.0,100695.0,2025-08-19 13:20:11.166084
2025-08-19,30719,2025081904007300,NGPL,Sunrise Securities Limited,Nepal Stock House (PVT) Ltd.,200,410.4,82080.0,2025-08-19 13:20:18.436957
2025-08-19,30697,2025081904007305,NGPL,Sunrise Securities Limited,Nepal Stock House (PVT) Ltd.,200,410.4,82080.0,2025-08-19 13:20:29.316587
2025-08-19,30662,2025081904007312,NGPL,Online Securities Pvt. Ltd.,Secured Securities Ltd.,5,403.0,2015.0,2025-08-19 13:20:39.631407
2025-08-19,30553,2025081904007342,NGPL,Naasa Securities Co. Ltd.,Nepal Stock House (PVT) Ltd.,105,410.5,43102.5,2025-08-19 13:21:26.124096
2025-08-19,30552,2025081904007343,NGPL,Naasa Securities Co. Ltd.,Nepal Stock House (PVT) Ltd.,15,410.5,6157.5,2025-08-19 13:21:26.124541
2025-08-19,30375,2025081904007381,NGPL,Online Securities Pvt. Ltd.,Nepal Stock House (PVT) Ltd.,80,410.5,32840.0,2025-08-19 13:22:39.093778
2025-08-19,30230,2025081904007413,NGPL,Secured Securities Ltd.,Online Securities Pvt. Ltd.,150,411.0,61650.0,2025-08-19 13:23:33.107490
2025-08-19,30189,2025081904007423,NGPL,Naasa Securities Co. Ltd.,Online Securities Pvt. Ltd.,800,411.0,328800.0,2025-08-19 13:23:56.970909
2025-08-19,30115,2025081904007435,NGPL,Himalayan Brokerage Company Limited,APPLE SECURITIES PRIVATE LIMITED,200,410.5,82100.0,2025-08-19 13:24:29.970003
2025-08-19,30114,2025081904007436,NGPL,Sunrise Securities Limited,APPLE SECURITIES PRIVATE LIMITED,2300,410.4,943920.0,2025-08-19 13:24:29.970423
2025-08-19,29946,2025081904007480,NGPL,Sunrise Securities Limited,Kumari Securities Private Limited,200,410.4,82080.0,2025-08-19 13:25:38.563603
2025-08-19,29944,2025081904007481,NGPL,Vision Securities Pvt. Ltd,Kohinoor Investment & Securities Pvt. Ltd.,104,410.9,42733.6,2025-08-19 13:25:39.788296
2025-08-19,29943,2025081904007482,NGPL,Vision Securities Pvt. Ltd,Online Securities Pvt. Ltd.,50,411.0,20550.0,2025-08-19 13:25:39.788722
2025-08-19,29942,2025081904007483,NGPL,Vision Securities Pvt. Ltd,Secured Securities Ltd.,60,411.0,24660.0,2025-08-19 13:25:39.788882
2025-08-19,29941,2025081904007484,NGPL,Vision Securities Pvt. Ltd,Opal Securities Investment (PVT) Ltd.,20,411.0,8220.0,2025-08-19 13:25:39.789038
2025-08-19,29940,2025081904007485,NGPL,Vision Securities Pvt. Ltd,Sipla Securities Private Limited,103,411.9,42425.7,2025-08-19 13:25:39.789197
2025-08-19,29939,2025081904007486,NGPL,Vision Securities Pvt. Ltd,Nepal Stock House (PVT) Ltd.,663,412.0,273156.0,2025-08-19 13:25:39.789365
2025-08-19,29453,2025081904007627,NGPL,Kumari Securities Private Limited,Sewa Securities Pvt. Ltd.,19,411.5,7818.5,2025-08-19 13:28:24.294921
2025-08-19,29404,2025081904007650,NGPL,BHOLE GANESH SECURITIES LTD,Sewa Securities Pvt. Ltd.,20,411.5,8230.0,2025-08-19 13:28:44.840162
2025-08-19,29180,2025081904007715,NGPL,BHOLE GANESH SECURITIES LTD,Capital Hub P. Ltd,100,411.0,41100.0,2025-08-19 13:30:00.490830
2025-08-19,29057,2025081904007754,NGPL,Siprabi Securities Pvt. Ltd.,Nepal Stock House (PVT) Ltd.,200,410.5,82100.0,2025-08-19 13:30:37.816981
2025-08-19,29056,2025081904007755,NGPL,Sunrise Securities Limited,Nepal Stock House (PVT) Ltd.,700,410.4,287280.0,2025-08-19 13:30:37.817751
2025-08-19,29055,2025081904007756,NGPL,S.P.S.A. Securities Limited,Nepal Stock House (PVT) Ltd.,101,410.4,41450.4,2025-08-19 13:30:37.818227
2025-08-19,29028,2025081904007763,NGPL,S.P.S.A. Securities Limited,Deevyaa Securities & Stock House Pvt. Ltd,149,410.4,61149.6,2025-08-19 13:30:52.608818
2025-08-19,29027,2025081904007764,NGPL,Naasa Securities Co. Ltd.,Deevyaa Securities & Stock House Pvt. Ltd,15,410.4,6156.0,2025-08-19 13:30:52.609593
2025-08-19,29026,2025081904007765,NGPL,Dynamic Money Managers Securities Pvt. Ltd.,Deevyaa Securities & Stock House Pvt. Ltd,2680,410.3,1099604.0,2025-08-19 13:30:52.610102
2025-08-19,29025,2025081904007766,NGPL,Naasa Securities Co. Ltd.,Deevyaa Securities & Stock House Pvt. Ltd,124,410.2,50864.8,2025-08-19 13:30:52.610637
2025-08-19,29024,2025081904007767,NGPL,Creative Securities Pvt Ltd,Deevyaa Securities & Stock House Pvt. Ltd,2000,410.2,820400.0,2025-08-19 13:30:52.611134
2025-08-19,29023,2025081904007768,NGPL,Investment Management Nepal Pvt. Ltd.,Deevyaa Securities & Stock House Pvt. Ltd,57,410.1,23375.7,2025-08-19 13:30:52.611663
2025-08-19,28899,2025081904007799,NGPL,Primo Securities (PVT) Ltd.,Sweta Securities Private Limited,1000,410.2,410200.0,2025-08-19 13:31:22.932191
2025-08-19,28898,2025081904007800,NGPL,Investment Management Nepal Pvt. Ltd.,Sweta Securities Private Limited,143,410.1,58644.3,2025-08-19 13:31:22.932571
2025-08-19,28897,2025081904007801,NGPL,Vision Securities Pvt. Ltd,Sweta Securities Private Limited,130,410.1,53313.0,2025-08-19 13:31:22.932733
2025-08-19,28896,2025081904007802,NGPL,Dynamic Money Managers Securities Pvt. Ltd.,Sweta Securities Private Limited,1727,410.1,708242.7,2025-08-19 13:31:22.932912
2025-08-19,28823,2025081904007827,NGPL,Dynamic Money Managers Securities Pvt. Ltd.,Siprabi Securities Pvt. Ltd.,200,410.1,82020.0,2025-08-19 13:31:46.598179
2025-08-19,28531,2025081904007909,NGPL,Online Securities Pvt. Ltd.,Kohinoor Investment & Securities Pvt. Ltd.,35,410.2,14357.0,2025-08-19 13:33:10.001844
2025-08-19,28530,2025081904007910,NGPL,Dynamic Money Managers Securities Pvt. Ltd.,Kohinoor Investment & Securities Pvt. Ltd.,73,410.1,29937.3,2025-08-19 13:33:10.002233
2025-08-19,28529,2025081904007911,NGPL,Sunrise Securities Limited,Kohinoor Investment & Securities Pvt. Ltd.,392,410.1,160759.2,2025-08-19 13:33:10.002441
2025-08-19,28251,2025081904007981,NGPL,Sunrise Securities Limited,Kohinoor Investment & Securities Pvt. Ltd.,80,410.1,32808.0,2025-08-19 13:34:11.337028
2025-08-19,28196,2025081904008000,NGPL,Sunrise Securities Limited,Nepal Stock House (PVT) Ltd.,28,410.1,11482.8,2025-08-19 13:34:33.229218
2025-08-19,28195,2025081904008001,NGPL,Linch Stock Market Ltd.,Nepal Stock House (PVT) Ltd.,30,410.0,12300.0,2025-08-19 13:34:33.230079
2025-08-19,28194,2025081904008002,NGPL,Deevyaa Securities & Stock House Pvt. Ltd,Nepal Stock House (PVT) Ltd.,200,410.0,82000.0,2025-08-19 13:34:33.230546
2025-08-19,28193,2025081904008003,NGPL,Dakshinkali Investment & Securities Pvt. Ltd.,Nepal Stock House (PVT) Ltd.,200,410.0,82000.0,2025-08-19 13:34:33.231031
2025-08-19,28192,2025081904008004,NGPL,Sagarmatha Securities Private Limited,Nepal Stock House (PVT) Ltd.,100,410.0,41000.0,2025-08-19 13:34:33.231507
2025-08-19,28096,2025081904008025,NGPL,Ashutosh Brokerage & Securities (PVT) Ltd.,Online Securities Pvt. Ltd.,500,410.0,205000.0,2025-08-19 13:34:56.047668
2025-08-19,28095,2025081904008026,NGPL,Himalayan Brokerage Company Limited,Online Securities Pvt. Ltd.,500,410.0,205000.0,2025-08-19 13:34:56.048167
2025-08-19,27989,2025081904008036,NGPL,Asian Securities Private Ltd.,Sewa Securities Pvt. Ltd.,11,410.0,4510.0,2025-08-19 13:35:13.807008
2025-08-19,27920,2025081904008059,NGPL,Asian Securities Private Ltd.,Midas Stock Broking Company Private Limited,89,410.0,36490.0,2025-08-19 13:35:30.446784
2025-08-19,27919,2025081904008060,NGPL,Primo Securities (PVT) Ltd.,Midas Stock Broking Company Private Limited,200,410.0,82000.0,2025-08-19 13:35:30.447205
2025-08-19,27918,2025081904008061,NGPL,Ashutosh Brokerage & Securities (PVT) Ltd.,Midas Stock Broking Company Private Limited,50,410.0,20500.0,2025-08-19 13:35:30.447443
2025-08-19,27917,2025081904008062,NGPL,Sani Securities Company Ltd.,Midas Stock Broking Company Private Limited,300,410.0,123000.0,2025-08-19 13:35:30.447686
2025-08-19,27916,2025081904008063,NGPL,Naasa Securities Co. Ltd.,Midas Stock Broking Company Private Limited,1000,410.0,410000.0,2025-08-19 13:35:30.447858
2025-08-19,27915,2025081904008064,NGPL,Imperial Securities Company Pvt. Ltd.,Midas Stock Broking Company Private Limited,100,410.0,41000.0,2025-08-19 13:35:30.448020
2025-08-19,27914,2025081904008065,NGPL,Ashutosh Brokerage & Securities (PVT) Ltd.,Midas Stock Broking Company Private Limited,100,410.0,41000.0,2025-08-19 13:35:30.448200
2025-08-19,27913,2025081904008066,NGPL,Asian Securities Private Ltd.,Midas Stock Broking Company Private Limited,90,410.0,36900.0,2025-08-19 13:35:30.448387
2025-08-19,27912,2025081904008067,NGPL,ABC Securities Private Limited,Midas Stock Broking Company Private Limited,500,410.0,205000.0,2025-08-19 13:35:30.448557
2025-08-19,27911,2025081904008068,NGPL,Trisul Securities & Invt. Ltd.,Midas Stock Broking Company Private Limited,250,410.0,102500.0,2025-08-19 13:35:30.448727
2025-08-19,27910,2025081904008069,NGPL,Dakshinkali Investment & Securities Pvt. Ltd.,Midas Stock Broking Company Private Limited,141,410.0,57810.0,2025-08-19 13:35:30.448890
2025-08-19,27870,2025081904008077,NGPL,Dakshinkali Investment & Securities Pvt. Ltd.,Linch Stock Market Ltd.,50,410.0,20500.0,2025-08-19 13:35:51.900382
2025-08-19,27252,2025081904008210,NGPL,Online Securities Pvt. Ltd.,Vision Securities Pvt. Ltd,4,401.9,1607.6,2025-08-19 13:38:54.830109
2025-08-19,27129,2025081904008238,NGPL,Agrawal Securities (PVT) Ltd.,Online Securities Pvt. Ltd.,1000,409.6,409600.0,2025-08-19 13:39:31.143437
2025-08-19,26970,2025081904008268,NGPL,Secured Securities Ltd.,Kohinoor Investment & Securities Pvt. Ltd.,10,409.5,4095.0,2025-08-19 13:40:05.058907
2025-08-19,26764,2025081904008314,NGPL,Himalayan Securities Limited,Sani Securities Company Ltd.,1,402.0,402.0,2025-08-19 13:40:57.239882
2025-08-19,26218,2025081904008581,NGPL,Secured Securities Ltd.,Online Securities Pvt. Ltd.,90,409.5,36855.0,2025-08-19 13:42:36.887619
2025-08-19,26217,2025081904008582,NGPL,Trisul Securities & Invt. Ltd.,Online Securities Pvt. Ltd.,410,409.2,167772.0,2025-08-19 13:42:36.888017
2025-08-19,26192,2025081904008584,NGPL,Trisul Securities & Invt. Ltd.,Online Securities Pvt. Ltd.,90,409.2,36828.0,2025-08-19 13:42:46.958060
2025-08-19,26191,2025081904008585,NGPL,Dynamic Money Managers Securities Pvt. Ltd.,Online Securities Pvt. Ltd.,410,409.2,167772.0,2025-08-19 13:42:46.958423
2025-08-19,26032,2025081904008617,NGPL,Dynamic Money Managers Securities Pvt. Ltd.,Online Securities Pvt. Ltd.,1000,409.2,409200.0,2025-08-19 13:43:23.371544
2025-08-19,25953,2025081904008645,NGPL,Dynamic Money Managers Securities Pvt. Ltd.,Aryatara Investment & Securities,590,409.2,241428.0,2025-08-19 13:43:38.250044
2025-08-19,25785,2025081904008687,NGPL,Aryatara Investment & Securities,S.P.S.A. Securities Limited,250,409.0,102250.0,2025-08-19 13:44:23.607722
2025-08-19,25605,2025081904008738,NGPL,Sani Securities Company Ltd.,Imperial Securities Company Pvt. Ltd.,630,409.0,257670.0,2025-08-19 13:45:07.195780
2025-08-19,25366,2025081904008814,NGPL,Sani Securities Company Ltd.,Aryatara Investment & Securities,50,409.2,20460.0,2025-08-19 13:46:17.469951
2025-08-19,25242,2025081904008826,NGPL,Sani Securities Company Ltd.,Capital Max Securities Ltd,70,409.0,28630.0,2025-08-19 13:46:50.585674
2025-08-19,24074,2025081904009134,NGPL,Naasa Securities Co. Ltd.,Online Securities Pvt. Ltd.,50,408.8,20440.0,2025-08-19 13:51:44.586507
2025-08-19,24073,2025081904009135,NGPL,Naasa Securities Co. Ltd.,Imperial Securities Company Pvt. Ltd.,10,408.8,4088.0,2025-08-19 13:51:44.635011
2025-08-19,23597,2025081904009282,NGPL,Naasa Securities Co. Ltd.,Online Securities Pvt. Ltd.,40,408.8,16352.0,2025-08-19 13:53:19.778939
2025-08-19,23596,2025081904009283,NGPL,Nepal Stock House (PVT) Ltd.,Capital Max Securities Ltd,200,408.9,81780.0,2025-08-19 13:53:19.990847
2025-08-19,23556,2025081904009299,NGPL,Aryatara Investment & Securities,Capital Max Securities Ltd,250,408.9,102225.0,2025-08-19 13:53:26.522958
2025-08-19,23365,2025081904009367,NGPL,Naasa Securities Co. Ltd.,Capital Max Securities Ltd,400,408.9,163560.0,2025-08-19 13:54:03.550105
2025-08-19,23205,2025081904009415,NGPL,Sani Securities Company Ltd.,Naasa Securities Co. Ltd.,300,408.8,122640.0,2025-08-19 13:54:38.866539
2025-08-19,23204,2025081904009416,NGPL,Aryatara Investment & Securities,Naasa Securities Co. Ltd.,50,408.7,20435.0,2025-08-19 13:54:38.866645
2025-08-19,23203,2025081904009417,NGPL,Aryatara Investment & Securities,Naasa Securities Co. Ltd.,250,408.5,102125.0,2025-08-19 13:54:38.866725
2025-08-19,23202,2025081904009418,NGPL,Online Securities Pvt. Ltd.,Naasa Securities Co. Ltd.,13,408.3,5307.9,2025-08-19 13:54:38.866787
2025-08-19,23201,2025081904009419,NGPL,Trishakti Securities Public Limited,Naasa Securities Co. Ltd.,90,408.2,36738.0,2025-08-19 13:54:38.866854
2025-08-19,23200,2025081904009420,NGPL,KALASH STOCK MARKET PVT. LTD.,Naasa Securities Co. Ltd.,100,408.1,40810.0,2025-08-19 13:54:38.866920
2025-08-19,23199,2025081904009421,NGPL,Online Securities Pvt. Ltd.,Naasa Securities Co. Ltd.,49,408.0,19992.0,2025-08-19 13:54:38.866988
2025-08-19,23198,2025081904009422,NGPL,Dipshikha Dhitopatra Karobar Co. Pvt Ltd.,Naasa Securities Co. Ltd.,38,408.0,15504.0,2025-08-19 13:54:38.867052
2025-08-19,23047,2025081904009471,NGPL,Dipshikha Dhitopatra Karobar Co. Pvt Ltd.,Imperial Securities Company Pvt. Ltd.,50,408.0,20400.0,2025-08-19 13:55:10.976542
2025-08-19,22808,2025081904009523,NGPL,Dipshikha Dhitopatra Karobar Co. Pvt Ltd.,Aryatara Investment & Securities,112,408.0,45696.0,2025-08-19 13:56:20.583259
2025-08-19,22807,2025081904009524,NGPL,Sagarmatha Securities Private Limited,Aryatara Investment & Securities,100,408.0,40800.0,2025-08-19 13:56:20.584107
2025-08-19,22806,2025081904009525,NGPL,Midas Stock Broking Company Private Limited,Aryatara Investment & Securities,500,408.0,204000.0,2025-08-19 13:56:20.584659
2025-08-19,22805,2025081904009526,NGPL,Sewa Securities Pvt. Ltd.,Aryatara Investment & Securities,100,408.0,40800.0,2025-08-19 13:56:20.585187
2025-08-19,22804,2025081904009527,NGPL,Opal Securities Investment (PVT) Ltd.,Aryatara Investment & Securities,20,408.0,8160.0,2025-08-19 13:56:20.585715
2025-08-19,22803,2025081904009528,NGPL,Neev Securities Pvt. Ltd.,Aryatara Investment & Securities,200,408.0,81600.0,2025-08-19 13:56:20.586230
2025-08-19,22802,2025081904009529,NGPL,Capital Max Securities Ltd,Aryatara Investment & Securities,1000,408.0,408000.0,2025-08-19 13:56:20.586754
2025-08-19,22801,2025081904009530,NGPL,Linch Stock Market Ltd.,Aryatara Investment & Securities,150,408.0,61200.0,2025-08-19 13:56:20.587295
2025-08-19,22800,2025081904009531,NGPL,Naasa Securities Co. Ltd.,Aryatara Investment & Securities,100,408.0,40800.0,2025-08-19 13:56:20.587800
2025-08-19,22799,2025081904009532,NGPL,Opal Securities Investment (PVT) Ltd.,Aryatara Investment & Securities,200,408.0,81600.0,2025-08-19 13:56:20.588358
2025-08-19,22603,2025081904009619,NGPL,Imperial Securities Company Pvt. Ltd.,Aryatara Investment & Securities,19,408.0,7752.0,2025-08-19 13:57:03.723505
2025-08-19,22458,2025081904009655,NGPL,Dynamic Money Managers Securities Pvt. Ltd.,Aryatara Investment & Securities,10,408.0,4080.0,2025-08-19 13:57:34.637219
2025-08-19,22457,2025081904009656,NGPL,Dynamic Money Managers Securities Pvt. Ltd.,Imperial Securities Company Pvt. Ltd.,1990,408.0,811920.0,2025-08-19 13:57:34.637645
2025-08-19,22222,2025081904009769,NGPL,Kalika Securities Pvt. Ltd.,Imperial Securities Company Pvt. Ltd.,10,408.0,4080.0,2025-08-19 13:58:27.211474
2025-08-19,22221,2025081904009770,NGPL,Kalika Securities Pvt. Ltd.,Neev Securities Pvt. Ltd.,490,408.0,199920.0,2025-08-19 13:58:27.211917
2025-08-19,21903,2025081904009911,NGPL,Naasa Securities Co. Ltd.,Neev Securities Pvt. Ltd.,10,408.0,4080.0,2025-08-19 13:59:44.879667
2025-08-19,21865,2025081904009926,NGPL,Naasa Securities Co. Ltd.,Online Securities Pvt. Ltd.,100,407.9,40790.0,2025-08-19 13:59:54.047899
2025-08-19,21550,2025081904010021,NGPL,Opal Securities Investment (PVT) Ltd.,Neev Securities Pvt. Ltd.,11,408.0,4488.0,2025-08-19 14:01:15.604083
2025-08-19,21165,2025081904010146,NGPL,Opal Securities Investment (PVT) Ltd.,Vision Securities Pvt. Ltd,100,408.0,40800.0,2025-08-19 14:03:19.601445
2025-08-19,20689,2025081904010325,NGPL,Opal Securities Investment (PVT) Ltd.,Midas Stock Broking Company Private Limited,50,408.0,20400.0,2025-08-19 14:05:26.925088
2025-08-19,20202,2025081904010509,NGPL,Naasa Securities Co. Ltd.,Online Securities Pvt. Ltd.,50,408.8,20440.0,2025-08-19 14:07:15.335369
2025-08-19,19685,2025081904010676,NGPL,Opal Securities Investment (PVT) Ltd.,Online Securities Pvt. Ltd.,10,408.0,4080.0,2025-08-19 14:08:55.385192
2025-08-19,19573,2025081904010701,NGPL,Online Securities Pvt. Ltd.,Trishakti Securities Public Limited,250,408.5,102125.0,2025-08-19 14:09:18.565528
2025-08-19,19452,2025081904010733,NGPL,ABC Securities Private Limited,Trishakti Securities Public Limited,267,408.5,109069.5,2025-08-19 14:09:47.169367
2025-08-19,19451,2025081904010734,NGPL,ABC Securities Private Limited,Capital Max Securities Ltd,1080,408.9,441612.0,2025-08-19 14:09:47.170217
2025-08-19,19450,2025081904010735,NGPL,ABC Securities Private Limited,Property Wiard Limited,500,409.0,204500.0,2025-08-19 14:09:47.170862
2025-08-19,19449,2025081904010736,NGPL,ABC Securities Private Limited,NIMB Stock Markets Limited,900,409.0,368100.0,2025-08-19 14:09:47.171414
2025-08-19,19234,2025081904010776,NGPL,ABC Securities Private Limited,Prabhu Stock Market Limited,500,409.0,204500.0,2025-08-19 14:10:37.961792
2025-08-19,19022,2025081904010845,NGPL,ABC Securities Private Limited,Kohinoor Investment & Securities Pvt. Ltd.,114,409.0,46626.0,2025-08-19 14:11:34.395181
2025-08-19,18824,2025081904010907,NGPL,Aryatara Investment & Securities,Prabhu Stock Market Limited,100,409.1,40910.0,2025-08-19 14:12:38.300157
2025-08-19,18823,2025081904010908,NGPL,ABC Securities Private Limited,Prabhu Stock Market Limited,900,409.0,368100.0,2025-08-19 14:12:38.300263
2025-08-19,18756,2025081904010930,NGPL,ABC Securities Private Limited,Asian Securities Private Ltd.,200,409.0,81800.0,2025-08-19 14:12:50.836519
2025-08-19,17949,2025081904011103,NGPL,ABC Securities Private Limited,Imperial Securities Company Pvt. Ltd.,91,409.0,37219.0,2025-08-19 14:17:01.242870
2025-08-19,17948,2025081904011104,NGPL,Online Securities Pvt. Ltd.,Imperial Securities Company Pvt. Ltd.,109,409.0,44581.0,2025-08-19 14:17:01.243825
2025-08-19,17725,2025081904011154,NGPL,Online Securities Pvt. Ltd.,Online Securities Pvt. Ltd.,1,401.0,401.0,2025-08-19 14:18:16.718362
2025-08-19,17657,2025081904011168,NGPL,Online Securities Pvt. Ltd.,Sri Hari Securities Pvt. Ltd.,1,402.0,402.0,2025-08-19 14:18:33.940414
2025-08-19,17388,2025081904011239,NGPL,Online Securities Pvt. Ltd.,Imperial Securities Company Pvt. Ltd.,36,409.0,14724.0,2025-08-19 14:20:01.301418
2025-08-19,17326,2025081904011249,NGPL,Sundhara Securities Limited,Online Securities Pvt. Ltd.,100,408.5,40850.0,2025-08-19 14:20:19.090439
2025-08-19,17278,2025081904011258,NGPL,Sundhara Securities Limited,Aryatara Investment & Securities,100,408.5,40850.0,2025-08-19 14:20:34.789581
2025-08-19,16975,2025081904011326,NGPL,Sundhara Securities Limited,Imperial Securities Company Pvt. Ltd.,300,408.5,122550.0,2025-08-19 14:22:15.826567
2025-08-19,16974,2025081904011327,NGPL,Opal Securities Investment (PVT) Ltd.,Imperial Securities Company Pvt. Ltd.,89,408.0,36312.0,2025-08-19 14:22:15.827100
2025-08-19,16973,2025081904011328,NGPL,Dipshikha Dhitopatra Karobar Co. Pvt Ltd.,Imperial Securities Company Pvt. Ltd.,100,408.0,40800.0,2025-08-19 14:22:15.827664
2025-08-19,16972,2025081904011329,NGPL,Siprabi Securities Pvt. Ltd.,Imperial Securities Company Pvt. Ltd.,261,408.0,106488.0,2025-08-19 14:22:15.828203
2025-08-19,16747,2025081904011380,NGPL,Siprabi Securities Pvt. Ltd.,Agrawal Securities (PVT) Ltd.,25,408.0,10200.0,2025-08-19 14:23:04.045193
2025-08-19,15929,2025081904011691,NGPL,Siprabi Securities Pvt. Ltd.,Sumeru Securities Pvt. Ltd.,50,408.0,20400.0,2025-08-19 14:26:21.827442
2025-08-19,15828,2025081904011729,NGPL,Siprabi Securities Pvt. Ltd.,Midas Stock Broking Company Private Limited,14,408.0,5712.0,2025-08-19 14:26:47.772576
2025-08-19,15827,2025081904011730,NGPL,Naasa Securities Co. Ltd.,Midas Stock Broking Company Private Limited,300,408.0,122400.0,2025-08-19 14:26:47.772999
2025-08-19,15826,2025081904011731,NGPL,Trishakti Securities Public Limited,Midas Stock Broking Company Private Limited,400,408.0,163200.0,2025-08-19 14:26:47.773171
2025-08-19,15744,2025081904011751,NGPL,Nepal Investment And Securities Trading Private Limited,Primo Securities (PVT) Ltd.,150,408.0,61200.0,2025-08-19 14:27:08.257042
2025-08-19,15743,2025081904011752,NGPL,Linch Stock Market Ltd.,Primo Securities (PVT) Ltd.,60,408.0,24480.0,2025-08-19 14:27:08.257853
2025-08-19,15742,2025081904011753,NGPL,Trishakti Securities Public Limited,Primo Securities (PVT) Ltd.,2000,407.8,815600.0,2025-08-19 14:27:08.258392
2025-08-19,15741,2025081904011754,NGPL,Capital Hub P. Ltd,Primo Securities (PVT) Ltd.,500,407.7,203850.0,2025-08-19 14:27:08.258918
2025-08-19,15740,2025081904011755,NGPL,Dipshikha Dhitopatra Karobar Co. Pvt Ltd.,Primo Securities (PVT) Ltd.,400,407.7,163080.0,2025-08-19 14:27:08.259443
2025-08-19,15739,2025081904011756,NGPL,Capital Max Securities Ltd,Primo Securities (PVT) Ltd.,391,407.3,159254.3,2025-08-19 14:27:08.259953
2025-08-19,15465,2025081904011869,NGPL,Naasa Securities Co. Ltd.,Midas Stock Broking Company Private Limited,10,408.0,4080.0,2025-08-19 14:28:04.659752
2025-08-19,15313,2025081904011921,NGPL,Online Securities Pvt. Ltd.,Imperial Securities Company Pvt. Ltd.,10,408.0,4080.0,2025-08-19 14:28:27.115026
2025-08-19,15312,2025081904011922,NGPL,Online Securities Pvt. Ltd.,Imperial Securities Company Pvt. Ltd.,26,407.4,10592.4,2025-08-19 14:28:27.115484
2025-08-19,15311,2025081904011923,NGPL,Capital Max Securities Ltd,Imperial Securities Company Pvt. Ltd.,609,407.3,248045.7,2025-08-19 14:28:27.115661
2025-08-19,15310,2025081904011924,NGPL,MILKY WAY SHARE BROKER COMPANY LTD ,Imperial Securities Company Pvt. Ltd.,1000,407.3,407300.0,2025-08-19 14:28:27.115876
2025-08-19,15309,2025081904011925,NGPL,Sundhara Securities Limited,Imperial Securities Company Pvt. Ltd.,1000,407.2,407200.0,2025-08-19 14:28:27.116095
2025-08-19,15308,2025081904011926,NGPL,Bhrikuti Stock Broking Co. Pvt. Ltd.,Imperial Securities Company Pvt. Ltd.,30,407.2,12216.0,2025-08-19 14:28:27.116549
2025-08-19,15307,2025081904011927,NGPL,MILKY WAY SHARE BROKER COMPANY LTD ,Imperial Securities Company Pvt. Ltd.,325,407.2,132340.0,2025-08-19 14:28:27.116896
2025-08-19,14087,2025081904012326,NGPL,Naasa Securities Co. Ltd.,Neev Securities Pvt. Ltd.,35,408.0,14280.0,2025-08-19 14:32:13.429965
2025-08-19,14086,2025081904012327,NGPL,Cristal Kanchanjanga Securites Pvt. Ltd.,Neev Securities Pvt. Ltd.,500,408.0,204000.0,2025-08-19 14:32:13.430404
2025-08-19,13838,2025081904012367,NGPL,Opal Securities Investment (PVT) Ltd.,Sharepro Securities Private Limited,20,408.0,8160.0,2025-08-19 14:33:01.129665
2025-08-19,13452,2025081904012508,NGPL,J.F. Securites (PVT) Ltd.,Sharepro Securities Private Limited,200,408.0,81600.0,2025-08-19 14:34:22.399205
2025-08-19,13367,2025081904012521,NGPL,Online Securities Pvt. Ltd.,Nepal Stock House (PVT) Ltd.,200,407.5,81500.0,2025-08-19 14:34:42.454498
2025-08-19,13366,2025081904012522,NGPL,Naasa Securities Co. Ltd.,Nepal Stock House (PVT) Ltd.,244,407.5,99430.0,2025-08-19 14:34:42.454946
2025-08-19,13365,2025081904012523,NGPL,Global IME Securities Limited,Nepal Stock House (PVT) Ltd.,40,407.4,16296.0,2025-08-19 14:34:42.455133
2025-08-19,13364,2025081904012524,NGPL,Online Securities Pvt. Ltd.,Nepal Stock House (PVT) Ltd.,516,407.4,210218.4,2025-08-19 14:34:42.455336
2025-08-19,13230,2025081904012552,NGPL,Midas Stock Broking Company Private Limited,Sharepro Securities Private Limited,200,408.0,81600.0,2025-08-19 14:35:07.136263
2025-08-19,13229,2025081904012553,NGPL,Midas Stock Broking Company Private Limited,Sundhara Securities Limited,500,408.0,204000.0,2025-08-19 14:35:07.136669
2025-08-19,13147,2025081904012569,NGPL,Midas Stock Broking Company Private Limited,Neev Securities Pvt. Ltd.,300,408.0,122400.0,2025-08-19 14:35:25.486814
2025-08-19,12862,2025081904012635,NGPL,Naasa Securities Co. Ltd.,Imperial Securities Company Pvt. Ltd.,56,408.0,22848.0,2025-08-19 14:36:11.140818
2025-08-19,12854,2025081904012637,NGPL,Online Securities Pvt. Ltd.,Nagarik Stock Dealer ,100,407.4,40740.0,2025-08-19 14:36:13.177961
2025-08-19,12593,2025081904012726,NGPL,Online Securities Pvt. Ltd.,Imperial Securities Company Pvt. Ltd.,500,407.4,203700.0,2025-08-19 14:36:56.405886
2025-08-19,11717,2025081904012968,NGPL,Opal Securities Investment (PVT) Ltd.,Neev Securities Pvt. Ltd.,10,407.5,4075.0,2025-08-19 14:39:25.844684
2025-08-19,11716,2025081904012969,NGPL,Online Securities Pvt. Ltd.,Neev Securities Pvt. Ltd.,74,407.4,30147.6,2025-08-19 14:39:25.845119
2025-08-19,11666,2025081904012981,NGPL,Online Securities Pvt. Ltd.,KALASH STOCK MARKET PVT. LTD.,100,408.0,40800.0,2025-08-19 14:39:37.247602
2025-08-19,11104,2025081904013149,NGPL,Online Securities Pvt. Ltd.,KALASH STOCK MARKET PVT. LTD.,10,408.0,4080.0,2025-08-19 14:40:57.463651
2025-08-19,10969,2025081904013183,NGPL,Aryatara Investment & Securities,Asian Securities Private Ltd.,20,407.4,8148.0,2025-08-19 14:41:15.875913
2025-08-19,10968,2025081904013184,NGPL,Online Securities Pvt. Ltd.,Asian Securities Private Ltd.,26,407.3,10589.8,2025-08-19 14:41:15.876342
2025-08-19,10967,2025081904013185,NGPL,MILKY WAY SHARE BROKER COMPANY LTD ,Asian Securities Private Ltd.,154,407.2,62708.8,2025-08-19 14:41:15.876524
2025-08-19,10731,2025081904013271,NGPL,MILKY WAY SHARE BROKER COMPANY LTD ,Sanima Securities Limited,521,407.2,212151.2,2025-08-19 14:41:46.860922
2025-08-19,10730,2025081904013272,NGPL,Online Securities Pvt. Ltd.,Sanima Securities Limited,13,407.2,5293.6,2025-08-19 14:41:46.861755
2025-08-19,10729,2025081904013273,NGPL,Oxford Securities Pvt. Ltd.,Sanima Securities Limited,100,407.1,40710.0,2025-08-19 14:41:46.862280
2025-08-19,10728,2025081904013274,NGPL,Online Securities Pvt. Ltd.,Sanima Securities Limited,95,407.1,38674.5,2025-08-19 14:41:46.862830
2025-08-19,10727,2025081904013275,NGPL,Online Securities Pvt. Ltd.,Sanima Securities Limited,100,407.1,40710.0,2025-08-19 14:41:46.863349
2025-08-19,10726,2025081904013276,NGPL,Miyo Securities Pvt Ltd,Sanima Securities Limited,300,407.0,122100.0,2025-08-19 14:41:46.863907
2025-08-19,10725,2025081904013277,NGPL,Dynamic Money Managers Securities Pvt. Ltd.,Sanima Securities Limited,1000,407.0,407000.0,2025-08-19 14:41:46.864457
2025-08-19,10724,2025081904013278,NGPL,Nagarik Stock Dealer ,Sanima Securities Limited,2455,407.0,999185.0,2025-08-19 14:41:46.864976
2025-08-19,10723,2025081904013279,NGPL,Linch Stock Market Ltd.,Sanima Securities Limited,11050,407.0,4497350.0,2025-08-19 14:41:46.865510
2025-08-19,10722,2025081904013280,NGPL,Vision Securities Pvt. Ltd,Sanima Securities Limited,270,407.0,109890.0,2025-08-19 14:41:46.866028
2025-08-19,10721,2025081904013281,NGPL,Sundhara Securities Limited,Sanima Securities Limited,1000,407.0,407000.0,2025-08-19 14:41:46.866559
2025-08-19,10720,2025081904013282,NGPL,Kumari Securities Private Limited,Sanima Securities Limited,100,407.0,40700.0,2025-08-19 14:41:46.867076
2025-08-19,10719,2025081904013283,NGPL,Imperial Securities Company Pvt. Ltd.,Sanima Securities Limited,500,407.0,203500.0,2025-08-19 14:41:46.867608
2025-08-19,10718,2025081904013284,NGPL,Asian Securities Private Ltd.,Sanima Securities Limited,1000,407.0,407000.0,2025-08-19 14:41:46.868116
2025-08-19,10717,2025081904013285,NGPL,Premier Securities Company Ltd.,Sanima Securities Limited,300,407.0,122100.0,2025-08-19 14:41:46.868648
2025-08-19,10716,2025081904013286,NGPL,Aryatara Investment & Securities,Sanima Securities Limited,100,407.0,40700.0,2025-08-19 14:41:46.869155
2025-08-19,10715,2025081904013287,NGPL,Sani Securities Company Ltd.,Sanima Securities Limited,166,407.0,67562.0,2025-08-19 14:41:46.869686
2025-08-19,10575,2025081904013353,NGPL,Sani Securities Company Ltd.,Neev Securities Pvt. Ltd.,234,407.0,95238.0,2025-08-19 14:42:04.838642
2025-08-19,10574,2025081904013354,NGPL,Kohinoor Investment & Securities Pvt. Ltd.,Neev Securities Pvt. Ltd.,1000,407.0,407000.0,2025-08-19 14:42:04.839454
2025-08-19,10436,2025081904013373,NGPL,Aryatara Investment & Securities,Dipshikha Dhitopatra Karobar Co. Pvt Ltd.,125,407.0,50875.0,2025-08-19 14:42:29.224272
2025-08-19,9702,2025081904013587,NGPL,Agrawal Securities (PVT) Ltd.,KALASH STOCK MARKET PVT. LTD.,48,408.0,19584.0,2025-08-19 14:44:15.475419
2025-08-19,9376,2025081904013674,NGPL,Sani Securities Company Ltd.,Neev Securities Pvt. Ltd.,500,407.0,203500.0,2025-08-19 14:44:53.829545
2025-08-19,9054,2025081904013805,NGPL,Kalika Securities Pvt. Ltd.,KALASH STOCK MARKET PVT. LTD.,600,408.0,244800.0,2025-08-19 14:45:25.970232
2025-08-19,8737,2025081904013888,NGPL,Aryatara Investment & Securities,Neev Securities Pvt. Ltd.,100,407.0,40700.0,2025-08-19 14:46:02.214064
2025-08-19,8719,2025081904013897,NGPL,Sumeru Securities Pvt. Ltd.,KALASH STOCK MARKET PVT. LTD.,75,408.0,30600.0,2025-08-19 14:46:04.689806
2025-08-19,8649,2025081904013925,NGPL,Sumeru Securities Pvt. Ltd.,KALASH STOCK MARKET PVT. LTD.,55,408.0,22440.0,2025-08-19 14:46:18.754464
2025-08-19,8532,2025081904013968,NGPL,Miyo Securities Pvt Ltd,KALASH STOCK MARKET PVT. LTD.,35,408.0,14280.0,2025-08-19 14:46:33.947117
2025-08-19,8405,2025081904013993,NGPL,Sumeru Securities Pvt. Ltd.,Neev Securities Pvt. Ltd.,247,407.0,100529.0,2025-08-19 14:46:45.479642
2025-08-19,8255,2025081904014025,NGPL,Miyo Securities Pvt Ltd,KALASH STOCK MARKET PVT. LTD.,55,408.0,22440.0,2025-08-19 14:47:08.095587
2025-08-19,8158,2025081904014053,NGPL,Sumeru Securities Pvt. Ltd.,KALASH STOCK MARKET PVT. LTD.,22,408.0,8976.0,2025-08-19 14:47:24.154222
2025-08-19,8157,2025081904014054,NGPL,Sumeru Securities Pvt. Ltd.,Sweta Securities Private Limited,30,408.0,12240.0,2025-08-19 14:47:24.154654
2025-08-19,8156,2025081904014055,NGPL,Sumeru Securities Pvt. Ltd.,Trishakti Securities Public Limited,88,408.0,35904.0,2025-08-19 14:47:24.154834
2025-08-19,8104,2025081904014066,NGPL,Miyo Securities Pvt Ltd,Trishakti Securities Public Limited,90,408.0,36720.0,2025-08-19 14:47:37.230653
2025-08-19,7974,2025081904014099,NGPL,Sumeru Securities Pvt. Ltd.,Trishakti Securities Public Limited,70,408.0,28560.0,2025-08-19 14:47:56.566728
2025-08-19,7923,2025081904014108,NGPL,Sumeru Securities Pvt. Ltd.,Trishakti Securities Public Limited,55,408.0,22440.0,2025-08-19 14:48:06.642774
2025-08-19,7744,2025081904014161,NGPL,Cristal Kanchanjanga Securites Pvt. Ltd.,Trishakti Securities Public Limited,150,408.0,61200.0,2025-08-19 14:48:24.274653
2025-08-19,7734,2025081904014165,NGPL,Sumeru Securities Pvt. Ltd.,Trishakti Securities Public Limited,45,408.0,18360.0,2025-08-19 14:48:25.751107
2025-08-19,7646,2025081904014190,NGPL,Miyo Securities Pvt Ltd,Trishakti Securities Public Limited,70,408.0,28560.0,2025-08-19 14:48:39.524747
2025-08-19,7497,2025081904014253,NGPL,Miyo Securities Pvt Ltd,Trishakti Securities Public Limited,40,408.0,16320.0,2025-08-19 14:48:54.603161
2025-08-19,7469,2025081904014259,NGPL,Cristal Kanchanjanga Securites Pvt. Ltd.,Trishakti Securities Public Limited,200,408.0,81600.0,2025-08-19 14:48:58.431136
2025-08-19,7315,2025081904014292,NGPL,Miyo Securities Pvt Ltd,Trishakti Securities Public Limited,92,408.0,37536.0,2025-08-19 14:49:21.744595
2025-08-19,7314,2025081904014293,NGPL,Miyo Securities Pvt Ltd,Capital Hub P. Ltd,208,408.0,84864.0,2025-08-19 14:49:21.745008
2025-08-19,7298,2025081904014297,NGPL,Naasa Securities Co. Ltd.,Opal Securities Investment (PVT) Ltd.,400,407.3,162920.0,2025-08-19 14:49:26.093176
2025-08-19,7297,2025081904014298,NGPL,Naasa Securities Co. Ltd.,Opal Securities Investment (PVT) Ltd.,10,407.2,4072.0,2025-08-19 14:49:26.093963
2025-08-19,7296,2025081904014299,NGPL,Miyo Securities Pvt Ltd,Opal Securities Investment (PVT) Ltd.,100,407.1,40710.0,2025-08-19 14:49:26.094553
2025-08-19,7295,2025081904014300,NGPL,Dynamic Money Managers Securities Pvt. Ltd.,Opal Securities Investment (PVT) Ltd.,230,407.1,93633.0,2025-08-19 14:49:26.095111
2025-08-19,7294,2025081904014301,NGPL,Sumeru Securities Pvt. Ltd.,Opal Securities Investment (PVT) Ltd.,253,407.0,102971.0,2025-08-19 14:49:26.095708
2025-08-19,7293,2025081904014302,NGPL,Opal Securities Investment (PVT) Ltd.,Opal Securities Investment (PVT) Ltd.,10,407.0,4070.0,2025-08-19 14:49:26.096285
2025-08-19,7292,2025081904014303,NGPL,Naasa Securities Co. Ltd.,Opal Securities Investment (PVT) Ltd.,50,407.0,20350.0,2025-08-19 14:49:26.096879
2025-08-19,7291,2025081904014304,NGPL,Imperial Securities Company Pvt. Ltd.,Opal Securities Investment (PVT) Ltd.,1000,407.0,407000.0,2025-08-19 14:49:26.097476
2025-08-19,7290,2025081904014305,NGPL,Sumeru Securities Pvt. Ltd.,Opal Securities Investment (PVT) Ltd.,50,407.0,20350.0,2025-08-19 14:49:26.098044
2025-08-19,7185,2025081904014327,NGPL,Online Securities Pvt. Ltd.,Miyo Securities Pvt Ltd,26,406.9,10579.4,2025-08-19 14:49:37.813486
2025-08-19,7184,2025081904014328,NGPL,Kalika Securities Pvt. Ltd.,Miyo Securities Pvt Ltd,100,406.8,40680.0,2025-08-19 14:49:37.813907
2025-08-19,7183,2025081904014329,NGPL,Ashutosh Brokerage & Securities (PVT) Ltd.,Miyo Securities Pvt Ltd,374,406.7,152105.8,2025-08-19 14:49:37.814084
2025-08-19,6931,2025081904014414,NGPL,Miyo Securities Pvt Ltd,Opal Securities Investment (PVT) Ltd.,250,407.0,101750.0,2025-08-19 14:50:21.026333
2025-08-19,6858,2025081904014422,NGPL,Opal Securities Investment (PVT) Ltd.,Opal Securities Investment (PVT) Ltd.,10,407.0,4070.0,2025-08-19 14:50:34.670232
2025-08-19,6808,2025081904014430,NGPL,Ashutosh Brokerage & Securities (PVT) Ltd.,Neev Securities Pvt. Ltd.,126,406.7,51244.2,2025-08-19 14:50:40.890766
2025-08-19,6807,2025081904014431,NGPL,Sundhara Securities Limited,Neev Securities Pvt. Ltd.,724,406.6,294378.4,2025-08-19 14:50:40.891228
2025-08-19,6672,2025081904014457,NGPL,Miyo Securities Pvt Ltd,Opal Securities Investment (PVT) Ltd.,200,407.0,81400.0,2025-08-19 14:51:02.206599
2025-08-19,6459,2025081904014515,NGPL,Miyo Securities Pvt Ltd,Opal Securities Investment (PVT) Ltd.,250,407.0,101750.0,2025-08-19 14:51:33.352177
2025-08-19,6216,2025081904014607,NGPL,Miyo Securities Pvt Ltd,Opal Securities Investment (PVT) Ltd.,187,407.0,76109.0,2025-08-19 14:52:09.519567
2025-08-19,6215,2025081904014608,NGPL,Miyo Securities Pvt Ltd,Naasa Securities Co. Ltd.,63,407.0,25641.0,2025-08-19 14:52:09.519992
2025-08-19,6111,2025081904014637,NGPL,Premier Securities Company Ltd.,Naasa Securities Co. Ltd.,21,407.0,8547.0,2025-08-19 14:52:20.191974
2025-08-19,6031,2025081904014651,NGPL,Sundhara Securities Limited,Dipshikha Dhitopatra Karobar Co. Pvt Ltd.,276,406.6,112221.6,2025-08-19 14:52:27.708978
2025-08-19,6030,2025081904014652,NGPL,Sajilo Broker Limited,Dipshikha Dhitopatra Karobar Co. Pvt Ltd.,224,406.5,91056.0,2025-08-19 14:52:27.709808
2025-08-19,5208,2025081904014926,NGPL,Bhrikuti Stock Broking Co. Pvt. Ltd.,Naasa Securities Co. Ltd.,500,407.0,203500.0,2025-08-19 14:54:09.688282
2025-08-19,5178,2025081904014939,NGPL,Sumeru Securities Pvt. Ltd.,Sani Securities Company Ltd.,100,406.6,40660.0,2025-08-19 14:54:14.766308
2025-08-19,5177,2025081904014940,NGPL,Sajilo Broker Limited,Sani Securities Company Ltd.,400,406.5,162600.0,2025-08-19 14:54:14.766770
2025-08-19,5145,2025081904014960,NGPL,APPLE SECURITIES PRIVATE LIMITED,Naasa Securities Co. Ltd.,416,407.0,169312.0,2025-08-19 14:54:19.517449
2025-08-19,5144,2025081904014961,NGPL,APPLE SECURITIES PRIVATE LIMITED,Opal Securities Investment (PVT) Ltd.,147,407.0,59829.0,2025-08-19 14:54:19.518265
2025-08-19,5143,2025081904014962,NGPL,APPLE SECURITIES PRIVATE LIMITED,Stoxkarts Securities Limited,1437,407.0,584859.0,2025-08-19 14:54:19.518874
2025-08-19,5046,2025081904014989,NGPL,Thrive Brokerage House Pvt. Ltd,Stoxkarts Securities Limited,100,407.0,40700.0,2025-08-19 14:54:28.946057
2025-08-19,4767,2025081904015080,NGPL,Himalayan Securities Limited,Stoxkarts Securities Limited,10,407.0,4070.0,2025-08-19 14:54:58.399868
2025-08-19,4630,2025081904015109,NGPL,Naasa Securities Co. Ltd.,Stoxkarts Securities Limited,50,407.0,20350.0,2025-08-19 14:55:11.221104
2025-08-19,4413,2025081904015181,NGPL,Premier Securities Company Ltd.,Stoxkarts Securities Limited,403,407.0,164021.0,2025-08-19 14:55:29.155128
2025-08-19,4412,2025081904015182,NGPL,Premier Securities Company Ltd.,Imperial Securities Company Pvt. Ltd.,50,407.0,20350.0,2025-08-19 14:55:29.155595
2025-08-19,4073,2025081904015292,NGPL,Aryatara Investment & Securities,Kumari Securities Private Limited,100,407.1,40710.0,2025-08-19 14:56:06.620851
2025-08-19,4072,2025081904015293,NGPL,Premier Securities Company Ltd.,Kumari Securities Private Limited,47,407.0,19129.0,2025-08-19 14:56:06.621705
2025-08-19,4071,2025081904015294,NGPL,Imperial Securities Company Pvt. Ltd.,Kumari Securities Private Limited,70,407.0,28490.0,2025-08-19 14:56:06.622279
2025-08-19,4070,2025081904015295,NGPL,Kohinoor Investment & Securities Pvt. Ltd.,Kumari Securities Private Limited,283,407.0,115181.0,2025-08-19 14:56:06.622882
2025-08-19,3719,2025081904015390,NGPL,APPLE SECURITIES PRIVATE LIMITED,Premier Securities Company Ltd.,250,407.7,101925.0,2025-08-19 14:56:38.930127
2025-08-19,3718,2025081904015391,NGPL,APPLE SECURITIES PRIVATE LIMITED,Market Securities & Exchange (PVT) Ltd.,550,407.8,224290.0,2025-08-19 14:56:38.930593
2025-08-19,3121,2025081904015578,NGPL,Creative Securities Pvt Ltd,Market Securities & Exchange (PVT) Ltd.,450,407.8,183510.0,2025-08-19 14:57:28.776656
2025-08-19,3120,2025081904015579,NGPL,Creative Securities Pvt Ltd,Primo Securities (PVT) Ltd.,226,407.8,92162.8,2025-08-19 14:57:28.777072
2025-08-19,3119,2025081904015580,NGPL,Creative Securities Pvt Ltd,Sani Securities Company Ltd.,440,407.9,179476.0,2025-08-19 14:57:28.777296
2025-08-19,3118,2025081904015581,NGPL,Creative Securities Pvt Ltd,Capital Hub P. Ltd,482,408.0,196656.0,2025-08-19 14:57:28.777545
2025-08-19,3117,2025081904015582,NGPL,Creative Securities Pvt Ltd,Imperial Securities Company Pvt. Ltd.,88,408.0,35904.0,2025-08-19 14:57:28.777771
2025-08-19,3116,2025081904015583,NGPL,Creative Securities Pvt Ltd,Opal Securities Investment (PVT) Ltd.,30,408.0,12240.0,2025-08-19 14:57:28.777964
2025-08-19,3115,2025081904015584,NGPL,Creative Securities Pvt Ltd,J.F. Securites (PVT) Ltd.,100,408.0,40800.0,2025-08-19 14:57:28.778155
2025-08-19,3114,2025081904015585,NGPL,Creative Securities Pvt Ltd,Market Securities & Exchange (PVT) Ltd.,10,408.0,4080.0,2025-08-19 14:57:28.778349
2025-08-19,3113,2025081904015586,NGPL,Creative Securities Pvt Ltd,Primo Securities (PVT) Ltd.,100,408.0,40800.0,2025-08-19 14:57:28.778550
2025-08-19,3112,2025081904015587,NGPL,Creative Securities Pvt Ltd,Dipshikha Dhitopatra Karobar Co. Pvt Ltd.,100,408.5,40850.0,2025-08-19 14:57:28.778739
2025-08-19,3111,2025081904015588,NGPL,Creative Securities Pvt Ltd,Kumari Securities Private Limited,974,408.5,397879.0,2025-08-19 14:57:28.778926
2025-08-19,3107,2025081904015591,NGPL,ABC Securities Private Limited,Dipshikha Dhitopatra Karobar Co. Pvt Ltd.,45,407.8,18351.0,2025-08-19 14:57:29.152186
2025-08-19,3009,2025081904015615,NGPL,ABC Securities Private Limited,Imperial Securities Company Pvt. Ltd.,100,407.8,40780.0,2025-08-19 14:57:36.667080
2025-08-19,2850,2025081904015661,NGPL,ABC Securities Private Limited,Nepal Stock House (PVT) Ltd.,105,407.8,42819.0,2025-08-19 14:57:50.130648
2025-08-19,2849,2025081904015662,NGPL,Sumeru Securities Pvt. Ltd.,Nepal Stock House (PVT) Ltd.,895,407.2,364444.0,2025-08-19 14:57:50.131077
2025-08-19,2625,2025081904015726,NGPL,Online Securities Pvt. Ltd.,Prabhu Stock Market Limited,2000,408.0,816000.0,2025-08-19 14:58:07.280588
2025-08-19,2235,2025081904015838,NGPL,Sunrise Securities Limited,Prabhu Stock Market Limited,1000,408.0,408000.0,2025-08-19 14:58:33.899522
2025-08-19,2234,2025081904015839,NGPL,Sunrise Securities Limited,Trisul Securities & Invt. Ltd.,5000,408.0,2040000.0,2025-08-19 14:58:33.899943
2025-08-19,1848,2025081904015948,NGPL,Vision Securities Pvt. Ltd,Sani Securities Company Ltd.,100,408.0,40800.0,2025-08-19 14:58:57.926300
2025-08-19,1847,2025081904015949,NGPL,Vision Securities Pvt. Ltd,Dynamic Money Managers Securities Pvt. Ltd.,100,408.0,40800.0,2025-08-19 14:58:57.926739
2025-08-19,1729,2025081904016007,NGPL,Vision Securities Pvt. Ltd,Vision Securities Pvt. Ltd,50,408.0,20400.0,2025-08-19 14:59:07.107385
2025-08-19,1084,2025081904016167,NGPL,ABC Securities Private Limited,Kumari Securities Private Limited,11,408.5,4493.5,2025-08-19 14:59:29.183813
2025-08-19,831,2025081904016264,NGPL,Sunrise Securities Limited,Kumari Securities Private Limited,16,408.5,6536.0,2025-08-19 14:59:37.118309
2025-08-19,830,2025081904016265,NGPL,Sunrise Securities Limited,Imperial Securities Company Pvt. Ltd.,80,408.7,32696.0,2025-08-19 14:59:37.118725
2025-08-19,829,2025081904016266,NGPL,Sunrise Securities Limited,Aryatara Investment & Securities,404,409.0,165236.0,2025-08-19 14:59:37.118926
2025-08-19,802,2025081904016273,NGPL,Vision Securities Pvt. Ltd,Imperial Securities Company Pvt. Ltd.,237,408.0,96696.0,2025-08-19 14:59:38.331267
2025-08-19,684,2025081904016289,NGPL,Vision Securities Pvt. Ltd,Aryatara Investment & Securities,200,409.0,81800.0,2025-08-19 14:59:40.963643
2025-08-19,390,2025081904016354,NGPL,ABC Securities Private Limited,Aryatara Investment & Securities,250,409.0,102250.0,2025-08-19 14:59:48.486753
2025-08-19,343,2025081904016364,NGPL,Sunrise Securities Limited,Aryatara Investment & Securities,1146,409.0,468714.0,2025-08-19 14:59:50.159834
2025-08-19,342,2025081904016365,NGPL,Sunrise Securities Limited,Online Securities Pvt. Ltd.,700,409.0,286300.0,2025-08-19 14:59:50.160294
2025-08-19,341,2025081904016366,NGPL,Sunrise Securities Limited,Investment Management Nepal Pvt. Ltd.,31,409.0,12679.0,2025-08-19 14:59:50.160534
2025-08-19,340,2025081904016367,NGPL,Sunrise Securities Limited,Premier Securities Company Ltd.,200,409.9,81980.0,2025-08-19 14:59:50.160818
2025-08-19,339,2025081904016368,NGPL,Sunrise Securities Limited,K.B.L. Securities Limited ,200,410.0,82000.0,2025-08-19 14:59:50.161118
2025-08-19,338,2025081904016369,NGPL,Sunrise Securities Limited,Investment Management Nepal Pvt. Ltd.,100,410.0,41000.0,2025-08-19 14:59:50.161363
2025-08-19,337,2025081904016370,NGPL,Sunrise Securities Limited,Pragyan Securities (PVT) Ltd.,40,410.0,16400.0,2025-08-19 14:59:50.161563
2025-08-19,336,2025081904016371,NGPL,Sunrise Securities Limited,J.F. Securites (PVT) Ltd.,100,410.0,41000.0,2025-08-19 14:59:50.161750
2025-08-19,335,2025081904016372,NGPL,Sunrise Securities Limited,Naasa Securities Co. Ltd.,100,410.0,41000.0,2025-08-19 14:59:50.161950
2025-08-19,334,2025081904016373,NGPL,Sunrise Securities Limited,Thrive Brokerage House Pvt. Ltd,30,410.0,12300.0,2025-08-19 14:59:50.162192
2025-08-19,333,2025081904016374,NGPL,Sunrise Securities Limited,Vision Securities Pvt. Ltd,500,410.0,205000.0,2025-08-19 14:59:50.162405
2025-08-19,332,2025081904016375,NGPL,Sunrise Securities Limited,Kohinoor Investment & Securities Pvt. Ltd.,50,410.0,20500.0,2025-08-19 14:59:50.162647
2025-08-19,331,2025081904016376,NGPL,Sunrise Securities Limited,Kohinoor Investment & Securities Pvt. Ltd.,100,410.0,41000.0,2025-08-19 14:59:50.162836
2025-08-19,330,2025081904016377,NGPL,Sunrise Securities Limited,Cristal Kanchanjanga Securites Pvt. Ltd.,500,410.0,205000.0,2025-08-19 14:59:50.163018
2025-08-19,329,2025081904016378,NGPL,Sunrise Securities Limited,Sewa Securities Pvt. Ltd.,203,410.0,83230.0,2025-08-19 14:59:50.163220
2025-08-19,270,2025081904016394,NGPL,Naasa Securities Co. Ltd.,Dipshikha Dhitopatra Karobar Co. Pvt Ltd.,167,408.5,68219.5,2025-08-19 14:59:52.263535
2025-08-19,114,2025081904016441,NGPL,Vision Securities Pvt. Ltd,Prabhu Stock Market Limited,13,408.0,5304.0,2025-08-19 14:59:57.192688
2025-08-19,113,2025081904016442,NGPL,Nepal Stock House (PVT) Ltd.,Prabhu Stock Market Limited,360,408.0,146880.0,2025-08-19 14:59:57.193099
2025-08-19,112,2025081904016443,NGPL,Sumeru Securities Pvt. Ltd.,Prabhu Stock Market Limited,100,408.0,40800.0,2025-08-19 14:59:57.193286
2025-08-19,111,2025081904016444,NGPL,Sani Securities Company Ltd.,Prabhu Stock Market Limited,50,408.0,20400.0,2025-08-19 14:59:57.193524
