Date,S.N.,Contract ID,Symbol,Buyer Broker,Seller Broker,volume,rate,amount,transaction_time
2025-09-24,47838,2025092404000004,AKPL,Linch Stock Market Ltd.,Naasa Securities Co. Ltd.,10,255.8,2558.0,2025-09-24 10:46:00.024236
2025-09-24,47745,2025092404000049,AKPL,Dipshikha Dhitopatra Karobar Co. Pvt Ltd.,Naasa Securities Co. Ltd.,1000,260.9,260900.0,2025-09-24 11:00:32.176663
2025-09-24,47588,2025092404000094,AKPL,Shree Krishna Securities Ltd.,Naasa Securities Co. Ltd.,10,264.9,2649.0,2025-09-24 11:01:26.757588
2025-09-24,47387,2025092404000138,AKPL,Naasa Securities Co. Ltd.,Kumari Securities Private Limited,75,263.5,19762.5,2025-09-24 11:02:32.959371
2025-09-24,47325,2025092404000160,AKPL,Opal Securities Investment (PVT) Ltd.,Magnet Securities and Investment Company Private Limited,50,263.0,13150.0,2025-09-24 11:02:56.806434
2025-09-24,47295,2025092404000167,AKPL,Opal Securities Investment (PVT) Ltd.,Kumari Securities Private Limited,26,263.0,6838.0,2025-09-24 11:03:07.958282
2025-09-24,47079,2025092404000244,AKPL,Dipshikha Dhitopatra Karobar Co. Pvt Ltd.,Kohinoor Investment & Securities Pvt. Ltd.,10,262.0,2620.0,2025-09-24 11:04:38.809011
2025-09-24,47078,2025092404000245,AKPL,Dipshikha Dhitopatra Karobar Co. Pvt Ltd.,Magnet Securities and Investment Company Private Limited,15,262.9,3943.5,2025-09-24 11:04:38.809103
2025-09-24,46649,2025092404000356,AKPL,Premier Securities Company Ltd.,Imperial Securities Company Pvt. Ltd.,100,260.0,26000.0,2025-09-24 11:06:30.285996
2025-09-24,46648,2025092404000357,AKPL,Online Securities Pvt. Ltd.,Imperial Securities Company Pvt. Ltd.,15,260.0,3900.0,2025-09-24 11:06:30.286065
2025-09-24,46552,2025092404000393,AKPL,Nagarik Stock Dealer ,Kumari Securities Private Limited,174,259.7,45187.8,2025-09-24 11:06:50.587565
2025-09-24,46269,2025092404000479,AKPL,Sundhara Securities Limited,Kumari Securities Private Limited,150,260.9,39135.0,2025-09-24 11:08:17.096060
2025-09-24,45587,2025092404000709,AKPL,SUN SECURITIES PVT LTD,Kumari Securities Private Limited,75,260.9,19567.5,2025-09-24 11:11:26.590352
2025-09-24,45586,2025092404000710,AKPL,SUN SECURITIES PVT LTD,Siprabi Securities Pvt. Ltd.,30,260.9,7827.0,2025-09-24 11:11:26.590525
2025-09-24,45585,2025092404000711,AKPL,SUN SECURITIES PVT LTD,Dipshikha Dhitopatra Karobar Co. Pvt Ltd.,1800,260.9,469620.0,2025-09-24 11:11:26.590660
2025-09-24,45467,2025092404000743,AKPL,Dipshikha Dhitopatra Karobar Co. Pvt Ltd.,Nepal Investment And Securities Trading Private Limited,500,261.0,130500.0,2025-09-24 11:12:04.343584
2025-09-24,45399,2025092404000764,AKPL,Dipshikha Dhitopatra Karobar Co. Pvt Ltd.,Nepal Investment And Securities Trading Private Limited,400,261.0,104400.0,2025-09-24 11:12:18.901595
2025-09-24,45183,2025092404000820,AKPL,Dipshikha Dhitopatra Karobar Co. Pvt Ltd.,Dipshikha Dhitopatra Karobar Co. Pvt Ltd.,1800,261.0,469800.0,2025-09-24 11:13:36.835599
2025-09-24,45074,2025092404000854,AKPL,Dipshikha Dhitopatra Karobar Co. Pvt Ltd.,Dipshikha Dhitopatra Karobar Co. Pvt Ltd.,100,261.0,26100.0,2025-09-24 11:14:04.950863
2025-09-24,45073,2025092404000855,AKPL,SUN SECURITIES PVT LTD,Dipshikha Dhitopatra Karobar Co. Pvt Ltd.,1700,260.9,443530.0,2025-09-24 11:14:04.951074
2025-09-24,45048,2025092404000858,AKPL,Secured Securities Ltd.,Naasa Securities Co. Ltd.,500,262.0,131000.0,2025-09-24 11:14:12.587513
2025-09-24,45047,2025092404000859,AKPL,Secured Securities Ltd.,Trishakti Securities Public Limited,13,262.0,3406.0,2025-09-24 11:14:12.587690
2025-09-24,45046,2025092404000860,AKPL,Secured Securities Ltd.,Elite Stock House Limited,200,262.0,52400.0,2025-09-24 11:14:12.587807
2025-09-24,45028,2025092404000864,AKPL,Blue Chip Securities Ltd,J.F. Securites (PVT) Ltd.,10,262.7,2627.0,2025-09-24 11:14:17.266226
2025-09-24,44964,2025092404000874,AKPL,Naasa Securities Co. Ltd.,Naasa Securities Co. Ltd.,1,260.0,260.0,2025-09-24 11:14:41.334865
2025-09-24,44951,2025092404000875,AKPL,Secured Securities Ltd.,Deevyaa Securities & Stock House Pvt. Ltd,287,262.0,75194.0,2025-09-24 11:14:43.147650
2025-09-24,44889,2025092404000890,AKPL,Naasa Securities Co. Ltd.,Pragyan Securities (PVT) Ltd.,10,262.0,2620.0,2025-09-24 11:15:03.936447
2025-09-24,44478,2025092404000998,AKPL,SUN SECURITIES PVT LTD,Creative Securities Pvt Ltd,2387,260.9,622768.3,2025-09-24 11:16:27.495803
2025-09-24,44414,2025092404001009,AKPL,SUN SECURITIES PVT LTD,South Asian Bulls Pvt. Ltd.,2305,260.9,601374.5,2025-09-24 11:16:42.196356
2025-09-24,44412,2025092404001010,AKPL,SUN SECURITIES PVT LTD,Capital Max Securities Ltd,2000,260.9,521800.0,2025-09-24 11:16:42.634924
2025-09-24,44408,2025092404001014,AKPL,SUN SECURITIES PVT LTD,Online Securities Pvt. Ltd.,100,260.9,26090.0,2025-09-24 11:16:43.410700
2025-09-24,44316,2025092404001036,AKPL,SUN SECURITIES PVT LTD,KALASH STOCK MARKET PVT. LTD.,500,260.9,130450.0,2025-09-24 11:16:57.685598
2025-09-24,44304,2025092404001038,AKPL,SUN SECURITIES PVT LTD,Pragyan Securities (PVT) Ltd.,103,260.9,26872.7,2025-09-24 11:17:00.889527
2025-09-24,44303,2025092404001039,AKPL,Naasa Securities Co. Ltd.,Online Securities Pvt. Ltd.,100,260.0,26000.0,2025-09-24 11:17:01.507286
2025-09-24,44201,2025092404001064,AKPL,Naasa Securities Co. Ltd.,Imperial Securities Company Pvt. Ltd.,33,260.0,8580.0,2025-09-24 11:17:27.356902
2025-09-24,44159,2025092404001075,AKPL,Naasa Securities Co. Ltd.,SHUBHAKAMANA SECURITIES PVT. LTD,117,260.0,30420.0,2025-09-24 11:17:34.889027
2025-09-24,44158,2025092404001076,AKPL,Kohinoor Investment & Securities Pvt. Ltd.,SHUBHAKAMANA SECURITIES PVT. LTD,1000,258.0,258000.0,2025-09-24 11:17:34.889095
2025-09-24,44157,2025092404001077,AKPL,Linch Stock Market Ltd.,SHUBHAKAMANA SECURITIES PVT. LTD,430,258.0,110940.0,2025-09-24 11:17:34.889130
2025-09-24,44156,2025092404001078,AKPL,Nagarik Stock Dealer ,SHUBHAKAMANA SECURITIES PVT. LTD,453,258.0,116874.0,2025-09-24 11:17:34.889155
2025-09-24,44036,2025092404001116,AKPL,Nagarik Stock Dealer ,Dipshikha Dhitopatra Karobar Co. Pvt Ltd.,151,258.0,38958.0,2025-09-24 11:18:14.099016
2025-09-24,43919,2025092404001144,AKPL,Nagarik Stock Dealer ,Dipshikha Dhitopatra Karobar Co. Pvt Ltd.,50,258.0,12900.0,2025-09-24 11:18:39.244002
2025-09-24,43703,2025092404001202,AKPL,Secured Securities Ltd.,Online Securities Pvt. Ltd.,300,258.1,77430.0,2025-09-24 11:19:39.763334
2025-09-24,43600,2025092404001237,AKPL,Secured Securities Ltd.,Imperial Securities Company Pvt. Ltd.,40,258.1,10324.0,2025-09-24 11:20:08.573567
2025-09-24,42270,2025092404001608,AKPL,Naasa Securities Co. Ltd.,Vision Securities Pvt. Ltd,1,258.1,258.1,2025-09-24 11:26:00.746886
2025-09-24,42101,2025092404001646,AKPL,Secured Securities Ltd.,Thrive Brokerage House Pvt. Ltd,20,258.1,5162.0,2025-09-24 11:27:06.919200
2025-09-24,42041,2025092404001672,AKPL,ABC Securities Private Limited,K.B.L. Securities Limited ,75,259.0,19425.0,2025-09-24 11:27:22.871549
2025-09-24,42040,2025092404001673,AKPL,Secured Securities Ltd.,K.B.L. Securities Limited ,585,258.1,150988.5,2025-09-24 11:27:22.871662
2025-09-24,41203,2025092404001900,AKPL,Secured Securities Ltd.,K.B.L. Securities Limited ,55,258.1,14195.5,2025-09-24 11:31:57.726911
2025-09-24,40983,2025092404001944,AKPL,Nagarik Stock Dealer ,Sani Securities Company Ltd.,85,258.0,21930.0,2025-09-24 11:32:59.437287
2025-09-24,40934,2025092404001953,AKPL,Dipshikha Dhitopatra Karobar Co. Pvt Ltd.,Vision Securities Pvt. Ltd,105,259.0,27195.0,2025-09-24 11:33:08.264725
2025-09-24,40933,2025092404001954,AKPL,Dipshikha Dhitopatra Karobar Co. Pvt Ltd.,Agrawal Securities (PVT) Ltd.,95,259.0,24605.0,2025-09-24 11:33:08.264994
2025-09-24,40889,2025092404001967,AKPL,Nagarik Stock Dealer ,K.B.L. Securities Limited ,87,258.0,22446.0,2025-09-24 11:33:18.960022
2025-09-24,40813,2025092404002000,AKPL,Dipshikha Dhitopatra Karobar Co. Pvt Ltd.,K.B.L. Securities Limited ,85,258.0,21930.0,2025-09-24 11:33:37.415089
2025-09-24,40394,2025092404002112,AKPL,SUN SECURITIES PVT LTD,Capital Max Securities Ltd,100,258.2,25820.0,2025-09-24 11:35:25.536916
2025-09-24,40093,2025092404002185,AKPL,SUN SECURITIES PVT LTD,Agrawal Securities (PVT) Ltd.,300,259.0,77700.0,2025-09-24 11:36:57.704925
2025-09-24,39666,2025092404002304,AKPL,Dipshikha Dhitopatra Karobar Co. Pvt Ltd.,Vision Securities Pvt. Ltd,30,259.9,7797.0,2025-09-24 11:38:58.008728
2025-09-24,39527,2025092404002350,AKPL,Aryatara Investment & Securities,Vision Securities Pvt. Ltd,470,259.9,122153.0,2025-09-24 11:39:34.278257
2025-09-24,39293,2025092404002379,AKPL,Naasa Securities Co. Ltd.,Pragyan Securities (PVT) Ltd.,20,260.0,5200.0,2025-09-24 11:40:17.222250
2025-09-24,39292,2025092404002380,AKPL,Naasa Securities Co. Ltd.,Kohinoor Investment & Securities Pvt. Ltd.,49,260.0,12740.0,2025-09-24 11:40:17.222381
2025-09-24,39028,2025092404002468,AKPL,Sani Securities Company Ltd.,Midas Stock Broking Company Private Limited,10,259.0,2590.0,2025-09-24 11:41:34.948257
2025-09-24,39027,2025092404002469,AKPL,SUN SECURITIES PVT LTD,Midas Stock Broking Company Private Limited,500,259.0,129500.0,2025-09-24 11:41:34.948417
2025-09-24,38458,2025092404002642,AKPL,Naasa Securities Co. Ltd.,Cristal Kanchanjanga Securites Pvt. Ltd.,10,260.0,2600.0,2025-09-24 11:44:39.523249
2025-09-24,38451,2025092404002643,AKPL,Thrive Brokerage House Pvt. Ltd,Cristal Kanchanjanga Securites Pvt. Ltd.,50,260.0,13000.0,2025-09-24 11:44:42.827778
2025-09-24,37846,2025092404002800,AKPL,Midas Stock Broking Company Private Limited,Cristal Kanchanjanga Securites Pvt. Ltd.,145,260.0,37700.0,2025-09-24 11:49:18.606051
2025-09-24,37845,2025092404002801,AKPL,Midas Stock Broking Company Private Limited,Thrive Brokerage House Pvt. Ltd,155,260.0,40300.0,2025-09-24 11:49:18.606372
2025-09-24,37844,2025092404002802,AKPL,Midas Stock Broking Company Private Limited,Dipshikha Dhitopatra Karobar Co. Pvt Ltd.,100,260.0,26000.0,2025-09-24 11:49:18.606567
2025-09-24,37843,2025092404002803,AKPL,Midas Stock Broking Company Private Limited,Secured Securities Ltd.,100,260.0,26000.0,2025-09-24 11:49:18.606796
2025-09-24,37826,2025092404002809,AKPL,Aryatara Investment & Securities,Secured Securities Ltd.,400,260.0,104000.0,2025-09-24 11:49:28.137768
2025-09-24,37241,2025092404002964,AKPL,Naasa Securities Co. Ltd.,Pragyan Securities (PVT) Ltd.,1,260.0,260.0,2025-09-24 11:52:49.379430
2025-09-24,37237,2025092404002965,AKPL,Naasa Securities Co. Ltd.,Agrawal Securities (PVT) Ltd.,9,260.0,2340.0,2025-09-24 11:52:53.802652
2025-09-24,37197,2025092404002971,AKPL,Thrive Brokerage House Pvt. Ltd,Kumari Securities Private Limited,30,260.2,7806.0,2025-09-24 11:53:07.298845
2025-09-24,37116,2025092404002991,AKPL,Linch Stock Market Ltd.,Naasa Securities Co. Ltd.,10,260.3,2603.0,2025-09-24 11:53:27.203089
2025-09-24,37029,2025092404003027,AKPL,Naasa Securities Co. Ltd.,Sundhara Securities Limited,200,260.5,52100.0,2025-09-24 11:54:00.345640
2025-09-24,36957,2025092404003047,AKPL,Himalayan Brokerage Company Limited,Sundhara Securities Limited,100,260.5,26050.0,2025-09-24 11:54:19.713773
2025-09-24,36736,2025092404003093,AKPL,Naasa Securities Co. Ltd.,Naasa Securities Co. Ltd.,26,261.7,6804.2,2025-09-24 11:55:48.227891
2025-09-24,36442,2025092404003158,AKPL,Market Securities & Exchange (PVT) Ltd.,Naasa Securities Co. Ltd.,200,261.7,52340.0,2025-09-24 11:57:24.713423
2025-09-24,36211,2025092404003219,AKPL,SUN SECURITIES PVT LTD,Naasa Securities Co. Ltd.,264,261.7,69088.8,2025-09-24 11:58:44.917353
2025-09-24,36210,2025092404003220,AKPL,SUN SECURITIES PVT LTD,Magnet Securities and Investment Company Private Limited,36,261.7,9421.2,2025-09-24 11:58:44.917658
2025-09-24,36132,2025092404003238,AKPL,Dipshikha Dhitopatra Karobar Co. Pvt Ltd.,Magnet Securities and Investment Company Private Limited,89,261.7,23291.3,2025-09-24 11:59:11.242923
2025-09-24,35373,2025092404003443,AKPL,Thrive Brokerage House Pvt. Ltd,Nepal Investment And Securities Trading Private Limited,170,261.8,44506.0,2025-09-24 12:03:07.210103
2025-09-24,34938,2025092404003530,AKPL,Sani Securities Company Ltd.,Nepal Investment And Securities Trading Private Limited,10,261.8,2618.0,2025-09-24 12:05:41.118998
2025-09-24,34726,2025092404003564,AKPL,Naasa Securities Co. Ltd.,Nepal Investment And Securities Trading Private Limited,50,261.8,13090.0,2025-09-24 12:06:41.109200
2025-09-24,34707,2025092404003566,AKPL,Aryatara Investment & Securities,Nepal Investment And Securities Trading Private Limited,70,261.8,18326.0,2025-09-24 12:06:44.869115
2025-09-24,34706,2025092404003567,AKPL,Aryatara Investment & Securities,Trishakti Securities Public Limited,80,261.8,20944.0,2025-09-24 12:06:44.869304
2025-09-24,34521,2025092404003604,AKPL,Nepal Stock House (PVT) Ltd.,Trishakti Securities Public Limited,170,261.8,44506.0,2025-09-24 12:07:29.689812
2025-09-24,34520,2025092404003605,AKPL,Nepal Stock House (PVT) Ltd.,Creative Securities Pvt Ltd,830,261.9,217377.0,2025-09-24 12:07:29.690003
2025-09-24,34171,2025092404003700,AKPL,Dipshikha Dhitopatra Karobar Co. Pvt Ltd.,Kohinoor Investment & Securities Pvt. Ltd.,100,261.7,26170.0,2025-09-24 12:08:57.316363
2025-09-24,34063,2025092404003729,AKPL,Aryatara Investment & Securities,Creative Securities Pvt Ltd,1766,261.9,462515.4,2025-09-24 12:09:33.721023
2025-09-24,34062,2025092404003730,AKPL,Aryatara Investment & Securities,Opal Securities Investment (PVT) Ltd.,14,261.9,3666.6,2025-09-24 12:09:33.721354
2025-09-24,33974,2025092404003768,AKPL,Aryatara Investment & Securities,Trishakti Securities Public Limited,220,261.9,57618.0,2025-09-24 12:10:03.507978
2025-09-24,33843,2025092404003801,AKPL,Aryatara Investment & Securities,Trishakti Securities Public Limited,114,261.9,29856.6,2025-09-24 12:10:47.123560
2025-09-24,33592,2025092404003837,AKPL,Naasa Securities Co. Ltd.,Trishakti Securities Public Limited,116,261.9,30380.4,2025-09-24 12:12:03.902385
2025-09-24,33404,2025092404003873,AKPL,Aryatara Investment & Securities,South Asian Bulls Pvt. Ltd.,100,262.0,26200.0,2025-09-24 12:13:17.891596
2025-09-24,33403,2025092404003874,AKPL,Aryatara Investment & Securities,Vision Securities Pvt. Ltd,120,262.0,31440.0,2025-09-24 12:13:17.891796
2025-09-24,33150,2025092404003935,AKPL,Naasa Securities Co. Ltd.,Kohinoor Investment & Securities Pvt. Ltd.,34,261.9,8904.6,2025-09-24 12:14:34.511134
2025-09-24,33112,2025092404003949,AKPL,Dipshikha Dhitopatra Karobar Co. Pvt Ltd.,Dipshikha Dhitopatra Karobar Co. Pvt Ltd.,11,261.7,2878.7,2025-09-24 12:14:45.699458
2025-09-24,33111,2025092404003950,AKPL,Secured Securities Ltd.,Dipshikha Dhitopatra Karobar Co. Pvt Ltd.,500,261.5,130750.0,2025-09-24 12:14:45.699803
2025-09-24,33110,2025092404003951,AKPL,Dipshikha Dhitopatra Karobar Co. Pvt Ltd.,Dipshikha Dhitopatra Karobar Co. Pvt Ltd.,100,261.0,26100.0,2025-09-24 12:14:45.700010
2025-09-24,33109,2025092404003952,AKPL,Imperial Securities Company Pvt. Ltd.,Dipshikha Dhitopatra Karobar Co. Pvt Ltd.,350,261.0,91350.0,2025-09-24 12:14:45.700289
2025-09-24,32773,2025092404004031,AKPL,Opal Securities Investment (PVT) Ltd.,Dipshikha Dhitopatra Karobar Co. Pvt Ltd.,2000,260.3,520600.0,2025-09-24 12:16:15.098649
2025-09-24,32640,2025092404004059,AKPL,Linch Stock Market Ltd.,Ashutosh Brokerage & Securities (PVT) Ltd.,30,260.1,7803.0,2025-09-24 12:16:42.261366
2025-09-24,32639,2025092404004060,AKPL,Aryatara Investment & Securities,Ashutosh Brokerage & Securities (PVT) Ltd.,70,260.0,18200.0,2025-09-24 12:16:42.261550
2025-09-24,32622,2025092404004071,AKPL,Aryatara Investment & Securities,Dipshikha Dhitopatra Karobar Co. Pvt Ltd.,30,260.0,7800.0,2025-09-24 12:16:44.252238
2025-09-24,32621,2025092404004072,AKPL,South Asian Bulls Pvt. Ltd.,Dipshikha Dhitopatra Karobar Co. Pvt Ltd.,1009,260.0,262340.0,2025-09-24 12:16:44.252458
2025-09-24,32353,2025092404004140,AKPL,Bhrikuti Stock Broking Co. Pvt. Ltd.,Linch Stock Market Ltd.,500,260.0,130000.0,2025-09-24 12:17:37.389167
2025-09-24,32352,2025092404004141,AKPL,Dynamic Money Managers Securities Pvt. Ltd.,Linch Stock Market Ltd.,500,260.0,130000.0,2025-09-24 12:17:37.389508
2025-09-24,32297,2025092404004155,AKPL,Dynamic Money Managers Securities Pvt. Ltd.,Premier Securities Company Ltd.,90,260.0,23400.0,2025-09-24 12:17:50.883795
2025-09-24,32253,2025092404004169,AKPL,Dynamic Money Managers Securities Pvt. Ltd.,J.F. Securites (PVT) Ltd.,910,260.0,236600.0,2025-09-24 12:17:59.619219
2025-09-24,32252,2025092404004170,AKPL,Dynamic Money Managers Securities Pvt. Ltd.,J.F. Securites (PVT) Ltd.,90,260.0,23400.0,2025-09-24 12:17:59.619454
2025-09-24,32151,2025092404004214,AKPL,Dynamic Money Managers Securities Pvt. Ltd.,Trishakti Securities Public Limited,54,260.0,14040.0,2025-09-24 12:18:16.903870
2025-09-24,32111,2025092404004220,AKPL,Dynamic Money Managers Securities Pvt. Ltd.,Agrawal Securities (PVT) Ltd.,300,260.0,78000.0,2025-09-24 12:18:21.626347
2025-09-24,31818,2025092404004321,AKPL,Dynamic Money Managers Securities Pvt. Ltd.,Magnet Securities and Investment Company Private Limited,56,260.0,14560.0,2025-09-24 12:19:12.461298
2025-09-24,31817,2025092404004322,AKPL,Linch Stock Market Ltd.,Magnet Securities and Investment Company Private Limited,384,260.0,99840.0,2025-09-24 12:19:12.461507
2025-09-24,31520,2025092404004398,AKPL,Linch Stock Market Ltd.,Malla & Malla Stock Broking Company Pvt. Limited,400,260.0,104000.0,2025-09-24 12:20:24.136121
2025-09-24,31297,2025092404004440,AKPL,Linch Stock Market Ltd.,Linch Stock Market Ltd.,216,260.0,56160.0,2025-09-24 12:21:03.598965
2025-09-24,31296,2025092404004441,AKPL,Linch Stock Market Ltd.,Linch Stock Market Ltd.,784,260.0,203840.0,2025-09-24 12:21:03.599158
2025-09-24,31001,2025092404004523,AKPL,Linch Stock Market Ltd.,Dipshikha Dhitopatra Karobar Co. Pvt Ltd.,216,260.0,56160.0,2025-09-24 12:22:43.848823
2025-09-24,31000,2025092404004524,AKPL,Linch Stock Market Ltd.,Dipshikha Dhitopatra Karobar Co. Pvt Ltd.,684,260.0,177840.0,2025-09-24 12:22:43.849135
2025-09-24,30117,2025092404004742,AKPL,Oxford Securities Pvt. Ltd.,Property Wiard Limited,33,259.2,8553.6,2025-09-24 12:27:19.548372
2025-09-24,29707,2025092404004826,AKPL,Oxford Securities Pvt. Ltd.,Dipshikha Dhitopatra Karobar Co. Pvt Ltd.,67,259.2,17366.4,2025-09-24 12:29:24.526133
2025-09-24,29706,2025092404004827,AKPL,Opal Securities Investment (PVT) Ltd.,Dipshikha Dhitopatra Karobar Co. Pvt Ltd.,76,259.0,19684.0,2025-09-24 12:29:24.526490
2025-09-24,29705,2025092404004828,AKPL,Imperial Securities Company Pvt. Ltd.,Dipshikha Dhitopatra Karobar Co. Pvt Ltd.,957,259.0,247863.0,2025-09-24 12:29:24.526711
2025-09-24,28758,2025092404004996,AKPL,SUN SECURITIES PVT LTD,Sagarmatha Securities Private Limited,250,259.1,64775.0,2025-09-24 12:35:41.420526
2025-09-24,27587,2025092404005224,AKPL,SUN SECURITIES PVT LTD,Opal Securities Investment (PVT) Ltd.,200,259.1,51820.0,2025-09-24 12:42:56.277304
2025-09-24,27574,2025092404005228,AKPL,Naasa Securities Co. Ltd.,Sundhara Securities Limited,15,259.9,3898.5,2025-09-24 12:43:01.813032
2025-09-24,26968,2025092404005385,AKPL,Naasa Securities Co. Ltd.,Sundhara Securities Limited,100,259.9,25990.0,2025-09-24 12:45:44.297994
2025-09-24,26872,2025092404005394,AKPL,SUN SECURITIES PVT LTD,Market Securities & Exchange (PVT) Ltd.,50,259.1,12955.0,2025-09-24 12:46:21.324398
2025-09-24,26871,2025092404005395,AKPL,Imperial Securities Company Pvt. Ltd.,Market Securities & Exchange (PVT) Ltd.,43,259.0,11137.0,2025-09-24 12:46:21.324601
2025-09-24,26870,2025092404005396,AKPL,Sagarmatha Securities Private Limited,Market Securities & Exchange (PVT) Ltd.,1000,259.0,259000.0,2025-09-24 12:46:21.324691
2025-09-24,26869,2025092404005397,AKPL,Imperial Securities Company Pvt. Ltd.,Market Securities & Exchange (PVT) Ltd.,155,259.0,40145.0,2025-09-24 12:46:21.324768
2025-09-24,26868,2025092404005398,AKPL,Sri Hari Securities Pvt. Ltd.,Market Securities & Exchange (PVT) Ltd.,615,259.0,159285.0,2025-09-24 12:46:21.324842
2025-09-24,26133,2025092404005594,AKPL,Oxford Securities Pvt. Ltd.,Cristal Kanchanjanga Securites Pvt. Ltd.,200,258.2,51640.0,2025-09-24 12:49:52.648906
2025-09-24,26132,2025092404005595,AKPL,Citizens Share Broker Limited,Cristal Kanchanjanga Securites Pvt. Ltd.,50,258.2,12910.0,2025-09-24 12:49:52.649180
2025-09-24,26131,2025092404005596,AKPL,Imperial Securities Company Pvt. Ltd.,Cristal Kanchanjanga Securites Pvt. Ltd.,150,258.2,38730.0,2025-09-24 12:49:52.649262
2025-09-24,26130,2025092404005597,AKPL,Opal Securities Investment (PVT) Ltd.,Cristal Kanchanjanga Securites Pvt. Ltd.,1101,258.1,284168.1,2025-09-24 12:49:52.649372
2025-09-24,26047,2025092404005616,AKPL,Opal Securities Investment (PVT) Ltd.,Cristal Kanchanjanga Securites Pvt. Ltd.,399,258.1,102981.9,2025-09-24 12:50:27.748536
2025-09-24,26046,2025092404005617,AKPL,Secured Securities Ltd.,Cristal Kanchanjanga Securites Pvt. Ltd.,500,258.0,129000.0,2025-09-24 12:50:27.748761
2025-09-24,26045,2025092404005618,AKPL,Creative Securities Pvt Ltd,Cristal Kanchanjanga Securites Pvt. Ltd.,100,258.0,25800.0,2025-09-24 12:50:27.748846
2025-09-24,26044,2025092404005619,AKPL,Naasa Securities Co. Ltd.,Cristal Kanchanjanga Securites Pvt. Ltd.,13,258.0,3354.0,2025-09-24 12:50:27.748925
2025-09-24,26043,2025092404005620,AKPL,Deevyaa Securities & Stock House Pvt. Ltd,Cristal Kanchanjanga Securites Pvt. Ltd.,488,258.0,125904.0,2025-09-24 12:50:27.749011
2025-09-24,25575,2025092404005763,AKPL,Thrive Brokerage House Pvt. Ltd,Market Securities & Exchange (PVT) Ltd.,100,259.0,25900.0,2025-09-24 12:53:01.112867
2025-09-24,25403,2025092404005823,AKPL,Deevyaa Securities & Stock House Pvt. Ltd,Sewa Securities Pvt. Ltd.,12,258.0,3096.0,2025-09-24 12:54:05.730701
2025-09-24,25402,2025092404005824,AKPL,Asian Securities Private Ltd.,Sewa Securities Pvt. Ltd.,38,258.0,9804.0,2025-09-24 12:54:05.730927
2025-09-24,24915,2025092404005919,AKPL,Asian Securities Private Ltd.,Siprabi Securities Pvt. Ltd.,300,258.0,77400.0,2025-09-24 12:58:16.155590
2025-09-24,24881,2025092404005921,AKPL,Asian Securities Private Ltd.,Siprabi Securities Pvt. Ltd.,162,258.0,41796.0,2025-09-24 12:58:25.191808
2025-09-24,24880,2025092404005922,AKPL,Siprabi Securities Pvt. Ltd.,Siprabi Securities Pvt. Ltd.,38,258.0,9804.0,2025-09-24 12:58:25.191906
2025-09-24,24798,2025092404005938,AKPL,Siprabi Securities Pvt. Ltd.,Primo Securities (PVT) Ltd.,385,258.0,99330.0,2025-09-24 12:59:11.791793
2025-09-24,24797,2025092404005939,AKPL,Agrawal Securities (PVT) Ltd.,Primo Securities (PVT) Ltd.,50,258.0,12900.0,2025-09-24 12:59:11.792019
2025-09-24,24671,2025092404005973,AKPL,Naasa Securities Co. Ltd.,Sani Securities Company Ltd.,238,258.0,61404.0,2025-09-24 13:00:09.992293
2025-09-24,24670,2025092404005974,AKPL,Online Securities Pvt. Ltd.,Sani Securities Company Ltd.,30,258.0,7740.0,2025-09-24 13:00:09.992774
2025-09-24,24669,2025092404005975,AKPL,Sani Securities Company Ltd.,Sani Securities Company Ltd.,200,258.0,51600.0,2025-09-24 13:00:09.993007
2025-09-24,24668,2025092404005976,AKPL,Oxford Securities Pvt. Ltd.,Sani Securities Company Ltd.,25,258.0,6450.0,2025-09-24 13:00:09.993261
2025-09-24,24667,2025092404005977,AKPL,Naasa Securities Co. Ltd.,Sani Securities Company Ltd.,200,257.1,51420.0,2025-09-24 13:00:09.993516
2025-09-24,24666,2025092404005978,AKPL,Opal Securities Investment (PVT) Ltd.,Sani Securities Company Ltd.,3000,257.0,771000.0,2025-09-24 13:00:09.993781
2025-09-24,24665,2025092404005979,AKPL,Creative Securities Pvt Ltd,Sani Securities Company Ltd.,200,256.2,51240.0,2025-09-24 13:00:09.994043
2025-09-24,24664,2025092404005980,AKPL,Prabhu Stock Market Limited,Sani Securities Company Ltd.,128,256.1,32780.8,2025-09-24 13:00:09.994247
2025-09-24,24569,2025092404006003,AKPL,Prabhu Stock Market Limited,Primo Securities (PVT) Ltd.,372,256.1,95269.2,2025-09-24 13:00:56.760261
2025-09-24,24568,2025092404006004,AKPL,Aryatara Investment & Securities,Primo Securities (PVT) Ltd.,500,256.1,128050.0,2025-09-24 13:00:56.760510
2025-09-24,24567,2025092404006005,AKPL,Nagarik Stock Dealer ,Primo Securities (PVT) Ltd.,500,256.0,128000.0,2025-09-24 13:00:56.760594
2025-09-24,24566,2025092404006006,AKPL,Dipshikha Dhitopatra Karobar Co. Pvt Ltd.,Primo Securities (PVT) Ltd.,100,256.0,25600.0,2025-09-24 13:00:56.760691
2025-09-24,24565,2025092404006007,AKPL,Nagarik Stock Dealer ,Primo Securities (PVT) Ltd.,533,256.0,136448.0,2025-09-24 13:00:56.760763
2025-09-24,24331,2025092404006064,AKPL,Opal Securities Investment (PVT) Ltd.,Nepal Stock House (PVT) Ltd.,100,258.0,25800.0,2025-09-24 13:02:37.563340
2025-09-24,24330,2025092404006065,AKPL,Opal Securities Investment (PVT) Ltd.,Imperial Securities Company Pvt. Ltd.,500,258.8,129400.0,2025-09-24 13:02:37.563576
2025-09-24,24329,2025092404006066,AKPL,Opal Securities Investment (PVT) Ltd.,Market Securities & Exchange (PVT) Ltd.,37,259.0,9583.0,2025-09-24 13:02:37.563668
2025-09-24,24328,2025092404006067,AKPL,Opal Securities Investment (PVT) Ltd.,Cristal Kanchanjanga Securites Pvt. Ltd.,1500,259.0,388500.0,2025-09-24 13:02:37.563767
2025-09-24,24327,2025092404006068,AKPL,Opal Securities Investment (PVT) Ltd.,Cristal Kanchanjanga Securites Pvt. Ltd.,500,259.0,129500.0,2025-09-24 13:02:37.563884
2025-09-24,24326,2025092404006069,AKPL,Opal Securities Investment (PVT) Ltd.,Naasa Securities Co. Ltd.,50,259.0,12950.0,2025-09-24 13:02:37.563964
2025-09-24,24325,2025092404006070,AKPL,Opal Securities Investment (PVT) Ltd.,Arun Securities (PVT) Ltd.,496,259.0,128464.0,2025-09-24 13:02:37.564035
2025-09-24,24219,2025092404006084,AKPL,Opal Securities Investment (PVT) Ltd.,Sundhara Securities Limited,500,259.0,129500.0,2025-09-24 13:03:28.619266
2025-09-24,24188,2025092404006104,AKPL,Opal Securities Investment (PVT) Ltd.,Thrive Brokerage House Pvt. Ltd,185,259.0,47915.0,2025-09-24 13:03:41.009527
2025-09-24,23952,2025092404006161,AKPL,Imperial Securities Company Pvt. Ltd.,Asian Securities Private Ltd.,100,259.1,25910.0,2025-09-24 13:05:34.236683
2025-09-24,23951,2025092404006162,AKPL,Opal Securities Investment (PVT) Ltd.,Asian Securities Private Ltd.,350,259.0,90650.0,2025-09-24 13:05:34.237046
2025-09-24,23925,2025092404006168,AKPL,Opal Securities Investment (PVT) Ltd.,ABC Securities Private Limited,500,259.0,129500.0,2025-09-24 13:05:45.568390
2025-09-24,23021,2025092404006353,AKPL,Opal Securities Investment (PVT) Ltd.,Premier Securities Company Ltd.,12,259.0,3108.0,2025-09-24 13:13:09.331792
2025-09-24,22862,2025092404006403,AKPL,Opal Securities Investment (PVT) Ltd.,South Asian Bulls Pvt. Ltd.,270,259.0,69930.0,2025-09-24 13:14:07.122631
2025-09-24,22861,2025092404006404,AKPL,Oxford Securities Pvt. Ltd.,South Asian Bulls Pvt. Ltd.,20,259.0,5180.0,2025-09-24 13:14:07.122848
2025-09-24,22855,2025092404006407,AKPL,SUN SECURITIES PVT LTD,Agrawal Securities (PVT) Ltd.,25,256.1,6402.5,2025-09-24 13:14:14.852213
2025-09-24,22774,2025092404006418,AKPL,SUN SECURITIES PVT LTD,Online Securities Pvt. Ltd.,10,256.1,2561.0,2025-09-24 13:14:57.799751
2025-09-24,21692,2025092404006603,AKPL,Opal Securities Investment (PVT) Ltd.,SHUBHAKAMANA SECURITIES PVT. LTD,25,256.5,6412.5,2025-09-24 13:22:56.811495
2025-09-24,21365,2025092404006686,AKPL,Opal Securities Investment (PVT) Ltd.,SHUBHAKAMANA SECURITIES PVT. LTD,116,256.5,29754.0,2025-09-24 13:26:10.037631
2025-09-24,21164,2025092404006726,AKPL,Dipshikha Dhitopatra Karobar Co. Pvt Ltd.,Imperial Securities Company Pvt. Ltd.,50,259.7,12985.0,2025-09-24 13:27:47.590621
2025-09-24,20439,2025092404006871,AKPL,Opal Securities Investment (PVT) Ltd.,Arun Securities (PVT) Ltd.,15,258.0,3870.0,2025-09-24 13:35:02.885123
2025-09-24,20191,2025092404006935,AKPL,Naasa Securities Co. Ltd.,Arun Securities (PVT) Ltd.,80,258.0,20640.0,2025-09-24 13:37:33.774252
2025-09-24,20170,2025092404006937,AKPL,Dipshikha Dhitopatra Karobar Co. Pvt Ltd.,Arun Securities (PVT) Ltd.,100,258.0,25800.0,2025-09-24 13:37:41.372843
2025-09-24,19739,2025092404007055,AKPL,Vision Securities Pvt. Ltd,Naasa Securities Co. Ltd.,500,257.2,128600.0,2025-09-24 13:41:21.075118
2025-09-24,19738,2025092404007056,AKPL,Hatemalo Financial Services Private Limited,Naasa Securities Co. Ltd.,500,256.8,128400.0,2025-09-24 13:41:21.075367
2025-09-24,19737,2025092404007057,AKPL,SUN SECURITIES PVT LTD,Naasa Securities Co. Ltd.,465,256.7,119365.5,2025-09-24 13:41:21.075482
2025-09-24,19736,2025092404007058,AKPL,South Asian Bulls Pvt. Ltd.,Naasa Securities Co. Ltd.,35,256.6,8981.0,2025-09-24 13:41:21.075568
2025-09-24,19718,2025092404007060,AKPL,Naasa Securities Co. Ltd.,Arun Securities (PVT) Ltd.,51,258.0,13158.0,2025-09-24 13:41:27.859412
2025-09-24,19675,2025092404007068,AKPL,Sani Securities Company Ltd.,Arun Securities (PVT) Ltd.,10,258.0,2580.0,2025-09-24 13:41:37.828770
2025-09-24,17653,2025092404007491,AKPL,SUN SECURITIES PVT LTD,Premier Securities Company Ltd.,12,256.7,3080.4,2025-09-24 13:55:16.896418
2025-09-24,17428,2025092404007560,AKPL,SUN SECURITIES PVT LTD,Agrawal Securities (PVT) Ltd.,11,256.7,2823.7,2025-09-24 13:56:19.810181
2025-09-24,17308,2025092404007584,AKPL,Naasa Securities Co. Ltd.,South Asian Bulls Pvt. Ltd.,1,253.1,253.1,2025-09-24 13:56:47.872407
2025-09-24,17275,2025092404007596,AKPL,Naasa Securities Co. Ltd.,Linch Stock Market Ltd.,1,254.0,254.0,2025-09-24 13:56:55.142241
2025-09-24,17235,2025092404007598,AKPL,Naasa Securities Co. Ltd.,Aryatara Investment & Securities,2,256.0,512.0,2025-09-24 13:57:02.611122
2025-09-24,16923,2025092404007663,AKPL,SUN SECURITIES PVT LTD,Imperial Securities Company Pvt. Ltd.,277,256.7,71105.9,2025-09-24 13:58:41.633174
2025-09-24,16922,2025092404007664,AKPL,Oxford Securities Pvt. Ltd.,Imperial Securities Company Pvt. Ltd.,100,256.7,25670.0,2025-09-24 13:58:41.633568
2025-09-24,16921,2025092404007665,AKPL,Dakshinkali Investment & Securities Pvt. Ltd.,Imperial Securities Company Pvt. Ltd.,100,256.7,25670.0,2025-09-24 13:58:41.633836
2025-09-24,16850,2025092404007684,AKPL,South Asian Bulls Pvt. Ltd.,Naasa Securities Co. Ltd.,265,256.6,67999.0,2025-09-24 13:59:10.944634
2025-09-24,16849,2025092404007685,AKPL,Agrawal Securities (PVT) Ltd.,Naasa Securities Co. Ltd.,500,256.6,128300.0,2025-09-24 13:59:10.945157
2025-09-24,16793,2025092404007702,AKPL,Bhrikuti Stock Broking Co. Pvt. Ltd.,Naasa Securities Co. Ltd.,380,256.5,97470.0,2025-09-24 13:59:25.852540
2025-09-24,16792,2025092404007703,AKPL,Secured Securities Ltd.,Naasa Securities Co. Ltd.,150,256.5,38475.0,2025-09-24 13:59:25.852976
2025-09-24,16648,2025092404007727,AKPL,Kalika Securities Pvt. Ltd.,Imperial Securities Company Pvt. Ltd.,23,256.7,5904.1,2025-09-24 14:00:25.414630
2025-09-24,16622,2025092404007740,AKPL,Kalika Securities Pvt. Ltd.,Linch Stock Market Ltd.,388,256.7,99599.6,2025-09-24 14:00:41.161538
2025-09-24,16520,2025092404007762,AKPL,Sharepro Securities Private Limited,Linch Stock Market Ltd.,70,256.7,17969.0,2025-09-24 14:01:17.130552
2025-09-24,16221,2025092404007835,AKPL,Secured Securities Ltd.,Vision Securities Pvt. Ltd,100,257.0,25700.0,2025-09-24 14:02:48.064112
2025-09-24,16220,2025092404007836,AKPL,Opal Securities Investment (PVT) Ltd.,Vision Securities Pvt. Ltd,60,256.5,15390.0,2025-09-24 14:02:48.064559
2025-09-24,15839,2025092404007962,AKPL,Opal Securities Investment (PVT) Ltd.,Dipshikha Dhitopatra Karobar Co. Pvt Ltd.,800,256.5,205200.0,2025-09-24 14:04:18.196925
2025-09-24,15673,2025092404008003,AKPL,Opal Securities Investment (PVT) Ltd.,Online Securities Pvt. Ltd.,1840,256.5,471960.0,2025-09-24 14:05:08.274983
2025-09-24,15672,2025092404008004,AKPL,Secured Securities Ltd.,Online Securities Pvt. Ltd.,40,256.5,10260.0,2025-09-24 14:05:08.275235
2025-09-24,15671,2025092404008005,AKPL,SUN SECURITIES PVT LTD,Online Securities Pvt. Ltd.,400,256.2,102480.0,2025-09-24 14:05:08.275329
2025-09-24,15670,2025092404008006,AKPL,Sani Securities Company Ltd.,Online Securities Pvt. Ltd.,30,256.1,7683.0,2025-09-24 14:05:08.275418
2025-09-24,15669,2025092404008007,AKPL,Hatemalo Financial Services Private Limited,Online Securities Pvt. Ltd.,590,256.1,151099.0,2025-09-24 14:05:08.275503
2025-09-24,15529,2025092404008053,AKPL,Online Securities Pvt. Ltd.,Sundhara Securities Limited,100,258.0,25800.0,2025-09-24 14:05:53.601555
2025-09-24,15506,2025092404008061,AKPL,Hatemalo Financial Services Private Limited,Kalika Securities Pvt. Ltd.,680,256.1,174148.0,2025-09-24 14:06:01.049810
2025-09-24,15437,2025092404008084,AKPL,Hatemalo Financial Services Private Limited,Market Securities & Exchange (PVT) Ltd.,301,256.1,77086.1,2025-09-24 14:06:15.914972
2025-09-24,15106,2025092404008150,AKPL,Hatemalo Financial Services Private Limited,Online Securities Pvt. Ltd.,200,256.1,51220.0,2025-09-24 14:08:32.718735
2025-09-24,12376,2025092404008805,AKPL,Naasa Securities Co. Ltd.,Naasa Securities Co. Ltd.,5,256.5,1282.5,2025-09-24 14:20:06.878630
2025-09-24,12310,2025092404008836,AKPL,Naasa Securities Co. Ltd.,Linch Stock Market Ltd.,3,256.7,770.1,2025-09-24 14:20:18.471769
2025-09-24,12257,2025092404008840,AKPL,Naasa Securities Co. Ltd.,Thrive Brokerage House Pvt. Ltd,4,257.0,1028.0,2025-09-24 14:20:32.779964
2025-09-24,12076,2025092404008874,AKPL,Ashutosh Brokerage & Securities (PVT) Ltd.,Nabil Stock Dealer Ltd.,150,256.5,38475.0,2025-09-24 14:21:20.090148
2025-09-24,10758,2025092404009129,AKPL,Ashutosh Brokerage & Securities (PVT) Ltd.,South Asian Bulls Pvt. Ltd.,120,256.5,30780.0,2025-09-24 14:26:38.556449
2025-09-24,10714,2025092404009137,AKPL,Creative Securities Pvt Ltd,APPLE SECURITIES PRIVATE LIMITED,600,256.2,153720.0,2025-09-24 14:26:51.329085
2025-09-24,10436,2025092404009180,AKPL,Creative Securities Pvt Ltd,Premier Securities Company Ltd.,200,257.0,51400.0,2025-09-24 14:28:44.945081
2025-09-24,10435,2025092404009181,AKPL,Creative Securities Pvt Ltd,Oxford Securities Pvt. Ltd.,1500,257.0,385500.0,2025-09-24 14:28:44.945541
2025-09-24,10302,2025092404009206,AKPL,Opal Securities Investment (PVT) Ltd.,Dipshikha Dhitopatra Karobar Co. Pvt Ltd.,1500,257.5,386250.0,2025-09-24 14:29:17.432150
2025-09-24,10301,2025092404009207,AKPL,Opal Securities Investment (PVT) Ltd.,Dipshikha Dhitopatra Karobar Co. Pvt Ltd.,1500,257.6,386400.0,2025-09-24 14:29:17.432587
2025-09-24,9890,2025092404009295,AKPL,Naasa Securities Co. Ltd.,Dipshikha Dhitopatra Karobar Co. Pvt Ltd.,10,257.3,2573.0,2025-09-24 14:31:11.223284
2025-09-24,9889,2025092404009296,AKPL,Naasa Securities Co. Ltd.,Dipshikha Dhitopatra Karobar Co. Pvt Ltd.,10,257.2,2572.0,2025-09-24 14:31:11.223778
2025-09-24,9888,2025092404009297,AKPL,Naasa Securities Co. Ltd.,Dipshikha Dhitopatra Karobar Co. Pvt Ltd.,10,257.1,2571.0,2025-09-24 14:31:11.224124
2025-09-24,9887,2025092404009298,AKPL,Creative Securities Pvt Ltd,Dipshikha Dhitopatra Karobar Co. Pvt Ltd.,170,257.0,43690.0,2025-09-24 14:31:11.224410
2025-09-24,9345,2025092404009422,AKPL,Creative Securities Pvt Ltd,Global IME Securities Limited,950,257.0,244150.0,2025-09-24 14:35:40.255423
2025-09-24,8617,2025092404009611,AKPL,Naasa Securities Co. Ltd.,Vision Securities Pvt. Ltd,10,257.6,2576.0,2025-09-24 14:40:54.351111
2025-09-24,8481,2025092404009648,AKPL,Naasa Securities Co. Ltd.,Bhrikuti Stock Broking Co. Pvt. Ltd.,10,257.6,2576.0,2025-09-24 14:41:25.518855
2025-09-24,8480,2025092404009649,AKPL,Naasa Securities Co. Ltd.,Bhrikuti Stock Broking Co. Pvt. Ltd.,10,257.5,2575.0,2025-09-24 14:41:25.518943
2025-09-24,8479,2025092404009650,AKPL,Naasa Securities Co. Ltd.,Bhrikuti Stock Broking Co. Pvt. Ltd.,10,257.4,2574.0,2025-09-24 14:41:25.519019
2025-09-24,8478,2025092404009651,AKPL,Naasa Securities Co. Ltd.,Bhrikuti Stock Broking Co. Pvt. Ltd.,10,257.3,2573.0,2025-09-24 14:41:25.519095
2025-09-24,8477,2025092404009652,AKPL,Naasa Securities Co. Ltd.,Bhrikuti Stock Broking Co. Pvt. Ltd.,10,257.2,2572.0,2025-09-24 14:41:25.519160
2025-09-24,8476,2025092404009653,AKPL,Naasa Securities Co. Ltd.,Bhrikuti Stock Broking Co. Pvt. Ltd.,10,257.1,2571.0,2025-09-24 14:41:25.519225
2025-09-24,8385,2025092404009692,AKPL,Imperial Securities Company Pvt. Ltd.,Vision Securities Pvt. Ltd,36,257.1,9255.6,2025-09-24 14:41:45.768340
2025-09-24,8277,2025092404009712,AKPL,Trishakti Securities Public Limited,Bhrikuti Stock Broking Co. Pvt. Ltd.,10,257.2,2572.0,2025-09-24 14:42:09.714164
2025-09-24,8264,2025092404009716,AKPL,Trishakti Securities Public Limited,Deevyaa Securities & Stock House Pvt. Ltd,20,257.2,5144.0,2025-09-24 14:42:11.953093
2025-09-24,8263,2025092404009717,AKPL,Imperial Securities Company Pvt. Ltd.,Deevyaa Securities & Stock House Pvt. Ltd,64,257.1,16454.4,2025-09-24 14:42:11.953362
2025-09-24,8262,2025092404009718,AKPL,Creative Securities Pvt Ltd,Deevyaa Securities & Stock House Pvt. Ltd,1241,257.0,318937.0,2025-09-24 14:42:11.953485
2025-09-24,8156,2025092404009747,AKPL,Creative Securities Pvt Ltd,Vision Securities Pvt. Ltd,339,257.0,87123.0,2025-09-24 14:42:40.111039
2025-09-24,8155,2025092404009748,AKPL,Sundhara Securities Limited,Vision Securities Pvt. Ltd,111,257.0,28527.0,2025-09-24 14:42:40.111278
2025-09-24,7558,2025092404009909,AKPL,Kalika Securities Pvt. Ltd.,Capital Max Securities Ltd,20,257.0,5140.0,2025-09-24 14:45:06.351459
2025-09-24,7557,2025092404009910,AKPL,Opal Securities Investment (PVT) Ltd.,Capital Max Securities Ltd,10,256.3,2563.0,2025-09-24 14:45:06.351546
2025-09-24,6587,2025092404010192,AKPL,Naasa Securities Co. Ltd.,Investment Management Nepal Pvt. Ltd.,10,257.2,2572.0,2025-09-24 14:48:19.880778
2025-09-24,6586,2025092404010193,AKPL,Malla & Malla Stock Broking Company Pvt. Limited,Investment Management Nepal Pvt. Ltd.,100,257.1,25710.0,2025-09-24 14:48:19.881234
2025-09-24,6585,2025092404010194,AKPL,Opal Securities Investment (PVT) Ltd.,Investment Management Nepal Pvt. Ltd.,40,256.3,10252.0,2025-09-24 14:48:19.881542
2025-09-24,6304,2025092404010280,AKPL,Global IME Securities Limited,Indira securities pvt. ltd,700,256.4,179480.0,2025-09-24 14:49:06.951218
2025-09-24,6303,2025092404010281,AKPL,Opal Securities Investment (PVT) Ltd.,Indira securities pvt. ltd,1300,256.4,333320.0,2025-09-24 14:49:06.951707
2025-09-24,6173,2025092404010297,AKPL,Opal Securities Investment (PVT) Ltd.,Online Securities Pvt. Ltd.,1200,256.4,307680.0,2025-09-24 14:49:22.315334
2025-09-24,6172,2025092404010298,AKPL,Opal Securities Investment (PVT) Ltd.,Online Securities Pvt. Ltd.,380,256.3,97394.0,2025-09-24 14:49:22.315584
2025-09-24,5826,2025092404010401,AKPL,Linch Stock Market Ltd.,Secured Securities Ltd.,22,256.4,5640.8,2025-09-24 14:50:11.202270
2025-09-24,5511,2025092404010466,AKPL,Midas Stock Broking Company Private Limited,Secured Securities Ltd.,100,256.4,25640.0,2025-09-24 14:50:59.774148
2025-09-24,5428,2025092404010492,AKPL,Naasa Securities Co. Ltd.,Secured Securities Ltd.,10,256.4,2564.0,2025-09-24 14:51:07.767584
2025-09-24,5346,2025092404010504,AKPL,Siprabi Securities Pvt. Ltd.,Secured Securities Ltd.,18,256.4,4615.2,2025-09-24 14:51:16.419373
2025-09-24,4594,2025092404010639,AKPL,Siprabi Securities Pvt. Ltd.,Vision Securities Pvt. Ltd,100,257.0,25700.0,2025-09-24 14:52:50.838834
2025-09-24,4593,2025092404010640,AKPL,Siprabi Securities Pvt. Ltd.,Dipshikha Dhitopatra Karobar Co. Pvt Ltd.,382,257.0,98174.0,2025-09-24 14:52:50.839157
2025-09-24,3690,2025092404010910,AKPL,Naasa Securities Co. Ltd.,Linch Stock Market Ltd.,10,256.9,2569.0,2025-09-24 14:54:58.228299
2025-09-24,3689,2025092404010911,AKPL,Naasa Securities Co. Ltd.,Linch Stock Market Ltd.,10,256.8,2568.0,2025-09-24 14:54:58.228407
2025-09-24,3688,2025092404010912,AKPL,Naasa Securities Co. Ltd.,Linch Stock Market Ltd.,10,256.7,2567.0,2025-09-24 14:54:58.228454
2025-09-24,3687,2025092404010913,AKPL,Naasa Securities Co. Ltd.,Linch Stock Market Ltd.,10,256.6,2566.0,2025-09-24 14:54:58.228482
2025-09-24,3594,2025092404010925,AKPL,Imperial Securities Company Pvt. Ltd.,Dipshikha Dhitopatra Karobar Co. Pvt Ltd.,25,257.0,6425.0,2025-09-24 14:55:14.466081
2025-09-24,3180,2025092404011035,AKPL,Naasa Securities Co. Ltd.,Aryatara Investment & Securities,10,256.9,2569.0,2025-09-24 14:56:06.721836
2025-09-24,3105,2025092404011051,AKPL,Naasa Securities Co. Ltd.,Aryatara Investment & Securities,10,256.9,2569.0,2025-09-24 14:56:19.314593
2025-09-24,3061,2025092404011061,AKPL,Naasa Securities Co. Ltd.,Linch Stock Market Ltd.,10,256.8,2568.0,2025-09-24 14:56:25.779390
2025-09-24,3060,2025092404011062,AKPL,Naasa Securities Co. Ltd.,Linch Stock Market Ltd.,10,256.7,2567.0,2025-09-24 14:56:25.779489
2025-09-24,3059,2025092404011063,AKPL,Naasa Securities Co. Ltd.,Linch Stock Market Ltd.,10,256.6,2566.0,2025-09-24 14:56:25.779565
2025-09-24,3058,2025092404011064,AKPL,Naasa Securities Co. Ltd.,Linch Stock Market Ltd.,10,256.5,2565.0,2025-09-24 14:56:25.779639
2025-09-24,2936,2025092404011093,AKPL,Aryatara Investment & Securities,Linch Stock Market Ltd.,500,256.4,128200.0,2025-09-24 14:56:47.936916
2025-09-24,2730,2025092404011147,AKPL,Nagarik Stock Dealer ,Sundhara Securities Limited,219,256.5,56173.5,2025-09-24 14:57:12.872480
2025-09-24,2556,2025092404011219,AKPL,Nagarik Stock Dealer ,Linch Stock Market Ltd.,248,256.5,63612.0,2025-09-24 14:57:31.431630
2025-09-24,2555,2025092404011220,AKPL,Opal Securities Investment (PVT) Ltd.,Linch Stock Market Ltd.,192,256.3,49209.6,2025-09-24 14:57:31.431682
2025-09-24,2553,2025092404011221,AKPL,Naasa Securities Co. Ltd.,Aryatara Investment & Securities,10,256.9,2569.0,2025-09-24 14:57:31.693130
2025-09-24,2181,2025092404011320,AKPL,Dynamic Money Managers Securities Pvt. Ltd.,Aryatara Investment & Securities,15,256.9,3853.5,2025-09-24 14:58:07.976143
2025-09-24,2131,2025092404011340,AKPL,Naasa Securities Co. Ltd.,Naasa Securities Co. Ltd.,40,256.6,10264.0,2025-09-24 14:58:13.768726
2025-09-24,2130,2025092404011341,AKPL,Dipshikha Dhitopatra Karobar Co. Pvt Ltd.,Naasa Securities Co. Ltd.,100,256.5,25650.0,2025-09-24 14:58:13.768983
2025-09-24,2129,2025092404011342,AKPL,Opal Securities Investment (PVT) Ltd.,Naasa Securities Co. Ltd.,335,256.3,85860.5,2025-09-24 14:58:13.769080
2025-09-24,2047,2025092404011371,AKPL,Opal Securities Investment (PVT) Ltd.,Naasa Securities Co. Ltd.,1543,256.3,395470.9,2025-09-24 14:58:21.226999
2025-09-24,2046,2025092404011372,AKPL,Kohinoor Investment & Securities Pvt. Ltd.,Naasa Securities Co. Ltd.,12,256.3,3075.6,2025-09-24 14:58:21.227222
2025-09-24,2045,2025092404011373,AKPL,SUN SECURITIES PVT LTD,Naasa Securities Co. Ltd.,300,256.3,76890.0,2025-09-24 14:58:21.227326
2025-09-24,2044,2025092404011374,AKPL,Aryatara Investment & Securities,Naasa Securities Co. Ltd.,145,256.3,37163.5,2025-09-24 14:58:21.227419
2025-09-24,1765,2025092404011452,AKPL,Cristal Kanchanjanga Securites Pvt. Ltd.,Kalika Securities Pvt. Ltd.,110,256.4,28204.0,2025-09-24 14:58:46.000014
2025-09-24,1713,2025092404011473,AKPL,Cristal Kanchanjanga Securites Pvt. Ltd.,Naasa Securities Co. Ltd.,240,256.4,61536.0,2025-09-24 14:58:49.956336
2025-09-24,1712,2025092404011474,AKPL,Aryatara Investment & Securities,Naasa Securities Co. Ltd.,641,256.3,164288.3,2025-09-24 14:58:49.956393
2025-09-24,1711,2025092404011475,AKPL,Trishakti Securities Public Limited,Naasa Securities Co. Ltd.,400,256.0,102400.0,2025-09-24 14:58:49.956424
2025-09-24,1710,2025092404011476,AKPL,Imperial Securities Company Pvt. Ltd.,Naasa Securities Co. Ltd.,73,256.0,18688.0,2025-09-24 14:58:49.956453
2025-09-24,1709,2025092404011477,AKPL,Siprabi Securities Pvt. Ltd.,Naasa Securities Co. Ltd.,100,256.0,25600.0,2025-09-24 14:58:49.956477
2025-09-24,1708,2025092404011478,AKPL,Naasa Securities Co. Ltd.,Naasa Securities Co. Ltd.,144,256.0,36864.0,2025-09-24 14:58:49.956513
2025-09-24,1458,2025092404011537,AKPL,Capital Max Securities Ltd,Kohinoor Investment & Securities Pvt. Ltd.,10,256.8,2568.0,2025-09-24 14:59:12.441054
2025-09-24,1344,2025092404011573,AKPL,Naasa Securities Co. Ltd.,South Asian Bulls Pvt. Ltd.,10,256.2,2562.0,2025-09-24 14:59:19.695438
2025-09-24,932,2025092404011666,AKPL,Naasa Securities Co. Ltd.,South Asian Bulls Pvt. Ltd.,10,256.3,2563.0,2025-09-24 14:59:34.778918
2025-09-24,684,2025092404011737,AKPL,Naasa Securities Co. Ltd.,Kohinoor Investment & Securities Pvt. Ltd.,10,256.4,2564.0,2025-09-24 14:59:44.972119
2025-09-24,683,2025092404011738,AKPL,Naasa Securities Co. Ltd.,Kohinoor Investment & Securities Pvt. Ltd.,10,256.2,2562.0,2025-09-24 14:59:44.972359
