Date,S.N.,Contract ID,Symbol,Buyer Broker,Seller Broker,quantity,rate,amount,transaction_time
2025-09-24,47779,2025092403000010,GRDBL,Sweta Securities Private Limited,Hatemalo Financial Services Private Limited,10,1151.0,11510.0,2025-09-24 11:00:10.711138
2025-09-24,47759,2025092403000014,GRDBL,Kohinoor Investment & Securities Pvt. Ltd.,Vision Securities Pvt. Ltd,76,1173.0,89148.0,2025-09-24 11:00:20.615885
2025-09-24,47758,2025092403000015,GRDBL,Kohinoor Investment & Securities Pvt. Ltd.,Vision Securities Pvt. Ltd,94,1173.0,110262.0,2025-09-24 11:00:20.615952
2025-09-24,47751,2025092403000018,GRDBL,Sweta Securities Private Limited,Hatemalo Financial Services Private Limited,10,1151.0,11510.0,2025-09-24 11:00:28.757970
2025-09-24,47506,2025092403000073,GRDBL,Imperial Securities Company Pvt. Ltd.,Hatemalo Financial Services Private Limited,10,1142.2,11422.0,2025-09-24 11:01:51.002657
2025-09-24,46902,2025092403000192,GRDBL,Imperial Securities Company Pvt. Ltd.,Linch Stock Market Ltd.,90,1165.0,104850.0,2025-09-24 11:05:37.841232
2025-09-24,46880,2025092403000193,GRDBL,Opal Securities Investment (PVT) Ltd.,Hatemalo Financial Services Private Limited,10,1145.5,11455.0,2025-09-24 11:05:40.751302
2025-09-24,46778,2025092403000211,GRDBL,Linch Stock Market Ltd.,Imperial Securities Company Pvt. Ltd.,20,1165.0,23300.0,2025-09-24 11:06:00.934004
2025-09-24,46777,2025092403000212,GRDBL,Linch Stock Market Ltd.,Investment Management Nepal Pvt. Ltd.,60,1173.0,70380.0,2025-09-24 11:06:00.934078
2025-09-24,46758,2025092403000215,GRDBL,Market Securities & Exchange (PVT) Ltd.,Hatemalo Financial Services Private Limited,10,1145.4,11454.0,2025-09-24 11:06:04.823946
2025-09-24,46701,2025092403000219,GRDBL,Linch Stock Market Ltd.,Vision Securities Pvt. Ltd,10,1188.0,11880.0,2025-09-24 11:06:18.054215
2025-09-24,46684,2025092403000222,GRDBL,Market Securities & Exchange (PVT) Ltd.,Hatemalo Financial Services Private Limited,10,1145.4,11454.0,2025-09-24 11:06:21.884087
2025-09-24,45903,2025092403000373,GRDBL,Market Securities & Exchange (PVT) Ltd.,Thrive Brokerage House Pvt. Ltd,10,1148.1,11481.0,2025-09-24 11:09:50.472392
2025-09-24,44924,2025092403000527,GRDBL,Nagarik Stock Dealer ,Thrive Brokerage House Pvt. Ltd,10,1171.0,11710.0,2025-09-24 11:14:51.777053
2025-09-24,44923,2025092403000528,GRDBL,Nagarik Stock Dealer ,Trisul Securities & Invt. Ltd.,380,1171.0,444980.0,2025-09-24 11:14:51.777110
2025-09-24,44915,2025092403000529,GRDBL,Sumeru Securities Pvt. Ltd.,Hatemalo Financial Services Private Limited,10,1156.0,11560.0,2025-09-24 11:14:54.395600
2025-09-24,44260,2025092403000623,GRDBL,Nagarik Stock Dealer ,Secured Securities Ltd.,20,1179.0,23580.0,2025-09-24 11:17:15.191903
2025-09-24,44259,2025092403000624,GRDBL,Nagarik Stock Dealer ,Trisul Securities & Invt. Ltd.,500,1179.0,589500.0,2025-09-24 11:17:15.192052
2025-09-24,44243,2025092403000626,GRDBL,Aryatara Investment & Securities,Hatemalo Financial Services Private Limited,10,1163.0,11630.0,2025-09-24 11:17:18.784775
2025-09-24,44071,2025092403000652,GRDBL,Imperial Securities Company Pvt. Ltd.,Hatemalo Financial Services Private Limited,10,1165.0,11650.0,2025-09-24 11:18:03.914237
2025-09-24,44070,2025092403000653,GRDBL,Aryatara Investment & Securities,Hatemalo Financial Services Private Limited,10,1163.0,11630.0,2025-09-24 11:18:03.914333
2025-09-24,44035,2025092403000658,GRDBL,Nagarik Stock Dealer ,Naasa Securities Co. Ltd.,115,1180.0,135700.0,2025-09-24 11:18:14.353313
2025-09-24,44034,2025092403000659,GRDBL,Nagarik Stock Dealer ,Thrive Brokerage House Pvt. Ltd,10,1186.0,11860.0,2025-09-24 11:18:14.353379
2025-09-24,44033,2025092403000660,GRDBL,Nagarik Stock Dealer ,Trisul Securities & Invt. Ltd.,575,1186.0,681950.0,2025-09-24 11:18:14.353411
2025-09-24,44006,2025092403000664,GRDBL,Aryatara Investment & Securities,Hatemalo Financial Services Private Limited,10,1163.0,11630.0,2025-09-24 11:18:17.952620
2025-09-24,43848,2025092403000685,GRDBL,Bhrikuti Stock Broking Co. Pvt. Ltd.,Hatemalo Financial Services Private Limited,10,1179.1,11791.0,2025-09-24 11:19:03.068089
2025-09-24,43847,2025092403000686,GRDBL,Nagarik Stock Dealer ,Hatemalo Financial Services Private Limited,10,1164.0,11640.0,2025-09-24 11:19:03.068128
2025-09-24,43301,2025092403000786,GRDBL,Sweta Securities Private Limited,Vision Securities Pvt. Ltd,10,1164.0,11640.0,2025-09-24 11:21:26.257523
2025-09-24,43089,2025092403000836,GRDBL,Nagarik Stock Dealer ,Vision Securities Pvt. Ltd,338,1164.0,393432.0,2025-09-24 11:22:13.634081
2025-09-24,43088,2025092403000837,GRDBL,Aryatara Investment & Securities,Vision Securities Pvt. Ltd,400,1163.0,465200.0,2025-09-24 11:22:13.634119
2025-09-24,43087,2025092403000838,GRDBL,Sumeru Securities Pvt. Ltd.,Vision Securities Pvt. Ltd,10,1161.0,11610.0,2025-09-24 11:22:13.634142
2025-09-24,43086,2025092403000839,GRDBL,Kohinoor Investment & Securities Pvt. Ltd.,Vision Securities Pvt. Ltd,40,1160.0,46400.0,2025-09-24 11:22:13.634170
2025-09-24,43085,2025092403000840,GRDBL,Shree Krishna Securities Ltd.,Vision Securities Pvt. Ltd,50,1155.0,57750.0,2025-09-24 11:22:13.634203
2025-09-24,43084,2025092403000841,GRDBL,Market Securities & Exchange (PVT) Ltd.,Vision Securities Pvt. Ltd,20,1152.1,23042.0,2025-09-24 11:22:13.634230
2025-09-24,43083,2025092403000842,GRDBL,Cristal Kanchanjanga Securites Pvt. Ltd.,Vision Securities Pvt. Ltd,32,1150.1,36803.2,2025-09-24 11:22:13.634254
2025-09-24,42396,2025092403000943,GRDBL,Investment Management Nepal Pvt. Ltd.,Naasa Securities Co. Ltd.,10,1160.0,11600.0,2025-09-24 11:25:17.526492
2025-09-24,42384,2025092403000946,GRDBL,Agrawal Securities (PVT) Ltd.,Hatemalo Financial Services Private Limited,10,1155.0,11550.0,2025-09-24 11:25:20.525815
2025-09-24,42367,2025092403000949,GRDBL,Nagarik Stock Dealer ,Hatemalo Financial Services Private Limited,10,1150.3,11503.0,2025-09-24 11:25:26.545143
2025-09-24,42024,2025092403000995,GRDBL,Nagarik Stock Dealer ,Naasa Securities Co. Ltd.,25,1158.0,28950.0,2025-09-24 11:27:27.812087
2025-09-24,42016,2025092403000997,GRDBL,Opal Securities Investment (PVT) Ltd.,Hatemalo Financial Services Private Limited,10,1150.5,11505.0,2025-09-24 11:27:31.882568
2025-09-24,41735,2025092403001040,GRDBL,Market Securities & Exchange (PVT) Ltd.,Online Securities Pvt. Ltd.,50,1158.0,57900.0,2025-09-24 11:28:55.918230
2025-09-24,41695,2025092403001045,GRDBL,Naasa Securities Co. Ltd.,Hatemalo Financial Services Private Limited,10,1150.6,11506.0,2025-09-24 11:29:05.955598
2025-09-24,41637,2025092403001055,GRDBL,Kohinoor Investment & Securities Pvt. Ltd.,Secured Securities Ltd.,10,1151.0,11510.0,2025-09-24 11:29:31.851424
2025-09-24,41636,2025092403001056,GRDBL,Naasa Securities Co. Ltd.,Secured Securities Ltd.,10,1150.6,11506.0,2025-09-24 11:29:31.851497
2025-09-24,41361,2025092403001084,GRDBL,Malla & Malla Stock Broking Company Pvt. Limited,Hatemalo Financial Services Private Limited,10,1151.0,11510.0,2025-09-24 11:31:13.279957
2025-09-24,40413,2025092403001217,GRDBL,Sweta Securities Private Limited,Naasa Securities Co. Ltd.,9,1151.1,10359.9,2025-09-24 11:35:19.373240
2025-09-24,40229,2025092403001262,GRDBL,Aryatara Investment & Securities,Imperial Securities Company Pvt. Ltd.,10,1159.0,11590.0,2025-09-24 11:36:20.234044
2025-09-24,40228,2025092403001263,GRDBL,Aryatara Investment & Securities,Deevyaa Securities & Stock House Pvt. Ltd,110,1170.0,128700.0,2025-09-24 11:36:20.234320
2025-09-24,40227,2025092403001264,GRDBL,Aryatara Investment & Securities,Naasa Securities Co. Ltd.,20,1170.0,23400.0,2025-09-24 11:36:20.234439
2025-09-24,40226,2025092403001265,GRDBL,Aryatara Investment & Securities,Imperial Securities Company Pvt. Ltd.,10,1170.0,11700.0,2025-09-24 11:36:20.234547
2025-09-24,40225,2025092403001266,GRDBL,Aryatara Investment & Securities,Sweta Securities Private Limited,250,1173.0,293250.0,2025-09-24 11:36:20.234654
2025-09-24,40219,2025092403001267,GRDBL,Thrive Brokerage House Pvt. Ltd,Hatemalo Financial Services Private Limited,10,1155.1,11551.0,2025-09-24 11:36:22.093078
2025-09-24,40163,2025092403001271,GRDBL,Aryatara Investment & Securities,Sweta Securities Private Limited,250,1173.0,293250.0,2025-09-24 11:36:40.313079
2025-09-24,40162,2025092403001272,GRDBL,Aryatara Investment & Securities,ABC Securities Private Limited,100,1174.0,117400.0,2025-09-24 11:36:40.313157
2025-09-24,40161,2025092403001273,GRDBL,Aryatara Investment & Securities,ABC Securities Private Limited,10,1174.0,11740.0,2025-09-24 11:36:40.313218
2025-09-24,40160,2025092403001274,GRDBL,Aryatara Investment & Securities,Sweta Securities Private Limited,40,1174.0,46960.0,2025-09-24 11:36:40.313253
2025-09-24,40152,2025092403001276,GRDBL,Imperial Securities Company Pvt. Ltd.,Hatemalo Financial Services Private Limited,10,1155.0,11550.0,2025-09-24 11:36:42.149014
2025-09-24,38554,2025092403001487,GRDBL,Aryatara Investment & Securities,Trisul Securities & Invt. Ltd.,425,1160.0,493000.0,2025-09-24 11:44:03.343497
2025-09-24,38173,2025092403001552,GRDBL,Aryatara Investment & Securities,Prabhu Stock Market Limited,240,1160.0,278400.0,2025-09-24 11:46:40.573132
2025-09-24,38160,2025092403001554,GRDBL,Dipshikha Dhitopatra Karobar Co. Pvt Ltd.,Hatemalo Financial Services Private Limited,10,1155.2,11552.0,2025-09-24 11:46:45.708299
2025-09-24,38035,2025092403001563,GRDBL,Online Securities Pvt. Ltd.,Hatemalo Financial Services Private Limited,20,1155.0,23100.0,2025-09-24 11:47:41.882977
2025-09-24,38034,2025092403001564,GRDBL,Aryatara Investment & Securities,Hatemalo Financial Services Private Limited,10,1151.0,11510.0,2025-09-24 11:47:41.883089
2025-09-24,37729,2025092403001599,GRDBL,Sweta Securities Private Limited,Imperial Securities Company Pvt. Ltd.,25,1168.9,29222.5,2025-09-24 11:50:06.171237
2025-09-24,37719,2025092403001600,GRDBL,Market Securities & Exchange (PVT) Ltd.,Hatemalo Financial Services Private Limited,10,1152.0,11520.0,2025-09-24 11:50:11.243139
2025-09-24,37707,2025092403001603,GRDBL,Market Securities & Exchange (PVT) Ltd.,Dipshikha Dhitopatra Karobar Co. Pvt Ltd.,35,1152.0,40320.0,2025-09-24 11:50:17.676345
2025-09-24,37412,2025092403001638,GRDBL,Linch Stock Market Ltd.,Naasa Securities Co. Ltd.,20,1155.0,23100.0,2025-09-24 11:52:05.216869
2025-09-24,37231,2025092403001662,GRDBL,Linch Stock Market Ltd.,Sipla Securities Private Limited,10,1155.0,11550.0,2025-09-24 11:52:56.563179
2025-09-24,37174,2025092403001669,GRDBL,Linch Stock Market Ltd.,Prabhu Stock Market Limited,170,1155.0,196350.0,2025-09-24 11:53:14.655550
2025-09-24,37173,2025092403001670,GRDBL,N.I.M.B. Stock Markets Limited,Prabhu Stock Market Limited,90,1155.0,103950.0,2025-09-24 11:53:14.655677
2025-09-24,37089,2025092403001683,GRDBL,Kohinoor Investment & Securities Pvt. Ltd.,Hatemalo Financial Services Private Limited,10,1151.5,11515.0,2025-09-24 11:53:41.796877
2025-09-24,36750,2025092403001717,GRDBL,Online Securities Pvt. Ltd.,Dipshikha Dhitopatra Karobar Co. Pvt Ltd.,10,1153.0,11530.0,2025-09-24 11:55:44.159781
2025-09-24,35377,2025092403001896,GRDBL,N.I.M.B. Stock Markets Limited,Naasa Securities Co. Ltd.,100,1153.1,115310.0,2025-09-24 12:03:05.217874
2025-09-24,35376,2025092403001897,GRDBL,Online Securities Pvt. Ltd.,Naasa Securities Co. Ltd.,100,1153.1,115310.0,2025-09-24 12:03:05.217973
2025-09-24,35375,2025092403001898,GRDBL,Online Securities Pvt. Ltd.,Naasa Securities Co. Ltd.,230,1153.0,265190.0,2025-09-24 12:03:05.218013
2025-09-24,33098,2025092403002236,GRDBL,Naasa Securities Co. Ltd.,Sipla Securities Private Limited,10,1154.0,11540.0,2025-09-24 12:14:47.255274
2025-09-24,32980,2025092403002247,GRDBL,Magnet Securities and Investment Company Private Limited,Sipla Securities Private Limited,10,1154.1,11541.0,2025-09-24 12:15:14.316072
2025-09-24,32782,2025092403002275,GRDBL,Magnet Securities and Investment Company Private Limited,Sipla Securities Private Limited,10,1154.1,11541.0,2025-09-24 12:16:11.449035
2025-09-24,32578,2025092403002303,GRDBL,Magnet Securities and Investment Company Private Limited,Sipla Securities Private Limited,10,1154.1,11541.0,2025-09-24 12:16:52.578664
2025-09-24,32152,2025092403002401,GRDBL,Magnet Securities and Investment Company Private Limited,Sweta Securities Private Limited,50,1154.1,57705.0,2025-09-24 12:18:16.161548
2025-09-24,31659,2025092403002524,GRDBL,Magnet Securities and Investment Company Private Limited,Dynamic Money Managers Securities Pvt. Ltd.,20,1154.1,23082.0,2025-09-24 12:19:49.897002
2025-09-24,31624,2025092403002537,GRDBL,Aryatara Investment & Securities,Naasa Securities Co. Ltd.,20,1153.2,23064.0,2025-09-24 12:19:59.054505
2025-09-24,31623,2025092403002538,GRDBL,N.I.M.B. Stock Markets Limited,Naasa Securities Co. Ltd.,50,1153.2,57660.0,2025-09-24 12:19:59.054606
2025-09-24,31622,2025092403002539,GRDBL,Online Securities Pvt. Ltd.,Naasa Securities Co. Ltd.,60,1153.0,69180.0,2025-09-24 12:19:59.054648
2025-09-24,31621,2025092403002540,GRDBL,Online Securities Pvt. Ltd.,Naasa Securities Co. Ltd.,120,1153.0,138360.0,2025-09-24 12:19:59.054682
2025-09-24,31548,2025092403002564,GRDBL,Online Securities Pvt. Ltd.,Sweta Securities Private Limited,80,1153.0,92240.0,2025-09-24 12:20:16.780898
2025-09-24,31547,2025092403002565,GRDBL,Agrawal Securities (PVT) Ltd.,Sweta Securities Private Limited,20,1153.0,23060.0,2025-09-24 12:20:16.780978
2025-09-24,31540,2025092403002569,GRDBL,Imperial Securities Company Pvt. Ltd.,Naasa Securities Co. Ltd.,10,1152.0,11520.0,2025-09-24 12:20:17.377927
2025-09-24,31539,2025092403002570,GRDBL,Thrive Brokerage House Pvt. Ltd,Naasa Securities Co. Ltd.,415,1152.0,478080.0,2025-09-24 12:20:17.378062
2025-09-24,31421,2025092403002594,GRDBL,Thrive Brokerage House Pvt. Ltd,ABC Securities Private Limited,80,1152.0,92160.0,2025-09-24 12:20:41.371579
2025-09-24,30964,2025092403002655,GRDBL,Kohinoor Investment & Securities Pvt. Ltd.,Naasa Securities Co. Ltd.,10,1151.5,11515.0,2025-09-24 12:22:54.596665
2025-09-24,30939,2025092403002659,GRDBL,Naasa Securities Co. Ltd.,Sweta Securities Private Limited,30,1150.0,34500.0,2025-09-24 12:23:02.395874
2025-09-24,30938,2025092403002660,GRDBL,Sewa Securities Pvt. Ltd.,Sweta Securities Private Limited,50,1150.0,57500.0,2025-09-24 12:23:02.395918
2025-09-24,30844,2025092403002672,GRDBL,Imperial Securities Company Pvt. Ltd.,Imperial Securities Company Pvt. Ltd.,10,1148.0,11480.0,2025-09-24 12:23:32.213845
2025-09-24,30843,2025092403002673,GRDBL,Naasa Securities Co. Ltd.,Imperial Securities Company Pvt. Ltd.,87,1148.0,99876.0,2025-09-24 12:23:32.214018
2025-09-24,30699,2025092403002687,GRDBL,Nagarik Stock Dealer ,Naasa Securities Co. Ltd.,22,1146.0,25212.0,2025-09-24 12:24:10.990100
2025-09-24,30681,2025092403002695,GRDBL,Nagarik Stock Dealer ,Naasa Securities Co. Ltd.,78,1146.0,89388.0,2025-09-24 12:24:15.252172
2025-09-24,30680,2025092403002696,GRDBL,ABC Securities Private Limited,Naasa Securities Co. Ltd.,172,1144.0,196768.0,2025-09-24 12:24:15.252331
2025-09-24,30565,2025092403002713,GRDBL,ABC Securities Private Limited,Dipshikha Dhitopatra Karobar Co. Pvt Ltd.,130,1144.0,148720.0,2025-09-24 12:25:01.635038
2025-09-24,30399,2025092403002734,GRDBL,ABC Securities Private Limited,Dynamic Money Managers Securities Pvt. Ltd.,59,1144.0,67496.0,2025-09-24 12:25:43.109972
2025-09-24,30350,2025092403002741,GRDBL,ABC Securities Private Limited,SHUBHAKAMANA SECURITIES PVT. LTD,639,1144.0,731016.0,2025-09-24 12:26:02.262593
2025-09-24,30349,2025092403002742,GRDBL,Imperial Securities Company Pvt. Ltd.,SHUBHAKAMANA SECURITIES PVT. LTD,190,1142.2,217018.0,2025-09-24 12:26:02.262740
2025-09-24,30348,2025092403002743,GRDBL,Primo Securities (PVT) Ltd.,SHUBHAKAMANA SECURITIES PVT. LTD,30,1141.0,34230.0,2025-09-24 12:26:02.262782
2025-09-24,30347,2025092403002744,GRDBL,Imperial Securities Company Pvt. Ltd.,SHUBHAKAMANA SECURITIES PVT. LTD,10,1140.0,11400.0,2025-09-24 12:26:02.262814
2025-09-24,30246,2025092403002773,GRDBL,Thrive Brokerage House Pvt. Ltd,Hatemalo Financial Services Private Limited,10,1139.8,11398.0,2025-09-24 12:26:40.216324
2025-09-24,30245,2025092403002774,GRDBL,Cristal Kanchanjanga Securites Pvt. Ltd.,Hatemalo Financial Services Private Limited,10,1132.0,11320.0,2025-09-24 12:26:40.216367
2025-09-24,30149,2025092403002797,GRDBL,Cristal Kanchanjanga Securites Pvt. Ltd.,Naasa Securities Co. Ltd.,15,1132.0,16980.0,2025-09-24 12:27:10.499761
2025-09-24,30148,2025092403002798,GRDBL,Sani Securities Company Ltd.,Naasa Securities Co. Ltd.,85,1131.9,96211.5,2025-09-24 12:27:10.499871
2025-09-24,30052,2025092403002809,GRDBL,Sani Securities Company Ltd.,Naasa Securities Co. Ltd.,15,1131.9,16978.5,2025-09-24 12:27:36.859887
2025-09-24,30051,2025092403002810,GRDBL,Investment Management Nepal Pvt. Ltd.,Naasa Securities Co. Ltd.,185,1131.9,209401.5,2025-09-24 12:27:36.860001
2025-09-24,30050,2025092403002811,GRDBL,Sani Securities Company Ltd.,Investment Management Nepal Pvt. Ltd.,35,1139.8,39893.0,2025-09-24 12:27:37.059584
2025-09-24,29817,2025092403002849,GRDBL,Investment Management Nepal Pvt. Ltd.,SHUBHAKAMANA SECURITIES PVT. LTD,15,1131.9,16978.5,2025-09-24 12:28:41.682891
2025-09-24,29816,2025092403002850,GRDBL,SHUBHAKAMANA SECURITIES PVT. LTD,SHUBHAKAMANA SECURITIES PVT. LTD,116,1130.0,131080.0,2025-09-24 12:28:41.683124
2025-09-24,29789,2025092403002856,GRDBL,SHUBHAKAMANA SECURITIES PVT. LTD,Naasa Securities Co. Ltd.,140,1130.0,158200.0,2025-09-24 12:28:50.274015
2025-09-24,29711,2025092403002887,GRDBL,SHUBHAKAMANA SECURITIES PVT. LTD,Dakshinkali Investment & Securities Pvt. Ltd.,20,1130.0,22600.0,2025-09-24 12:29:23.303267
2025-09-24,28948,2025092403003021,GRDBL,ABC Securities Private Limited,Investment Management Nepal Pvt. Ltd.,80,1138.8,91104.0,2025-09-24 12:34:34.324113
2025-09-24,28923,2025092403003024,GRDBL,Trisul Securities & Invt. Ltd.,Hatemalo Financial Services Private Limited,10,1130.2,11302.0,2025-09-24 12:34:50.547808
2025-09-24,27644,2025092403003241,GRDBL,Malla & Malla Stock Broking Company Pvt. Limited,Imperial Securities Company Pvt. Ltd.,10,1130.6,11306.0,2025-09-24 12:42:40.004009
2025-09-24,27164,2025092403003305,GRDBL,Malla & Malla Stock Broking Company Pvt. Limited,Naasa Securities Co. Ltd.,10,1131.5,11315.0,2025-09-24 12:44:37.689290
2025-09-24,27071,2025092403003329,GRDBL,Malla & Malla Stock Broking Company Pvt. Limited,Naasa Securities Co. Ltd.,30,1131.5,33945.0,2025-09-24 12:45:08.553384
2025-09-24,26627,2025092403003394,GRDBL,Market Securities & Exchange (PVT) Ltd.,Naasa Securities Co. Ltd.,5,1152.0,5760.0,2025-09-24 12:47:35.976242
2025-09-24,25789,2025092403003555,GRDBL,Imperial Securities Company Pvt. Ltd.,Secured Securities Ltd.,10,1132.5,11325.0,2025-09-24 12:51:36.118399
2025-09-24,25788,2025092403003556,GRDBL,Stoxkarts Securities Limited,Secured Securities Ltd.,50,1132.0,56600.0,2025-09-24 12:51:36.118496
2025-09-24,25770,2025092403003562,GRDBL,Malla & Malla Stock Broking Company Pvt. Limited,Secured Securities Ltd.,182,1132.0,206024.0,2025-09-24 12:51:44.859046
2025-09-24,25715,2025092403003579,GRDBL,Online Securities Pvt. Ltd.,Secured Securities Ltd.,20,1132.0,22640.0,2025-09-24 12:51:59.731012
2025-09-24,25558,2025092403003607,GRDBL,Malla & Malla Stock Broking Company Pvt. Limited,Secured Securities Ltd.,200,1132.0,226400.0,2025-09-24 12:53:09.115943
2025-09-24,25353,2025092403003639,GRDBL,N.I.M.B. Stock Markets Limited,Investment Management Nepal Pvt. Ltd.,19,1130.6,21481.4,2025-09-24 12:54:27.736655
2025-09-24,25273,2025092403003650,GRDBL,Malla & Malla Stock Broking Company Pvt. Limited,Secured Securities Ltd.,500,1132.0,566000.0,2025-09-24 12:55:04.470858
2025-09-24,25067,2025092403003701,GRDBL,Malla & Malla Stock Broking Company Pvt. Limited,Secured Securities Ltd.,29,1132.0,32828.0,2025-09-24 12:56:54.814257
2025-09-24,24993,2025092403003715,GRDBL,Shree Krishna Securities Ltd.,Imperial Securities Company Pvt. Ltd.,11,1137.0,12507.0,2025-09-24 12:57:32.548830
2025-09-24,23826,2025092403003932,GRDBL,Primo Securities (PVT) Ltd.,Hatemalo Financial Services Private Limited,10,1131.0,11310.0,2025-09-24 13:06:28.009354
2025-09-24,23612,2025092403003970,GRDBL,Online Securities Pvt. Ltd.,Online Securities Pvt. Ltd.,595,1134.9,675265.5,2025-09-24 13:08:22.166899
2025-09-24,23604,2025092403003972,GRDBL,Primo Securities (PVT) Ltd.,Capital Max Securities Ltd,10,1131.0,11310.0,2025-09-24 13:08:23.978498
2025-09-24,23603,2025092403003973,GRDBL,Kohinoor Investment & Securities Pvt. Ltd.,Capital Max Securities Ltd,30,1130.5,33915.0,2025-09-24 13:08:23.978626
2025-09-24,23602,2025092403003974,GRDBL,N.I.M.B. Stock Markets Limited,Capital Max Securities Ltd,12,1130.5,13566.0,2025-09-24 13:08:23.978670
2025-09-24,22983,2025092403004076,GRDBL,Thrive Brokerage House Pvt. Ltd,Online Securities Pvt. Ltd.,10,1134.9,11349.0,2025-09-24 13:13:23.845784
2025-09-24,21625,2025092403004280,GRDBL,Ashutosh Brokerage & Securities (PVT) Ltd.,Global IME Securities Limited,26,1131.2,29411.2,2025-09-24 13:23:38.221250
2025-09-24,21624,2025092403004281,GRDBL,Aryatara Investment & Securities,Global IME Securities Limited,10,1131.1,11311.0,2025-09-24 13:23:38.221539
2025-09-24,21623,2025092403004282,GRDBL,Imperial Securities Company Pvt. Ltd.,Global IME Securities Limited,10,1131.0,11310.0,2025-09-24 13:23:38.221667
2025-09-24,21622,2025092403004283,GRDBL,Dakshinkali Investment & Securities Pvt. Ltd.,Global IME Securities Limited,100,1130.4,113040.0,2025-09-24 13:23:38.221785
2025-09-24,21621,2025092403004284,GRDBL,Nepal Stock House (PVT) Ltd.,Global IME Securities Limited,20,1130.2,22604.0,2025-09-24 13:23:38.221904
2025-09-24,21620,2025092403004285,GRDBL,N.I.M.B. Stock Markets Limited,Global IME Securities Limited,20,1130.1,22602.0,2025-09-24 13:23:38.222045
2025-09-24,21619,2025092403004286,GRDBL,SHUBHAKAMANA SECURITIES PVT. LTD,Global IME Securities Limited,24,1130.0,27120.0,2025-09-24 13:23:38.222224
2025-09-24,21618,2025092403004287,GRDBL,Imperial Securities Company Pvt. Ltd.,Global IME Securities Limited,10,1130.0,11300.0,2025-09-24 13:23:38.222339
2025-09-24,21466,2025092403004302,GRDBL,Naasa Securities Co. Ltd.,Bhrikuti Stock Broking Co. Pvt. Ltd.,20,1128.0,22560.0,2025-09-24 13:25:16.890735
2025-09-24,21395,2025092403004306,GRDBL,Naasa Securities Co. Ltd.,Hatemalo Financial Services Private Limited,10,1128.0,11280.0,2025-09-24 13:25:42.970234
2025-09-24,21393,2025092403004307,GRDBL,Naasa Securities Co. Ltd.,Capital Max Securities Ltd,20,1128.0,22560.0,2025-09-24 13:25:45.736531
2025-09-24,21392,2025092403004308,GRDBL,N.I.M.B. Stock Markets Limited,Capital Max Securities Ltd,20,1128.0,22560.0,2025-09-24 13:25:45.736754
2025-09-24,21380,2025092403004309,GRDBL,Nepal Stock House (PVT) Ltd.,Capital Max Securities Ltd,10,1128.0,11280.0,2025-09-24 13:25:52.316849
2025-09-24,21330,2025092403004310,GRDBL,Thrive Brokerage House Pvt. Ltd,Capital Max Securities Ltd,10,1125.2,11252.0,2025-09-24 13:26:25.857320
2025-09-24,21329,2025092403004311,GRDBL,Linch Stock Market Ltd.,Capital Max Securities Ltd,10,1125.2,11252.0,2025-09-24 13:26:25.857509
2025-09-24,21328,2025092403004312,GRDBL,Imperial Securities Company Pvt. Ltd.,Capital Max Securities Ltd,20,1125.0,22500.0,2025-09-24 13:26:25.857623
2025-09-24,21305,2025092403004316,GRDBL,Imperial Securities Company Pvt. Ltd.,Hatemalo Financial Services Private Limited,10,1120.2,11202.0,2025-09-24 13:26:35.979742
2025-09-24,21297,2025092403004317,GRDBL,Imperial Securities Company Pvt. Ltd.,Capital Max Securities Ltd,190,1120.2,212838.0,2025-09-24 13:26:40.905472
2025-09-24,21296,2025092403004318,GRDBL,N.I.M.B. Stock Markets Limited,Capital Max Securities Ltd,20,1120.2,22404.0,2025-09-24 13:26:40.905655
2025-09-24,21295,2025092403004319,GRDBL,Kohinoor Investment & Securities Pvt. Ltd.,Capital Max Securities Ltd,400,1120.0,448000.0,2025-09-24 13:26:40.905783
2025-09-24,20993,2025092403004351,GRDBL,Nepal Stock House (PVT) Ltd.,Hatemalo Financial Services Private Limited,10,1119.5,11195.0,2025-09-24 13:29:07.347862
2025-09-24,20662,2025092403004402,GRDBL,N.I.M.B. Stock Markets Limited,Trisul Securities & Invt. Ltd.,1,1130.6,1130.6,2025-09-24 13:32:45.819350
2025-09-24,20547,2025092403004414,GRDBL,Nepal Stock House (PVT) Ltd.,Creative Securities Pvt Ltd,10,1119.5,11195.0,2025-09-24 13:33:56.089450
2025-09-24,20546,2025092403004415,GRDBL,N.I.M.B. Stock Markets Limited,Creative Securities Pvt Ltd,20,1119.5,22390.0,2025-09-24 13:33:56.089556
2025-09-24,20421,2025092403004435,GRDBL,Agrawal Securities (PVT) Ltd.,Linch Stock Market Ltd.,50,1119.4,55970.0,2025-09-24 13:35:10.276218
2025-09-24,20365,2025092403004440,GRDBL,Kohinoor Investment & Securities Pvt. Ltd.,Hatemalo Financial Services Private Limited,10,1113.0,11130.0,2025-09-24 13:35:38.319366
2025-09-24,20360,2025092403004441,GRDBL,Sumeru Securities Pvt. Ltd.,Hatemalo Financial Services Private Limited,10,1110.1,11101.0,2025-09-24 13:35:42.333937
2025-09-24,20073,2025092403004467,GRDBL,Malla & Malla Stock Broking Company Pvt. Limited,Naasa Securities Co. Ltd.,84,1115.0,93660.0,2025-09-24 13:38:20.261365
2025-09-24,19816,2025092403004507,GRDBL,N.I.M.B. Stock Markets Limited,Dipshikha Dhitopatra Karobar Co. Pvt Ltd.,100,1119.0,111900.0,2025-09-24 13:40:56.560975
2025-09-24,19815,2025092403004508,GRDBL,N.I.M.B. Stock Markets Limited,Dipshikha Dhitopatra Karobar Co. Pvt Ltd.,10,1119.0,11190.0,2025-09-24 13:40:56.561078
2025-09-24,19664,2025092403004530,GRDBL,Naasa Securities Co. Ltd.,Hatemalo Financial Services Private Limited,10,1112.0,11120.0,2025-09-24 13:41:43.314106
2025-09-24,19637,2025092403004536,GRDBL,Malla & Malla Stock Broking Company Pvt. Limited,Sweta Securities Private Limited,16,1112.1,17793.6,2025-09-24 13:41:53.467368
2025-09-24,19636,2025092403004537,GRDBL,Naasa Securities Co. Ltd.,Sweta Securities Private Limited,10,1112.0,11120.0,2025-09-24 13:41:53.467428
2025-09-24,19635,2025092403004538,GRDBL,Nepal Stock House (PVT) Ltd.,Sweta Securities Private Limited,10,1111.5,11115.0,2025-09-24 13:41:53.467458
2025-09-24,19634,2025092403004539,GRDBL,Sumeru Securities Pvt. Ltd.,Sweta Securities Private Limited,190,1111.4,211166.0,2025-09-24 13:41:53.467483
2025-09-24,19633,2025092403004540,GRDBL,N.I.M.B. Stock Markets Limited,Sweta Securities Private Limited,20,1111.4,22228.0,2025-09-24 13:41:53.467509
2025-09-24,19632,2025092403004541,GRDBL,Linch Stock Market Ltd.,Sweta Securities Private Limited,90,1111.1,99999.0,2025-09-24 13:41:53.467537
2025-09-24,19631,2025092403004542,GRDBL,Imperial Securities Company Pvt. Ltd.,Sweta Securities Private Limited,10,1111.0,11110.0,2025-09-24 13:41:53.467600
2025-09-24,19630,2025092403004543,GRDBL,Naasa Securities Co. Ltd.,Sweta Securities Private Limited,10,1110.0,11100.0,2025-09-24 13:41:53.467644
2025-09-24,19629,2025092403004544,GRDBL,Naasa Securities Co. Ltd.,Sweta Securities Private Limited,10,1110.0,11100.0,2025-09-24 13:41:53.467672
2025-09-24,19628,2025092403004545,GRDBL,Bhrikuti Stock Broking Co. Pvt. Ltd.,Sweta Securities Private Limited,100,1110.0,111000.0,2025-09-24 13:41:53.467696
2025-09-24,19627,2025092403004546,GRDBL,Naasa Securities Co. Ltd.,Sweta Securities Private Limited,170,1110.0,188700.0,2025-09-24 13:41:53.467724
2025-09-24,19626,2025092403004547,GRDBL,Linch Stock Market Ltd.,Sweta Securities Private Limited,10,1110.0,11100.0,2025-09-24 13:41:53.467751
2025-09-24,19625,2025092403004548,GRDBL,Nepal Stock House (PVT) Ltd.,Sweta Securities Private Limited,300,1109.0,332700.0,2025-09-24 13:41:53.467777
2025-09-24,19624,2025092403004549,GRDBL,Stoxkarts Securities Limited,Sweta Securities Private Limited,50,1108.0,55400.0,2025-09-24 13:41:53.467801
2025-09-24,18426,2025092403004729,GRDBL,Midas Stock Broking Company Private Limited,Creative Securities Pvt Ltd,70,1119.5,78365.0,2025-09-24 13:51:44.678682
2025-09-24,18121,2025092403004753,GRDBL,Market Securities & Exchange (PVT) Ltd.,Hatemalo Financial Services Private Limited,10,1115.2,11152.0,2025-09-24 13:52:39.928898
2025-09-24,17922,2025092403004765,GRDBL,Midas Stock Broking Company Private Limited,Global IME Securities Limited,100,1130.0,113000.0,2025-09-24 13:53:42.190138
2025-09-24,17880,2025092403004770,GRDBL,Midas Stock Broking Company Private Limited,Global IME Securities Limited,100,1130.0,113000.0,2025-09-24 13:53:59.253868
2025-09-24,17813,2025092403004779,GRDBL,Malla & Malla Stock Broking Company Pvt. Limited,Hatemalo Financial Services Private Limited,10,1115.3,11153.0,2025-09-24 13:54:17.174905
2025-09-24,17651,2025092403004793,GRDBL,Midas Stock Broking Company Private Limited,Global IME Securities Limited,20,1130.0,22600.0,2025-09-24 13:55:17.584525
2025-09-24,17650,2025092403004794,GRDBL,Midas Stock Broking Company Private Limited,Nepal Stock House (PVT) Ltd.,30,1130.0,33900.0,2025-09-24 13:55:17.584685
2025-09-24,17323,2025092403004860,GRDBL,Midas Stock Broking Company Private Limited,Nepal Stock House (PVT) Ltd.,40,1130.0,45200.0,2025-09-24 13:56:43.952625
2025-09-24,17066,2025092403004909,GRDBL,Market Securities & Exchange (PVT) Ltd.,Hatemalo Financial Services Private Limited,10,1115.6,11156.0,2025-09-24 13:58:04.797234
2025-09-24,16543,2025092403004979,GRDBL,Market Securities & Exchange (PVT) Ltd.,Sweta Securities Private Limited,40,1116.1,44644.0,2025-09-24 14:01:11.649143
2025-09-24,16542,2025092403004980,GRDBL,Sweta Securities Private Limited,Sweta Securities Private Limited,10,1116.0,11160.0,2025-09-24 14:01:11.649299
2025-09-24,16541,2025092403004981,GRDBL,Naasa Securities Co. Ltd.,Sweta Securities Private Limited,50,1116.0,55800.0,2025-09-24 14:01:11.649345
2025-09-24,16540,2025092403004982,GRDBL,Malla & Malla Stock Broking Company Pvt. Limited,Sweta Securities Private Limited,90,1115.5,100395.0,2025-09-24 14:01:11.649417
2025-09-24,16539,2025092403004983,GRDBL,Market Securities & Exchange (PVT) Ltd.,Sweta Securities Private Limited,40,1115.4,44616.0,2025-09-24 14:01:11.649487
2025-09-24,16538,2025092403004984,GRDBL,Sweta Securities Private Limited,Sweta Securities Private Limited,20,1115.2,22304.0,2025-09-24 14:01:11.649528
2025-09-24,14990,2025092403005249,GRDBL,Aakashbhairab Securities Ltd.,Sweta Securities Private Limited,100,1110.4,111040.0,2025-09-24 14:09:13.859799
2025-09-24,14989,2025092403005250,GRDBL,Sweta Securities Private Limited,Sweta Securities Private Limited,10,1110.4,11104.0,2025-09-24 14:09:13.860103
2025-09-24,14988,2025092403005251,GRDBL,Online Securities Pvt. Ltd.,Sweta Securities Private Limited,15,1110.1,16651.5,2025-09-24 14:09:13.860244
2025-09-24,14987,2025092403005252,GRDBL,Imperial Securities Company Pvt. Ltd.,Sweta Securities Private Limited,75,1110.1,83257.5,2025-09-24 14:09:13.860374
2025-09-24,14320,2025092403005410,GRDBL,N.I.M.B. Stock Markets Limited,Shree Krishna Securities Ltd.,70,1110.0,77700.0,2025-09-24 14:13:01.972050
2025-09-24,13928,2025092403005469,GRDBL,N.I.M.B. Stock Markets Limited,Naasa Securities Co. Ltd.,30,1110.0,33300.0,2025-09-24 14:15:00.467491
2025-09-24,13927,2025092403005470,GRDBL,Imperial Securities Company Pvt. Ltd.,Naasa Securities Co. Ltd.,17,1110.0,18870.0,2025-09-24 14:15:00.467708
2025-09-24,12817,2025092403005686,GRDBL,N.I.M.B. Stock Markets Limited,J.F. Securites (PVT) Ltd.,100,1108.0,110800.0,2025-09-24 14:18:46.583983
2025-09-24,12816,2025092403005687,GRDBL,Aryatara Investment & Securities,J.F. Securites (PVT) Ltd.,11,1101.0,12111.0,2025-09-24 14:18:46.584110
2025-09-24,12815,2025092403005688,GRDBL,Naasa Securities Co. Ltd.,J.F. Securites (PVT) Ltd.,10,1100.0,11000.0,2025-09-24 14:18:46.584206
2025-09-24,12814,2025092403005689,GRDBL,Naasa Securities Co. Ltd.,J.F. Securites (PVT) Ltd.,20,1100.0,22000.0,2025-09-24 14:18:46.584264
2025-09-24,12813,2025092403005690,GRDBL,N.I.M.B. Stock Markets Limited,J.F. Securites (PVT) Ltd.,100,1100.0,110000.0,2025-09-24 14:18:46.584327
2025-09-24,12812,2025092403005691,GRDBL,Linch Stock Market Ltd.,J.F. Securites (PVT) Ltd.,36,1100.0,39600.0,2025-09-24 14:18:46.584386
2025-09-24,12811,2025092403005692,GRDBL,Online Securities Pvt. Ltd.,J.F. Securites (PVT) Ltd.,15,1100.0,16500.0,2025-09-24 14:18:46.584451
2025-09-24,12810,2025092403005693,GRDBL,Market Securities & Exchange (PVT) Ltd.,J.F. Securites (PVT) Ltd.,300,1100.0,330000.0,2025-09-24 14:18:46.584514
2025-09-24,12809,2025092403005694,GRDBL,Naasa Securities Co. Ltd.,J.F. Securites (PVT) Ltd.,50,1100.0,55000.0,2025-09-24 14:18:46.584576
2025-09-24,12808,2025092403005695,GRDBL,Naasa Securities Co. Ltd.,J.F. Securites (PVT) Ltd.,10,1100.0,11000.0,2025-09-24 14:18:46.584640
2025-09-24,12807,2025092403005696,GRDBL,Dakshinkali Investment & Securities Pvt. Ltd.,J.F. Securites (PVT) Ltd.,100,1099.0,109900.0,2025-09-24 14:18:46.584708
2025-09-24,12806,2025092403005697,GRDBL,N.I.M.B. Stock Markets Limited,J.F. Securites (PVT) Ltd.,100,1099.0,109900.0,2025-09-24 14:18:46.584769
2025-09-24,12805,2025092403005698,GRDBL,Naasa Securities Co. Ltd.,J.F. Securites (PVT) Ltd.,20,1098.0,21960.0,2025-09-24 14:18:46.584829
2025-09-24,12804,2025092403005699,GRDBL,Naasa Securities Co. Ltd.,J.F. Securites (PVT) Ltd.,50,1098.0,54900.0,2025-09-24 14:18:46.584888
2025-09-24,12803,2025092403005700,GRDBL,Stoxkarts Securities Limited,J.F. Securites (PVT) Ltd.,50,1097.2,54860.0,2025-09-24 14:18:46.584949
2025-09-24,12802,2025092403005701,GRDBL,Dynamic Money Managers Securities Pvt. Ltd.,J.F. Securites (PVT) Ltd.,28,1095.0,30660.0,2025-09-24 14:18:46.585013
2025-09-24,10416,2025092403006123,GRDBL,Shree Krishna Securities Ltd.,Linch Stock Market Ltd.,10,1113.0,11130.0,2025-09-24 14:28:50.434581
2025-09-24,9115,2025092403006294,GRDBL,Imperial Securities Company Pvt. Ltd.,Sri Hari Securities Pvt. Ltd.,60,1114.0,66840.0,2025-09-24 14:37:34.191897
2025-09-24,8028,2025092403006460,GRDBL,Sweta Securities Private Limited,Oxford Securities Pvt. Ltd.,15,1113.0,16695.0,2025-09-24 14:43:17.146937
2025-09-24,7930,2025092403006467,GRDBL,Sweta Securities Private Limited,Online Securities Pvt. Ltd.,10,1113.9,11139.0,2025-09-24 14:43:36.227163
2025-09-24,7862,2025092403006477,GRDBL,Sweta Securities Private Limited,Sri Hari Securities Pvt. Ltd.,40,1114.0,44560.0,2025-09-24 14:43:48.294549
2025-09-24,7650,2025092403006559,GRDBL,Malla & Malla Stock Broking Company Pvt. Limited,Naasa Securities Co. Ltd.,50,1115.0,55750.0,2025-09-24 14:44:38.443595
2025-09-24,7620,2025092403006565,GRDBL,Market Securities & Exchange (PVT) Ltd.,Naasa Securities Co. Ltd.,50,1115.0,55750.0,2025-09-24 14:44:50.620661
2025-09-24,7610,2025092403006566,GRDBL,Sweta Securities Private Limited,Naasa Securities Co. Ltd.,31,1115.0,34565.0,2025-09-24 14:44:53.686888
2025-09-24,7605,2025092403006568,GRDBL,Nagarik Stock Dealer ,Naasa Securities Co. Ltd.,869,1115.0,968935.0,2025-09-24 14:44:54.485427
2025-09-24,7604,2025092403006569,GRDBL,Nagarik Stock Dealer ,Sani Securities Company Ltd.,50,1115.0,55750.0,2025-09-24 14:44:54.485677
2025-09-24,7603,2025092403006570,GRDBL,Nagarik Stock Dealer ,N.I.M.B. Stock Markets Limited,10,1115.0,11150.0,2025-09-24 14:44:54.485867
2025-09-24,7176,2025092403006619,GRDBL,Shree Krishna Securities Ltd.,Sri Hari Securities Pvt. Ltd.,10,1127.0,11270.0,2025-09-24 14:46:26.422136
2025-09-24,5690,2025092403006889,GRDBL,Malla & Malla Stock Broking Company Pvt. Limited,Agrawal Securities (PVT) Ltd.,15,1126.0,16890.0,2025-09-24 14:50:36.946957
2025-09-24,5689,2025092403006890,GRDBL,Malla & Malla Stock Broking Company Pvt. Limited,Sundhara Securities Limited,85,1126.9,95786.5,2025-09-24 14:50:36.947078
2025-09-24,5572,2025092403006938,GRDBL,Nagarik Stock Dealer ,Global IME Securities Limited,413,1122.0,463386.0,2025-09-24 14:50:51.907863
2025-09-24,4407,2025092403007109,GRDBL,Kohinoor Investment & Securities Pvt. Ltd.,Trishakti Securities Public Limited,50,1117.0,55850.0,2025-09-24 14:53:07.372510
2025-09-24,4356,2025092403007110,GRDBL,Kohinoor Investment & Securities Pvt. Ltd.,Sagarmatha Securities Private Limited,50,1117.0,55850.0,2025-09-24 14:53:12.492004
2025-09-24,4093,2025092403007138,GRDBL,Naasa Securities Co. Ltd.,Oxford Securities Pvt. Ltd.,16,1114.1,17825.6,2025-09-24 14:53:56.583485
2025-09-24,3685,2025092403007230,GRDBL,Naasa Securities Co. Ltd.,Global IME Securities Limited,34,1114.1,37879.4,2025-09-24 14:54:58.565859
2025-09-24,3684,2025092403007231,GRDBL,Imperial Securities Company Pvt. Ltd.,Global IME Securities Limited,125,1103.1,137887.5,2025-09-24 14:54:58.565983
2025-09-24,3683,2025092403007232,GRDBL,Sewa Securities Pvt. Ltd.,Global IME Securities Limited,25,1101.1,27527.5,2025-09-24 14:54:58.566049
2025-09-24,3682,2025092403007233,GRDBL,Imperial Securities Company Pvt. Ltd.,Global IME Securities Limited,50,1100.0,55000.0,2025-09-24 14:54:58.566102
2025-09-24,3681,2025092403007234,GRDBL,South Asian Bulls Pvt. Ltd.,Global IME Securities Limited,45,1100.0,49500.0,2025-09-24 14:54:58.566151
2025-09-24,3567,2025092403007247,GRDBL,Midas Stock Broking Company Private Limited,Global IME Securities Limited,40,1100.0,44000.0,2025-09-24 14:55:19.551637
2025-09-24,3349,2025092403007284,GRDBL,Malla & Malla Stock Broking Company Pvt. Limited,Global IME Securities Limited,200,1100.0,220000.0,2025-09-24 14:55:47.187393
2025-09-24,3302,2025092403007288,GRDBL,Indira securities pvt. ltd,Global IME Securities Limited,68,1100.0,74800.0,2025-09-24 14:55:52.007853
2025-09-24,3301,2025092403007289,GRDBL,Indira securities pvt. ltd,Aryatara Investment & Securities,10,1100.0,11000.0,2025-09-24 14:55:52.007963
2025-09-24,3130,2025092403007323,GRDBL,Indira securities pvt. ltd,Imperial Securities Company Pvt. Ltd.,20,1100.0,22000.0,2025-09-24 14:56:14.050342
2025-09-24,2844,2025092403007372,GRDBL,Imperial Securities Company Pvt. Ltd.,Imperial Securities Company Pvt. Ltd.,200,1097.1,219420.0,2025-09-24 14:56:58.481711
2025-09-24,2837,2025092403007373,GRDBL,Primo Securities (PVT) Ltd.,Nabil Stock Dealer Ltd.,20,1097.1,21942.0,2025-09-24 14:56:58.958010
2025-09-24,2836,2025092403007374,GRDBL,Blue Chip Securities Ltd,Nabil Stock Dealer Ltd.,50,1096.2,54810.0,2025-09-24 14:56:58.958145
2025-09-24,2835,2025092403007375,GRDBL,Dakshinkali Investment & Securities Pvt. Ltd.,Nabil Stock Dealer Ltd.,15,1096.1,16441.5,2025-09-24 14:56:58.958197
2025-09-24,1267,2025092403007653,GRDBL,Nagarik Stock Dealer ,Malla & Malla Stock Broking Company Pvt. Limited,10,1112.0,11120.0,2025-09-24 14:59:22.123770
2025-09-24,1266,2025092403007654,GRDBL,Nepal Stock House (PVT) Ltd.,Malla & Malla Stock Broking Company Pvt. Limited,14,1098.1,15373.4,2025-09-24 14:59:22.123888
2025-09-24,1265,2025092403007655,GRDBL,Agrawal Securities (PVT) Ltd.,Malla & Malla Stock Broking Company Pvt. Limited,20,1098.0,21960.0,2025-09-24 14:59:22.123939
2025-09-24,1264,2025092403007656,GRDBL,Imperial Securities Company Pvt. Ltd.,Malla & Malla Stock Broking Company Pvt. Limited,20,1097.0,21940.0,2025-09-24 14:59:22.123986
2025-09-24,1263,2025092403007657,GRDBL,Imperial Securities Company Pvt. Ltd.,Malla & Malla Stock Broking Company Pvt. Limited,200,1096.3,219260.0,2025-09-24 14:59:22.124043
2025-09-24,1262,2025092403007658,GRDBL,BHOLE GANESH SECURITIES LTD,Malla & Malla Stock Broking Company Pvt. Limited,100,1096.2,109620.0,2025-09-24 14:59:22.124088
2025-09-24,1261,2025092403007659,GRDBL,Dakshinkali Investment & Securities Pvt. Ltd.,Malla & Malla Stock Broking Company Pvt. Limited,85,1096.1,93168.5,2025-09-24 14:59:22.124136
2025-09-24,1260,2025092403007660,GRDBL,Blue Chip Securities Ltd,Malla & Malla Stock Broking Company Pvt. Limited,45,1096.1,49324.5,2025-09-24 14:59:22.124177
2025-09-24,1018,2025092403007724,GRDBL,Shree Krishna Securities Ltd.,Sundhara Securities Limited,10,1114.5,11145.0,2025-09-24 14:59:32.028461
