Date,S.N.,Contract ID,Symbol,Buyer Broker,Seller Broker,volume,rate,amount,transaction_time
2025-09-24,47348,2025092404000148,LEC,Dipshikha Dhitopatra Karobar Co. Pvt Ltd.,Midas Stock Broking Company Private Limited,10,215.0,2150.0,2025-09-24 11:02:48.032051
2025-09-24,47018,2025092404000260,LEC,Vision Securities Pvt. Ltd,Thrive Brokerage House Pvt. Ltd,15,214.8,3222.0,2025-09-24 11:05:05.772548
2025-09-24,46585,2025092404000374,LEC,Trishakti Securities Public Limited,J.F. Securites (PVT) Ltd.,50,213.0,10650.0,2025-09-24 11:06:46.202792
2025-09-24,46377,2025092404000442,LEC,Trishakti Securities Public Limited,Naasa Securities Co. Ltd.,10,213.0,2130.0,2025-09-24 11:07:41.861608
2025-09-24,46079,2025092404000529,LEC,Trishakti Securities Public Limited,Kohinoor Investment & Securities Pvt. Ltd.,40,213.0,8520.0,2025-09-24 11:09:11.286891
2025-09-24,46078,2025092404000530,LEC,Vision Securities Pvt. Ltd,Kohinoor Investment & Securities Pvt. Ltd.,500,211.0,105500.0,2025-09-24 11:09:11.287036
2025-09-24,46077,2025092404000531,LEC,South Asian Bulls Pvt. Ltd.,Kohinoor Investment & Securities Pvt. Ltd.,200,211.0,42200.0,2025-09-24 11:09:11.287137
2025-09-24,45613,2025092404000697,LEC,Market Securities & Exchange (PVT) Ltd.,Kohinoor Investment & Securities Pvt. Ltd.,200,211.0,42200.0,2025-09-24 11:11:09.348107
2025-09-24,45561,2025092404000717,LEC,South Asian Bulls Pvt. Ltd.,Kohinoor Investment & Securities Pvt. Ltd.,60,211.0,12660.0,2025-09-24 11:11:33.363193
2025-09-24,44906,2025092404000886,LEC,Naasa Securities Co. Ltd.,Aryatara Investment & Securities,20,211.1,4222.0,2025-09-24 11:14:55.505408
2025-09-24,44240,2025092404001056,LEC,Naasa Securities Co. Ltd.,Nepal Investment And Securities Trading Private Limited,30,211.1,6333.0,2025-09-24 11:17:19.597210
2025-09-24,44239,2025092404001057,LEC,Sanima Securities Limited,Nepal Investment And Securities Trading Private Limited,500,211.0,105500.0,2025-09-24 11:17:19.597435
2025-09-24,44238,2025092404001058,LEC,Premier Securities Company Ltd.,Nepal Investment And Securities Trading Private Limited,65,211.0,13715.0,2025-09-24 11:17:19.597559
2025-09-24,43240,2025092404001354,LEC,Premier Securities Company Ltd.,Kohinoor Investment & Securities Pvt. Ltd.,30,211.0,6330.0,2025-09-24 11:21:42.629569
2025-09-24,43239,2025092404001355,LEC,Online Securities Pvt. Ltd.,Kohinoor Investment & Securities Pvt. Ltd.,30,211.0,6330.0,2025-09-24 11:21:42.629670
2025-09-24,42091,2025092404001650,LEC,Trisul Securities & Invt. Ltd.,Nepal Stock House (PVT) Ltd.,100,211.4,21140.0,2025-09-24 11:27:08.831380
2025-09-24,41030,2025092404001932,LEC,Secured Securities Ltd.,Malla & Malla Stock Broking Company Pvt. Limited,30,212.0,6360.0,2025-09-24 11:32:50.293858
2025-09-24,40388,2025092404002116,LEC,Primo Securities (PVT) Ltd.,Trishakti Securities Public Limited,22,213.5,4697.0,2025-09-24 11:35:26.526072
2025-09-24,40376,2025092404002123,LEC,Secured Securities Ltd.,Dipshikha Dhitopatra Karobar Co. Pvt Ltd.,30,213.0,6390.0,2025-09-24 11:35:29.378460
2025-09-24,40278,2025092404002142,LEC,Oxford Securities Pvt. Ltd.,Trishakti Securities Public Limited,500,213.5,106750.0,2025-09-24 11:35:56.399003
2025-09-24,40266,2025092404002147,LEC,Secured Securities Ltd.,Siprabi Securities Pvt. Ltd.,120,213.0,25560.0,2025-09-24 11:36:04.375698
2025-09-24,39820,2025092404002261,LEC,Secured Securities Ltd.,Trishakti Securities Public Limited,68,213.5,14518.0,2025-09-24 11:38:07.698378
2025-09-24,39819,2025092404002262,LEC,Secured Securities Ltd.,Sundhara Securities Limited,500,213.6,106800.0,2025-09-24 11:38:07.698522
2025-09-24,39818,2025092404002263,LEC,Secured Securities Ltd.,Sumeru Securities Pvt. Ltd.,200,214.0,42800.0,2025-09-24 11:38:07.698596
2025-09-24,39817,2025092404002264,LEC,Secured Securities Ltd.,BHOLE GANESH SECURITIES LTD,100,214.0,21400.0,2025-09-24 11:38:07.698665
2025-09-24,39227,2025092404002388,LEC,Dynamic Money Managers Securities Pvt. Ltd.,Asian Securities Private Ltd.,200,214.6,42920.0,2025-09-24 11:40:36.579924
2025-09-24,38978,2025092404002484,LEC,Dynamic Money Managers Securities Pvt. Ltd.,Vision Securities Pvt. Ltd,500,214.6,107300.0,2025-09-24 11:41:51.495375
2025-09-24,38977,2025092404002485,LEC,Dynamic Money Managers Securities Pvt. Ltd.,Sumeru Securities Pvt. Ltd.,300,214.6,64380.0,2025-09-24 11:41:52.802924
2025-09-24,38825,2025092404002549,LEC,Sani Securities Company Ltd.,Sumeru Securities Pvt. Ltd.,22,214.6,4721.2,2025-09-24 11:42:37.192845
2025-09-24,38796,2025092404002558,LEC,Primo Securities (PVT) Ltd.,Linch Stock Market Ltd.,100,214.1,21410.0,2025-09-24 11:42:49.928211
2025-09-24,38432,2025092404002650,LEC,Secured Securities Ltd.,Dakshinkali Investment & Securities Pvt. Ltd.,5000,214.0,1070000.0,2025-09-24 11:44:49.243184
2025-09-24,38409,2025092404002665,LEC,Secured Securities Ltd.,Magnet Securities and Investment Company Private Limited,100,214.0,21400.0,2025-09-24 11:44:59.642822
2025-09-24,38343,2025092404002683,LEC,Secured Securities Ltd.,Sharepro Securities Private Limited,200,214.0,42800.0,2025-09-24 11:45:26.376418
2025-09-24,37944,2025092404002770,LEC,Secured Securities Ltd.,ABC Securities Private Limited,632,214.0,135248.0,2025-09-24 11:48:26.312374
2025-09-24,37315,2025092404002946,LEC,Vision Securities Pvt. Ltd,Primo Securities (PVT) Ltd.,100,214.0,21400.0,2025-09-24 11:52:33.740013
2025-09-24,36789,2025092404003085,LEC,Siprabi Securities Pvt. Ltd.,Sani Securities Company Ltd.,400,213.5,85400.0,2025-09-24 11:55:22.808759
2025-09-24,36189,2025092404003225,LEC,Siprabi Securities Pvt. Ltd.,Imperial Securities Company Pvt. Ltd.,15,213.5,3202.5,2025-09-24 11:58:50.227271
2025-09-24,35836,2025092404003342,LEC,Siprabi Securities Pvt. Ltd.,Magnet Securities and Investment Company Private Limited,35,213.5,7472.5,2025-09-24 12:00:38.319827
2025-09-24,35835,2025092404003343,LEC,Kohinoor Investment & Securities Pvt. Ltd.,Magnet Securities and Investment Company Private Limited,130,213.0,27690.0,2025-09-24 12:00:38.320106
2025-09-24,34988,2025092404003515,LEC,Dynamic Money Managers Securities Pvt. Ltd.,Naasa Securities Co. Ltd.,40,213.0,8520.0,2025-09-24 12:05:17.477726
2025-09-24,34031,2025092404003741,LEC,Dynamic Money Managers Securities Pvt. Ltd.,Primo Securities (PVT) Ltd.,60,214.0,12840.0,2025-09-24 12:09:41.864665
2025-09-24,33937,2025092404003779,LEC,ABC Securities Private Limited,Primo Securities (PVT) Ltd.,119,214.0,25466.0,2025-09-24 12:10:17.705273
2025-09-24,33471,2025092404003855,LEC,Oxford Securities Pvt. Ltd.,Primo Securities (PVT) Ltd.,96,214.0,20544.0,2025-09-24 12:12:45.490224
2025-09-24,32746,2025092404004032,LEC,Premier Securities Company Ltd.,Asian Securities Private Ltd.,500,213.1,106550.0,2025-09-24 12:16:18.730514
2025-09-24,32745,2025092404004033,LEC,Aryatara Investment & Securities,Asian Securities Private Ltd.,50,213.0,10650.0,2025-09-24 12:16:18.730762
2025-09-24,32744,2025092404004034,LEC,Imperial Securities Company Pvt. Ltd.,Asian Securities Private Ltd.,10,213.0,2130.0,2025-09-24 12:16:18.730862
2025-09-24,32743,2025092404004035,LEC,Creative Securities Pvt Ltd,Asian Securities Private Ltd.,109,213.0,23217.0,2025-09-24 12:16:18.730926
2025-09-24,32742,2025092404004036,LEC,Imperial Securities Company Pvt. Ltd.,Asian Securities Private Ltd.,81,213.0,17253.0,2025-09-24 12:16:18.730989
2025-09-24,32328,2025092404004146,LEC,Imperial Securities Company Pvt. Ltd.,Kumari Securities Private Limited,19,213.0,4047.0,2025-09-24 12:17:42.703985
2025-09-24,32271,2025092404004157,LEC,Asian Securities Private Ltd.,Magnet Securities and Investment Company Private Limited,300,212.6,63780.0,2025-09-24 12:17:55.241528
2025-09-24,32270,2025092404004158,LEC,Nepal Investment And Securities Trading Private Limited,Magnet Securities and Investment Company Private Limited,100,212.5,21250.0,2025-09-24 12:17:55.241851
2025-09-24,32269,2025092404004159,LEC,Online Securities Pvt. Ltd.,Magnet Securities and Investment Company Private Limited,20,212.5,4250.0,2025-09-24 12:17:55.242039
2025-09-24,32268,2025092404004160,LEC,Sagarmatha Securities Private Limited,Magnet Securities and Investment Company Private Limited,380,212.5,80750.0,2025-09-24 12:17:55.242213
2025-09-24,32206,2025092404004193,LEC,Sagarmatha Securities Private Limited,Imperial Securities Company Pvt. Ltd.,220,212.5,46750.0,2025-09-24 12:18:05.140865
2025-09-24,32205,2025092404004194,LEC,Dakshinkali Investment & Securities Pvt. Ltd.,Imperial Securities Company Pvt. Ltd.,1883,212.2,399572.6,2025-09-24 12:18:05.141168
2025-09-24,31464,2025092404004404,LEC,Dakshinkali Investment & Securities Pvt. Ltd.,Kumari Securities Private Limited,117,212.2,24827.4,2025-09-24 12:20:35.553990
2025-09-24,31463,2025092404004405,LEC,Online Securities Pvt. Ltd.,Kumari Securities Private Limited,364,212.1,77204.4,2025-09-24 12:20:35.554302
2025-09-24,31372,2025092404004432,LEC,Online Securities Pvt. Ltd.,Imperial Securities Company Pvt. Ltd.,1156,212.1,245187.6,2025-09-24 12:20:55.368898
2025-09-24,31371,2025092404004433,LEC,Online Securities Pvt. Ltd.,Imperial Securities Company Pvt. Ltd.,944,212.1,200222.4,2025-09-24 12:20:55.369260
2025-09-24,31033,2025092404004504,LEC,Dipshikha Dhitopatra Karobar Co. Pvt Ltd.,Naasa Securities Co. Ltd.,500,212.0,106000.0,2025-09-24 12:22:30.082843
2025-09-24,31032,2025092404004505,LEC,Vision Securities Pvt. Ltd,Naasa Securities Co. Ltd.,1500,212.0,318000.0,2025-09-24 12:22:30.083024
2025-09-24,30578,2025092404004617,LEC,Vision Securities Pvt. Ltd,Kalika Securities Pvt. Ltd.,3500,212.0,742000.0,2025-09-24 12:24:57.538287
2025-09-24,30577,2025092404004618,LEC,Arun Securities (PVT) Ltd.,Kalika Securities Pvt. Ltd.,120,212.0,25440.0,2025-09-24 12:24:57.538512
2025-09-24,30576,2025092404004619,LEC,Agrawal Securities (PVT) Ltd.,Kalika Securities Pvt. Ltd.,90,212.0,19080.0,2025-09-24 12:24:57.538583
2025-09-24,30575,2025092404004620,LEC,Trishakti Securities Public Limited,Kalika Securities Pvt. Ltd.,50,212.0,10600.0,2025-09-24 12:24:57.538651
2025-09-24,30574,2025092404004621,LEC,Imperial Securities Company Pvt. Ltd.,Kalika Securities Pvt. Ltd.,50,212.0,10600.0,2025-09-24 12:24:57.538717
2025-09-24,30573,2025092404004622,LEC,Imperial Securities Company Pvt. Ltd.,Kalika Securities Pvt. Ltd.,50,212.0,10600.0,2025-09-24 12:24:57.538782
2025-09-24,30572,2025092404004623,LEC,Online Securities Pvt. Ltd.,Kalika Securities Pvt. Ltd.,140,212.0,29680.0,2025-09-24 12:24:57.538853
2025-09-24,30155,2025092404004734,LEC,Online Securities Pvt. Ltd.,Kumari Securities Private Limited,416,212.0,88192.0,2025-09-24 12:27:01.090374
2025-09-24,30015,2025092404004772,LEC,Sundhara Securities Limited,Agrawal Securities (PVT) Ltd.,10,211.5,2115.0,2025-09-24 12:27:46.715943
2025-09-24,28745,2025092404005002,LEC,Naasa Securities Co. Ltd.,Sani Securities Company Ltd.,10,211.5,2115.0,2025-09-24 12:35:48.210776
2025-09-24,28744,2025092404005003,LEC,Himalayan Brokerage Company Limited,Sani Securities Company Ltd.,10,211.5,2115.0,2025-09-24 12:35:48.210869
2025-09-24,28743,2025092404005004,LEC,Oxford Securities Pvt. Ltd.,Sani Securities Company Ltd.,40,211.5,8460.0,2025-09-24 12:35:48.210894
2025-09-24,28116,2025092404005138,LEC,Online Securities Pvt. Ltd.,Midas Stock Broking Company Private Limited,10,212.0,2120.0,2025-09-24 12:39:59.718360
2025-09-24,27726,2025092404005212,LEC,Oxford Securities Pvt. Ltd.,J.F. Securites (PVT) Ltd.,50,211.5,10575.0,2025-09-24 12:42:09.187691
2025-09-24,26827,2025092404005410,LEC,Sani Securities Company Ltd.,J.F. Securites (PVT) Ltd.,50,211.6,10580.0,2025-09-24 12:46:40.633495
2025-09-24,26793,2025092404005419,LEC,Sani Securities Company Ltd.,Trisul Securities & Invt. Ltd.,300,211.6,63480.0,2025-09-24 12:46:58.069525
2025-09-24,26732,2025092404005426,LEC,Sani Securities Company Ltd.,South Asian Bulls Pvt. Ltd.,30,211.6,6348.0,2025-09-24 12:47:13.432387
2025-09-24,26544,2025092404005475,LEC,Sani Securities Company Ltd.,South Asian Bulls Pvt. Ltd.,20,211.6,4232.0,2025-09-24 12:47:59.578658
2025-09-24,25826,2025092404005681,LEC,Sani Securities Company Ltd.,Aryatara Investment & Securities,70,211.6,14812.0,2025-09-24 12:51:29.771740
2025-09-24,25825,2025092404005682,LEC,Malla & Malla Stock Broking Company Pvt. Limited,Aryatara Investment & Securities,200,211.6,42320.0,2025-09-24 12:51:29.771906
2025-09-24,25824,2025092404005683,LEC,Oxford Securities Pvt. Ltd.,Aryatara Investment & Securities,10,211.5,2115.0,2025-09-24 12:51:29.771981
2025-09-24,25823,2025092404005684,LEC,Midas Stock Broking Company Private Limited,Aryatara Investment & Securities,500,211.5,105750.0,2025-09-24 12:51:29.772049
2025-09-24,25822,2025092404005685,LEC,Imperial Securities Company Pvt. Ltd.,Aryatara Investment & Securities,105,211.5,22207.5,2025-09-24 12:51:29.772116
2025-09-24,25821,2025092404005686,LEC,Trisul Securities & Invt. Ltd.,Aryatara Investment & Securities,400,211.4,84560.0,2025-09-24 12:51:29.772213
2025-09-24,25820,2025092404005687,LEC,Sani Securities Company Ltd.,Aryatara Investment & Securities,10,211.4,2114.0,2025-09-24 12:51:29.772280
2025-09-24,25819,2025092404005688,LEC,South Asian Bulls Pvt. Ltd.,Aryatara Investment & Securities,500,211.1,105550.0,2025-09-24 12:51:29.772356
2025-09-24,25818,2025092404005689,LEC,Online Securities Pvt. Ltd.,Aryatara Investment & Securities,115,211.0,24265.0,2025-09-24 12:51:29.772418
2025-09-24,25817,2025092404005690,LEC,Sweta Securities Private Limited,Aryatara Investment & Securities,200,211.0,42200.0,2025-09-24 12:51:29.772487
2025-09-24,25816,2025092404005691,LEC,Sani Securities Company Ltd.,Aryatara Investment & Securities,137,211.0,28907.0,2025-09-24 12:51:29.772569
2025-09-24,25815,2025092404005692,LEC,Ashutosh Brokerage & Securities (PVT) Ltd.,Aryatara Investment & Securities,300,211.0,63300.0,2025-09-24 12:51:29.772662
2025-09-24,25814,2025092404005693,LEC,Kalika Securities Pvt. Ltd.,Aryatara Investment & Securities,100,211.0,21100.0,2025-09-24 12:51:29.772726
2025-09-24,25813,2025092404005694,LEC,Imperial Securities Company Pvt. Ltd.,Aryatara Investment & Securities,50,211.0,10550.0,2025-09-24 12:51:29.772808
2025-09-24,25812,2025092404005695,LEC,Nabil Stock Dealer Ltd.,Aryatara Investment & Securities,303,211.0,63933.0,2025-09-24 12:51:29.772869
2025-09-24,25591,2025092404005759,LEC,Nabil Stock Dealer Ltd.,Sani Securities Company Ltd.,197,211.0,41567.0,2025-09-24 12:52:57.337930
2025-09-24,25590,2025092404005760,LEC,Nepal Stock House (PVT) Ltd.,Sani Securities Company Ltd.,250,211.0,52750.0,2025-09-24 12:52:57.338117
2025-09-24,25589,2025092404005761,LEC,Imperial Securities Company Pvt. Ltd.,Sani Securities Company Ltd.,50,211.0,10550.0,2025-09-24 12:52:57.338213
2025-09-24,25588,2025092404005762,LEC,Imperial Securities Company Pvt. Ltd.,Sani Securities Company Ltd.,95,211.0,20045.0,2025-09-24 12:52:57.338286
2025-09-24,25418,2025092404005816,LEC,Online Securities Pvt. Ltd.,Aryatara Investment & Securities,500,211.0,105500.0,2025-09-24 12:53:59.484101
2025-09-24,25417,2025092404005817,LEC,Online Securities Pvt. Ltd.,Aryatara Investment & Securities,500,211.0,105500.0,2025-09-24 12:53:59.484294
2025-09-24,24814,2025092404005932,LEC,Online Securities Pvt. Ltd.,Himalayan Brokerage Company Limited,200,211.0,42200.0,2025-09-24 12:59:02.344191
2025-09-24,24813,2025092404005933,LEC,Thrive Brokerage House Pvt. Ltd,Himalayan Brokerage Company Limited,100,211.0,21100.0,2025-09-24 12:59:02.344413
2025-09-24,24812,2025092404005934,LEC,Investment Management Nepal Pvt. Ltd.,Himalayan Brokerage Company Limited,50,211.0,10550.0,2025-09-24 12:59:02.344490
2025-09-24,24811,2025092404005935,LEC,Naasa Securities Co. Ltd.,Himalayan Brokerage Company Limited,200,211.0,42200.0,2025-09-24 12:59:02.344575
2025-09-24,24519,2025092404006017,LEC,Shree Krishna Securities Ltd.,Shree Krishna Securities Ltd.,10,211.0,2110.0,2025-09-24 13:01:19.477385
2025-09-24,24197,2025092404006099,LEC,Naasa Securities Co. Ltd.,Himalayan Brokerage Company Limited,760,211.0,160360.0,2025-09-24 13:03:38.453118
2025-09-24,24196,2025092404006100,LEC,Thrive Brokerage House Pvt. Ltd,Himalayan Brokerage Company Limited,90,211.0,18990.0,2025-09-24 13:03:38.453503
2025-09-24,24013,2025092404006136,LEC,Thrive Brokerage House Pvt. Ltd,Sani Securities Company Ltd.,10,211.0,2110.0,2025-09-24 13:04:56.040424
2025-09-24,24012,2025092404006137,LEC,Oxford Securities Pvt. Ltd.,Sani Securities Company Ltd.,990,211.0,208890.0,2025-09-24 13:04:56.040609
2025-09-24,23895,2025092404006174,LEC,Oxford Securities Pvt. Ltd.,Nepal Stock House (PVT) Ltd.,10,211.0,2110.0,2025-09-24 13:06:01.963843
2025-09-24,23894,2025092404006175,LEC,Imperial Securities Company Pvt. Ltd.,Nepal Stock House (PVT) Ltd.,5,211.0,1055.0,2025-09-24 13:06:01.964009
2025-09-24,23134,2025092404006327,LEC,Midas Stock Broking Company Private Limited,Midas Stock Broking Company Private Limited,490,211.1,103439.0,2025-09-24 13:12:20.909959
2025-09-24,22954,2025092404006390,LEC,Midas Stock Broking Company Private Limited,Dynamic Money Managers Securities Pvt. Ltd.,10,211.1,2111.0,2025-09-24 13:13:28.063960
2025-09-24,22953,2025092404006391,LEC,Sweta Securities Private Limited,Dynamic Money Managers Securities Pvt. Ltd.,300,211.0,63300.0,2025-09-24 13:13:28.064179
2025-09-24,22952,2025092404006392,LEC,Himalayan Brokerage Company Limited,Dynamic Money Managers Securities Pvt. Ltd.,25,211.0,5275.0,2025-09-24 13:13:28.064251
2025-09-24,22951,2025092404006393,LEC,Nepal Stock House (PVT) Ltd.,Dynamic Money Managers Securities Pvt. Ltd.,1000,211.0,211000.0,2025-09-24 13:13:28.064341
2025-09-24,22950,2025092404006394,LEC,Sumeru Securities Pvt. Ltd.,Dynamic Money Managers Securities Pvt. Ltd.,400,211.0,84400.0,2025-09-24 13:13:28.064406
2025-09-24,21389,2025092404006680,LEC,Bhrikuti Stock Broking Co. Pvt. Ltd.,Sani Securities Company Ltd.,10,210.7,2107.0,2025-09-24 13:25:46.274355
2025-09-24,21231,2025092404006715,LEC,Bhrikuti Stock Broking Co. Pvt. Ltd.,Online Securities Pvt. Ltd.,20,210.7,4214.0,2025-09-24 13:27:23.470464
2025-09-24,21191,2025092404006723,LEC,Online Securities Pvt. Ltd.,Dynamic Money Managers Securities Pvt. Ltd.,15,211.0,3165.0,2025-09-24 13:27:35.575715
2025-09-24,20580,2025092404006847,LEC,Online Securities Pvt. Ltd.,Kumari Securities Private Limited,85,211.0,17935.0,2025-09-24 13:33:30.540941
2025-09-24,20579,2025092404006848,LEC,Aryatara Investment & Securities,Kumari Securities Private Limited,499,211.0,105289.0,2025-09-24 13:33:30.541115
2025-09-24,20469,2025092404006867,LEC,Aryatara Investment & Securities,Machhapuchchhre Securities Limited,120,211.0,25320.0,2025-09-24 13:34:46.459062
2025-09-24,19108,2025092404007208,LEC,Sani Securities Company Ltd.,Sani Securities Company Ltd.,10,211.5,2115.0,2025-09-24 13:46:44.985801
2025-09-24,19107,2025092404007209,LEC,Aryatara Investment & Securities,Sani Securities Company Ltd.,81,211.0,17091.0,2025-09-24 13:46:44.986180
2025-09-24,19106,2025092404007210,LEC,Vision Securities Pvt. Ltd,Sani Securities Company Ltd.,475,211.0,100225.0,2025-09-24 13:46:44.986461
2025-09-24,19105,2025092404007211,LEC,Shree Krishna Securities Ltd.,Sani Securities Company Ltd.,33,211.0,6963.0,2025-09-24 13:46:44.986690
2025-09-24,19104,2025092404007212,LEC,Vision Securities Pvt. Ltd,Sani Securities Company Ltd.,76,211.0,16036.0,2025-09-24 13:46:44.986931
2025-09-24,18907,2025092404007256,LEC,Vision Securities Pvt. Ltd,Naasa Securities Co. Ltd.,424,211.0,89464.0,2025-09-24 13:48:21.328582
2025-09-24,18845,2025092404007266,LEC,Bhrikuti Stock Broking Co. Pvt. Ltd.,Online Securities Pvt. Ltd.,70,210.7,14749.0,2025-09-24 13:48:57.806339
2025-09-24,18844,2025092404007267,LEC,South Asian Bulls Pvt. Ltd.,Online Securities Pvt. Ltd.,200,210.7,42140.0,2025-09-24 13:48:57.806439
2025-09-24,18843,2025092404007268,LEC,Vision Securities Pvt. Ltd,Online Securities Pvt. Ltd.,20,210.7,4214.0,2025-09-24 13:48:57.806470
2025-09-24,18842,2025092404007269,LEC,Sani Securities Company Ltd.,Online Securities Pvt. Ltd.,100,210.6,21060.0,2025-09-24 13:48:57.806501
2025-09-24,18841,2025092404007270,LEC,Naasa Securities Co. Ltd.,Online Securities Pvt. Ltd.,200,210.5,42100.0,2025-09-24 13:48:57.806525
2025-09-24,18840,2025092404007271,LEC,Vision Securities Pvt. Ltd,Online Securities Pvt. Ltd.,410,210.5,86305.0,2025-09-24 13:48:57.806552
2025-09-24,18839,2025092404007272,LEC,Blue Chip Securities Ltd,Online Securities Pvt. Ltd.,88,210.4,18515.2,2025-09-24 13:48:57.806573
2025-09-24,18767,2025092404007288,LEC,Blue Chip Securities Ltd,Vision Securities Pvt. Ltd,12,210.4,2524.8,2025-09-24 13:49:34.065101
2025-09-24,18766,2025092404007289,LEC,Sumeru Securities Pvt. Ltd.,Vision Securities Pvt. Ltd,100,210.3,21030.0,2025-09-24 13:49:34.065445
2025-09-24,18765,2025092404007290,LEC,Siprabi Securities Pvt. Ltd.,Vision Securities Pvt. Ltd,88,210.2,18497.6,2025-09-24 13:49:34.065649
2025-09-24,18469,2025092404007345,LEC,Naasa Securities Co. Ltd.,Naasa Securities Co. Ltd.,76,211.0,16036.0,2025-09-24 13:51:21.950974
2025-09-24,17956,2025092404007407,LEC,Naasa Securities Co. Ltd.,Premier Securities Company Ltd.,179,211.0,37769.0,2025-09-24 13:53:34.360983
2025-09-24,17867,2025092404007430,LEC,Linch Stock Market Ltd.,Premier Securities Company Ltd.,100,211.0,21100.0,2025-09-24 13:54:03.279181
2025-09-24,17748,2025092404007463,LEC,Naasa Securities Co. Ltd.,Midas Stock Broking Company Private Limited,150,210.3,31545.0,2025-09-24 13:54:44.450196
2025-09-24,17747,2025092404007464,LEC,Siprabi Securities Pvt. Ltd.,Midas Stock Broking Company Private Limited,362,210.2,76092.4,2025-09-24 13:54:44.450600
2025-09-24,17746,2025092404007465,LEC,South Asian Bulls Pvt. Ltd.,Midas Stock Broking Company Private Limited,200,210.1,42020.0,2025-09-24 13:54:44.450811
2025-09-24,17745,2025092404007466,LEC,Thrive Brokerage House Pvt. Ltd,Midas Stock Broking Company Private Limited,100,210.1,21010.0,2025-09-24 13:54:44.451011
2025-09-24,17744,2025092404007467,LEC,Naasa Securities Co. Ltd.,Midas Stock Broking Company Private Limited,10,210.1,2101.0,2025-09-24 13:54:44.451248
2025-09-24,17743,2025092404007468,LEC,Premier Securities Company Ltd.,Midas Stock Broking Company Private Limited,20,210.1,4202.0,2025-09-24 13:54:44.451473
2025-09-24,16982,2025092404007653,LEC,Aakashbhairab Securities Ltd.,Dipshikha Dhitopatra Karobar Co. Pvt Ltd.,19,210.1,3991.9,2025-09-24 13:58:27.186067
2025-09-24,16981,2025092404007654,LEC,Vision Securities Pvt. Ltd,Dipshikha Dhitopatra Karobar Co. Pvt Ltd.,181,210.0,38010.0,2025-09-24 13:58:27.186127
2025-09-24,16880,2025092404007673,LEC,Vision Securities Pvt. Ltd,Dynamic Money Managers Securities Pvt. Ltd.,819,210.0,171990.0,2025-09-24 13:59:01.079688
2025-09-24,16879,2025092404007674,LEC,Premier Securities Company Ltd.,Dynamic Money Managers Securities Pvt. Ltd.,100,210.0,21000.0,2025-09-24 13:59:01.080100
2025-09-24,16878,2025092404007675,LEC,Imperial Securities Company Pvt. Ltd.,Dynamic Money Managers Securities Pvt. Ltd.,50,210.0,10500.0,2025-09-24 13:59:01.080309
2025-09-24,16877,2025092404007676,LEC,Malla & Malla Stock Broking Company Pvt. Limited,Dynamic Money Managers Securities Pvt. Ltd.,100,210.0,21000.0,2025-09-24 13:59:01.080528
2025-09-24,16876,2025092404007677,LEC,Imperial Securities Company Pvt. Ltd.,Dynamic Money Managers Securities Pvt. Ltd.,50,210.0,10500.0,2025-09-24 13:59:01.080758
2025-09-24,16875,2025092404007678,LEC,Oxford Securities Pvt. Ltd.,Dynamic Money Managers Securities Pvt. Ltd.,131,210.0,27510.0,2025-09-24 13:59:01.080959
2025-09-24,16713,2025092404007711,LEC,Oxford Securities Pvt. Ltd.,Nabil Stock Dealer Ltd.,90,210.0,18900.0,2025-09-24 13:59:54.387795
2025-09-24,16415,2025092404007786,LEC,Oxford Securities Pvt. Ltd.,Sumeru Securities Pvt. Ltd.,779,210.0,163590.0,2025-09-24 14:01:53.228620
2025-09-24,16414,2025092404007787,LEC,Online Securities Pvt. Ltd.,Sumeru Securities Pvt. Ltd.,2000,210.0,420000.0,2025-09-24 14:01:53.228851
2025-09-24,16413,2025092404007788,LEC,Agrawal Securities (PVT) Ltd.,Sumeru Securities Pvt. Ltd.,221,210.0,46410.0,2025-09-24 14:01:53.228922
2025-09-24,16074,2025092404007875,LEC,Agrawal Securities (PVT) Ltd.,Siprabi Securities Pvt. Ltd.,20,210.0,4200.0,2025-09-24 14:03:15.635631
2025-09-24,15944,2025092404007922,LEC,Sani Securities Company Ltd.,Online Securities Pvt. Ltd.,350,210.1,73535.0,2025-09-24 14:03:51.661210
2025-09-24,15943,2025092404007923,LEC,Agrawal Securities (PVT) Ltd.,Online Securities Pvt. Ltd.,1650,210.0,346500.0,2025-09-24 14:03:51.661603
2025-09-24,15897,2025092404007930,LEC,Agrawal Securities (PVT) Ltd.,Aryatara Investment & Securities,409,210.0,85890.0,2025-09-24 14:04:06.408869
2025-09-24,15896,2025092404007931,LEC,Vision Securities Pvt. Ltd,Aryatara Investment & Securities,52,210.0,10920.0,2025-09-24 14:04:06.409132
2025-09-24,15895,2025092404007932,LEC,Investment Management Nepal Pvt. Ltd.,Aryatara Investment & Securities,50,210.0,10500.0,2025-09-24 14:04:06.409209
2025-09-24,15894,2025092404007933,LEC,Midas Stock Broking Company Private Limited,Aryatara Investment & Securities,50,210.0,10500.0,2025-09-24 14:04:06.409275
2025-09-24,15893,2025092404007934,LEC,Hatemalo Financial Services Private Limited,Aryatara Investment & Securities,200,210.0,42000.0,2025-09-24 14:04:06.409398
2025-09-24,15892,2025092404007935,LEC,Sweta Securities Private Limited,Aryatara Investment & Securities,500,210.0,105000.0,2025-09-24 14:04:06.409465
2025-09-24,15891,2025092404007936,LEC,Global IME Securities Limited,Aryatara Investment & Securities,363,210.0,76230.0,2025-09-24 14:04:06.409533
2025-09-24,15890,2025092404007937,LEC,Premier Securities Company Ltd.,Aryatara Investment & Securities,300,210.0,63000.0,2025-09-24 14:04:06.409599
2025-09-24,15889,2025092404007938,LEC,Opal Securities Investment (PVT) Ltd.,Aryatara Investment & Securities,100,210.0,21000.0,2025-09-24 14:04:06.409661
2025-09-24,15888,2025092404007939,LEC,Kumari Securities Private Limited,Aryatara Investment & Securities,500,210.0,105000.0,2025-09-24 14:04:06.409726
2025-09-24,15887,2025092404007940,LEC,Nepal Investment And Securities Trading Private Limited,Aryatara Investment & Securities,400,210.0,84000.0,2025-09-24 14:04:06.409789
2025-09-24,15886,2025092404007941,LEC,Deevyaa Securities & Stock House Pvt. Ltd,Aryatara Investment & Securities,500,210.0,105000.0,2025-09-24 14:04:06.409854
2025-09-24,15885,2025092404007942,LEC,Secured Securities Ltd.,Aryatara Investment & Securities,500,210.0,105000.0,2025-09-24 14:04:06.409923
2025-09-24,15884,2025092404007943,LEC,Vision Securities Pvt. Ltd,Aryatara Investment & Securities,1076,210.0,225960.0,2025-09-24 14:04:06.410008
2025-09-24,15708,2025092404007986,LEC,Vision Securities Pvt. Ltd,Naasa Securities Co. Ltd.,324,210.2,68104.8,2025-09-24 14:05:00.722198
2025-09-24,15652,2025092404008010,LEC,Dynamic Money Managers Securities Pvt. Ltd.,Naasa Securities Co. Ltd.,176,209.8,36924.8,2025-09-24 14:05:19.606722
2025-09-24,15564,2025092404008048,LEC,Dynamic Money Managers Securities Pvt. Ltd.,Investment Management Nepal Pvt. Ltd.,150,209.8,31470.0,2025-09-24 14:05:39.852814
2025-09-24,14865,2025092404008226,LEC,Primo Securities (PVT) Ltd.,Vision Securities Pvt. Ltd,25,210.0,5250.0,2025-09-24 14:09:57.788550
2025-09-24,14581,2025092404008293,LEC,Dynamic Money Managers Securities Pvt. Ltd.,Nepal Investment And Securities Trading Private Limited,149,209.8,31260.2,2025-09-24 14:11:36.802416
2025-09-24,14580,2025092404008294,LEC,Oxford Securities Pvt. Ltd.,Nepal Investment And Securities Trading Private Limited,100,209.1,20910.0,2025-09-24 14:11:36.802518
2025-09-24,14579,2025092404008295,LEC,Thrive Brokerage House Pvt. Ltd,Nepal Investment And Securities Trading Private Limited,751,209.0,156959.0,2025-09-24 14:11:36.802599
2025-09-24,14442,2025092404008315,LEC,Thrive Brokerage House Pvt. Ltd,Capital Max Securities Ltd,249,209.0,52041.0,2025-09-24 14:12:15.463432
2025-09-24,14441,2025092404008316,LEC,Linch Stock Market Ltd.,Capital Max Securities Ltd,51,209.0,10659.0,2025-09-24 14:12:15.463761
2025-09-24,14318,2025092404008365,LEC,Linch Stock Market Ltd.,Asian Securities Private Ltd.,949,209.0,198341.0,2025-09-24 14:13:02.571541
2025-09-24,14317,2025092404008366,LEC,Imperial Securities Company Pvt. Ltd.,Asian Securities Private Ltd.,50,209.0,10450.0,2025-09-24 14:13:02.571759
2025-09-24,14306,2025092404008367,LEC,Hatemalo Financial Services Private Limited,Oxford Securities Pvt. Ltd.,200,209.0,41800.0,2025-09-24 14:13:06.034702
2025-09-24,14305,2025092404008368,LEC,Market Securities & Exchange (PVT) Ltd.,Oxford Securities Pvt. Ltd.,95,209.0,19855.0,2025-09-24 14:13:06.034904
2025-09-24,14304,2025092404008369,LEC,Dakshinkali Investment & Securities Pvt. Ltd.,Oxford Securities Pvt. Ltd.,300,209.0,62700.0,2025-09-24 14:13:06.035026
2025-09-24,14303,2025092404008370,LEC,Sani Securities Company Ltd.,Oxford Securities Pvt. Ltd.,65,209.0,13585.0,2025-09-24 14:13:06.035092
2025-09-24,14143,2025092404008417,LEC,Sani Securities Company Ltd.,Creative Securities Pvt Ltd,30,209.0,6270.0,2025-09-24 14:14:05.617824
2025-09-24,14129,2025092404008422,LEC,Sani Securities Company Ltd.,Capital Max Securities Ltd,200,209.0,41800.0,2025-09-24 14:14:10.886701
2025-09-24,14122,2025092404008427,LEC,Sani Securities Company Ltd.,Blue Chip Securities Ltd,375,209.0,78375.0,2025-09-24 14:14:15.759154
2025-09-24,13327,2025092404008583,LEC,South Asian Bulls Pvt. Ltd.,Imperial Securities Company Pvt. Ltd.,500,208.8,104400.0,2025-09-24 14:17:07.436260
2025-09-24,13326,2025092404008584,LEC,Opal Securities Investment (PVT) Ltd.,Imperial Securities Company Pvt. Ltd.,100,208.8,20880.0,2025-09-24 14:17:07.436662
2025-09-24,13325,2025092404008585,LEC,Blue Chip Securities Ltd,Imperial Securities Company Pvt. Ltd.,100,208.7,20870.0,2025-09-24 14:17:07.436941
2025-09-24,13324,2025092404008586,LEC,Sani Securities Company Ltd.,Imperial Securities Company Pvt. Ltd.,100,208.6,20860.0,2025-09-24 14:17:07.437185
2025-09-24,13323,2025092404008587,LEC,Linch Stock Market Ltd.,Imperial Securities Company Pvt. Ltd.,100,208.6,20860.0,2025-09-24 14:17:07.437433
2025-09-24,13322,2025092404008588,LEC,Aryatara Investment & Securities,Imperial Securities Company Pvt. Ltd.,100,208.5,20850.0,2025-09-24 14:17:07.437670
2025-09-24,13024,2025092404008639,LEC,Blue Chip Securities Ltd,Online Securities Pvt. Ltd.,100,208.2,20820.0,2025-09-24 14:18:04.656396
2025-09-24,12987,2025092404008650,LEC,Neev Securities Pvt. Ltd.,Online Securities Pvt. Ltd.,700,208.1,145670.0,2025-09-24 14:18:14.707217
2025-09-24,12986,2025092404008651,LEC,Online Securities Pvt. Ltd.,Online Securities Pvt. Ltd.,100,208.1,20810.0,2025-09-24 14:18:14.707559
2025-09-24,12922,2025092404008668,LEC,Sani Securities Company Ltd.,Online Securities Pvt. Ltd.,200,208.1,41620.0,2025-09-24 14:18:26.432138
2025-09-24,12784,2025092404008702,LEC,Imperial Securities Company Pvt. Ltd.,Online Securities Pvt. Ltd.,50,208.0,10400.0,2025-09-24 14:18:54.001115
2025-09-24,12783,2025092404008703,LEC,Imperial Securities Company Pvt. Ltd.,Online Securities Pvt. Ltd.,100,208.0,20800.0,2025-09-24 14:18:54.001431
2025-09-24,12782,2025092404008704,LEC,Naasa Securities Co. Ltd.,Online Securities Pvt. Ltd.,50,208.0,10400.0,2025-09-24 14:18:54.001617
2025-09-24,12781,2025092404008705,LEC,Thrive Brokerage House Pvt. Ltd,Online Securities Pvt. Ltd.,100,208.0,20800.0,2025-09-24 14:18:54.001800
2025-09-24,12593,2025092404008746,LEC,Naasa Securities Co. Ltd.,ABC Securities Private Limited,200,208.0,41600.0,2025-09-24 14:19:26.891027
2025-09-24,12592,2025092404008747,LEC,Nepal Investment And Securities Trading Private Limited,ABC Securities Private Limited,500,208.0,104000.0,2025-09-24 14:19:26.891365
2025-09-24,12591,2025092404008748,LEC,Imperial Securities Company Pvt. Ltd.,ABC Securities Private Limited,50,208.0,10400.0,2025-09-24 14:19:26.891557
2025-09-24,12590,2025092404008749,LEC,Market Securities & Exchange (PVT) Ltd.,ABC Securities Private Limited,100,208.0,20800.0,2025-09-24 14:19:26.891736
2025-09-24,12589,2025092404008750,LEC,Naasa Securities Co. Ltd.,ABC Securities Private Limited,150,208.0,31200.0,2025-09-24 14:19:26.891912
2025-09-24,12245,2025092404008843,LEC,Online Securities Pvt. Ltd.,Kohinoor Investment & Securities Pvt. Ltd.,125,209.0,26125.0,2025-09-24 14:20:36.755020
2025-09-24,12106,2025092404008861,LEC,Dipshikha Dhitopatra Karobar Co. Pvt Ltd.,Kohinoor Investment & Securities Pvt. Ltd.,600,209.0,125400.0,2025-09-24 14:21:11.701026
2025-09-24,10614,2025092404009150,LEC,Imperial Securities Company Pvt. Ltd.,Kohinoor Investment & Securities Pvt. Ltd.,175,209.0,36575.0,2025-09-24 14:27:22.579790
2025-09-24,10613,2025092404009151,LEC,Imperial Securities Company Pvt. Ltd.,Vision Securities Pvt. Ltd,795,209.0,166155.0,2025-09-24 14:27:22.579977
2025-09-24,10612,2025092404009152,LEC,Imperial Securities Company Pvt. Ltd.,Sundhara Securities Limited,200,209.0,41800.0,2025-09-24 14:27:22.580044
2025-09-24,10557,2025092404009165,LEC,Imperial Securities Company Pvt. Ltd.,Primo Securities (PVT) Ltd.,600,209.0,125400.0,2025-09-24 14:27:48.679772
2025-09-24,9949,2025092404009277,LEC,Imperial Securities Company Pvt. Ltd.,Sagarmatha Securities Private Limited,230,209.0,48070.0,2025-09-24 14:30:48.419746
2025-09-24,9378,2025092404009411,LEC,Linch Stock Market Ltd.,Dakshinkali Investment & Securities Pvt. Ltd.,100,209.0,20900.0,2025-09-24 14:35:27.498372
2025-09-24,8948,2025092404009513,LEC,Sweta Securities Private Limited,Dakshinkali Investment & Securities Pvt. Ltd.,100,209.0,20900.0,2025-09-24 14:39:15.105342
2025-09-24,8914,2025092404009519,LEC,Sweta Securities Private Limited,Deevyaa Securities & Stock House Pvt. Ltd,100,208.5,20850.0,2025-09-24 14:39:29.245025
2025-09-24,8913,2025092404009520,LEC,Naasa Securities Co. Ltd.,Deevyaa Securities & Stock House Pvt. Ltd,50,208.4,10420.0,2025-09-24 14:39:29.245397
2025-09-24,8912,2025092404009521,LEC,Sweta Securities Private Limited,Deevyaa Securities & Stock House Pvt. Ltd,100,208.2,20820.0,2025-09-24 14:39:29.245600
2025-09-24,8911,2025092404009522,LEC,Vision Securities Pvt. Ltd,Deevyaa Securities & Stock House Pvt. Ltd,500,208.2,104100.0,2025-09-24 14:39:29.245808
2025-09-24,8910,2025092404009523,LEC,Agrawal Securities (PVT) Ltd.,Deevyaa Securities & Stock House Pvt. Ltd,50,208.1,10405.0,2025-09-24 14:39:29.246000
2025-09-24,8909,2025092404009524,LEC,Sani Securities Company Ltd.,Deevyaa Securities & Stock House Pvt. Ltd,100,208.1,20810.0,2025-09-24 14:39:29.246197
2025-09-24,8908,2025092404009525,LEC,Midas Stock Broking Company Private Limited,Deevyaa Securities & Stock House Pvt. Ltd,500,208.1,104050.0,2025-09-24 14:39:29.246399
2025-09-24,8907,2025092404009526,LEC,Naasa Securities Co. Ltd.,Deevyaa Securities & Stock House Pvt. Ltd,100,208.0,20800.0,2025-09-24 14:39:29.246587
2025-09-24,8708,2025092404009587,LEC,Vision Securities Pvt. Ltd,Miyo Securities Pvt Ltd,197,208.5,41074.5,2025-09-24 14:40:24.071404
2025-09-24,8065,2025092404009770,LEC,South Asian Bulls Pvt. Ltd.,Premier Securities Company Ltd.,250,208.1,52025.0,2025-09-24 14:43:04.025172
2025-09-24,8064,2025092404009771,LEC,Trishakti Securities Public Limited,Premier Securities Company Ltd.,250,208.1,52025.0,2025-09-24 14:43:04.025589
2025-09-24,8042,2025092404009778,LEC,Trishakti Securities Public Limited,R.B.B. Securities Company Ltd,750,208.1,156075.0,2025-09-24 14:43:14.262396
2025-09-24,8041,2025092404009779,LEC,Opal Securities Investment (PVT) Ltd.,R.B.B. Securities Company Ltd,100,208.1,20810.0,2025-09-24 14:43:14.262765
2025-09-24,8040,2025092404009780,LEC,Naasa Securities Co. Ltd.,R.B.B. Securities Company Ltd,250,208.0,52000.0,2025-09-24 14:43:14.262992
2025-09-24,8039,2025092404009781,LEC,Dipshikha Dhitopatra Karobar Co. Pvt Ltd.,R.B.B. Securities Company Ltd,500,208.0,104000.0,2025-09-24 14:43:14.263188
2025-09-24,8038,2025092404009782,LEC,Linch Stock Market Ltd.,R.B.B. Securities Company Ltd,500,208.0,104000.0,2025-09-24 14:43:14.263454
2025-09-24,8037,2025092404009783,LEC,Sri Hari Securities Pvt. Ltd.,R.B.B. Securities Company Ltd,38,208.0,7904.0,2025-09-24 14:43:14.263673
2025-09-24,8036,2025092404009784,LEC,Himalayan Brokerage Company Limited,R.B.B. Securities Company Ltd,1000,208.0,208000.0,2025-09-24 14:43:14.263862
2025-09-24,8035,2025092404009785,LEC,Miyo Securities Pvt Ltd,R.B.B. Securities Company Ltd,10,208.0,2080.0,2025-09-24 14:43:14.264075
2025-09-24,8034,2025092404009786,LEC,Premier Securities Company Ltd.,R.B.B. Securities Company Ltd,200,208.0,41600.0,2025-09-24 14:43:14.264307
2025-09-24,8033,2025092404009787,LEC,Asian Securities Private Ltd.,R.B.B. Securities Company Ltd,300,208.0,62400.0,2025-09-24 14:43:14.264519
2025-09-24,8032,2025092404009788,LEC,Sipla Securities Private Limited,R.B.B. Securities Company Ltd,500,208.0,104000.0,2025-09-24 14:43:14.264711
2025-09-24,7652,2025092404009885,LEC,Ashutosh Brokerage & Securities (PVT) Ltd.,R.B.B. Securities Company Ltd,652,208.0,135616.0,2025-09-24 14:44:37.402285
2025-09-24,6793,2025092404010140,LEC,Malla & Malla Stock Broking Company Pvt. Limited,Neev Securities Pvt. Ltd.,100,207.7,20770.0,2025-09-24 14:47:35.933752
2025-09-24,6792,2025092404010141,LEC,Blue Chip Securities Ltd,Neev Securities Pvt. Ltd.,100,207.6,20760.0,2025-09-24 14:47:35.933986
2025-09-24,6791,2025092404010142,LEC,Malla & Malla Stock Broking Company Pvt. Limited,Neev Securities Pvt. Ltd.,100,207.5,20750.0,2025-09-24 14:47:35.934090
2025-09-24,6745,2025092404010154,LEC,Dakshinkali Investment & Securities Pvt. Ltd.,Naasa Securities Co. Ltd.,130,207.4,26962.0,2025-09-24 14:47:46.368658
2025-09-24,6435,2025092404010247,LEC,Dakshinkali Investment & Securities Pvt. Ltd.,Vision Securities Pvt. Ltd,870,207.4,180438.0,2025-09-24 14:48:43.603395
2025-09-24,6434,2025092404010248,LEC,Primo Securities (PVT) Ltd.,Vision Securities Pvt. Ltd,250,207.3,51825.0,2025-09-24 14:48:43.603505
2025-09-24,6433,2025092404010249,LEC,South Asian Bulls Pvt. Ltd.,Vision Securities Pvt. Ltd,1000,207.3,207300.0,2025-09-24 14:48:43.603591
2025-09-24,6432,2025092404010250,LEC,Online Securities Pvt. Ltd.,Vision Securities Pvt. Ltd,95,207.3,19693.5,2025-09-24 14:48:43.603657
2025-09-24,6431,2025092404010251,LEC,Nepal Investment And Securities Trading Private Limited,Vision Securities Pvt. Ltd,200,207.3,41460.0,2025-09-24 14:48:43.603718
2025-09-24,6430,2025092404010252,LEC,Opal Securities Investment (PVT) Ltd.,Vision Securities Pvt. Ltd,500,207.2,103600.0,2025-09-24 14:48:43.603780
2025-09-24,6429,2025092404010253,LEC,Imperial Securities Company Pvt. Ltd.,Vision Securities Pvt. Ltd,50,207.0,10350.0,2025-09-24 14:48:43.603856
2025-09-24,6428,2025092404010254,LEC,Naasa Securities Co. Ltd.,Vision Securities Pvt. Ltd,185,207.0,38295.0,2025-09-24 14:48:43.604035
2025-09-24,6283,2025092404010286,LEC,South Asian Bulls Pvt. Ltd.,Capital Max Securities Ltd,250,207.4,51850.0,2025-09-24 14:49:09.602035
2025-09-24,6104,2025092404010328,LEC,Naasa Securities Co. Ltd.,Online Securities Pvt. Ltd.,10,207.2,2072.0,2025-09-24 14:49:33.393760
2025-09-24,6046,2025092404010354,LEC,Dipshikha Dhitopatra Karobar Co. Pvt Ltd.,Capital Max Securities Ltd,250,207.4,51850.0,2025-09-24 14:49:39.796588
2025-09-24,6045,2025092404010355,LEC,Dipshikha Dhitopatra Karobar Co. Pvt Ltd.,Vision Securities Pvt. Ltd,650,208.0,135200.0,2025-09-24 14:49:39.796745
2025-09-24,4859,2025092404010608,LEC,Imperial Securities Company Pvt. Ltd.,Imperial Securities Company Pvt. Ltd.,40,207.9,8316.0,2025-09-24 14:52:18.803858
2025-09-24,4858,2025092404010609,LEC,Imperial Securities Company Pvt. Ltd.,Vision Securities Pvt. Ltd,60,208.0,12480.0,2025-09-24 14:52:18.804193
2025-09-24,4618,2025092404010633,LEC,Online Securities Pvt. Ltd.,Vision Securities Pvt. Ltd,435,208.0,90480.0,2025-09-24 14:52:44.046819
2025-09-24,4607,2025092404010636,LEC,Sumeru Securities Pvt. Ltd.,Vision Securities Pvt. Ltd,1000,208.0,208000.0,2025-09-24 14:52:46.793216
2025-09-24,4591,2025092404010642,LEC,Sani Securities Company Ltd.,Vision Securities Pvt. Ltd,20,208.0,4160.0,2025-09-24 14:52:51.468956
2025-09-24,4328,2025092404010694,LEC,Premier Securities Company Ltd.,Vision Securities Pvt. Ltd,300,208.0,62400.0,2025-09-24 14:53:20.506726
2025-09-24,3943,2025092404010840,LEC,Nepal Stock House (PVT) Ltd.,Vision Securities Pvt. Ltd,200,208.0,41600.0,2025-09-24 14:54:20.943246
2025-09-24,3857,2025092404010858,LEC,Neev Securities Pvt. Ltd.,Vision Securities Pvt. Ltd,235,208.0,48880.0,2025-09-24 14:54:34.056994
2025-09-24,3856,2025092404010859,LEC,Neev Securities Pvt. Ltd.,Sani Securities Company Ltd.,30,208.0,6240.0,2025-09-24 14:54:34.057208
2025-09-24,3855,2025092404010860,LEC,Neev Securities Pvt. Ltd.,South Asian Bulls Pvt. Ltd.,55,208.0,11440.0,2025-09-24 14:54:34.057296
2025-09-24,3712,2025092404010908,LEC,Naasa Securities Co. Ltd.,South Asian Bulls Pvt. Ltd.,290,208.0,60320.0,2025-09-24 14:54:56.508155
2025-09-24,3591,2025092404010926,LEC,Aryatara Investment & Securities,South Asian Bulls Pvt. Ltd.,50,208.0,10400.0,2025-09-24 14:55:14.762873
2025-09-24,3586,2025092404010929,LEC,Global IME Securities Limited,South Asian Bulls Pvt. Ltd.,100,208.0,20800.0,2025-09-24 14:55:15.620990
2025-09-24,3488,2025092404010951,LEC,Dipshikha Dhitopatra Karobar Co. Pvt Ltd.,Vision Securities Pvt. Ltd,50,207.5,10375.0,2025-09-24 14:55:29.248715
2025-09-24,3487,2025092404010952,LEC,Sani Securities Company Ltd.,Vision Securities Pvt. Ltd,130,207.3,26949.0,2025-09-24 14:55:29.249060
2025-09-24,3486,2025092404010953,LEC,Sweta Securities Private Limited,Vision Securities Pvt. Ltd,95,207.2,19684.0,2025-09-24 14:55:29.249297
2025-09-24,3439,2025092404010965,LEC,Dakshinkali Investment & Securities Pvt. Ltd.,Siprabi Securities Pvt. Ltd.,1000,207.4,207400.0,2025-09-24 14:55:35.723641
2025-09-24,3438,2025092404010966,LEC,Sweta Securities Private Limited,Siprabi Securities Pvt. Ltd.,105,207.2,21756.0,2025-09-24 14:55:35.724012
2025-09-24,3437,2025092404010967,LEC,Vision Securities Pvt. Ltd,Siprabi Securities Pvt. Ltd.,100,207.2,20720.0,2025-09-24 14:55:35.724281
2025-09-24,3436,2025092404010968,LEC,South Asian Bulls Pvt. Ltd.,Siprabi Securities Pvt. Ltd.,295,207.2,61124.0,2025-09-24 14:55:35.724516
2025-09-24,3217,2025092404011023,LEC,Opal Securities Investment (PVT) Ltd.,Dipshikha Dhitopatra Karobar Co. Pvt Ltd.,60,208.0,12480.0,2025-09-24 14:56:01.794031
2025-09-24,3216,2025092404011024,LEC,Opal Securities Investment (PVT) Ltd.,Trisul Securities & Invt. Ltd.,50,208.0,10400.0,2025-09-24 14:56:01.794356
2025-09-24,3215,2025092404011025,LEC,Opal Securities Investment (PVT) Ltd.,Miyo Securities Pvt Ltd,1500,208.0,312000.0,2025-09-24 14:56:01.794572
2025-09-24,2678,2025092404011170,LEC,Sri Hari Securities Pvt. Ltd.,Sundhara Securities Limited,1000,208.5,208500.0,2025-09-24 14:57:18.436520
2025-09-24,2126,2025092404011343,LEC,Trademow Securities Private Limited,Nabil Stock Dealer Ltd.,300,208.0,62400.0,2025-09-24 14:58:14.193565
2025-09-24,1681,2025092404011482,LEC,Global IME Securities Limited,Asian Securities Private Ltd.,1,209.0,209.0,2025-09-24 14:58:51.510756
2025-09-24,627,2025092404011749,LEC,Opal Securities Investment (PVT) Ltd.,Vision Securities Pvt. Ltd,54,208.1,11237.4,2025-09-24 14:59:46.694299
2025-09-24,611,2025092404011758,LEC,Opal Securities Investment (PVT) Ltd.,Nabil Stock Dealer Ltd.,146,208.1,30382.6,2025-09-24 14:59:47.468452
2025-09-24,610,2025092404011759,LEC,Sanima Securities Limited,Nabil Stock Dealer Ltd.,14,208.1,2913.4,2025-09-24 14:59:47.468649
