Date,S.N.,contract_id,symbol,buyer_broker,seller_broker,volume,price,amount,transaction_time
2025-09-24,46843,2025092401000207,PRVU,Kalika Securities Pvt. Ltd.,Sweta Securities Private Limited,12,210.0,2520.0,2025-09-24 11:05:49.464075
2025-09-24,46766,2025092401000221,PRVU,Shree Krishna Securities Ltd.,Sweta Securities Private Limited,20,210.0,4200.0,2025-09-24 11:06:04.146624
2025-09-24,46355,2025092401000298,PRVU,Aryatara Investment & Securities,Vision Securities Pvt. Ltd,30,209.9,6297.0,2025-09-24 11:07:50.684994
2025-09-24,45844,2025092401000403,PRVU,Naasa Securities Co. Ltd.,Vision Securities Pvt. Ltd,20,208.0,4160.0,2025-09-24 11:10:02.475140
2025-09-24,45085,2025092401000570,PRVU,Capital Max Securities Ltd,Aryatara Investment & Securities,50,207.1,10355.0,2025-09-24 11:14:01.087842
2025-09-24,45084,2025092401000571,PRVU,Dynamic Money Managers Securities Pvt. Ltd.,Aryatara Investment & Securities,50,207.0,10350.0,2025-09-24 11:14:01.087991
2025-09-24,44832,2025092401000640,PRVU,Dynamic Money Managers Securities Pvt. Ltd.,Imperial Securities Company Pvt. Ltd.,72,207.0,14904.0,2025-09-24 11:15:17.065179
2025-09-24,44725,2025092401000655,PRVU,Sewa Securities Pvt. Ltd.,Online Securities Pvt. Ltd.,250,206.2,51550.0,2025-09-24 11:15:35.945048
2025-09-24,44336,2025092401000749,PRVU,Sewa Securities Pvt. Ltd.,Imperial Securities Company Pvt. Ltd.,250,206.2,51550.0,2025-09-24 11:16:54.983328
2025-09-24,44335,2025092401000750,PRVU,Kumari Securities Private Limited,Imperial Securities Company Pvt. Ltd.,945,206.0,194670.0,2025-09-24 11:16:54.983422
2025-09-24,44334,2025092401000751,PRVU,Imperial Securities Company Pvt. Ltd.,Imperial Securities Company Pvt. Ltd.,305,206.0,62830.0,2025-09-24 11:16:54.983460
2025-09-24,44292,2025092401000764,PRVU,Imperial Securities Company Pvt. Ltd.,Nepal Investment And Securities Trading Private Limited,695,206.0,143170.0,2025-09-24 11:17:04.537930
2025-09-24,44291,2025092401000765,PRVU,Linch Stock Market Ltd.,Nepal Investment And Securities Trading Private Limited,100,206.0,20600.0,2025-09-24 11:17:04.538151
2025-09-24,44165,2025092401000801,PRVU,Linch Stock Market Ltd.,Nepal Investment And Securities Trading Private Limited,946,205.6,194497.6,2025-09-24 11:17:33.663925
2025-09-24,43540,2025092401000948,PRVU,Machhapuchchhre Securities Limited,Nepal Investment And Securities Trading Private Limited,18,207.0,3726.0,2025-09-24 11:20:25.723190
2025-09-24,43460,2025092401000963,PRVU,Ashutosh Brokerage & Securities (PVT) Ltd.,Nepal Investment And Securities Trading Private Limited,282,207.0,58374.0,2025-09-24 11:20:43.319818
2025-09-24,42559,2025092401001154,PRVU,INDEX SECURITIES LIMITED,J.F. Securites (PVT) Ltd.,50,207.1,10355.0,2025-09-24 11:24:25.998020
2025-09-24,42502,2025092401001169,PRVU,INDEX SECURITIES LIMITED,Naasa Securities Co. Ltd.,500,207.1,103550.0,2025-09-24 11:24:42.012280
2025-09-24,42202,2025092401001272,PRVU,INDEX SECURITIES LIMITED,Miyo Securities Pvt Ltd,145,207.1,30029.5,2025-09-24 11:26:26.929608
2025-09-24,41986,2025092401001335,PRVU,Bhrikuti Stock Broking Co. Pvt. Ltd.,Bhrikuti Stock Broking Co. Pvt. Ltd.,100,208.4,20840.0,2025-09-24 11:27:36.808502
2025-09-24,41262,2025092401001494,PRVU,Naasa Securities Co. Ltd.,Sani Securities Company Ltd.,10,208.4,2084.0,2025-09-24 11:31:42.986883
2025-09-24,41210,2025092401001504,PRVU,Stoxkarts Securities Limited,Online Securities Pvt. Ltd.,20,208.0,4160.0,2025-09-24 11:31:55.640131
2025-09-24,41061,2025092401001538,PRVU,Naasa Securities Co. Ltd.,Kohinoor Investment & Securities Pvt. Ltd.,20,207.8,4156.0,2025-09-24 11:32:43.294018
2025-09-24,41060,2025092401001539,PRVU,INDEX SECURITIES LIMITED,Kohinoor Investment & Securities Pvt. Ltd.,305,207.1,63165.5,2025-09-24 11:32:43.294178
2025-09-24,41059,2025092401001540,PRVU,Ashutosh Brokerage & Securities (PVT) Ltd.,Kohinoor Investment & Securities Pvt. Ltd.,218,207.0,45126.0,2025-09-24 11:32:43.294231
2025-09-24,41058,2025092401001541,PRVU,Bhrikuti Stock Broking Co. Pvt. Ltd.,Kohinoor Investment & Securities Pvt. Ltd.,100,207.0,20700.0,2025-09-24 11:32:43.294287
2025-09-24,41057,2025092401001542,PRVU,Naasa Securities Co. Ltd.,Kohinoor Investment & Securities Pvt. Ltd.,1000,207.0,207000.0,2025-09-24 11:32:43.294332
2025-09-24,41056,2025092401001543,PRVU,Naasa Securities Co. Ltd.,Kohinoor Investment & Securities Pvt. Ltd.,1000,207.0,207000.0,2025-09-24 11:32:43.294376
2025-09-24,41055,2025092401001544,PRVU,Linch Stock Market Ltd.,Kohinoor Investment & Securities Pvt. Ltd.,100,207.0,20700.0,2025-09-24 11:32:43.294418
2025-09-24,40852,2025092401001589,PRVU,Siprabi Securities Pvt. Ltd.,Kohinoor Investment & Securities Pvt. Ltd.,10,207.0,2070.0,2025-09-24 11:33:25.707858
2025-09-24,40360,2025092401001724,PRVU,Himalayan Brokerage Company Limited,Kohinoor Investment & Securities Pvt. Ltd.,10,207.0,2070.0,2025-09-24 11:35:30.655095
2025-09-24,40203,2025092401001755,PRVU,Property Wiard Limited,Malla & Malla Stock Broking Company Pvt. Limited,150,206.6,30990.0,2025-09-24 11:36:26.212411
2025-09-24,40202,2025092401001756,PRVU,Shree Krishna Securities Ltd.,Malla & Malla Stock Broking Company Pvt. Limited,106,206.6,21899.6,2025-09-24 11:36:26.212570
2025-09-24,39694,2025092401001903,PRVU,Machhapuchchhre Securities Limited,Kohinoor Investment & Securities Pvt. Ltd.,10,207.0,2070.0,2025-09-24 11:38:47.886438
2025-09-24,39516,2025092401001935,PRVU,Capital Max Securities Ltd,Kohinoor Investment & Securities Pvt. Ltd.,227,207.0,46989.0,2025-09-24 11:39:40.038007
2025-09-24,39515,2025092401001936,PRVU,Capital Max Securities Ltd,Online Securities Pvt. Ltd.,30,207.0,6210.0,2025-09-24 11:39:40.038130
2025-09-24,39514,2025092401001937,PRVU,Capital Max Securities Ltd,Online Securities Pvt. Ltd.,80,208.0,16640.0,2025-09-24 11:39:40.038194
2025-09-24,39513,2025092401001938,PRVU,Capital Max Securities Ltd,Sweta Securities Private Limited,500,208.0,104000.0,2025-09-24 11:39:40.038244
2025-09-24,39512,2025092401001939,PRVU,Capital Max Securities Ltd,Kumari Securities Private Limited,113,208.9,23605.7,2025-09-24 11:39:40.038294
2025-09-24,39140,2025092401002129,PRVU,Sani Securities Company Ltd.,Imperial Securities Company Pvt. Ltd.,4,207.0,828.0,2025-09-24 11:41:04.474146
2025-09-24,38514,2025092401002288,PRVU,Naasa Securities Co. Ltd.,Nabil Stock Dealer Ltd.,20,208.0,4160.0,2025-09-24 11:44:20.573762
2025-09-24,37939,2025092401002406,PRVU,Naasa Securities Co. Ltd.,Kumari Securities Private Limited,20,208.9,4178.0,2025-09-24 11:48:26.991527
2025-09-24,37216,2025092401002590,PRVU,Capital Max Securities Ltd,Kumari Securities Private Limited,49,208.9,10236.1,2025-09-24 11:53:00.577564
2025-09-24,37176,2025092401002603,PRVU,Naasa Securities Co. Ltd.,Online Securities Pvt. Ltd.,100,208.0,20800.0,2025-09-24 11:53:14.124389
2025-09-24,36608,2025092401002733,PRVU,Machhapuchchhre Securities Limited,Kumari Securities Private Limited,10,208.9,2089.0,2025-09-24 11:56:33.392820
2025-09-24,36587,2025092401002736,PRVU,Sani Securities Company Ltd.,Online Securities Pvt. Ltd.,200,208.5,41700.0,2025-09-24 11:56:40.398403
2025-09-24,36541,2025092401002747,PRVU,Imperial Securities Company Pvt. Ltd.,Sani Securities Company Ltd.,50,208.1,10405.0,2025-09-24 11:56:54.438593
2025-09-24,36286,2025092401002813,PRVU,Naasa Securities Co. Ltd.,Dakshinkali Investment & Securities Pvt. Ltd.,100,209.0,20900.0,2025-09-24 11:58:24.565252
2025-09-24,36243,2025092401002822,PRVU,Naasa Securities Co. Ltd.,Dakshinkali Investment & Securities Pvt. Ltd.,100,209.0,20900.0,2025-09-24 11:58:34.794973
2025-09-24,36242,2025092401002823,PRVU,Naasa Securities Co. Ltd.,Vision Securities Pvt. Ltd,100,209.0,20900.0,2025-09-24 11:58:34.795258
2025-09-24,36141,2025092401002852,PRVU,Imperial Securities Company Pvt. Ltd.,Aryatara Investment & Securities,52,208.1,10821.2,2025-09-24 11:59:08.864896
2025-09-24,35928,2025092401002893,PRVU,Machhapuchchhre Securities Limited,Vision Securities Pvt. Ltd,10,209.0,2090.0,2025-09-24 12:00:16.882709
2025-09-24,35588,2025092401002981,PRVU,Sri Hari Securities Pvt. Ltd.,Vision Securities Pvt. Ltd,280,209.0,58520.0,2025-09-24 12:01:58.775482
2025-09-24,35587,2025092401002982,PRVU,Sri Hari Securities Pvt. Ltd.,Opal Securities Investment (PVT) Ltd.,40,209.0,8360.0,2025-09-24 12:01:58.775622
2025-09-24,35586,2025092401002983,PRVU,Sri Hari Securities Pvt. Ltd.,Neev Securities Pvt. Ltd.,200,209.0,41800.0,2025-09-24 12:01:58.775685
2025-09-24,35101,2025092401003090,PRVU,Sri Hari Securities Pvt. Ltd.,Online Securities Pvt. Ltd.,200,209.5,41900.0,2025-09-24 12:04:42.240396
2025-09-24,34883,2025092401003140,PRVU,Sri Hari Securities Pvt. Ltd.,Online Securities Pvt. Ltd.,200,209.5,41900.0,2025-09-24 12:05:58.404450
2025-09-24,34794,2025092401003160,PRVU,Sri Hari Securities Pvt. Ltd.,Trisul Securities & Invt. Ltd.,80,209.5,16760.0,2025-09-24 12:06:25.928186
2025-09-24,34793,2025092401003161,PRVU,Online Securities Pvt. Ltd.,Trisul Securities & Invt. Ltd.,41,209.0,8569.0,2025-09-24 12:06:25.928381
2025-09-24,34631,2025092401003213,PRVU,Sweta Securities Private Limited,Pragyan Securities (PVT) Ltd.,40,209.9,8396.0,2025-09-24 12:07:06.741831
2025-09-24,34630,2025092401003214,PRVU,Sweta Securities Private Limited,Sani Securities Company Ltd.,50,209.9,10495.0,2025-09-24 12:07:06.741984
2025-09-24,34148,2025092401003360,PRVU,Sweta Securities Private Limited,Online Securities Pvt. Ltd.,100,209.9,20990.0,2025-09-24 12:09:08.400746
2025-09-24,33256,2025092401003607,PRVU,Sweta Securities Private Limited,Dipshikha Dhitopatra Karobar Co. Pvt Ltd.,279,209.0,58311.0,2025-09-24 12:14:01.359145
2025-09-24,33255,2025092401003608,PRVU,Imperial Securities Company Pvt. Ltd.,Dipshikha Dhitopatra Karobar Co. Pvt Ltd.,13,208.1,2705.3,2025-09-24 12:14:01.359284
2025-09-24,33254,2025092401003609,PRVU,Naasa Securities Co. Ltd.,Dipshikha Dhitopatra Karobar Co. Pvt Ltd.,100,208.0,20800.0,2025-09-24 12:14:01.359348
2025-09-24,33253,2025092401003610,PRVU,Naasa Securities Co. Ltd.,Dipshikha Dhitopatra Karobar Co. Pvt Ltd.,100,208.0,20800.0,2025-09-24 12:14:01.359405
2025-09-24,33252,2025092401003611,PRVU,Linch Stock Market Ltd.,Dipshikha Dhitopatra Karobar Co. Pvt Ltd.,100,208.0,20800.0,2025-09-24 12:14:01.359466
2025-09-24,33251,2025092401003612,PRVU,Imperial Securities Company Pvt. Ltd.,Dipshikha Dhitopatra Karobar Co. Pvt Ltd.,50,208.0,10400.0,2025-09-24 12:14:01.359525
2025-09-24,33250,2025092401003613,PRVU,Online Securities Pvt. Ltd.,Dipshikha Dhitopatra Karobar Co. Pvt Ltd.,10,208.0,2080.0,2025-09-24 12:14:01.359581
2025-09-24,33249,2025092401003614,PRVU,Nepal Stock House (PVT) Ltd.,Dipshikha Dhitopatra Karobar Co. Pvt Ltd.,48,208.0,9984.0,2025-09-24 12:14:01.359637
2025-09-24,33133,2025092401003630,PRVU,Kumari Securities Private Limited,Vision Securities Pvt. Ltd,100,209.8,20980.0,2025-09-24 12:14:39.985324
2025-09-24,33132,2025092401003631,PRVU,Kumari Securities Private Limited,Property Wiard Limited,100,209.8,20980.0,2025-09-24 12:14:39.985467
2025-09-24,33054,2025092401003652,PRVU,Kumari Securities Private Limited,Premier Securities Company Ltd.,106,209.9,22249.4,2025-09-24 12:14:56.938645
2025-09-24,33019,2025092401003662,PRVU,Miyo Securities Pvt Ltd,Sweta Securities Private Limited,88,210.0,18480.0,2025-09-24 12:15:07.963258
2025-09-24,33018,2025092401003663,PRVU,Miyo Securities Pvt Ltd,Linch Stock Market Ltd.,500,210.0,105000.0,2025-09-24 12:15:07.963340
2025-09-24,33017,2025092401003664,PRVU,Miyo Securities Pvt Ltd,Secured Securities Ltd.,500,210.0,105000.0,2025-09-24 12:15:07.963361
2025-09-24,33016,2025092401003665,PRVU,Miyo Securities Pvt Ltd,Aryatara Investment & Securities,64,210.0,13440.0,2025-09-24 12:15:07.963387
2025-09-24,33015,2025092401003666,PRVU,Miyo Securities Pvt Ltd,Linch Stock Market Ltd.,325,210.0,68250.0,2025-09-24 12:15:07.963407
2025-09-24,33014,2025092401003667,PRVU,Miyo Securities Pvt Ltd,Deevyaa Securities & Stock House Pvt. Ltd,10,210.0,2100.0,2025-09-24 12:15:07.963439
2025-09-24,33013,2025092401003668,PRVU,Miyo Securities Pvt Ltd,Siprabi Securities Pvt. Ltd.,13,210.2,2732.6,2025-09-24 12:15:07.963463
2025-09-24,32981,2025092401003675,PRVU,Kumari Securities Private Limited,Online Securities Pvt. Ltd.,200,209.9,41980.0,2025-09-24 12:15:14.214382
2025-09-24,32516,2025092401003763,PRVU,Kumari Securities Private Limited,Property Wiard Limited,25,209.9,5247.5,2025-09-24 12:17:02.461468
2025-09-24,32354,2025092401003795,PRVU,Kumari Securities Private Limited,Vision Securities Pvt. Ltd,48,209.9,10075.2,2025-09-24 12:17:37.004785
2025-09-24,32302,2025092401003799,PRVU,Kumari Securities Private Limited,Kumari Securities Private Limited,121,209.9,25397.9,2025-09-24 12:17:49.748520
2025-09-24,31849,2025092401003876,PRVU,Online Securities Pvt. Ltd.,Premier Securities Company Ltd.,31,208.0,6448.0,2025-09-24 12:19:03.229125
2025-09-24,31098,2025092401004071,PRVU,Thrive Brokerage House Pvt. Ltd,Naasa Securities Co. Ltd.,50,208.0,10400.0,2025-09-24 12:22:11.127146
2025-09-24,30585,2025092401004195,PRVU,Vision Securities Pvt. Ltd,Vision Securities Pvt. Ltd,1,204.2,204.2,2025-09-24 12:24:54.173837
2025-09-24,30567,2025092401004197,PRVU,Capital Max Securities Ltd,Vision Securities Pvt. Ltd,20,207.5,4150.0,2025-09-24 12:25:01.316953
2025-09-24,29943,2025092401004348,PRVU,Capital Max Securities Ltd,Deevyaa Securities & Stock House Pvt. Ltd,85,207.5,17637.5,2025-09-24 12:28:06.653465
2025-09-24,29942,2025092401004349,PRVU,Cristal Kanchanjanga Securites Pvt. Ltd.,Deevyaa Securities & Stock House Pvt. Ltd,100,207.3,20730.0,2025-09-24 12:28:06.653511
2025-09-24,29941,2025092401004350,PRVU,Linch Stock Market Ltd.,Deevyaa Securities & Stock House Pvt. Ltd,100,207.3,20730.0,2025-09-24 12:28:06.653538
2025-09-24,29940,2025092401004351,PRVU,Miyo Securities Pvt Ltd,Deevyaa Securities & Stock House Pvt. Ltd,338,207.2,70033.6,2025-09-24 12:28:06.653570
2025-09-24,29760,2025092401004391,PRVU,Machhapuchchhre Securities Limited,Naasa Securities Co. Ltd.,10,208.0,2080.0,2025-09-24 12:28:58.773225
2025-09-24,29489,2025092401004464,PRVU,Vision Securities Pvt. Ltd,Aryatara Investment & Securities,200,207.3,41460.0,2025-09-24 12:30:45.948865
2025-09-24,29488,2025092401004465,PRVU,Miyo Securities Pvt Ltd,Aryatara Investment & Securities,157,207.2,32530.4,2025-09-24 12:30:45.949203
2025-09-24,28971,2025092401004574,PRVU,Miyo Securities Pvt Ltd,Online Securities Pvt. Ltd.,13,207.2,2693.6,2025-09-24 12:34:23.566285
2025-09-24,28893,2025092401004611,PRVU,Machhapuchchhre Securities Limited,Naasa Securities Co. Ltd.,10,208.0,2080.0,2025-09-24 12:34:57.640491
2025-09-24,28330,2025092401004755,PRVU,Himalayan Brokerage Company Limited,Naasa Securities Co. Ltd.,20,208.0,4160.0,2025-09-24 12:38:44.832578
2025-09-24,27778,2025092401004904,PRVU,Bhrikuti Stock Broking Co. Pvt. Ltd.,Naasa Securities Co. Ltd.,800,208.0,166400.0,2025-09-24 12:41:40.022005
2025-09-24,27777,2025092401004905,PRVU,Bhrikuti Stock Broking Co. Pvt. Ltd.,Nepal Stock House (PVT) Ltd.,200,208.0,41600.0,2025-09-24 12:41:40.022362
2025-09-24,27317,2025092401005019,PRVU,Midas Stock Broking Company Private Limited,Nepal Stock House (PVT) Ltd.,145,208.0,30160.0,2025-09-24 12:44:05.154095
2025-09-24,26892,2025092401005131,PRVU,Online Securities Pvt. Ltd.,Cristal Kanchanjanga Securites Pvt. Ltd.,20,207.5,4150.0,2025-09-24 12:46:16.003142
2025-09-24,26891,2025092401005132,PRVU,Agrawal Securities (PVT) Ltd.,Cristal Kanchanjanga Securites Pvt. Ltd.,100,207.2,20720.0,2025-09-24 12:46:16.003473
2025-09-24,26890,2025092401005133,PRVU,Naasa Securities Co. Ltd.,Cristal Kanchanjanga Securites Pvt. Ltd.,11,207.1,2278.1,2025-09-24 12:46:16.003674
2025-09-24,26889,2025092401005134,PRVU,Nepal Investment And Securities Trading Private Limited,Cristal Kanchanjanga Securites Pvt. Ltd.,100,207.0,20700.0,2025-09-24 12:46:16.003874
2025-09-24,26888,2025092401005135,PRVU,Sri Hari Securities Pvt. Ltd.,Cristal Kanchanjanga Securites Pvt. Ltd.,26,207.0,5382.0,2025-09-24 12:46:16.004115
2025-09-24,26887,2025092401005136,PRVU,ABC Securities Private Limited,Cristal Kanchanjanga Securites Pvt. Ltd.,745,207.0,154215.0,2025-09-24 12:46:16.004313
2025-09-24,26498,2025092401005231,PRVU,ABC Securities Private Limited,Deevyaa Securities & Stock House Pvt. Ltd,255,207.0,52785.0,2025-09-24 12:48:15.811766
2025-09-24,26497,2025092401005232,PRVU,SUN SECURITIES PVT LTD,Deevyaa Securities & Stock House Pvt. Ltd,150,207.0,31050.0,2025-09-24 12:48:15.811939
2025-09-24,26496,2025092401005233,PRVU,ABC Securities Private Limited,Deevyaa Securities & Stock House Pvt. Ltd,191,207.0,39537.0,2025-09-24 12:48:15.812008
2025-09-24,26361,2025092401005271,PRVU,ABC Securities Private Limited,Premier Securities Company Ltd.,100,207.0,20700.0,2025-09-24 12:48:50.081955
2025-09-24,25997,2025092401005365,PRVU,Thrive Brokerage House Pvt. Ltd,Market Securities & Exchange (PVT) Ltd.,50,207.0,10350.0,2025-09-24 12:50:39.631053
2025-09-24,25421,2025092401005472,PRVU,Machhapuchchhre Securities Limited,Dynamic Money Managers Securities Pvt. Ltd.,10,207.8,2078.0,2025-09-24 12:53:57.250077
2025-09-24,25217,2025092401005529,PRVU,Vision Securities Pvt. Ltd,Sumeru Securities Pvt. Ltd.,265,207.1,54881.5,2025-09-24 12:55:30.593792
2025-09-24,25216,2025092401005530,PRVU,Thrive Brokerage House Pvt. Ltd,Sumeru Securities Pvt. Ltd.,68,207.0,14076.0,2025-09-24 12:55:30.593840
2025-09-24,25090,2025092401005558,PRVU,Thrive Brokerage House Pvt. Ltd,Cristal Kanchanjanga Securites Pvt. Ltd.,132,207.0,27324.0,2025-09-24 12:56:38.806119
2025-09-24,25089,2025092401005559,PRVU,Thrive Brokerage House Pvt. Ltd,Cristal Kanchanjanga Securites Pvt. Ltd.,250,207.0,51750.0,2025-09-24 12:56:38.806285
2025-09-24,25088,2025092401005560,PRVU,Sani Securities Company Ltd.,Cristal Kanchanjanga Securites Pvt. Ltd.,50,207.0,10350.0,2025-09-24 12:56:38.806377
2025-09-24,25007,2025092401005587,PRVU,Sani Securities Company Ltd.,Sundhara Securities Limited,226,206.8,46736.8,2025-09-24 12:57:17.672899
2025-09-24,24968,2025092401005598,PRVU,Sani Securities Company Ltd.,Cristal Kanchanjanga Securites Pvt. Ltd.,50,207.0,10350.0,2025-09-24 12:57:52.197407
2025-09-24,24749,2025092401005658,PRVU,Secured Securities Ltd.,Cristal Kanchanjanga Securites Pvt. Ltd.,48,207.0,9936.0,2025-09-24 12:59:33.635656
2025-09-24,24147,2025092401005800,PRVU,Sundhara Securities Limited,Cristal Kanchanjanga Securites Pvt. Ltd.,10,207.0,2070.0,2025-09-24 13:04:01.980361
2025-09-24,24099,2025092401005812,PRVU,Naasa Securities Co. Ltd.,Premier Securities Company Ltd.,20,206.9,4138.0,2025-09-24 13:04:20.056342
2025-09-24,23910,2025092401005856,PRVU,Linch Stock Market Ltd.,Cristal Kanchanjanga Securites Pvt. Ltd.,100,207.0,20700.0,2025-09-24 13:05:56.627481
2025-09-24,23815,2025092401005878,PRVU,pahiinvestment,Cristal Kanchanjanga Securites Pvt. Ltd.,150,207.0,31050.0,2025-09-24 13:06:29.850115
2025-09-24,23683,2025092401005904,PRVU,Online Securities Pvt. Ltd.,Cristal Kanchanjanga Securites Pvt. Ltd.,210,207.0,43470.0,2025-09-24 13:07:30.875700
2025-09-24,23682,2025092401005905,PRVU,Online Securities Pvt. Ltd.,Sani Securities Company Ltd.,40,207.0,8280.0,2025-09-24 13:07:30.876066
2025-09-24,23556,2025092401005933,PRVU,Naasa Securities Co. Ltd.,Asian Securities Private Ltd.,60,206.9,12414.0,2025-09-24 13:08:51.048325
2025-09-24,23506,2025092401005953,PRVU,Sani Securities Company Ltd.,Sani Securities Company Ltd.,50,207.0,10350.0,2025-09-24 13:09:13.877989
2025-09-24,23276,2025092401006002,PRVU,Naasa Securities Co. Ltd.,Sani Securities Company Ltd.,100,207.0,20700.0,2025-09-24 13:11:07.172988
2025-09-24,23206,2025092401006016,PRVU,Naasa Securities Co. Ltd.,Primo Securities (PVT) Ltd.,200,206.9,41380.0,2025-09-24 13:11:38.318175
2025-09-24,23100,2025092401006046,PRVU,Siprabi Securities Pvt. Ltd.,Sani Securities Company Ltd.,100,207.0,20700.0,2025-09-24 13:12:37.410138
2025-09-24,22920,2025092401006077,PRVU,Sumeru Securities Pvt. Ltd.,Sani Securities Company Ltd.,60,207.0,12420.0,2025-09-24 13:13:42.739925
2025-09-24,22919,2025092401006078,PRVU,Sumeru Securities Pvt. Ltd.,Naasa Securities Co. Ltd.,100,207.0,20700.0,2025-09-24 13:13:42.740280
2025-09-24,22123,2025092401006327,PRVU,ABC Securities Private Limited,Dipshikha Dhitopatra Karobar Co. Pvt Ltd.,30,207.0,6210.0,2025-09-24 13:19:46.302189
2025-09-24,20889,2025092401006701,PRVU,ABC Securities Private Limited,ABC Securities Private Limited,10,207.0,2070.0,2025-09-24 13:30:13.945255
2025-09-24,20883,2025092401006705,PRVU,ABC Securities Private Limited,ABC Securities Private Limited,10,207.0,2070.0,2025-09-24 13:30:19.973149
2025-09-24,20588,2025092401006788,PRVU,ABC Securities Private Limited,ABC Securities Private Limited,153,207.0,31671.0,2025-09-24 13:33:24.832413
2025-09-24,20587,2025092401006789,PRVU,Secured Securities Ltd.,ABC Securities Private Limited,575,207.0,119025.0,2025-09-24 13:33:24.832783
2025-09-24,20586,2025092401006790,PRVU,Sani Securities Company Ltd.,ABC Securities Private Limited,1000,207.0,207000.0,2025-09-24 13:33:24.833166
2025-09-24,20373,2025092401006852,PRVU,Naasa Securities Co. Ltd.,ABC Securities Private Limited,50,207.0,10350.0,2025-09-24 13:35:31.335954
2025-09-24,20022,2025092401006968,PRVU,Sani Securities Company Ltd.,ABC Securities Private Limited,222,207.0,45954.0,2025-09-24 13:38:53.702912
2025-09-24,20021,2025092401006969,PRVU,Sani Securities Company Ltd.,Kohinoor Investment & Securities Pvt. Ltd.,10,207.0,2070.0,2025-09-24 13:38:53.703299
2025-09-24,20020,2025092401006970,PRVU,Sani Securities Company Ltd.,Sani Securities Company Ltd.,11,207.0,2277.0,2025-09-24 13:38:53.703538
2025-09-24,19863,2025092401007008,PRVU,Opal Securities Investment (PVT) Ltd.,Sri Hari Securities Pvt. Ltd.,5,208.0,1040.0,2025-09-24 13:40:42.729499
2025-09-24,19466,2025092401007127,PRVU,Indira securities pvt. ltd,Midas Stock Broking Company Private Limited,1,203.0,203.0,2025-09-24 13:43:15.979254
2025-09-24,19444,2025092401007132,PRVU,Indira securities pvt. ltd,Online Securities Pvt. Ltd.,1,204.0,204.0,2025-09-24 13:43:24.005304
2025-09-24,17930,2025092401007660,PRVU,SHUBHAKAMANA SECURITIES PVT. LTD,Nepal Stock House (PVT) Ltd.,489,208.0,101712.0,2025-09-24 13:53:39.989073
2025-09-24,17929,2025092401007661,PRVU,SHUBHAKAMANA SECURITIES PVT. LTD,Sewa Securities Pvt. Ltd.,100,208.0,20800.0,2025-09-24 13:53:39.989303
2025-09-24,17928,2025092401007662,PRVU,SHUBHAKAMANA SECURITIES PVT. LTD,Neev Securities Pvt. Ltd.,20,208.0,4160.0,2025-09-24 13:53:39.989388
2025-09-24,17927,2025092401007663,PRVU,SHUBHAKAMANA SECURITIES PVT. LTD,Siprabi Securities Pvt. Ltd.,200,208.7,41740.0,2025-09-24 13:53:39.989505
2025-09-24,17926,2025092401007664,PRVU,SHUBHAKAMANA SECURITIES PVT. LTD,Kumari Securities Private Limited,215,209.0,44935.0,2025-09-24 13:53:39.989593
2025-09-24,17925,2025092401007665,PRVU,SHUBHAKAMANA SECURITIES PVT. LTD,Neev Securities Pvt. Ltd.,976,209.0,203984.0,2025-09-24 13:53:39.989674
2025-09-24,16899,2025092401007927,PRVU,Naasa Securities Co. Ltd.,ABC Securities Private Limited,30,208.0,6240.0,2025-09-24 13:58:52.630633
2025-09-24,16898,2025092401007928,PRVU,Agrawal Securities (PVT) Ltd.,ABC Securities Private Limited,100,207.2,20720.0,2025-09-24 13:58:52.630747
2025-09-24,16897,2025092401007929,PRVU,Dipshikha Dhitopatra Karobar Co. Pvt Ltd.,ABC Securities Private Limited,1870,207.2,387464.0,2025-09-24 13:58:52.630820
2025-09-24,16407,2025092401008027,PRVU,Dipshikha Dhitopatra Karobar Co. Pvt Ltd.,Linch Stock Market Ltd.,113,207.2,23413.6,2025-09-24 14:01:55.652818
2025-09-24,16072,2025092401008073,PRVU,Dipshikha Dhitopatra Karobar Co. Pvt Ltd.,ABC Securities Private Limited,17,207.2,3522.4,2025-09-24 14:03:17.055749
2025-09-24,16071,2025092401008074,PRVU,Ashutosh Brokerage & Securities (PVT) Ltd.,ABC Securities Private Limited,950,207.1,196745.0,2025-09-24 14:03:17.056178
2025-09-24,16070,2025092401008075,PRVU,Premier Securities Company Ltd.,ABC Securities Private Limited,50,207.0,10350.0,2025-09-24 14:03:17.056433
2025-09-24,16069,2025092401008076,PRVU,Naasa Securities Co. Ltd.,ABC Securities Private Limited,50,207.0,10350.0,2025-09-24 14:03:17.056680
2025-09-24,16068,2025092401008077,PRVU,Midas Stock Broking Company Private Limited,ABC Securities Private Limited,100,207.0,20700.0,2025-09-24 14:03:17.056923
2025-09-24,16016,2025092401008081,PRVU,Naasa Securities Co. Ltd.,ABC Securities Private Limited,20,206.9,4138.0,2025-09-24 14:03:36.176865
2025-09-24,16015,2025092401008082,PRVU,Shree Krishna Securities Ltd.,ABC Securities Private Limited,94,206.6,19420.4,2025-09-24 14:03:36.177004
2025-09-24,16014,2025092401008083,PRVU,Linch Stock Market Ltd.,ABC Securities Private Limited,100,206.6,20660.0,2025-09-24 14:03:36.177097
2025-09-24,16013,2025092401008084,PRVU,Sri Hari Securities Pvt. Ltd.,ABC Securities Private Limited,50,206.6,10330.0,2025-09-24 14:03:36.177188
2025-09-24,16012,2025092401008085,PRVU,Trishakti Securities Public Limited,ABC Securities Private Limited,115,206.5,23747.5,2025-09-24 14:03:36.177262
2025-09-24,16011,2025092401008086,PRVU,Linch Stock Market Ltd.,ABC Securities Private Limited,100,206.5,20650.0,2025-09-24 14:03:36.177323
2025-09-24,16010,2025092401008087,PRVU,Vision Securities Pvt. Ltd,ABC Securities Private Limited,500,206.3,103150.0,2025-09-24 14:03:36.177387
2025-09-24,16009,2025092401008088,PRVU,Sani Securities Company Ltd.,ABC Securities Private Limited,1774,206.2,365798.8,2025-09-24 14:03:36.177451
2025-09-24,16008,2025092401008089,PRVU,Arun Securities (PVT) Ltd.,ABC Securities Private Limited,241,206.2,49694.2,2025-09-24 14:03:36.177509
2025-09-24,15965,2025092401008092,PRVU,Sani Securities Company Ltd.,ABC Securities Private Limited,220,206.1,45342.0,2025-09-24 14:03:47.234612
2025-09-24,15964,2025092401008093,PRVU,SHUBHAKAMANA SECURITIES PVT. LTD,ABC Securities Private Limited,500,206.0,103000.0,2025-09-24 14:03:47.234682
2025-09-24,15963,2025092401008094,PRVU,SHUBHAKAMANA SECURITIES PVT. LTD,ABC Securities Private Limited,1000,206.0,206000.0,2025-09-24 14:03:47.234712
2025-09-24,15962,2025092401008095,PRVU,Linch Stock Market Ltd.,ABC Securities Private Limited,100,206.0,20600.0,2025-09-24 14:03:47.234741
2025-09-24,15961,2025092401008096,PRVU,Bhrikuti Stock Broking Co. Pvt. Ltd.,ABC Securities Private Limited,1400,206.0,288400.0,2025-09-24 14:03:47.234766
2025-09-24,15960,2025092401008097,PRVU,Trishakti Securities Public Limited,ABC Securities Private Limited,2800,206.0,576800.0,2025-09-24 14:03:47.234790
2025-09-24,15959,2025092401008098,PRVU,Linch Stock Market Ltd.,ABC Securities Private Limited,100,206.0,20600.0,2025-09-24 14:03:47.234813
2025-09-24,15958,2025092401008099,PRVU,Naasa Securities Co. Ltd.,ABC Securities Private Limited,1456,206.0,299936.0,2025-09-24 14:03:47.234837
2025-09-24,15957,2025092401008100,PRVU,Aryatara Investment & Securities,ABC Securities Private Limited,200,206.0,41200.0,2025-09-24 14:03:47.234873
2025-09-24,15956,2025092401008101,PRVU,Dynamic Money Managers Securities Pvt. Ltd.,ABC Securities Private Limited,150,206.0,30900.0,2025-09-24 14:03:47.234900
2025-09-24,15955,2025092401008102,PRVU,Ashutosh Brokerage & Securities (PVT) Ltd.,ABC Securities Private Limited,74,206.0,15244.0,2025-09-24 14:03:47.234925
2025-09-24,15924,2025092401008112,PRVU,Sani Securities Company Ltd.,ABC Securities Private Limited,25,207.0,5175.0,2025-09-24 14:03:57.971775
2025-09-24,15522,2025092401008202,PRVU,Naasa Securities Co. Ltd.,Property Wiard Limited,25,206.8,5170.0,2025-09-24 14:05:55.562771
2025-09-24,14907,2025092401008333,PRVU,Sani Securities Company Ltd.,ABC Securities Private Limited,50,207.0,10350.0,2025-09-24 14:09:38.540733
2025-09-24,13766,2025092401008568,PRVU,Nepal Stock House (PVT) Ltd.,ABC Securities Private Limited,450,207.0,93150.0,2025-09-24 14:15:39.825272
2025-09-24,13722,2025092401008573,PRVU,Hatemalo Financial Services Private Limited,Arun Securities (PVT) Ltd.,12,206.9,2482.8,2025-09-24 14:15:51.713341
2025-09-24,13476,2025092401008631,PRVU,Hatemalo Financial Services Private Limited,Bhrikuti Stock Broking Co. Pvt. Ltd.,10,206.9,2069.0,2025-09-24 14:16:36.197416
2025-09-24,13186,2025092401008710,PRVU,Hatemalo Financial Services Private Limited,Aryatara Investment & Securities,200,206.9,41380.0,2025-09-24 14:17:30.538161
2025-09-24,13106,2025092401008718,PRVU,Hatemalo Financial Services Private Limited,Imperial Securities Company Pvt. Ltd.,20,206.9,4138.0,2025-09-24 14:17:43.382485
2025-09-24,12919,2025092401008756,PRVU,Sani Securities Company Ltd.,Online Securities Pvt. Ltd.,20,206.6,4132.0,2025-09-24 14:18:26.770587
2025-09-24,12918,2025092401008757,PRVU,Ashutosh Brokerage & Securities (PVT) Ltd.,Online Securities Pvt. Ltd.,426,206.0,87756.0,2025-09-24 14:18:26.770981
2025-09-24,12917,2025092401008758,PRVU,ABC Securities Private Limited,Online Securities Pvt. Ltd.,100,206.0,20600.0,2025-09-24 14:18:26.771318
2025-09-24,12916,2025092401008759,PRVU,Nepal Investment And Securities Trading Private Limited,Online Securities Pvt. Ltd.,30,206.0,6180.0,2025-09-24 14:18:26.771580
2025-09-24,12915,2025092401008760,PRVU,Sharepro Securities Private Limited,Online Securities Pvt. Ltd.,479,206.0,98674.0,2025-09-24 14:18:26.771864
2025-09-24,12176,2025092401008879,PRVU,Sharepro Securities Private Limited,Sani Securities Company Ltd.,21,206.0,4326.0,2025-09-24 14:20:53.026467
2025-09-24,12175,2025092401008880,PRVU,Aryatara Investment & Securities,Sani Securities Company Ltd.,50,205.9,10295.0,2025-09-24 14:20:53.026669
2025-09-24,12174,2025092401008881,PRVU,Sundhara Securities Limited,Sani Securities Company Ltd.,971,205.8,199831.8,2025-09-24 14:20:53.026770
2025-09-24,12173,2025092401008882,PRVU,Sani Securities Company Ltd.,Sani Securities Company Ltd.,656,205.7,134939.2,2025-09-24 14:20:53.026855
2025-09-24,10460,2025092401009360,PRVU,Premier Securities Company Ltd.,Online Securities Pvt. Ltd.,98,206.5,20237.0,2025-09-24 14:28:38.307093
2025-09-24,10025,2025092401009517,PRVU,Imperial Securities Company Pvt. Ltd.,Linch Stock Market Ltd.,10,206.9,2069.0,2025-09-24 14:30:22.968967
2025-09-24,9591,2025092401009646,PRVU,SUN SECURITIES PVT LTD,Linch Stock Market Ltd.,10,206.9,2069.0,2025-09-24 14:33:55.854795
2025-09-24,9440,2025092401009677,PRVU,Kohinoor Investment & Securities Pvt. Ltd.,Linch Stock Market Ltd.,100,206.9,20690.0,2025-09-24 14:35:12.223568
2025-09-24,9377,2025092401009693,PRVU,Sani Securities Company Ltd.,Linch Stock Market Ltd.,400,206.9,82760.0,2025-09-24 14:35:27.727004
2025-09-24,8625,2025092401009875,PRVU,Kalika Securities Pvt. Ltd.,Aryatara Investment & Securities,130,206.1,26793.0,2025-09-24 14:40:50.809156
2025-09-24,7731,2025092401010072,PRVU,Sani Securities Company Ltd.,Linch Stock Market Ltd.,230,206.9,47587.0,2025-09-24 14:44:19.049529
2025-09-24,7638,2025092401010099,PRVU,Sani Securities Company Ltd.,Linch Stock Market Ltd.,80,206.9,16552.0,2025-09-24 14:44:44.389848
2025-09-24,7609,2025092401010101,PRVU,Kohinoor Investment & Securities Pvt. Ltd.,Linch Stock Market Ltd.,170,206.9,35173.0,2025-09-24 14:44:53.720493
2025-09-24,7481,2025092401010120,PRVU,Naasa Securities Co. Ltd.,ABC Securities Private Limited,75,207.0,15525.0,2025-09-24 14:45:23.344661
2025-09-24,7177,2025092401010169,PRVU,Swarna Laxmi Securities Pvt. Ltd.,ABC Securities Private Limited,10,207.0,2070.0,2025-09-24 14:46:26.198176
2025-09-24,6755,2025092401010238,PRVU,Kohinoor Investment & Securities Pvt. Ltd.,ABC Securities Private Limited,30,206.9,6207.0,2025-09-24 14:47:44.105385
2025-09-24,6754,2025092401010239,PRVU,Property Wiard Limited,ABC Securities Private Limited,50,206.2,10310.0,2025-09-24 14:47:44.105446
2025-09-24,6753,2025092401010240,PRVU,Sani Securities Company Ltd.,ABC Securities Private Limited,344,206.2,70932.8,2025-09-24 14:47:44.105469
2025-09-24,6752,2025092401010241,PRVU,Kalika Securities Pvt. Ltd.,ABC Securities Private Limited,70,206.1,14427.0,2025-09-24 14:47:44.105521
2025-09-24,6751,2025092401010242,PRVU,Miyo Securities Pvt Ltd,ABC Securities Private Limited,4506,206.1,928686.6,2025-09-24 14:47:44.105545
2025-09-24,6749,2025092401010243,PRVU,Thrive Brokerage House Pvt. Ltd,ABC Securities Private Limited,25,207.0,5175.0,2025-09-24 14:47:44.854000
2025-09-24,6653,2025092401010264,PRVU,Miyo Securities Pvt Ltd,ABC Securities Private Limited,494,206.1,101813.4,2025-09-24 14:48:04.216233
2025-09-24,6652,2025092401010265,PRVU,Agrawal Securities (PVT) Ltd.,ABC Securities Private Limited,10,206.0,2060.0,2025-09-24 14:48:04.216640
2025-09-24,6651,2025092401010266,PRVU,Dynamic Money Managers Securities Pvt. Ltd.,ABC Securities Private Limited,20,206.0,4120.0,2025-09-24 14:48:04.216895
2025-09-24,6413,2025092401010307,PRVU,Dipshikha Dhitopatra Karobar Co. Pvt Ltd.,Neev Securities Pvt. Ltd.,100,205.7,20570.0,2025-09-24 14:48:45.187689
2025-09-24,5493,2025092401010522,PRVU,Aryatara Investment & Securities,ABC Securities Private Limited,10,205.8,2058.0,2025-09-24 14:51:03.219458
2025-09-24,5492,2025092401010523,PRVU,Dipshikha Dhitopatra Karobar Co. Pvt Ltd.,ABC Securities Private Limited,400,205.7,82280.0,2025-09-24 14:51:03.219507
2025-09-24,5491,2025092401010524,PRVU,Linch Stock Market Ltd.,ABC Securities Private Limited,54,205.6,11102.4,2025-09-24 14:51:03.219533
2025-09-24,5490,2025092401010525,PRVU,Dipshikha Dhitopatra Karobar Co. Pvt Ltd.,ABC Securities Private Limited,1000,205.6,205600.0,2025-09-24 14:51:03.219631
2025-09-24,5489,2025092401010526,PRVU,Linch Stock Market Ltd.,ABC Securities Private Limited,1000,205.6,205600.0,2025-09-24 14:51:03.219690
2025-09-24,5488,2025092401010527,PRVU,Vision Securities Pvt. Ltd,ABC Securities Private Limited,50,205.6,10280.0,2025-09-24 14:51:03.219752
2025-09-24,5487,2025092401010528,PRVU,Imperial Securities Company Pvt. Ltd.,ABC Securities Private Limited,35,205.6,7196.0,2025-09-24 14:51:03.219852
2025-09-24,5486,2025092401010529,PRVU,Sharepro Securities Private Limited,ABC Securities Private Limited,1000,205.6,205600.0,2025-09-24 14:51:03.219958
2025-09-24,5485,2025092401010530,PRVU,SHUBHAKAMANA SECURITIES PVT. LTD,ABC Securities Private Limited,1451,205.5,298180.5,2025-09-24 14:51:03.220087
2025-09-24,5392,2025092401010544,PRVU,SHUBHAKAMANA SECURITIES PVT. LTD,ABC Securities Private Limited,549,205.5,112819.5,2025-09-24 14:51:14.285194
2025-09-24,5391,2025092401010545,PRVU,Linch Stock Market Ltd.,ABC Securities Private Limited,100,205.2,20520.0,2025-09-24 14:51:14.285318
2025-09-24,5390,2025092401010546,PRVU,Vision Securities Pvt. Ltd,ABC Securities Private Limited,300,205.2,61560.0,2025-09-24 14:51:14.285378
2025-09-24,5389,2025092401010547,PRVU,Asian Securities Private Ltd.,ABC Securities Private Limited,1000,205.1,205100.0,2025-09-24 14:51:14.285454
2025-09-24,5388,2025092401010548,PRVU,ABC Securities Private Limited,ABC Securities Private Limited,330,205.0,67650.0,2025-09-24 14:51:14.285524
2025-09-24,5387,2025092401010549,PRVU,SHUBHAKAMANA SECURITIES PVT. LTD,ABC Securities Private Limited,2000,205.0,410000.0,2025-09-24 14:51:14.285593
2025-09-24,5386,2025092401010550,PRVU,Kohinoor Investment & Securities Pvt. Ltd.,ABC Securities Private Limited,500,205.0,102500.0,2025-09-24 14:51:14.285654
2025-09-24,5385,2025092401010551,PRVU,Dipshikha Dhitopatra Karobar Co. Pvt Ltd.,ABC Securities Private Limited,100,205.0,20500.0,2025-09-24 14:51:14.285727
2025-09-24,5384,2025092401010552,PRVU,Aryatara Investment & Securities,ABC Securities Private Limited,1000,205.0,205000.0,2025-09-24 14:51:14.285806
2025-09-24,5383,2025092401010553,PRVU,Garima Securities Limited,ABC Securities Private Limited,200,205.0,41000.0,2025-09-24 14:51:14.285906
2025-09-24,5382,2025092401010554,PRVU,Naasa Securities Co. Ltd.,ABC Securities Private Limited,150,205.0,30750.0,2025-09-24 14:51:14.285959
2025-09-24,5381,2025092401010555,PRVU,Trishakti Securities Public Limited,ABC Securities Private Limited,100,205.0,20500.0,2025-09-24 14:51:14.286041
2025-09-24,5380,2025092401010556,PRVU,Elite Stock House Limited,ABC Securities Private Limited,1000,205.0,205000.0,2025-09-24 14:51:14.286103
2025-09-24,5379,2025092401010557,PRVU,Linch Stock Market Ltd.,ABC Securities Private Limited,300,205.0,61500.0,2025-09-24 14:51:14.286167
2025-09-24,5378,2025092401010558,PRVU,Naasa Securities Co. Ltd.,ABC Securities Private Limited,400,205.0,82000.0,2025-09-24 14:51:14.286229
2025-09-24,5377,2025092401010559,PRVU,Dipshikha Dhitopatra Karobar Co. Pvt Ltd.,ABC Securities Private Limited,242,205.0,49610.0,2025-09-24 14:51:14.286299
2025-09-24,5376,2025092401010560,PRVU,ABC Securities Private Limited,ABC Securities Private Limited,100,205.0,20500.0,2025-09-24 14:51:14.286364
2025-09-24,5375,2025092401010561,PRVU,Aryatara Investment & Securities,ABC Securities Private Limited,800,205.0,164000.0,2025-09-24 14:51:14.286427
2025-09-24,5374,2025092401010562,PRVU,Trishakti Securities Public Limited,ABC Securities Private Limited,50,205.0,10250.0,2025-09-24 14:51:14.286489
2025-09-24,5373,2025092401010563,PRVU,Cristal Kanchanjanga Securites Pvt. Ltd.,ABC Securities Private Limited,200,205.0,41000.0,2025-09-24 14:51:14.286557
2025-09-24,5372,2025092401010564,PRVU,Sani Securities Company Ltd.,ABC Securities Private Limited,579,205.0,118695.0,2025-09-24 14:51:14.286659
2025-09-24,5302,2025092401010585,PRVU,Sani Securities Company Ltd.,ABC Securities Private Limited,421,205.0,86305.0,2025-09-24 14:51:24.337399
2025-09-24,5301,2025092401010586,PRVU,Trishakti Securities Public Limited,ABC Securities Private Limited,1000,205.0,205000.0,2025-09-24 14:51:24.337523
2025-09-24,5300,2025092401010587,PRVU,Naasa Securities Co. Ltd.,ABC Securities Private Limited,20,205.0,4100.0,2025-09-24 14:51:24.337556
2025-09-24,5299,2025092401010588,PRVU,Premier Securities Company Ltd.,ABC Securities Private Limited,50,205.0,10250.0,2025-09-24 14:51:24.337581
2025-09-24,5298,2025092401010589,PRVU,Naasa Securities Co. Ltd.,ABC Securities Private Limited,15,205.0,3075.0,2025-09-24 14:51:24.337609
2025-09-24,5297,2025092401010590,PRVU,Naasa Securities Co. Ltd.,ABC Securities Private Limited,25,205.0,5125.0,2025-09-24 14:51:24.337632
2025-09-24,5296,2025092401010591,PRVU,Property Wiard Limited,ABC Securities Private Limited,140,205.0,28700.0,2025-09-24 14:51:24.337656
2025-09-24,5295,2025092401010592,PRVU,Opal Securities Investment (PVT) Ltd.,ABC Securities Private Limited,55,205.0,11275.0,2025-09-24 14:51:24.337683
2025-09-24,5294,2025092401010593,PRVU,Neev Securities Pvt. Ltd.,ABC Securities Private Limited,25,205.0,5125.0,2025-09-24 14:51:24.337713
2025-09-24,5293,2025092401010594,PRVU,Opal Securities Investment (PVT) Ltd.,ABC Securities Private Limited,10,205.0,2050.0,2025-09-24 14:51:24.337741
2025-09-24,5292,2025092401010595,PRVU,Naasa Securities Co. Ltd.,ABC Securities Private Limited,1000,205.0,205000.0,2025-09-24 14:51:24.337764
2025-09-24,5291,2025092401010596,PRVU,Vision Securities Pvt. Ltd,ABC Securities Private Limited,38,205.0,7790.0,2025-09-24 14:51:24.337787
2025-09-24,5290,2025092401010597,PRVU,Kohinoor Investment & Securities Pvt. Ltd.,ABC Securities Private Limited,1000,205.0,205000.0,2025-09-24 14:51:24.337811
2025-09-24,5289,2025092401010598,PRVU,Online Securities Pvt. Ltd.,ABC Securities Private Limited,1201,205.0,246205.0,2025-09-24 14:51:24.337834
2025-09-24,4199,2025092401010794,PRVU,Secured Securities Ltd.,ABC Securities Private Limited,17,206.0,3502.0,2025-09-24 14:53:37.835180
2025-09-24,4107,2025092401010811,PRVU,Property Wiard Limited,Imperial Securities Company Pvt. Ltd.,50,205.1,10255.0,2025-09-24 14:53:53.351576
2025-09-24,3859,2025092401010847,PRVU,Kumari Securities Private Limited,ABC Securities Private Limited,1000,205.2,205200.0,2025-09-24 14:54:33.363594
2025-09-24,3588,2025092401010894,PRVU,Naasa Securities Co. Ltd.,Deevyaa Securities & Stock House Pvt. Ltd,25,205.2,5130.0,2025-09-24 14:55:15.075656
2025-09-24,3587,2025092401010895,PRVU,Property Wiard Limited,Deevyaa Securities & Stock House Pvt. Ltd,25,205.1,5127.5,2025-09-24 14:55:15.075867
2025-09-24,3440,2025092401010927,PRVU,Property Wiard Limited,Premier Securities Company Ltd.,25,205.1,5127.5,2025-09-24 14:55:35.557372
2025-09-24,3265,2025092401010963,PRVU,Dipshikha Dhitopatra Karobar Co. Pvt Ltd.,K.B.L. Securities Limited ,500,205.1,102550.0,2025-09-24 14:55:56.184156
2025-09-24,2341,2025092401011171,PRVU,Imperial Securities Company Pvt. Ltd.,Vision Securities Pvt. Ltd,500,205.5,102750.0,2025-09-24 14:57:54.583919
2025-09-24,1866,2025092401011253,PRVU,Vision Securities Pvt. Ltd,Capital Max Securities Ltd,500,205.1,102550.0,2025-09-24 14:58:35.262099
2025-09-24,1836,2025092401011266,PRVU,Nepal Investment And Securities Trading Private Limited,Linch Stock Market Ltd.,300,205.1,61530.0,2025-09-24 14:58:38.020564
2025-09-24,1797,2025092401011276,PRVU,Dipshikha Dhitopatra Karobar Co. Pvt Ltd.,Linch Stock Market Ltd.,30,205.1,6153.0,2025-09-24 14:58:42.750128
2025-09-24,1706,2025092401011288,PRVU,Creative Securities Pvt Ltd,Linch Stock Market Ltd.,120,205.1,24612.0,2025-09-24 14:58:50.197783
2025-09-24,1403,2025092401011344,PRVU,Naasa Securities Co. Ltd.,Kohinoor Investment & Securities Pvt. Ltd.,1,202.0,202.0,2025-09-24 14:59:14.789117
2025-09-24,501,2025092401011496,PRVU,Naasa Securities Co. Ltd.,Premier Securities Company Ltd.,6,202.0,1212.0,2025-09-24 14:59:52.209683
2025-09-24,307,2025092401011534,PRVU,SHUBHAKAMANA SECURITIES PVT. LTD,Sumeru Securities Pvt. Ltd.,170,205.3,34901.0,2025-09-24 14:59:57.122176
