Date,S.N.,contract_id,symbol,buyer_broker,seller_broker,volume,price,amount,transaction_time
2025-09-24,47099,2025092404000235,RHPL,Capital Max Securities Ltd,Global IME Securities Limited,171,293.0,50103.0,2025-09-24 11:04:28.224037
2025-09-24,47098,2025092404000236,RHPL,Linch Stock Market Ltd.,Global IME Securities Limited,29,293.0,8497.0,2025-09-24 11:04:28.224087
2025-09-24,47020,2025092404000258,RHPL,Linch Stock Market Ltd.,Asian Securities Private Ltd.,107,293.0,31351.0,2025-09-24 11:05:04.398444
2025-09-24,46970,2025092404000271,RHPL,Oxford Securities Pvt. Ltd.,Nepal Stock House (PVT) Ltd.,50,290.0,14500.0,2025-09-24 11:05:17.834881
2025-09-24,46897,2025092404000281,RHPL,Oxford Securities Pvt. Ltd.,Online Securities Pvt. Ltd.,50,290.0,14500.0,2025-09-24 11:05:40.457928
2025-09-24,46896,2025092404000282,RHPL,Kohinoor Investment & Securities Pvt. Ltd.,Online Securities Pvt. Ltd.,10,290.0,2900.0,2025-09-24 11:05:40.458042
2025-09-24,46895,2025092404000283,RHPL,Asian Securities Private Ltd.,Online Securities Pvt. Ltd.,40,290.0,11600.0,2025-09-24 11:05:40.458122
2025-09-24,46162,2025092404000501,RHPL,South Asian Bulls Pvt. Ltd.,Online Securities Pvt. Ltd.,100,291.0,29100.0,2025-09-24 11:08:45.509491
2025-09-24,45672,2025092404000674,RHPL,Sani Securities Company Ltd.,Online Securities Pvt. Ltd.,28,290.0,8120.0,2025-09-24 11:10:55.622917
2025-09-24,45501,2025092404000737,RHPL,Vision Securities Pvt. Ltd,Online Securities Pvt. Ltd.,17,290.0,4930.0,2025-09-24 11:11:50.200127
2025-09-24,45323,2025092404000787,RHPL,Vision Securities Pvt. Ltd,Nepal Stock House (PVT) Ltd.,30,288.0,8640.0,2025-09-24 11:12:40.249937
2025-09-24,45322,2025092404000788,RHPL,Premier Securities Company Ltd.,Nepal Stock House (PVT) Ltd.,70,288.0,20160.0,2025-09-24 11:12:40.250064
2025-09-24,43856,2025092404001166,RHPL,Agrawal Securities (PVT) Ltd.,Dipshikha Dhitopatra Karobar Co. Pvt Ltd.,100,288.1,28810.0,2025-09-24 11:19:02.368302
2025-09-24,43855,2025092404001167,RHPL,Premier Securities Company Ltd.,Dipshikha Dhitopatra Karobar Co. Pvt Ltd.,65,288.0,18720.0,2025-09-24 11:19:02.368385
2025-09-24,43854,2025092404001168,RHPL,Online Securities Pvt. Ltd.,Dipshikha Dhitopatra Karobar Co. Pvt Ltd.,1030,288.0,296640.0,2025-09-24 11:19:02.368422
2025-09-24,43853,2025092404001169,RHPL,Asian Securities Private Ltd.,Dipshikha Dhitopatra Karobar Co. Pvt Ltd.,105,288.0,30240.0,2025-09-24 11:19:02.368453
2025-09-24,43638,2025092404001218,RHPL,Asian Securities Private Ltd.,Dakshinkali Investment & Securities Pvt. Ltd.,55,288.0,15840.0,2025-09-24 11:20:02.491683
2025-09-24,43637,2025092404001219,RHPL,Sweta Securities Private Limited,Dakshinkali Investment & Securities Pvt. Ltd.,100,288.0,28800.0,2025-09-24 11:20:02.491837
2025-09-24,43636,2025092404001220,RHPL,Agrawal Securities (PVT) Ltd.,Dakshinkali Investment & Securities Pvt. Ltd.,45,287.3,12928.5,2025-09-24 11:20:02.491957
2025-09-24,43395,2025092404001299,RHPL,Agrawal Securities (PVT) Ltd.,Vision Securities Pvt. Ltd,80,287.3,22984.0,2025-09-24 11:20:57.884603
2025-09-24,42740,2025092404001482,RHPL,N.M.B. SECURITIES LIMITED,Secured Securities Ltd.,100,288.1,28810.0,2025-09-24 11:23:35.851747
2025-09-24,42452,2025092404001563,RHPL,Deevyaa Securities & Stock House Pvt. Ltd,Kohinoor Investment & Securities Pvt. Ltd.,300,288.0,86400.0,2025-09-24 11:24:57.284586
2025-09-24,42290,2025092404001607,RHPL,Nepal Stock House (PVT) Ltd.,Sewa Securities Pvt. Ltd.,50,289.5,14475.0,2025-09-24 11:25:55.211816
2025-09-24,42088,2025092404001651,RHPL,Nepal Stock House (PVT) Ltd.,Secured Securities Ltd.,40,289.5,11580.0,2025-09-24 11:27:09.317027
2025-09-24,40745,2025092404002027,RHPL,Premier Securities Company Ltd.,Online Securities Pvt. Ltd.,15,290.0,4350.0,2025-09-24 11:33:55.127156
2025-09-24,40744,2025092404002028,RHPL,Premier Securities Company Ltd.,Online Securities Pvt. Ltd.,40,290.0,11600.0,2025-09-24 11:33:55.127268
2025-09-24,40743,2025092404002029,RHPL,Premier Securities Company Ltd.,Linch Stock Market Ltd.,40,290.0,11600.0,2025-09-24 11:33:55.127305
2025-09-24,40742,2025092404002030,RHPL,Premier Securities Company Ltd.,Imperial Securities Company Pvt. Ltd.,10,290.0,2900.0,2025-09-24 11:33:55.127357
2025-09-24,40519,2025092404002075,RHPL,Agrawal Securities (PVT) Ltd.,Online Securities Pvt. Ltd.,10,292.0,2920.0,2025-09-24 11:34:56.221534
2025-09-24,40059,2025092404002191,RHPL,Premier Securities Company Ltd.,Malla & Malla Stock Broking Company Pvt. Limited,70,290.0,20300.0,2025-09-24 11:37:02.314391
2025-09-24,39214,2025092404002393,RHPL,Thrive Brokerage House Pvt. Ltd,Prabhu Stock Market Limited,50,291.0,14550.0,2025-09-24 11:40:42.161546
2025-09-24,38827,2025092404002547,RHPL,Sundhara Securities Limited,Naasa Securities Co. Ltd.,50,290.0,14500.0,2025-09-24 11:42:35.700762
2025-09-24,38826,2025092404002548,RHPL,Dakshinkali Investment & Securities Pvt. Ltd.,Naasa Securities Co. Ltd.,80,290.0,23200.0,2025-09-24 11:42:35.700913
2025-09-24,37386,2025092404002916,RHPL,Kumari Securities Private Limited,Online Securities Pvt. Ltd.,490,292.0,143080.0,2025-09-24 11:52:15.079701
2025-09-24,37385,2025092404002917,RHPL,Kumari Securities Private Limited,Naasa Securities Co. Ltd.,20,293.0,5860.0,2025-09-24 11:52:15.079826
2025-09-24,37384,2025092404002918,RHPL,Kumari Securities Private Limited,Online Securities Pvt. Ltd.,70,293.0,20510.0,2025-09-24 11:52:15.079869
2025-09-24,37383,2025092404002919,RHPL,Kumari Securities Private Limited,Kumari Securities Private Limited,400,293.0,117200.0,2025-09-24 11:52:15.079915
2025-09-24,37382,2025092404002920,RHPL,Kumari Securities Private Limited,Sani Securities Company Ltd.,20,294.9,5898.0,2025-09-24 11:52:15.079958
2025-09-24,36214,2025092404003216,RHPL,Oxford Securities Pvt. Ltd.,Midas Stock Broking Company Private Limited,600,293.9,176340.0,2025-09-24 11:58:40.166062
2025-09-24,35904,2025092404003310,RHPL,Naasa Securities Co. Ltd.,Aryatara Investment & Securities,20,294.0,5880.0,2025-09-24 12:00:26.548677
2025-09-24,35889,2025092404003314,RHPL,Primo Securities (PVT) Ltd.,Aryatara Investment & Securities,160,294.0,47040.0,2025-09-24 12:00:32.448353
2025-09-24,35888,2025092404003315,RHPL,Primo Securities (PVT) Ltd.,Capital Max Securities Ltd,50,294.0,14700.0,2025-09-24 12:00:32.448477
2025-09-24,35887,2025092404003316,RHPL,Primo Securities (PVT) Ltd.,Online Securities Pvt. Ltd.,50,294.0,14700.0,2025-09-24 12:00:32.448524
2025-09-24,35886,2025092404003317,RHPL,Primo Securities (PVT) Ltd.,Linch Stock Market Ltd.,70,294.5,20615.0,2025-09-24 12:00:32.448571
2025-09-24,35885,2025092404003318,RHPL,Primo Securities (PVT) Ltd.,Sani Securities Company Ltd.,107,294.9,31554.3,2025-09-24 12:00:32.448660
2025-09-24,35884,2025092404003319,RHPL,Primo Securities (PVT) Ltd.,Linch Stock Market Ltd.,20,295.0,5900.0,2025-09-24 12:00:32.448712
2025-09-24,35883,2025092404003320,RHPL,Primo Securities (PVT) Ltd.,Kumari Securities Private Limited,500,295.0,147500.0,2025-09-24 12:00:32.448756
2025-09-24,35882,2025092404003321,RHPL,Primo Securities (PVT) Ltd.,Prabhu Stock Market Limited,543,295.0,160185.0,2025-09-24 12:00:32.448797
2025-09-24,31209,2025092404004458,RHPL,Aryatara Investment & Securities,Naasa Securities Co. Ltd.,60,292.5,17550.0,2025-09-24 12:21:28.870207
2025-09-24,31128,2025092404004481,RHPL,Linch Stock Market Ltd.,Citizens Share Broker Limited,420,291.6,122472.0,2025-09-24 12:21:58.121500
2025-09-24,31025,2025092404004510,RHPL,Linch Stock Market Ltd.,Nepal Stock House (PVT) Ltd.,80,291.6,23328.0,2025-09-24 12:22:33.128971
2025-09-24,31024,2025092404004511,RHPL,Siprabi Securities Pvt. Ltd.,Nepal Stock House (PVT) Ltd.,220,291.5,64130.0,2025-09-24 12:22:33.129109
2025-09-24,30862,2025092404004560,RHPL,Siprabi Securities Pvt. Ltd.,Kumari Securities Private Limited,40,291.5,11660.0,2025-09-24 12:23:26.203972
2025-09-24,30786,2025092404004570,RHPL,Naasa Securities Co. Ltd.,Midas Stock Broking Company Private Limited,500,291.9,145950.0,2025-09-24 12:23:43.467730
2025-09-24,30785,2025092404004571,RHPL,Naasa Securities Co. Ltd.,Naasa Securities Co. Ltd.,10,292.0,2920.0,2025-09-24 12:23:43.467852
2025-09-24,30190,2025092404004714,RHPL,Naasa Securities Co. Ltd.,Nepal Stock House (PVT) Ltd.,250,292.0,73000.0,2025-09-24 12:26:52.484903
2025-09-24,29426,2025092404004874,RHPL,Naasa Securities Co. Ltd.,Naasa Securities Co. Ltd.,80,292.0,23360.0,2025-09-24 12:31:14.226793
2025-09-24,28359,2025092404005092,RHPL,Dipshikha Dhitopatra Karobar Co. Pvt Ltd.,Online Securities Pvt. Ltd.,10,292.4,2924.0,2025-09-24 12:38:28.975028
2025-09-24,28358,2025092404005093,RHPL,Linch Stock Market Ltd.,Online Securities Pvt. Ltd.,70,292.2,20454.0,2025-09-24 12:38:28.975213
2025-09-24,28140,2025092404005131,RHPL,Vision Securities Pvt. Ltd,Sani Securities Company Ltd.,50,293.0,14650.0,2025-09-24 12:39:53.512694
2025-09-24,28068,2025092404005145,RHPL,Linch Stock Market Ltd.,Sani Securities Company Ltd.,40,292.2,11688.0,2025-09-24 12:40:20.926052
2025-09-24,27892,2025092404005177,RHPL,Linch Stock Market Ltd.,Investment Management Nepal Pvt. Ltd.,10,292.2,2922.0,2025-09-24 12:41:02.876581
2025-09-24,27776,2025092404005197,RHPL,Linch Stock Market Ltd.,Imperial Securities Company Pvt. Ltd.,60,292.2,17532.0,2025-09-24 12:41:41.584292
2025-09-24,27770,2025092404005198,RHPL,Linch Stock Market Ltd.,Online Securities Pvt. Ltd.,300,292.2,87660.0,2025-09-24 12:41:44.243115
2025-09-24,27540,2025092404005241,RHPL,Agrawal Securities (PVT) Ltd.,Sani Securities Company Ltd.,10,293.0,2930.0,2025-09-24 12:43:13.270067
2025-09-24,27532,2025092404005244,RHPL,Linch Stock Market Ltd.,Sani Securities Company Ltd.,10,293.0,2930.0,2025-09-24 12:43:13.968266
2025-09-24,26408,2025092404005512,RHPL,Linch Stock Market Ltd.,Kohinoor Investment & Securities Pvt. Ltd.,10,293.0,2930.0,2025-09-24 12:48:35.693996
2025-09-24,25362,2025092404005830,RHPL,Naasa Securities Co. Ltd.,Online Securities Pvt. Ltd.,25,292.0,7300.0,2025-09-24 12:54:25.517241
2025-09-24,25152,2025092404005867,RHPL,Naasa Securities Co. Ltd.,SHUBHAKAMANA SECURITIES PVT. LTD,2377,292.0,694084.0,2025-09-24 12:55:58.573100
2025-09-24,25073,2025092404005885,RHPL,Naasa Securities Co. Ltd.,Prabhu Stock Market Limited,397,292.0,115924.0,2025-09-24 12:56:52.356494
2025-09-24,24973,2025092404005907,RHPL,Naasa Securities Co. Ltd.,Secured Securities Ltd.,50,292.0,14600.0,2025-09-24 12:57:46.820570
2025-09-24,24615,2025092404005993,RHPL,Naasa Securities Co. Ltd.,Dakshinkali Investment & Securities Pvt. Ltd.,100,292.0,29200.0,2025-09-24 13:00:31.302214
2025-09-24,24108,2025092404006119,RHPL,Naasa Securities Co. Ltd.,Dipshikha Dhitopatra Karobar Co. Pvt Ltd.,1211,292.0,353612.0,2025-09-24 13:04:18.140125
2025-09-24,24107,2025092404006120,RHPL,Siprabi Securities Pvt. Ltd.,Dipshikha Dhitopatra Karobar Co. Pvt Ltd.,89,292.0,25988.0,2025-09-24 13:04:18.140307
2025-09-24,23924,2025092404006169,RHPL,Siprabi Securities Pvt. Ltd.,Dipshikha Dhitopatra Karobar Co. Pvt Ltd.,500,292.0,146000.0,2025-09-24 13:05:45.585924
2025-09-24,23183,2025092404006315,RHPL,Siprabi Securities Pvt. Ltd.,Dipshikha Dhitopatra Karobar Co. Pvt Ltd.,150,292.0,43800.0,2025-09-24 13:11:59.916940
2025-09-24,22505,2025092404006466,RHPL,Sweta Securities Private Limited,Sani Securities Company Ltd.,100,291.6,29160.0,2025-09-24 13:16:47.922339
2025-09-24,22504,2025092404006467,RHPL,Online Securities Pvt. Ltd.,Sani Securities Company Ltd.,25,291.2,7280.0,2025-09-24 13:16:47.922479
2025-09-24,22445,2025092404006478,RHPL,Online Securities Pvt. Ltd.,Imperial Securities Company Pvt. Ltd.,175,291.2,50960.0,2025-09-24 13:17:15.070182
2025-09-24,22444,2025092404006479,RHPL,Oxford Securities Pvt. Ltd.,Imperial Securities Company Pvt. Ltd.,25,291.2,7280.0,2025-09-24 13:17:15.070438
2025-09-24,22414,2025092404006483,RHPL,Oxford Securities Pvt. Ltd.,Sani Securities Company Ltd.,100,291.2,29120.0,2025-09-24 13:17:28.389625
2025-09-24,22333,2025092404006498,RHPL,Oxford Securities Pvt. Ltd.,Bhrikuti Stock Broking Co. Pvt. Ltd.,70,291.2,20384.0,2025-09-24 13:18:11.338296
2025-09-24,22168,2025092404006521,RHPL,Vision Securities Pvt. Ltd,SHUBHAKAMANA SECURITIES PVT. LTD,29,291.0,8439.0,2025-09-24 13:19:26.077856
2025-09-24,22167,2025092404006522,RHPL,Deevyaa Securities & Stock House Pvt. Ltd,SHUBHAKAMANA SECURITIES PVT. LTD,11,291.0,3201.0,2025-09-24 13:19:26.077923
2025-09-24,20794,2025092404006800,RHPL,Deevyaa Securities & Stock House Pvt. Ltd,Dipshikha Dhitopatra Karobar Co. Pvt Ltd.,35,292.0,10220.0,2025-09-24 13:31:21.666353
2025-09-24,20793,2025092404006801,RHPL,Opal Securities Investment (PVT) Ltd.,Dipshikha Dhitopatra Karobar Co. Pvt Ltd.,50,292.0,14600.0,2025-09-24 13:31:21.666699
2025-09-24,20792,2025092404006802,RHPL,Naasa Securities Co. Ltd.,Dipshikha Dhitopatra Karobar Co. Pvt Ltd.,15,292.0,4380.0,2025-09-24 13:31:21.666857
2025-09-24,19291,2025092404007171,RHPL,Premier Securities Company Ltd.,Online Securities Pvt. Ltd.,120,292.0,35040.0,2025-09-24 13:45:01.132405
2025-09-24,19290,2025092404007172,RHPL,Premier Securities Company Ltd.,Sumeru Securities Pvt. Ltd.,10,292.0,2920.0,2025-09-24 13:45:01.132700
2025-09-24,19212,2025092404007186,RHPL,Market Securities & Exchange (PVT) Ltd.,Global IME Securities Limited,50,290.1,14505.0,2025-09-24 13:45:38.556154
2025-09-24,18858,2025092404007262,RHPL,Dakshinkali Investment & Securities Pvt. Ltd.,Online Securities Pvt. Ltd.,10,290.0,2900.0,2025-09-24 13:48:46.720341
2025-09-24,18479,2025092404007344,RHPL,Dakshinkali Investment & Securities Pvt. Ltd.,Naasa Securities Co. Ltd.,200,290.0,58000.0,2025-09-24 13:51:18.705054
2025-09-24,17550,2025092404007520,RHPL,Sumeru Securities Pvt. Ltd.,ABC Securities Private Limited,30,290.1,8703.0,2025-09-24 13:55:55.311263
2025-09-24,17431,2025092404007559,RHPL,Sumeru Securities Pvt. Ltd.,ABC Securities Private Limited,50,290.1,14505.0,2025-09-24 13:56:18.420971
2025-09-24,17410,2025092404007564,RHPL,South Asian Bulls Pvt. Ltd.,Sumeru Securities Pvt. Ltd.,990,290.5,287595.0,2025-09-24 13:56:26.240681
2025-09-24,17162,2025092404007602,RHPL,Sumeru Securities Pvt. Ltd.,Secured Securities Ltd.,50,290.1,14505.0,2025-09-24 13:57:22.423655
2025-09-24,16593,2025092404007747,RHPL,Sumeru Securities Pvt. Ltd.,Vision Securities Pvt. Ltd,350,290.1,101535.0,2025-09-24 14:00:51.306282
2025-09-24,16521,2025092404007761,RHPL,Sumeru Securities Pvt. Ltd.,Investment Management Nepal Pvt. Ltd.,500,290.1,145050.0,2025-09-24 14:01:15.967974
2025-09-24,16234,2025092404007827,RHPL,Sumeru Securities Pvt. Ltd.,Trishakti Securities Public Limited,20,290.1,5802.0,2025-09-24 14:02:43.152552
2025-09-24,16233,2025092404007828,RHPL,Dakshinkali Investment & Securities Pvt. Ltd.,Trishakti Securities Public Limited,210,290.0,60900.0,2025-09-24 14:02:43.152817
2025-09-24,16232,2025092404007829,RHPL,Neev Securities Pvt. Ltd.,Trishakti Securities Public Limited,30,290.0,8700.0,2025-09-24 14:02:43.152978
2025-09-24,16231,2025092404007830,RHPL,Naasa Securities Co. Ltd.,Trishakti Securities Public Limited,24,290.0,6960.0,2025-09-24 14:02:43.153132
2025-09-24,15123,2025092404008141,RHPL,Naasa Securities Co. Ltd.,Sani Securities Company Ltd.,25,290.0,7250.0,2025-09-24 14:08:23.952092
2025-09-24,14979,2025092404008190,RHPL,Naasa Securities Co. Ltd.,Aryatara Investment & Securities,111,290.0,32190.0,2025-09-24 14:09:14.842436
2025-09-24,14978,2025092404008191,RHPL,Imperial Securities Company Pvt. Ltd.,Aryatara Investment & Securities,589,290.0,170810.0,2025-09-24 14:09:14.842570
2025-09-24,14184,2025092404008407,RHPL,Siprabi Securities Pvt. Ltd.,Midas Stock Broking Company Private Limited,1,292.0,292.0,2025-09-24 14:13:52.656181
2025-09-24,14073,2025092404008448,RHPL,Imperial Securities Company Pvt. Ltd.,Naasa Securities Co. Ltd.,10,290.0,2900.0,2025-09-24 14:14:29.494412
2025-09-24,13895,2025092404008481,RHPL,Imperial Securities Company Pvt. Ltd.,Dakshinkali Investment & Securities Pvt. Ltd.,300,290.0,87000.0,2025-09-24 14:15:04.295310
2025-09-24,13835,2025092404008488,RHPL,Imperial Securities Company Pvt. Ltd.,Arun Securities (PVT) Ltd.,80,290.0,23200.0,2025-09-24 14:15:20.811365
2025-09-24,13504,2025092404008537,RHPL,Imperial Securities Company Pvt. Ltd.,Dipshikha Dhitopatra Karobar Co. Pvt Ltd.,21,290.0,6090.0,2025-09-24 14:16:32.040577
2025-09-24,13503,2025092404008538,RHPL,Imperial Securities Company Pvt. Ltd.,Dipshikha Dhitopatra Karobar Co. Pvt Ltd.,479,290.0,138910.0,2025-09-24 14:16:32.040726
2025-09-24,13427,2025092404008552,RHPL,Imperial Securities Company Pvt. Ltd.,Sewa Securities Pvt. Ltd.,21,290.0,6090.0,2025-09-24 14:16:44.571906
2025-09-24,13426,2025092404008553,RHPL,Imperial Securities Company Pvt. Ltd.,Sewa Securities Pvt. Ltd.,200,290.0,58000.0,2025-09-24 14:16:44.572167
2025-09-24,13425,2025092404008554,RHPL,Imperial Securities Company Pvt. Ltd.,Sewa Securities Pvt. Ltd.,150,290.0,43500.0,2025-09-24 14:16:44.572370
2025-09-24,13424,2025092404008555,RHPL,Online Securities Pvt. Ltd.,Sewa Securities Pvt. Ltd.,90,290.0,26100.0,2025-09-24 14:16:44.572549
2025-09-24,13423,2025092404008556,RHPL,Naasa Securities Co. Ltd.,Sewa Securities Pvt. Ltd.,16,290.0,4640.0,2025-09-24 14:16:44.572701
2025-09-24,12821,2025092404008695,RHPL,SUN SECURITIES PVT LTD,Vision Securities Pvt. Ltd,10,289.7,2897.0,2025-09-24 14:18:45.475414
2025-09-24,12820,2025092404008696,RHPL,Nepal Stock House (PVT) Ltd.,Vision Securities Pvt. Ltd,10,289.5,2895.0,2025-09-24 14:18:45.475669
2025-09-24,11733,2025092404008931,RHPL,ABC Securities Private Limited,Sumeru Securities Pvt. Ltd.,10,289.1,2891.0,2025-09-24 14:22:37.982225
2025-09-24,11732,2025092404008932,RHPL,Elite Stock House Limited,Sumeru Securities Pvt. Ltd.,30,289.1,8673.0,2025-09-24 14:22:37.982397
2025-09-24,11614,2025092404008952,RHPL,Elite Stock House Limited,Asian Securities Private Ltd.,470,289.1,135877.0,2025-09-24 14:22:58.146160
2025-09-24,11447,2025092404008993,RHPL,Agrawal Securities (PVT) Ltd.,Agrawal Securities (PVT) Ltd.,74,288.1,21319.4,2025-09-24 14:23:45.818579
2025-09-24,10603,2025092404009154,RHPL,Agrawal Securities (PVT) Ltd.,Naasa Securities Co. Ltd.,100,289.6,28960.0,2025-09-24 14:27:29.386884
2025-09-24,10558,2025092404009164,RHPL,Premier Securities Company Ltd.,Naasa Securities Co. Ltd.,70,289.0,20230.0,2025-09-24 14:27:48.230444
2025-09-24,10554,2025092404009166,RHPL,Agrawal Securities (PVT) Ltd.,Naasa Securities Co. Ltd.,100,289.6,28960.0,2025-09-24 14:27:52.569816
2025-09-24,9797,2025092404009317,RHPL,Sweta Securities Private Limited,Sundhara Securities Limited,37,289.0,10693.0,2025-09-24 14:32:02.119562
2025-09-24,9796,2025092404009318,RHPL,Kalika Securities Pvt. Ltd.,Sundhara Securities Limited,10,289.0,2890.0,2025-09-24 14:32:02.119727
2025-09-24,9795,2025092404009319,RHPL,Agrawal Securities (PVT) Ltd.,Sundhara Securities Limited,26,288.1,7490.6,2025-09-24 14:32:02.119781
2025-09-24,9794,2025092404009320,RHPL,Sani Securities Company Ltd.,Sundhara Securities Limited,77,288.1,22183.7,2025-09-24 14:32:02.119849
2025-09-24,9590,2025092404009364,RHPL,Sani Securities Company Ltd.,Kumari Securities Private Limited,23,288.1,6626.3,2025-09-24 14:33:56.081430
2025-09-24,9589,2025092404009365,RHPL,Sani Securities Company Ltd.,Kumari Securities Private Limited,50,288.1,14405.0,2025-09-24 14:33:56.081682
2025-09-24,9588,2025092404009366,RHPL,Citizens Share Broker Limited,Kumari Securities Private Limited,50,288.0,14400.0,2025-09-24 14:33:56.081858
2025-09-24,9061,2025092404009481,RHPL,Sani Securities Company Ltd.,Kumari Securities Private Limited,127,288.0,36576.0,2025-09-24 14:37:47.476424
2025-09-24,9060,2025092404009482,RHPL,Sani Securities Company Ltd.,Bhrikuti Stock Broking Co. Pvt. Ltd.,60,289.0,17340.0,2025-09-24 14:37:47.476587
2025-09-24,7916,2025092404009839,RHPL,Sani Securities Company Ltd.,Sumeru Securities Pvt. Ltd.,13,289.0,3757.0,2025-09-24 14:43:39.580596
2025-09-24,7915,2025092404009840,RHPL,SHUBHAKAMANA SECURITIES PVT. LTD,Sumeru Securities Pvt. Ltd.,27,287.6,7765.2,2025-09-24 14:43:39.580696
2025-09-24,6094,2025092404010332,RHPL,SHUBHAKAMANA SECURITIES PVT. LTD,Vision Securities Pvt. Ltd,40,287.6,11504.0,2025-09-24 14:49:34.968199
2025-09-24,5888,2025092404010388,RHPL,SHUBHAKAMANA SECURITIES PVT. LTD,Sumeru Securities Pvt. Ltd.,40,287.6,11504.0,2025-09-24 14:50:05.597379
2025-09-24,3824,2025092404010869,RHPL,Naasa Securities Co. Ltd.,Aryatara Investment & Securities,100,288.0,28800.0,2025-09-24 14:54:42.172974
2025-09-24,3563,2025092404010932,RHPL,Naasa Securities Co. Ltd.,Trishakti Securities Public Limited,40,287.7,11508.0,2025-09-24 14:55:20.106482
2025-09-24,3113,2025092404011049,RHPL,Naasa Securities Co. Ltd.,Sumeru Securities Pvt. Ltd.,40,287.7,11508.0,2025-09-24 14:56:17.824282
2025-09-24,2476,2025092404011239,RHPL,Naasa Securities Co. Ltd.,Investment Management Nepal Pvt. Ltd.,10,287.7,2877.0,2025-09-24 14:57:39.264009
2025-09-24,1882,2025092404011418,RHPL,Naasa Securities Co. Ltd.,Dakshinkali Investment & Securities Pvt. Ltd.,25,287.7,7192.5,2025-09-24 14:58:33.809639
2025-09-24,1881,2025092404011419,RHPL,SHUBHAKAMANA SECURITIES PVT. LTD,Dakshinkali Investment & Securities Pvt. Ltd.,75,287.6,21570.0,2025-09-24 14:58:33.809891
2025-09-24,1368,2025092404011566,RHPL,SHUBHAKAMANA SECURITIES PVT. LTD,Aryatara Investment & Securities,18,287.6,5176.8,2025-09-24 14:59:18.100322
2025-09-24,893,2025092404011685,RHPL,Nepal Stock House (PVT) Ltd.,Aryatara Investment & Securities,82,287.5,23575.0,2025-09-24 14:59:36.296624
2025-09-24,291,2025092404011833,RHPL,Nepal Stock House (PVT) Ltd.,Nabil Stock Dealer Ltd.,118,287.5,33925.0,2025-09-24 14:59:57.496456
2025-09-24,290,2025092404011834,RHPL,Aryatara Investment & Securities,Nabil Stock Dealer Ltd.,100,287.5,28750.0,2025-09-24 14:59:57.496578
