Date,S.N.,Contract ID,Symbol,Buyer Broker,Seller Broker,quantity,rate,amount,transaction_time
2025-09-24,47806,2025092403000008,SAPDBL,Midas Stock Broking Company Private Limited,Imperial Securities Company Pvt. Ltd.,10,863.1,8631.0,2025-09-24 10:46:00.059812
2025-09-24,47747,2025092403000019,SAPDBL,Sweta Securities Private Limited,Sweta Securities Private Limited,30,880.0,26400.0,2025-09-24 11:00:30.791945
2025-09-24,47746,2025092403000020,SAPDBL,Sweta Securities Private Limited,Siprabi Securities Pvt. Ltd.,50,880.0,44000.0,2025-09-24 11:00:30.791993
2025-09-24,47721,2025092403000023,SAPDBL,Sani Securities Company Ltd.,Dipshikha Dhitopatra Karobar Co. Pvt Ltd.,50,880.3,44015.0,2025-09-24 11:00:40.575480
2025-09-24,47719,2025092403000024,SAPDBL,Sweta Securities Private Limited,Oxford Securities Pvt. Ltd.,60,880.0,52800.0,2025-09-24 11:00:41.275164
2025-09-24,47707,2025092403000028,SAPDBL,Nepal Investment And Securities Trading Private Limited,Ashutosh Brokerage & Securities (PVT) Ltd.,60,897.0,53820.0,2025-09-24 11:00:47.482507
2025-09-24,47698,2025092403000029,SAPDBL,Sweta Securities Private Limited,Nepal Investment And Securities Trading Private Limited,30,880.0,26400.0,2025-09-24 11:00:48.489110
2025-09-24,47697,2025092403000030,SAPDBL,Naasa Securities Co. Ltd.,Nepal Investment And Securities Trading Private Limited,20,880.0,17600.0,2025-09-24 11:00:48.489237
2025-09-24,47688,2025092403000032,SAPDBL,Dipshikha Dhitopatra Karobar Co. Pvt Ltd.,Ashutosh Brokerage & Securities (PVT) Ltd.,15,897.0,13455.0,2025-09-24 11:00:51.316064
2025-09-24,47685,2025092403000033,SAPDBL,Sani Securities Company Ltd.,Oxford Securities Pvt. Ltd.,100,895.0,89500.0,2025-09-24 11:00:52.623880
2025-09-24,47656,2025092403000040,SAPDBL,Shree Krishna Securities Ltd.,Oxford Securities Pvt. Ltd.,40,895.0,35800.0,2025-09-24 11:01:02.650906
2025-09-24,47649,2025092403000042,SAPDBL,Sani Securities Company Ltd.,Sweta Securities Private Limited,30,894.0,26820.0,2025-09-24 11:01:07.692199
2025-09-24,47648,2025092403000043,SAPDBL,Trisul Securities & Invt. Ltd.,South Asian Bulls Pvt. Ltd.,30,894.0,26820.0,2025-09-24 11:01:08.592613
2025-09-24,47647,2025092403000044,SAPDBL,Trisul Securities & Invt. Ltd.,Oxford Securities Pvt. Ltd.,60,895.0,53700.0,2025-09-24 11:01:08.592672
2025-09-24,47610,2025092403000048,SAPDBL,Sweta Securities Private Limited,Ashutosh Brokerage & Securities (PVT) Ltd.,25,897.0,22425.0,2025-09-24 11:01:18.166257
2025-09-24,47609,2025092403000049,SAPDBL,Sweta Securities Private Limited,Agrawal Securities (PVT) Ltd.,75,897.0,67275.0,2025-09-24 11:01:18.166435
2025-09-24,47604,2025092403000050,SAPDBL,Trisul Securities & Invt. Ltd.,ABC Securities Private Limited,10,895.0,8950.0,2025-09-24 11:01:20.301237
2025-09-24,47585,2025092403000052,SAPDBL,Trisul Securities & Invt. Ltd.,Vision Securities Pvt. Ltd,100,895.0,89500.0,2025-09-24 11:01:27.281494
2025-09-24,47570,2025092403000056,SAPDBL,Trisul Securities & Invt. Ltd.,Siprabi Securities Pvt. Ltd.,100,895.0,89500.0,2025-09-24 11:01:30.685937
2025-09-24,47549,2025092403000059,SAPDBL,Online Securities Pvt. Ltd.,Swarna Laxmi Securities Pvt. Ltd.,10,895.0,8950.0,2025-09-24 11:01:37.915070
2025-09-24,47548,2025092403000060,SAPDBL,Dynamic Money Managers Securities Pvt. Ltd.,Dipshikha Dhitopatra Karobar Co. Pvt Ltd.,20,890.0,17800.0,2025-09-24 11:01:38.582043
2025-09-24,47546,2025092403000062,SAPDBL,Sumeru Securities Pvt. Ltd.,Dipshikha Dhitopatra Karobar Co. Pvt Ltd.,25,890.0,22250.0,2025-09-24 11:01:39.750099
2025-09-24,47538,2025092403000067,SAPDBL,Oxford Securities Pvt. Ltd.,Dipshikha Dhitopatra Karobar Co. Pvt Ltd.,55,890.0,48950.0,2025-09-24 11:01:41.724843
2025-09-24,47496,2025092403000076,SAPDBL,Dakshinkali Investment & Securities Pvt. Ltd.,Shree Krishna Securities Ltd.,10,880.1,8801.0,2025-09-24 11:01:56.015121
2025-09-24,47482,2025092403000080,SAPDBL,Opal Securities Investment (PVT) Ltd.,ABC Securities Private Limited,20,880.5,17610.0,2025-09-24 11:02:01.477178
2025-09-24,47481,2025092403000081,SAPDBL,Dakshinkali Investment & Securities Pvt. Ltd.,ABC Securities Private Limited,80,880.1,70408.0,2025-09-24 11:02:01.477273
2025-09-24,47477,2025092403000082,SAPDBL,Indira securities pvt. ltd,SUN SECURITIES PVT LTD,50,890.0,44500.0,2025-09-24 11:02:02.375431
2025-09-24,47476,2025092403000083,SAPDBL,Indira securities pvt. ltd,Online Securities Pvt. Ltd.,70,890.0,62300.0,2025-09-24 11:02:02.375573
2025-09-24,47475,2025092403000084,SAPDBL,Indira securities pvt. ltd,Vision Securities Pvt. Ltd,20,890.0,17800.0,2025-09-24 11:02:02.375675
2025-09-24,47437,2025092403000090,SAPDBL,Indira securities pvt. ltd,Online Securities Pvt. Ltd.,85,890.0,75650.0,2025-09-24 11:02:15.231091
2025-09-24,47436,2025092403000091,SAPDBL,Sumeru Securities Pvt. Ltd.,Online Securities Pvt. Ltd.,15,890.0,13350.0,2025-09-24 11:02:15.231166
2025-09-24,47435,2025092403000092,SAPDBL,Sumeru Securities Pvt. Ltd.,Imperial Securities Company Pvt. Ltd.,40,890.0,35600.0,2025-09-24 11:02:15.281815
2025-09-24,47434,2025092403000093,SAPDBL,Trisul Securities & Invt. Ltd.,Imperial Securities Company Pvt. Ltd.,60,890.0,53400.0,2025-09-24 11:02:15.281880
2025-09-24,47427,2025092403000098,SAPDBL,Trisul Securities & Invt. Ltd.,Asian Securities Private Ltd.,20,890.0,17800.0,2025-09-24 11:02:17.312985
2025-09-24,47423,2025092403000100,SAPDBL,Trisul Securities & Invt. Ltd.,Online Securities Pvt. Ltd.,20,890.0,17800.0,2025-09-24 11:02:19.243435
2025-09-24,47422,2025092403000101,SAPDBL,Dakshinkali Investment & Securities Pvt. Ltd.,Online Securities Pvt. Ltd.,86,880.1,75688.6,2025-09-24 11:02:19.243509
2025-09-24,47393,2025092403000108,SAPDBL,Dakshinkali Investment & Securities Pvt. Ltd.,Shree Krishna Securities Ltd.,10,880.1,8801.0,2025-09-24 11:02:26.156113
2025-09-24,47321,2025092403000118,SAPDBL,Trademow Securities Private Limited,Citizens Share Broker Limited,100,883.0,88300.0,2025-09-24 11:02:58.905850
2025-09-24,47320,2025092403000119,SAPDBL,Investment Management Nepal Pvt. Ltd.,Citizens Share Broker Limited,400,882.0,352800.0,2025-09-24 11:02:58.906007
2025-09-24,47252,2025092403000126,SAPDBL,Investment Management Nepal Pvt. Ltd.,Online Securities Pvt. Ltd.,500,882.0,441000.0,2025-09-24 11:03:21.355790
2025-09-24,47249,2025092403000128,SAPDBL,Investment Management Nepal Pvt. Ltd.,Midas Stock Broking Company Private Limited,100,882.0,88200.0,2025-09-24 11:03:22.561240
2025-09-24,47248,2025092403000129,SAPDBL,Sumeru Securities Pvt. Ltd.,Midas Stock Broking Company Private Limited,20,882.0,17640.0,2025-09-24 11:03:22.561312
2025-09-24,47223,2025092403000131,SAPDBL,Naasa Securities Co. Ltd.,Midas Stock Broking Company Private Limited,50,882.0,44100.0,2025-09-24 11:03:30.555507
2025-09-24,47213,2025092403000133,SAPDBL,Sundhara Securities Limited,Pragyan Securities (PVT) Ltd.,20,881.0,17620.0,2025-09-24 11:03:36.454708
2025-09-24,47210,2025092403000134,SAPDBL,Sundhara Securities Limited,Malla & Malla Stock Broking Company Pvt. Limited,980,881.0,863380.0,2025-09-24 11:03:36.930552
2025-09-24,47209,2025092403000135,SAPDBL,Sweta Securities Private Limited,Malla & Malla Stock Broking Company Pvt. Limited,100,881.0,88100.0,2025-09-24 11:03:36.930668
2025-09-24,47182,2025092403000143,SAPDBL,Dipshikha Dhitopatra Karobar Co. Pvt Ltd.,J.F. Securites (PVT) Ltd.,10,880.2,8802.0,2025-09-24 11:03:48.474738
2025-09-24,47167,2025092403000144,SAPDBL,Hatemalo Financial Services Private Limited,Malla & Malla Stock Broking Company Pvt. Limited,10,880.2,8802.0,2025-09-24 11:03:54.993623
2025-09-24,47166,2025092403000145,SAPDBL,Dakshinkali Investment & Securities Pvt. Ltd.,Malla & Malla Stock Broking Company Pvt. Limited,110,880.1,96811.0,2025-09-24 11:03:54.993816
2025-09-24,47148,2025092403000149,SAPDBL,Dakshinkali Investment & Securities Pvt. Ltd.,Sumeru Securities Pvt. Ltd.,139,880.1,122333.9,2025-09-24 11:04:05.329597
2025-09-24,47140,2025092403000151,SAPDBL,Dakshinkali Investment & Securities Pvt. Ltd.,Thrive Brokerage House Pvt. Ltd,20,880.1,17602.0,2025-09-24 11:04:08.311709
2025-09-24,47135,2025092403000153,SAPDBL,Dakshinkali Investment & Securities Pvt. Ltd.,ABC Securities Private Limited,295,880.1,259629.5,2025-09-24 11:04:11.305095
2025-09-24,47134,2025092403000154,SAPDBL,Naasa Securities Co. Ltd.,ABC Securities Private Limited,10,880.0,8800.0,2025-09-24 11:04:11.305162
2025-09-24,47133,2025092403000155,SAPDBL,BHOLE GANESH SECURITIES LTD,ABC Securities Private Limited,15,880.0,13200.0,2025-09-24 11:04:11.305190
2025-09-24,47132,2025092403000156,SAPDBL,Imperial Securities Company Pvt. Ltd.,ABC Securities Private Limited,80,866.2,69296.0,2025-09-24 11:04:11.305213
2025-09-24,47086,2025092403000162,SAPDBL,Kumari Securities Private Limited,Naasa Securities Co. Ltd.,50,880.0,44000.0,2025-09-24 11:04:34.679921
2025-09-24,47049,2025092403000166,SAPDBL,Sani Securities Company Ltd.,Siprabi Securities Pvt. Ltd.,10,879.0,8790.0,2025-09-24 11:04:50.642180
2025-09-24,47035,2025092403000167,SAPDBL,Trademow Securities Private Limited,Hatemalo Financial Services Private Limited,10,867.0,8670.0,2025-09-24 11:04:58.639701
2025-09-24,47027,2025092403000168,SAPDBL,Trademow Securities Private Limited,Sweta Securities Private Limited,10,867.0,8670.0,2025-09-24 11:05:02.806995
2025-09-24,47026,2025092403000169,SAPDBL,Trisul Securities & Invt. Ltd.,Sweta Securities Private Limited,200,867.0,173400.0,2025-09-24 11:05:02.807197
2025-09-24,47025,2025092403000170,SAPDBL,Sweta Securities Private Limited,Sweta Securities Private Limited,10,867.0,8670.0,2025-09-24 11:05:02.807308
2025-09-24,47024,2025092403000171,SAPDBL,Naasa Securities Co. Ltd.,Sweta Securities Private Limited,100,867.0,86700.0,2025-09-24 11:05:03.412839
2025-09-24,46967,2025092403000177,SAPDBL,Siprabi Securities Pvt. Ltd.,Sweta Securities Private Limited,50,867.0,43350.0,2025-09-24 11:05:18.449619
2025-09-24,46953,2025092403000180,SAPDBL,Imperial Securities Company Pvt. Ltd.,Sweta Securities Private Limited,26,867.0,22542.0,2025-09-24 11:05:21.720934
2025-09-24,46952,2025092403000181,SAPDBL,Imperial Securities Company Pvt. Ltd.,Roadshow securities limited,44,867.0,38148.0,2025-09-24 11:05:21.721122
2025-09-24,46788,2025092403000206,SAPDBL,Sani Securities Company Ltd.,Siprabi Securities Pvt. Ltd.,10,879.0,8790.0,2025-09-24 11:05:57.408250
2025-09-24,46631,2025092403000235,SAPDBL,Imperial Securities Company Pvt. Ltd.,Dynamic Money Managers Securities Pvt. Ltd.,20,867.0,17340.0,2025-09-24 11:06:32.264869
2025-09-24,46630,2025092403000236,SAPDBL,Sundhara Securities Limited,Dynamic Money Managers Securities Pvt. Ltd.,180,867.0,156060.0,2025-09-24 11:06:32.264960
2025-09-24,46380,2025092403000276,SAPDBL,Online Securities Pvt. Ltd.,Capital Max Securities Ltd,40,868.0,34720.0,2025-09-24 11:07:40.915685
2025-09-24,46371,2025092403000277,SAPDBL,Naasa Securities Co. Ltd.,Sundhara Securities Limited,10,872.0,8720.0,2025-09-24 11:07:44.606234
2025-09-24,46365,2025092403000278,SAPDBL,Sumeru Securities Pvt. Ltd.,Asian Securities Private Ltd.,10,872.0,8720.0,2025-09-24 11:07:48.033466
2025-09-24,46323,2025092403000290,SAPDBL,Online Securities Pvt. Ltd.,Asian Securities Private Ltd.,90,872.0,78480.0,2025-09-24 11:07:59.379413
2025-09-24,46322,2025092403000291,SAPDBL,Online Securities Pvt. Ltd.,Naasa Securities Co. Ltd.,10,873.5,8735.0,2025-09-24 11:07:59.379550
2025-09-24,46321,2025092403000292,SAPDBL,Online Securities Pvt. Ltd.,Naasa Securities Co. Ltd.,10,874.0,8740.0,2025-09-24 11:07:59.379599
2025-09-24,46320,2025092403000293,SAPDBL,Online Securities Pvt. Ltd.,Siprabi Securities Pvt. Ltd.,50,874.0,43700.0,2025-09-24 11:07:59.379642
2025-09-24,46319,2025092403000294,SAPDBL,Online Securities Pvt. Ltd.,Sani Securities Company Ltd.,140,875.0,122500.0,2025-09-24 11:07:59.379685
2025-09-24,46210,2025092403000318,SAPDBL,Online Securities Pvt. Ltd.,Deevyaa Securities & Stock House Pvt. Ltd,200,874.0,174800.0,2025-09-24 11:08:31.280351
2025-09-24,46209,2025092403000319,SAPDBL,Online Securities Pvt. Ltd.,Sani Securities Company Ltd.,100,875.0,87500.0,2025-09-24 11:08:31.280573
2025-09-24,46091,2025092403000340,SAPDBL,Online Securities Pvt. Ltd.,South Asian Bulls Pvt. Ltd.,10,868.0,8680.0,2025-09-24 11:09:08.859767
2025-09-24,46090,2025092403000341,SAPDBL,Sani Securities Company Ltd.,South Asian Bulls Pvt. Ltd.,10,868.0,8680.0,2025-09-24 11:09:08.859862
2025-09-24,46089,2025092403000342,SAPDBL,Bhrikuti Stock Broking Co. Pvt. Ltd.,South Asian Bulls Pvt. Ltd.,65,868.0,56420.0,2025-09-24 11:09:08.859925
2025-09-24,46068,2025092403000344,SAPDBL,Online Securities Pvt. Ltd.,Sani Securities Company Ltd.,60,875.0,52500.0,2025-09-24 11:09:12.714312
2025-09-24,46067,2025092403000345,SAPDBL,Online Securities Pvt. Ltd.,Vision Securities Pvt. Ltd,60,875.0,52500.0,2025-09-24 11:09:12.714400
2025-09-24,46066,2025092403000346,SAPDBL,Online Securities Pvt. Ltd.,Naasa Securities Co. Ltd.,50,875.0,43750.0,2025-09-24 11:09:12.714447
2025-09-24,46037,2025092403000348,SAPDBL,Naasa Securities Co. Ltd.,Dakshinkali Investment & Securities Pvt. Ltd.,50,878.0,43900.0,2025-09-24 11:09:15.495342
2025-09-24,46036,2025092403000349,SAPDBL,Naasa Securities Co. Ltd.,Cristal Kanchanjanga Securites Pvt. Ltd.,170,878.0,149260.0,2025-09-24 11:09:15.495523
2025-09-24,46035,2025092403000350,SAPDBL,Online Securities Pvt. Ltd.,Kohinoor Investment & Securities Pvt. Ltd.,200,875.0,175000.0,2025-09-24 11:09:16.304153
2025-09-24,46033,2025092403000351,SAPDBL,Online Securities Pvt. Ltd.,ABC Securities Private Limited,100,875.0,87500.0,2025-09-24 11:09:16.825278
2025-09-24,45968,2025092403000361,SAPDBL,Online Securities Pvt. Ltd.,Sani Securities Company Ltd.,30,875.0,26250.0,2025-09-24 11:09:33.055189
2025-09-24,45967,2025092403000362,SAPDBL,Deevyaa Securities & Stock House Pvt. Ltd,Sani Securities Company Ltd.,20,875.0,17500.0,2025-09-24 11:09:33.055282
2025-09-24,45939,2025092403000366,SAPDBL,Naasa Securities Co. Ltd.,Secured Securities Ltd.,100,877.0,87700.0,2025-09-24 11:09:40.906173
2025-09-24,45938,2025092403000367,SAPDBL,Naasa Securities Co. Ltd.,Dipshikha Dhitopatra Karobar Co. Pvt Ltd.,30,877.0,26310.0,2025-09-24 11:09:41.567365
2025-09-24,45925,2025092403000368,SAPDBL,Naasa Securities Co. Ltd.,Asian Securities Private Ltd.,20,877.0,17540.0,2025-09-24 11:09:45.948115
2025-09-24,45863,2025092403000383,SAPDBL,Deevyaa Securities & Stock House Pvt. Ltd,Asian Securities Private Ltd.,30,877.0,26310.0,2025-09-24 11:10:01.171266
2025-09-24,45826,2025092403000386,SAPDBL,Deevyaa Securities & Stock House Pvt. Ltd,Agrawal Securities (PVT) Ltd.,40,875.0,35000.0,2025-09-24 11:10:07.376290
2025-09-24,45749,2025092403000395,SAPDBL,Bhrikuti Stock Broking Co. Pvt. Ltd.,Hatemalo Financial Services Private Limited,10,868.0,8680.0,2025-09-24 11:10:26.598974
2025-09-24,45743,2025092403000397,SAPDBL,Online Securities Pvt. Ltd.,Agrawal Securities (PVT) Ltd.,20,875.0,17500.0,2025-09-24 11:10:31.359266
2025-09-24,45742,2025092403000398,SAPDBL,Online Securities Pvt. Ltd.,Asian Securities Private Ltd.,20,877.0,17540.0,2025-09-24 11:10:31.359362
2025-09-24,45663,2025092403000406,SAPDBL,Naasa Securities Co. Ltd.,Asian Securities Private Ltd.,30,877.0,26310.0,2025-09-24 11:10:56.249975
2025-09-24,45662,2025092403000407,SAPDBL,Naasa Securities Co. Ltd.,Cristal Kanchanjanga Securites Pvt. Ltd.,30,878.0,26340.0,2025-09-24 11:10:56.250117
2025-09-24,45661,2025092403000408,SAPDBL,Naasa Securities Co. Ltd.,Sani Securities Company Ltd.,35,878.0,30730.0,2025-09-24 11:10:56.250188
2025-09-24,45600,2025092403000416,SAPDBL,Trishakti Securities Public Limited,Sweta Securities Private Limited,50,876.9,43845.0,2025-09-24 11:11:13.066906
2025-09-24,45590,2025092403000419,SAPDBL,Naasa Securities Co. Ltd.,Hatemalo Financial Services Private Limited,10,876.9,8769.0,2025-09-24 11:11:21.757583
2025-09-24,45579,2025092403000420,SAPDBL,Primo Securities (PVT) Ltd.,Sani Securities Company Ltd.,20,878.0,17560.0,2025-09-24 11:11:27.553236
2025-09-24,45486,2025092403000433,SAPDBL,Beni Securities Pvt.Ltd.,Sani Securities Company Ltd.,33,878.0,28974.0,2025-09-24 11:11:55.806630
2025-09-24,45485,2025092403000434,SAPDBL,Beni Securities Pvt.Ltd.,Sweta Securities Private Limited,10,878.0,8780.0,2025-09-24 11:11:55.806844
2025-09-24,45484,2025092403000435,SAPDBL,Beni Securities Pvt.Ltd.,Siprabi Securities Pvt. Ltd.,50,878.8,43940.0,2025-09-24 11:11:55.807007
2025-09-24,45483,2025092403000436,SAPDBL,Beni Securities Pvt.Ltd.,Naasa Securities Co. Ltd.,20,878.9,17578.0,2025-09-24 11:11:55.807162
2025-09-24,45482,2025092403000437,SAPDBL,Beni Securities Pvt.Ltd.,Vision Securities Pvt. Ltd,100,878.9,87890.0,2025-09-24 11:11:55.807291
2025-09-24,45423,2025092403000447,SAPDBL,Naasa Securities Co. Ltd.,Hatemalo Financial Services Private Limited,15,876.9,13153.5,2025-09-24 11:12:15.900677
2025-09-24,45390,2025092403000448,SAPDBL,Hatemalo Financial Services Private Limited,Hatemalo Financial Services Private Limited,18,875.0,15750.0,2025-09-24 11:12:21.935159
2025-09-24,45389,2025092403000449,SAPDBL,Naasa Securities Co. Ltd.,Hatemalo Financial Services Private Limited,27,875.0,23625.0,2025-09-24 11:12:21.935257
2025-09-24,45388,2025092403000450,SAPDBL,Deevyaa Securities & Stock House Pvt. Ltd,Hatemalo Financial Services Private Limited,10,868.1,8681.0,2025-09-24 11:12:21.935337
2025-09-24,45332,2025092403000455,SAPDBL,Deevyaa Securities & Stock House Pvt. Ltd,Bhrikuti Stock Broking Co. Pvt. Ltd.,10,868.1,8681.0,2025-09-24 11:12:37.307831
2025-09-24,45331,2025092403000456,SAPDBL,Bhrikuti Stock Broking Co. Pvt. Ltd.,Bhrikuti Stock Broking Co. Pvt. Ltd.,25,868.1,21702.5,2025-09-24 11:12:37.307922
2025-09-24,45330,2025092403000457,SAPDBL,Sweta Securities Private Limited,Bhrikuti Stock Broking Co. Pvt. Ltd.,10,868.0,8680.0,2025-09-24 11:12:37.307998
2025-09-24,45329,2025092403000458,SAPDBL,Agrawal Securities (PVT) Ltd.,Bhrikuti Stock Broking Co. Pvt. Ltd.,120,867.1,104052.0,2025-09-24 11:12:37.308096
2025-09-24,45328,2025092403000459,SAPDBL,Imperial Securities Company Pvt. Ltd.,Bhrikuti Stock Broking Co. Pvt. Ltd.,120,866.2,103944.0,2025-09-24 11:12:37.308170
2025-09-24,45327,2025092403000460,SAPDBL,Nagarik Stock Dealer ,Bhrikuti Stock Broking Co. Pvt. Ltd.,215,866.0,186190.0,2025-09-24 11:12:37.308245
2025-09-24,45321,2025092403000462,SAPDBL,Sumeru Securities Pvt. Ltd.,Naasa Securities Co. Ltd.,10,878.8,8788.0,2025-09-24 11:12:41.140233
2025-09-24,45287,2025092403000471,SAPDBL,Nagarik Stock Dealer ,Hatemalo Financial Services Private Limited,10,866.0,8660.0,2025-09-24 11:12:53.026237
2025-09-24,45253,2025092403000478,SAPDBL,Nagarik Stock Dealer ,Trishakti Securities Public Limited,140,866.0,121240.0,2025-09-24 11:13:09.453371
2025-09-24,44794,2025092403000557,SAPDBL,Primo Securities (PVT) Ltd.,Dynamic Money Managers Securities Pvt. Ltd.,10,867.0,8670.0,2025-09-24 11:15:22.269692
2025-09-24,44793,2025092403000558,SAPDBL,Vision Securities Pvt. Ltd,Dynamic Money Managers Securities Pvt. Ltd.,70,867.0,60690.0,2025-09-24 11:15:22.269957
2025-09-24,44628,2025092403000577,SAPDBL,Agrawal Securities (PVT) Ltd.,Ashutosh Brokerage & Securities (PVT) Ltd.,110,866.6,95326.0,2025-09-24 11:15:59.071970
2025-09-24,44627,2025092403000578,SAPDBL,Swarna Laxmi Securities Pvt. Ltd.,Ashutosh Brokerage & Securities (PVT) Ltd.,800,866.5,693200.0,2025-09-24 11:15:59.072096
2025-09-24,44626,2025092403000579,SAPDBL,Nagarik Stock Dealer ,Ashutosh Brokerage & Securities (PVT) Ltd.,37,866.0,32042.0,2025-09-24 11:15:59.072146
2025-09-24,44625,2025092403000580,SAPDBL,Shree Krishna Securities Ltd.,Ashutosh Brokerage & Securities (PVT) Ltd.,603,866.0,522198.0,2025-09-24 11:15:59.072196
2025-09-24,44229,2025092403000629,SAPDBL,Creative Securities Pvt Ltd,Kohinoor Investment & Securities Pvt. Ltd.,100,866.1,86610.0,2025-09-24 11:17:21.527579
2025-09-24,44002,2025092403000666,SAPDBL,Creative Securities Pvt Ltd,Sani Securities Company Ltd.,88,866.1,76216.8,2025-09-24 11:18:18.820851
2025-09-24,43991,2025092403000668,SAPDBL,Arun Securities (PVT) Ltd.,Sewa Securities Pvt. Ltd.,20,870.0,17400.0,2025-09-24 11:18:24.104044
2025-09-24,43990,2025092403000669,SAPDBL,Arun Securities (PVT) Ltd.,Online Securities Pvt. Ltd.,10,870.0,8700.0,2025-09-24 11:18:24.104281
2025-09-24,43942,2025092403000670,SAPDBL,Creative Securities Pvt Ltd,Cristal Kanchanjanga Securites Pvt. Ltd.,32,866.1,27715.2,2025-09-24 11:18:35.513192
2025-09-24,43941,2025092403000671,SAPDBL,Arun Securities (PVT) Ltd.,Cristal Kanchanjanga Securites Pvt. Ltd.,100,866.1,86610.0,2025-09-24 11:18:35.513329
2025-09-24,43940,2025092403000672,SAPDBL,Vision Securities Pvt. Ltd,Cristal Kanchanjanga Securites Pvt. Ltd.,300,865.0,259500.0,2025-09-24 11:18:35.513385
2025-09-24,43939,2025092403000673,SAPDBL,Deevyaa Securities & Stock House Pvt. Ltd,Cristal Kanchanjanga Securites Pvt. Ltd.,100,865.0,86500.0,2025-09-24 11:18:35.513437
2025-09-24,43938,2025092403000674,SAPDBL,South Asian Bulls Pvt. Ltd.,Cristal Kanchanjanga Securites Pvt. Ltd.,300,865.0,259500.0,2025-09-24 11:18:35.513486
2025-09-24,43937,2025092403000675,SAPDBL,Sweta Securities Private Limited,Cristal Kanchanjanga Securites Pvt. Ltd.,10,865.0,8650.0,2025-09-24 11:18:35.513535
2025-09-24,43910,2025092403000677,SAPDBL,Dipshikha Dhitopatra Karobar Co. Pvt Ltd.,Naasa Securities Co. Ltd.,1,866.0,866.0,2025-09-24 11:18:42.260367
2025-09-24,43869,2025092403000682,SAPDBL,Asian Securities Private Ltd.,Cristal Kanchanjanga Securites Pvt. Ltd.,10,865.0,8650.0,2025-09-24 11:18:57.217721
2025-09-24,43808,2025092403000696,SAPDBL,ABC Securities Private Limited,Asian Securities Private Ltd.,10,863.1,8631.0,2025-09-24 11:19:12.277238
2025-09-24,43807,2025092403000697,SAPDBL,Trademow Securities Private Limited,Asian Securities Private Ltd.,10,863.0,8630.0,2025-09-24 11:19:12.277350
2025-09-24,43806,2025092403000698,SAPDBL,Oxford Securities Pvt. Ltd.,Asian Securities Private Ltd.,50,861.6,43080.0,2025-09-24 11:19:12.277400
2025-09-24,43805,2025092403000699,SAPDBL,Oxford Securities Pvt. Ltd.,Asian Securities Private Ltd.,50,861.5,43075.0,2025-09-24 11:19:12.277452
2025-09-24,43804,2025092403000700,SAPDBL,ABC Securities Private Limited,Asian Securities Private Ltd.,30,861.0,25830.0,2025-09-24 11:19:12.344273
2025-09-24,43782,2025092403000701,SAPDBL,Nepal Stock House (PVT) Ltd.,Midas Stock Broking Company Private Limited,80,860.0,68800.0,2025-09-24 11:19:18.742886
2025-09-24,43781,2025092403000702,SAPDBL,Vision Securities Pvt. Ltd,Midas Stock Broking Company Private Limited,55,860.0,47300.0,2025-09-24 11:19:18.743129
2025-09-24,43780,2025092403000703,SAPDBL,Naasa Securities Co. Ltd.,Midas Stock Broking Company Private Limited,90,860.0,77400.0,2025-09-24 11:19:18.743281
2025-09-24,43747,2025092403000709,SAPDBL,Sweta Securities Private Limited,Hatemalo Financial Services Private Limited,10,850.1,8501.0,2025-09-24 11:19:29.152062
2025-09-24,43683,2025092403000722,SAPDBL,Arun Securities (PVT) Ltd.,MILKY WAY SHARE BROKER COMPANY LTD ,30,850.2,25506.0,2025-09-24 11:19:45.077566
2025-09-24,43682,2025092403000723,SAPDBL,Sweta Securities Private Limited,MILKY WAY SHARE BROKER COMPANY LTD ,90,850.1,76509.0,2025-09-24 11:19:45.077729
2025-09-24,43681,2025092403000724,SAPDBL,Cristal Kanchanjanga Securites Pvt. Ltd.,MILKY WAY SHARE BROKER COMPANY LTD ,126,850.1,107112.6,2025-09-24 11:19:45.077807
2025-09-24,43597,2025092403000736,SAPDBL,Opal Securities Investment (PVT) Ltd.,Trisul Securities & Invt. Ltd.,10,851.1,8511.0,2025-09-24 11:20:09.246967
2025-09-24,43536,2025092403000745,SAPDBL,Siprabi Securities Pvt. Ltd.,Sri Hari Securities Pvt. Ltd.,50,851.0,42550.0,2025-09-24 11:20:27.204645
2025-09-24,43535,2025092403000746,SAPDBL,APPLE SECURITIES PRIVATE LIMITED,Sri Hari Securities Pvt. Ltd.,100,851.0,85100.0,2025-09-24 11:20:27.204922
2025-09-24,43534,2025092403000747,SAPDBL,Oxford Securities Pvt. Ltd.,Sri Hari Securities Pvt. Ltd.,200,850.3,170060.0,2025-09-24 11:20:27.205160
2025-09-24,43533,2025092403000748,SAPDBL,Trishakti Securities Public Limited,Sri Hari Securities Pvt. Ltd.,100,850.2,85020.0,2025-09-24 11:20:27.205373
2025-09-24,43532,2025092403000749,SAPDBL,Cristal Kanchanjanga Securites Pvt. Ltd.,Sri Hari Securities Pvt. Ltd.,300,850.1,255030.0,2025-09-24 11:20:27.205578
2025-09-24,43366,2025092403000775,SAPDBL,Trisul Securities & Invt. Ltd.,Naasa Securities Co. Ltd.,100,857.0,85700.0,2025-09-24 11:21:05.600387
2025-09-24,43342,2025092403000780,SAPDBL,Opal Securities Investment (PVT) Ltd.,Hatemalo Financial Services Private Limited,10,853.1,8531.0,2025-09-24 11:21:10.453420
2025-09-24,42797,2025092403000882,SAPDBL,Trademow Securities Private Limited,Naasa Securities Co. Ltd.,10,856.0,8560.0,2025-09-24 11:23:25.273586
2025-09-24,42760,2025092403000884,SAPDBL,Aryatara Investment & Securities,Naasa Securities Co. Ltd.,40,856.0,34240.0,2025-09-24 11:23:31.590845
2025-09-24,42759,2025092403000885,SAPDBL,Aryatara Investment & Securities,Nepal Stock House (PVT) Ltd.,50,857.0,42850.0,2025-09-24 11:23:31.590973
2025-09-24,42724,2025092403000891,SAPDBL,Aryatara Investment & Securities,Sumeru Securities Pvt. Ltd.,10,857.0,8570.0,2025-09-24 11:23:37.407321
2025-09-24,42696,2025092403000895,SAPDBL,Imperial Securities Company Pvt. Ltd.,Midas Stock Broking Company Private Limited,10,853.2,8532.0,2025-09-24 11:23:42.878271
2025-09-24,42695,2025092403000896,SAPDBL,Vision Securities Pvt. Ltd,Midas Stock Broking Company Private Limited,95,850.2,80769.0,2025-09-24 11:23:42.878409
2025-09-24,42653,2025092403000908,SAPDBL,Online Securities Pvt. Ltd.,Sumeru Securities Pvt. Ltd.,150,855.0,128250.0,2025-09-24 11:23:57.653219
2025-09-24,42121,2025092403000982,SAPDBL,Pragyan Securities (PVT) Ltd.,Online Securities Pvt. Ltd.,50,857.0,42850.0,2025-09-24 11:26:51.681954
2025-09-24,42078,2025092403000986,SAPDBL,Trisul Securities & Invt. Ltd.,Online Securities Pvt. Ltd.,50,860.0,43000.0,2025-09-24 11:27:11.078463
2025-09-24,41930,2025092403001013,SAPDBL,Naasa Securities Co. Ltd.,Sumeru Securities Pvt. Ltd.,10,860.0,8600.0,2025-09-24 11:27:56.894402
2025-09-24,41850,2025092403001024,SAPDBL,Dipshikha Dhitopatra Karobar Co. Pvt Ltd.,Asian Securities Private Ltd.,100,861.0,86100.0,2025-09-24 11:28:17.321714
2025-09-24,41819,2025092403001028,SAPDBL,Aakashbhairab Securities Ltd.,Asian Securities Private Ltd.,150,861.0,129150.0,2025-09-24 11:28:29.086496
2025-09-24,41747,2025092403001035,SAPDBL,Naasa Securities Co. Ltd.,South Asian Bulls Pvt. Ltd.,40,861.0,34440.0,2025-09-24 11:28:52.498998
2025-09-24,41746,2025092403001036,SAPDBL,Online Securities Pvt. Ltd.,South Asian Bulls Pvt. Ltd.,10,860.0,8600.0,2025-09-24 11:28:52.499137
2025-09-24,41745,2025092403001037,SAPDBL,Shree Krishna Securities Ltd.,South Asian Bulls Pvt. Ltd.,150,859.0,128850.0,2025-09-24 11:28:52.499198
2025-09-24,41302,2025092403001094,SAPDBL,Shree Krishna Securities Ltd.,Opal Securities Investment (PVT) Ltd.,40,861.0,34440.0,2025-09-24 11:31:28.980345
2025-09-24,41249,2025092403001096,SAPDBL,Sharepro Securities Private Limited,Cristal Kanchanjanga Securites Pvt. Ltd.,20,865.0,17300.0,2025-09-24 11:31:45.149332
2025-09-24,41214,2025092403001107,SAPDBL,Dipshikha Dhitopatra Karobar Co. Pvt Ltd.,Opal Securities Investment (PVT) Ltd.,40,862.1,34484.0,2025-09-24 11:31:54.053556
2025-09-24,41128,2025092403001115,SAPDBL,Asian Securities Private Ltd.,Cristal Kanchanjanga Securites Pvt. Ltd.,128,865.0,110720.0,2025-09-24 11:32:24.547615
2025-09-24,41127,2025092403001116,SAPDBL,Asian Securities Private Ltd.,Sweta Securities Private Limited,50,865.0,43250.0,2025-09-24 11:32:24.547864
2025-09-24,41032,2025092403001130,SAPDBL,Shree Krishna Securities Ltd.,Nepal Investment And Securities Trading Private Limited,10,869.9,8699.0,2025-09-24 11:32:49.607477
2025-09-24,41023,2025092403001131,SAPDBL,Naasa Securities Co. Ltd.,Nepal Investment And Securities Trading Private Limited,50,869.9,43495.0,2025-09-24 11:32:51.990302
2025-09-24,40987,2025092403001135,SAPDBL,Nepal Investment And Securities Trading Private Limited,Nepal Investment And Securities Trading Private Limited,40,869.9,34796.0,2025-09-24 11:32:59.354184
2025-09-24,40986,2025092403001136,SAPDBL,Nepal Investment And Securities Trading Private Limited,Premier Securities Company Ltd.,100,870.0,87000.0,2025-09-24 11:32:59.354440
2025-09-24,40985,2025092403001137,SAPDBL,Nepal Investment And Securities Trading Private Limited,Sweta Securities Private Limited,200,870.0,174000.0,2025-09-24 11:32:59.354602
2025-09-24,40984,2025092403001138,SAPDBL,Nepal Investment And Securities Trading Private Limited,Shree Krishna Securities Ltd.,160,872.0,139520.0,2025-09-24 11:32:59.354767
2025-09-24,40840,2025092403001153,SAPDBL,Nabil Stock Dealer Ltd.,Shree Krishna Securities Ltd.,10,872.0,8720.0,2025-09-24 11:33:32.055146
2025-09-24,40791,2025092403001155,SAPDBL,Online Securities Pvt. Ltd.,Opal Securities Investment (PVT) Ltd.,10,870.0,8700.0,2025-09-24 11:33:43.454350
2025-09-24,40761,2025092403001160,SAPDBL,Asian Securities Private Ltd.,Shree Krishna Securities Ltd.,22,872.0,19184.0,2025-09-24 11:33:52.067332
2025-09-24,40645,2025092403001174,SAPDBL,Capital Max Securities Ltd,Dipshikha Dhitopatra Karobar Co. Pvt Ltd.,50,870.0,43500.0,2025-09-24 11:34:19.223871
2025-09-24,40644,2025092403001175,SAPDBL,Capital Max Securities Ltd,Shree Krishna Securities Ltd.,58,872.0,50576.0,2025-09-24 11:34:19.224002
2025-09-24,40634,2025092403001176,SAPDBL,Cristal Kanchanjanga Securites Pvt. Ltd.,Shree Krishna Securities Ltd.,50,872.0,43600.0,2025-09-24 11:34:22.700825
2025-09-24,40580,2025092403001188,SAPDBL,Cristal Kanchanjanga Securites Pvt. Ltd.,Dynamic Money Managers Securities Pvt. Ltd.,50,872.0,43600.0,2025-09-24 11:34:39.411673
2025-09-24,40563,2025092403001195,SAPDBL,Cristal Kanchanjanga Securites Pvt. Ltd.,Sani Securities Company Ltd.,30,872.0,26160.0,2025-09-24 11:34:40.971989
2025-09-24,40549,2025092403001196,SAPDBL,Nepal Investment And Securities Trading Private Limited,Sundhara Securities Limited,10,874.0,8740.0,2025-09-24 11:34:45.844610
2025-09-24,40548,2025092403001197,SAPDBL,Nepal Investment And Securities Trading Private Limited,Dynamic Money Managers Securities Pvt. Ltd.,128,874.5,111936.0,2025-09-24 11:34:45.844772
2025-09-24,40547,2025092403001198,SAPDBL,Nepal Investment And Securities Trading Private Limited,Naasa Securities Co. Ltd.,40,874.9,34996.0,2025-09-24 11:34:45.844833
2025-09-24,40546,2025092403001199,SAPDBL,Nepal Investment And Securities Trading Private Limited,Sewa Securities Pvt. Ltd.,70,877.0,61390.0,2025-09-24 11:34:45.844890
2025-09-24,40545,2025092403001200,SAPDBL,Nepal Investment And Securities Trading Private Limited,Siprabi Securities Pvt. Ltd.,80,879.0,70320.0,2025-09-24 11:34:45.844950
2025-09-24,40544,2025092403001201,SAPDBL,Nepal Investment And Securities Trading Private Limited,Vision Securities Pvt. Ltd,50,879.0,43950.0,2025-09-24 11:34:45.845004
2025-09-24,40514,2025092403001210,SAPDBL,Dipshikha Dhitopatra Karobar Co. Pvt Ltd.,Swarna Laxmi Securities Pvt. Ltd.,10,880.0,8800.0,2025-09-24 11:34:56.823198
2025-09-24,40492,2025092403001211,SAPDBL,Nepal Investment And Securities Trading Private Limited,Nepal Stock House (PVT) Ltd.,10,879.0,8790.0,2025-09-24 11:35:00.193196
2025-09-24,40424,2025092403001216,SAPDBL,Nepal Investment And Securities Trading Private Limited,Opal Securities Investment (PVT) Ltd.,112,879.0,98448.0,2025-09-24 11:35:16.886865
2025-09-24,40325,2025092403001238,SAPDBL,Imperial Securities Company Pvt. Ltd.,Swarna Laxmi Securities Pvt. Ltd.,40,880.0,35200.0,2025-09-24 11:35:41.180252
2025-09-24,40324,2025092403001239,SAPDBL,Imperial Securities Company Pvt. Ltd.,Sweta Securities Private Limited,60,880.0,52800.0,2025-09-24 11:35:41.180385
2025-09-24,40282,2025092403001248,SAPDBL,Linch Stock Market Ltd.,Sweta Securities Private Limited,69,880.0,60720.0,2025-09-24 11:35:55.854412
2025-09-24,40281,2025092403001249,SAPDBL,Linch Stock Market Ltd.,Premier Securities Company Ltd.,400,880.0,352000.0,2025-09-24 11:35:55.854664
2025-09-24,40280,2025092403001250,SAPDBL,Linch Stock Market Ltd.,Sundhara Securities Limited,31,880.0,27280.0,2025-09-24 11:35:55.854828
2025-09-24,40261,2025092403001255,SAPDBL,Linch Stock Market Ltd.,Sundhara Securities Limited,69,880.0,60720.0,2025-09-24 11:36:06.926176
2025-09-24,40260,2025092403001256,SAPDBL,Linch Stock Market Ltd.,Aryatara Investment & Securities,10,880.0,8800.0,2025-09-24 11:36:06.926323
2025-09-24,40259,2025092403001257,SAPDBL,Linch Stock Market Ltd.,Premier Securities Company Ltd.,100,880.0,88000.0,2025-09-24 11:36:06.926410
2025-09-24,40258,2025092403001258,SAPDBL,Linch Stock Market Ltd.,Sri Hari Securities Pvt. Ltd.,321,881.0,282801.0,2025-09-24 11:36:06.926487
2025-09-24,40237,2025092403001261,SAPDBL,Linch Stock Market Ltd.,Sri Hari Securities Pvt. Ltd.,500,881.0,440500.0,2025-09-24 11:36:17.987890
2025-09-24,40176,2025092403001270,SAPDBL,Capital Max Securities Ltd,Opal Securities Investment (PVT) Ltd.,50,880.2,44010.0,2025-09-24 11:36:37.155384
2025-09-24,40116,2025092403001278,SAPDBL,Aryatara Investment & Securities,Online Securities Pvt. Ltd.,50,880.0,44000.0,2025-09-24 11:36:51.000838
2025-09-24,40115,2025092403001279,SAPDBL,Online Securities Pvt. Ltd.,Online Securities Pvt. Ltd.,450,880.0,396000.0,2025-09-24 11:36:51.000986
2025-09-24,40109,2025092403001282,SAPDBL,Sri Hari Securities Pvt. Ltd.,Sri Hari Securities Pvt. Ltd.,79,881.0,69599.0,2025-09-24 11:36:53.340706
2025-09-24,40108,2025092403001283,SAPDBL,Sri Hari Securities Pvt. Ltd.,Naasa Securities Co. Ltd.,50,882.0,44100.0,2025-09-24 11:36:53.340822
2025-09-24,40107,2025092403001284,SAPDBL,Sri Hari Securities Pvt. Ltd.,Oxford Securities Pvt. Ltd.,50,883.0,44150.0,2025-09-24 11:36:53.340893
2025-09-24,40106,2025092403001285,SAPDBL,Sri Hari Securities Pvt. Ltd.,Siprabi Securities Pvt. Ltd.,200,883.0,176600.0,2025-09-24 11:36:53.340946
2025-09-24,40105,2025092403001286,SAPDBL,Sri Hari Securities Pvt. Ltd.,Aryatara Investment & Securities,10,883.0,8830.0,2025-09-24 11:36:53.341001
2025-09-24,40104,2025092403001287,SAPDBL,Sri Hari Securities Pvt. Ltd.,Dynamic Money Managers Securities Pvt. Ltd.,50,883.0,44150.0,2025-09-24 11:36:53.341054
2025-09-24,40051,2025092403001290,SAPDBL,Sri Hari Securities Pvt. Ltd.,Online Securities Pvt. Ltd.,10,883.0,8830.0,2025-09-24 11:37:05.067000
2025-09-24,40037,2025092403001293,SAPDBL,Sewa Securities Pvt. Ltd.,KALASH STOCK MARKET PVT. LTD.,10,883.3,8833.0,2025-09-24 11:37:10.182423
2025-09-24,40036,2025092403001294,SAPDBL,Sewa Securities Pvt. Ltd.,Linch Stock Market Ltd.,40,883.3,35332.0,2025-09-24 11:37:10.182666
2025-09-24,39967,2025092403001307,SAPDBL,Sri Hari Securities Pvt. Ltd.,Midas Stock Broking Company Private Limited,51,883.0,45033.0,2025-09-24 11:37:29.786143
2025-09-24,39966,2025092403001308,SAPDBL,Deevyaa Securities & Stock House Pvt. Ltd,Midas Stock Broking Company Private Limited,79,881.0,69599.0,2025-09-24 11:37:29.786444
2025-09-24,39965,2025092403001309,SAPDBL,Online Securities Pvt. Ltd.,Midas Stock Broking Company Private Limited,750,880.0,660000.0,2025-09-24 11:37:29.786675
2025-09-24,39964,2025092403001310,SAPDBL,Shree Krishna Securities Ltd.,Midas Stock Broking Company Private Limited,1000,880.0,880000.0,2025-09-24 11:37:29.786895
2025-09-24,39963,2025092403001311,SAPDBL,Shree Krishna Securities Ltd.,Midas Stock Broking Company Private Limited,120,879.9,105588.0,2025-09-24 11:37:29.787127
2025-09-24,39959,2025092403001312,SAPDBL,Cristal Kanchanjanga Securites Pvt. Ltd.,Linch Stock Market Ltd.,10,883.3,8833.0,2025-09-24 11:37:31.276135
2025-09-24,39958,2025092403001313,SAPDBL,Cristal Kanchanjanga Securites Pvt. Ltd.,Naasa Securities Co. Ltd.,10,883.3,8833.0,2025-09-24 11:37:31.276276
2025-09-24,39903,2025092403001316,SAPDBL,Cristal Kanchanjanga Securites Pvt. Ltd.,Online Securities Pvt. Ltd.,50,883.3,44165.0,2025-09-24 11:37:48.349597
2025-09-24,39902,2025092403001317,SAPDBL,Online Securities Pvt. Ltd.,Online Securities Pvt. Ltd.,50,883.1,44155.0,2025-09-24 11:37:48.349875
2025-09-24,39874,2025092403001320,SAPDBL,Pragyan Securities (PVT) Ltd.,Naasa Securities Co. Ltd.,10,883.4,8834.0,2025-09-24 11:37:52.740049
2025-09-24,39873,2025092403001321,SAPDBL,Pragyan Securities (PVT) Ltd.,Nepal Investment And Securities Trading Private Limited,20,884.3,17686.0,2025-09-24 11:37:52.740175
2025-09-24,39872,2025092403001322,SAPDBL,Pragyan Securities (PVT) Ltd.,Asian Securities Private Ltd.,20,885.0,17700.0,2025-09-24 11:37:52.740247
2025-09-24,39838,2025092403001327,SAPDBL,Online Securities Pvt. Ltd.,Dynamic Money Managers Securities Pvt. Ltd.,56,883.1,49453.6,2025-09-24 11:38:03.755701
2025-09-24,39728,2025092403001337,SAPDBL,Shree Krishna Securities Ltd.,Asian Securities Private Ltd.,10,885.0,8850.0,2025-09-24 11:38:35.183390
2025-09-24,39622,2025092403001347,SAPDBL,Online Securities Pvt. Ltd.,Online Securities Pvt. Ltd.,20,884.0,17680.0,2025-09-24 11:39:04.785182
2025-09-24,39618,2025092403001348,SAPDBL,Online Securities Pvt. Ltd.,Nepal Investment And Securities Trading Private Limited,15,884.0,13260.0,2025-09-24 11:39:06.340520
2025-09-24,39571,2025092403001359,SAPDBL,Global IME Securities Limited,Opal Securities Investment (PVT) Ltd.,10,883.4,8834.0,2025-09-24 11:39:25.786311
2025-09-24,39570,2025092403001360,SAPDBL,Deevyaa Securities & Stock House Pvt. Ltd,Opal Securities Investment (PVT) Ltd.,50,883.4,44170.0,2025-09-24 11:39:25.786561
2025-09-24,39507,2025092403001369,SAPDBL,Thrive Brokerage House Pvt. Ltd,Vision Securities Pvt. Ltd,150,880.0,132000.0,2025-09-24 11:39:42.778142
2025-09-24,39506,2025092403001370,SAPDBL,Aryatara Investment & Securities,Vision Securities Pvt. Ltd,110,880.0,96800.0,2025-09-24 11:39:42.778237
2025-09-24,39505,2025092403001371,SAPDBL,N.I.M.B. Stock Markets Limited,Vision Securities Pvt. Ltd,100,879.0,87900.0,2025-09-24 11:39:42.778326
2025-09-24,39504,2025092403001372,SAPDBL,Dipshikha Dhitopatra Karobar Co. Pvt Ltd.,Vision Securities Pvt. Ltd,10,873.3,8733.0,2025-09-24 11:39:42.778384
2025-09-24,39503,2025092403001373,SAPDBL,Nepal Stock House (PVT) Ltd.,Vision Securities Pvt. Ltd,50,873.0,43650.0,2025-09-24 11:39:42.778458
2025-09-24,39502,2025092403001374,SAPDBL,Siprabi Securities Pvt. Ltd.,Vision Securities Pvt. Ltd,32,870.0,27840.0,2025-09-24 11:39:42.778532
2025-09-24,39255,2025092403001395,SAPDBL,Siprabi Securities Pvt. Ltd.,Aryatara Investment & Securities,50,870.0,43500.0,2025-09-24 11:40:28.620345
2025-09-24,39171,2025092403001408,SAPDBL,Siprabi Securities Pvt. Ltd.,South Asian Bulls Pvt. Ltd.,68,870.0,59160.0,2025-09-24 11:40:51.571330
2025-09-24,39170,2025092403001409,SAPDBL,N.I.M.B. Stock Markets Limited,South Asian Bulls Pvt. Ltd.,32,870.0,27840.0,2025-09-24 11:40:51.571463
2025-09-24,39162,2025092403001415,SAPDBL,N.I.M.B. Stock Markets Limited,Opal Securities Investment (PVT) Ltd.,18,870.0,15660.0,2025-09-24 11:40:54.099342
2025-09-24,39078,2025092403001423,SAPDBL,Deevyaa Securities & Stock House Pvt. Ltd,Kumari Securities Private Limited,50,868.0,43400.0,2025-09-24 11:41:22.689097
2025-09-24,39008,2025092403001427,SAPDBL,Deevyaa Securities & Stock House Pvt. Ltd,Opal Securities Investment (PVT) Ltd.,50,868.0,43400.0,2025-09-24 11:41:44.312338
2025-09-24,39007,2025092403001428,SAPDBL,Asian Securities Private Ltd.,Opal Securities Investment (PVT) Ltd.,50,867.0,43350.0,2025-09-24 11:41:44.312599
2025-09-24,38863,2025092403001451,SAPDBL,Naasa Securities Co. Ltd.,Opal Securities Investment (PVT) Ltd.,18,870.0,15660.0,2025-09-24 11:42:25.466856
2025-09-24,38862,2025092403001452,SAPDBL,Asian Securities Private Ltd.,Opal Securities Investment (PVT) Ltd.,14,867.0,12138.0,2025-09-24 11:42:25.467151
2025-09-24,38802,2025092403001459,SAPDBL,Bhrikuti Stock Broking Co. Pvt. Ltd.,Sweta Securities Private Limited,24,867.1,20810.4,2025-09-24 11:42:47.429540
2025-09-24,38706,2025092403001466,SAPDBL,Bhrikuti Stock Broking Co. Pvt. Ltd.,Opal Securities Investment (PVT) Ltd.,76,867.1,65899.6,2025-09-24 11:43:11.626429
2025-09-24,38705,2025092403001467,SAPDBL,N.I.M.B. Stock Markets Limited,Opal Securities Investment (PVT) Ltd.,50,867.1,43355.0,2025-09-24 11:43:11.626570
2025-09-24,38704,2025092403001468,SAPDBL,Asian Securities Private Ltd.,Opal Securities Investment (PVT) Ltd.,74,867.0,64158.0,2025-09-24 11:43:11.626640
2025-09-24,38650,2025092403001477,SAPDBL,Asian Securities Private Ltd.,Naasa Securities Co. Ltd.,17,867.0,14739.0,2025-09-24 11:43:32.086439
2025-09-24,38641,2025092403001481,SAPDBL,Asian Securities Private Ltd.,Online Securities Pvt. Ltd.,100,867.0,86700.0,2025-09-24 11:43:33.716349
2025-09-24,38074,2025092403001557,SAPDBL,Naasa Securities Co. Ltd.,Shree Krishna Securities Ltd.,10,875.0,8750.0,2025-09-24 11:47:20.755716
2025-09-24,37988,2025092403001576,SAPDBL,Kohinoor Investment & Securities Pvt. Ltd.,Shree Krishna Securities Ltd.,10,868.0,8680.0,2025-09-24 11:48:05.458284
2025-09-24,37461,2025092403001629,SAPDBL,Dipshikha Dhitopatra Karobar Co. Pvt Ltd.,Capital Max Securities Ltd,50,869.0,43450.0,2025-09-24 11:51:49.344679
2025-09-24,37460,2025092403001630,SAPDBL,Sewa Securities Pvt. Ltd.,Capital Max Securities Ltd,60,869.0,52140.0,2025-09-24 11:51:49.344847
2025-09-24,37301,2025092403001655,SAPDBL,Naasa Securities Co. Ltd.,Imperial Securities Company Pvt. Ltd.,110,874.7,96217.0,2025-09-24 11:52:38.827137
2025-09-24,37179,2025092403001666,SAPDBL,Neev Securities Pvt. Ltd.,Imperial Securities Company Pvt. Ltd.,260,874.7,227422.0,2025-09-24 11:53:13.899530
2025-09-24,37178,2025092403001667,SAPDBL,Neev Securities Pvt. Ltd.,Sundhara Securities Limited,10,874.8,8748.0,2025-09-24 11:53:13.899678
2025-09-24,37177,2025092403001668,SAPDBL,Neev Securities Pvt. Ltd.,Shree Krishna Securities Ltd.,80,875.0,70000.0,2025-09-24 11:53:13.899769
2025-09-24,36609,2025092403001738,SAPDBL,Online Securities Pvt. Ltd.,Trishakti Securities Public Limited,20,874.0,17480.0,2025-09-24 11:56:33.362414
2025-09-24,36412,2025092403001767,SAPDBL,Primo Securities (PVT) Ltd.,Shree Krishna Securities Ltd.,20,875.0,17500.0,2025-09-24 11:57:34.934487
2025-09-24,36248,2025092403001789,SAPDBL,Aryatara Investment & Securities,Shree Krishna Securities Ltd.,20,875.0,17500.0,2025-09-24 11:58:34.638438
2025-09-24,36247,2025092403001790,SAPDBL,Aryatara Investment & Securities,Naasa Securities Co. Ltd.,50,875.0,43750.0,2025-09-24 11:58:34.638757
2025-09-24,36246,2025092403001791,SAPDBL,Aryatara Investment & Securities,Premier Securities Company Ltd.,15,875.0,13125.0,2025-09-24 11:58:34.638965
2025-09-24,36245,2025092403001792,SAPDBL,Aryatara Investment & Securities,Cristal Kanchanjanga Securites Pvt. Ltd.,20,876.0,17520.0,2025-09-24 11:58:34.639262
2025-09-24,36244,2025092403001793,SAPDBL,Aryatara Investment & Securities,Creative Securities Pvt Ltd,44,876.1,38548.4,2025-09-24 11:58:34.639504
2025-09-24,36090,2025092403001807,SAPDBL,Aryatara Investment & Securities,Opal Securities Investment (PVT) Ltd.,51,877.0,44727.0,2025-09-24 11:59:22.602092
2025-09-24,35207,2025092403001950,SAPDBL,Online Securities Pvt. Ltd.,Vision Securities Pvt. Ltd,10,877.8,8778.0,2025-09-24 12:04:06.716576
2025-09-24,34392,2025092403002027,SAPDBL,Premier Securities Company Ltd.,Naasa Securities Co. Ltd.,40,877.0,35080.0,2025-09-24 12:08:11.187631
2025-09-24,34391,2025092403002028,SAPDBL,Premier Securities Company Ltd.,Ashutosh Brokerage & Securities (PVT) Ltd.,100,877.0,87700.0,2025-09-24 12:08:11.187818
2025-09-24,34390,2025092403002029,SAPDBL,Premier Securities Company Ltd.,Vision Securities Pvt. Ltd,40,877.8,35112.0,2025-09-24 12:08:11.187903
2025-09-24,34389,2025092403002030,SAPDBL,Premier Securities Company Ltd.,Nepal Investment And Securities Trading Private Limited,100,877.9,87790.0,2025-09-24 12:08:11.187975
2025-09-24,34388,2025092403002031,SAPDBL,Premier Securities Company Ltd.,Hatemalo Financial Services Private Limited,10,878.6,8786.0,2025-09-24 12:08:11.188051
2025-09-24,34387,2025092403002032,SAPDBL,Premier Securities Company Ltd.,Hatemalo Financial Services Private Limited,10,878.7,8787.0,2025-09-24 12:08:11.188122
2025-09-24,34386,2025092403002033,SAPDBL,Premier Securities Company Ltd.,Hatemalo Financial Services Private Limited,10,878.8,8788.0,2025-09-24 12:08:11.188205
2025-09-24,34385,2025092403002034,SAPDBL,Premier Securities Company Ltd.,Hatemalo Financial Services Private Limited,10,878.9,8789.0,2025-09-24 12:08:11.188277
2025-09-24,34384,2025092403002035,SAPDBL,Premier Securities Company Ltd.,ABC Securities Private Limited,500,879.0,439500.0,2025-09-24 12:08:11.188351
2025-09-24,34383,2025092403002036,SAPDBL,Premier Securities Company Ltd.,Deevyaa Securities & Stock House Pvt. Ltd,30,879.0,26370.0,2025-09-24 12:08:11.188421
2025-09-24,34335,2025092403002046,SAPDBL,Premier Securities Company Ltd.,Dipshikha Dhitopatra Karobar Co. Pvt Ltd.,100,879.0,87900.0,2025-09-24 12:08:21.781336
2025-09-24,34216,2025092403002050,SAPDBL,Primo Securities (PVT) Ltd.,Nepal Investment And Securities Trading Private Limited,10,880.0,8800.0,2025-09-24 12:08:44.850581
2025-09-24,34021,2025092403002097,SAPDBL,Premier Securities Company Ltd.,Nepal Investment And Securities Trading Private Limited,50,879.0,43950.0,2025-09-24 12:09:45.294041
2025-09-24,33502,2025092403002180,SAPDBL,Dipshikha Dhitopatra Karobar Co. Pvt Ltd.,Shree Krishna Securities Ltd.,2,879.0,1758.0,2025-09-24 12:12:30.965934
2025-09-24,33486,2025092403002182,SAPDBL,Trishakti Securities Public Limited,Aryatara Investment & Securities,30,880.0,26400.0,2025-09-24 12:12:38.300110
2025-09-24,33390,2025092403002191,SAPDBL,Vision Securities Pvt. Ltd,Aryatara Investment & Securities,20,880.0,17600.0,2025-09-24 12:13:20.256914
2025-09-24,32897,2025092403002258,SAPDBL,Imperial Securities Company Pvt. Ltd.,Kohinoor Investment & Securities Pvt. Ltd.,100,877.0,87700.0,2025-09-24 12:15:36.741358
2025-09-24,32655,2025092403002289,SAPDBL,Imperial Securities Company Pvt. Ltd.,Capital Max Securities Ltd,70,877.0,61390.0,2025-09-24 12:16:38.278657
2025-09-24,32654,2025092403002290,SAPDBL,Bhrikuti Stock Broking Co. Pvt. Ltd.,Capital Max Securities Ltd,300,871.1,261330.0,2025-09-24 12:16:38.278879
2025-09-24,32653,2025092403002291,SAPDBL,N.I.M.B. Stock Markets Limited,Capital Max Securities Ltd,30,871.1,26133.0,2025-09-24 12:16:38.278978
2025-09-24,32575,2025092403002304,SAPDBL,N.I.M.B. Stock Markets Limited,Pragyan Securities (PVT) Ltd.,10,871.1,8711.0,2025-09-24 12:16:53.523797
2025-09-24,32501,2025092403002322,SAPDBL,N.I.M.B. Stock Markets Limited,Capital Max Securities Ltd,100,871.1,87110.0,2025-09-24 12:17:04.599000
2025-09-24,32355,2025092403002360,SAPDBL,N.I.M.B. Stock Markets Limited,Capital Max Securities Ltd,200,871.1,174220.0,2025-09-24 12:17:36.710965
2025-09-24,32330,2025092403002367,SAPDBL,N.I.M.B. Stock Markets Limited,Dipshikha Dhitopatra Karobar Co. Pvt Ltd.,100,871.1,87110.0,2025-09-24 12:17:41.519165
2025-09-24,32277,2025092403002384,SAPDBL,N.I.M.B. Stock Markets Limited,Sewa Securities Pvt. Ltd.,60,871.1,52266.0,2025-09-24 12:17:53.436297
2025-09-24,32276,2025092403002385,SAPDBL,Trishakti Securities Public Limited,Sewa Securities Pvt. Ltd.,20,871.0,17420.0,2025-09-24 12:17:53.436467
2025-09-24,32275,2025092403002386,SAPDBL,Online Securities Pvt. Ltd.,Sewa Securities Pvt. Ltd.,20,871.0,17420.0,2025-09-24 12:17:53.436543
2025-09-24,32274,2025092403002387,SAPDBL,BHOLE GANESH SECURITIES LTD,Sewa Securities Pvt. Ltd.,20,870.0,17400.0,2025-09-24 12:17:53.436612
2025-09-24,32147,2025092403002402,SAPDBL,BHOLE GANESH SECURITIES LTD,Arun Securities (PVT) Ltd.,16,870.0,13920.0,2025-09-24 12:18:18.156121
2025-09-24,32146,2025092403002403,SAPDBL,Shree Krishna Securities Ltd.,Arun Securities (PVT) Ltd.,54,870.0,46980.0,2025-09-24 12:18:18.156520
2025-09-24,32079,2025092403002418,SAPDBL,Shree Krishna Securities Ltd.,Sumeru Securities Pvt. Ltd.,20,870.0,17400.0,2025-09-24 12:18:26.629485
2025-09-24,32038,2025092403002422,SAPDBL,Shree Krishna Securities Ltd.,Nepal Stock House (PVT) Ltd.,46,870.0,40020.0,2025-09-24 12:18:31.509968
2025-09-24,32037,2025092403002423,SAPDBL,Kumari Securities Private Limited,Nepal Stock House (PVT) Ltd.,154,870.0,133980.0,2025-09-24 12:18:31.510069
2025-09-24,31993,2025092403002433,SAPDBL,Kumari Securities Private Limited,Capital Max Securities Ltd,300,870.0,261000.0,2025-09-24 12:18:38.923970
2025-09-24,31962,2025092403002438,SAPDBL,Kumari Securities Private Limited,Roadshow securities limited,200,870.0,174000.0,2025-09-24 12:18:44.651740
2025-09-24,31807,2025092403002469,SAPDBL,Kumari Securities Private Limited,Kohinoor Investment & Securities Pvt. Ltd.,40,870.0,34800.0,2025-09-24 12:19:13.605399
2025-09-24,31717,2025092403002501,SAPDBL,Kohinoor Investment & Securities Pvt. Ltd.,Naasa Securities Co. Ltd.,15,868.2,13023.0,2025-09-24 12:19:33.943999
2025-09-24,31716,2025092403002502,SAPDBL,Sani Securities Company Ltd.,Naasa Securities Co. Ltd.,50,868.2,43410.0,2025-09-24 12:19:33.944201
2025-09-24,31456,2025092403002590,SAPDBL,Online Securities Pvt. Ltd.,Opal Securities Investment (PVT) Ltd.,120,868.0,104160.0,2025-09-24 12:20:36.647966
2025-09-24,31390,2025092403002595,SAPDBL,Investment Management Nepal Pvt. Ltd.,Opal Securities Investment (PVT) Ltd.,500,867.1,433550.0,2025-09-24 12:20:49.783788
2025-09-24,31241,2025092403002611,SAPDBL,Asian Securities Private Ltd.,Midas Stock Broking Company Private Limited,119,867.0,103173.0,2025-09-24 12:21:21.451208
2025-09-24,31184,2025092403002616,SAPDBL,Online Securities Pvt. Ltd.,Opal Securities Investment (PVT) Ltd.,10,868.0,8680.0,2025-09-24 12:21:37.013056
2025-09-24,31127,2025092403002623,SAPDBL,Asian Securities Private Ltd.,Opal Securities Investment (PVT) Ltd.,126,867.0,109242.0,2025-09-24 12:21:58.144871
2025-09-24,31126,2025092403002624,SAPDBL,Vision Securities Pvt. Ltd,Opal Securities Investment (PVT) Ltd.,10,867.0,8670.0,2025-09-24 12:21:58.145086
2025-09-24,31125,2025092403002625,SAPDBL,Aryatara Investment & Securities,Opal Securities Investment (PVT) Ltd.,46,867.0,39882.0,2025-09-24 12:21:58.145172
2025-09-24,31026,2025092403002644,SAPDBL,Sani Securities Company Ltd.,Kohinoor Investment & Securities Pvt. Ltd.,10,866.0,8660.0,2025-09-24 12:22:31.980573
2025-09-24,30895,2025092403002662,SAPDBL,Kohinoor Investment & Securities Pvt. Ltd.,Shree Krishna Securities Ltd.,50,867.0,43350.0,2025-09-24 12:23:17.149271
2025-09-24,30521,2025092403002719,SAPDBL,Online Securities Pvt. Ltd.,Opal Securities Investment (PVT) Ltd.,10,866.1,8661.0,2025-09-24 12:25:12.945188
2025-09-24,30520,2025092403002720,SAPDBL,Sani Securities Company Ltd.,Opal Securities Investment (PVT) Ltd.,10,866.0,8660.0,2025-09-24 12:25:12.945385
2025-09-24,30408,2025092403002732,SAPDBL,Sweta Securities Private Limited,Opal Securities Investment (PVT) Ltd.,30,864.0,25920.0,2025-09-24 12:25:38.035700
2025-09-24,30321,2025092403002747,SAPDBL,Sweta Securities Private Limited,Hatemalo Financial Services Private Limited,86,864.0,74304.0,2025-09-24 12:26:09.122834
2025-09-24,30320,2025092403002748,SAPDBL,Sani Securities Company Ltd.,Hatemalo Financial Services Private Limited,100,864.0,86400.0,2025-09-24 12:26:09.122901
2025-09-24,30319,2025092403002749,SAPDBL,J.F. Securites (PVT) Ltd.,Hatemalo Financial Services Private Limited,20,862.0,17240.0,2025-09-24 12:26:09.122932
2025-09-24,30318,2025092403002750,SAPDBL,Imperial Securities Company Pvt. Ltd.,Hatemalo Financial Services Private Limited,200,861.0,172200.0,2025-09-24 12:26:09.122965
2025-09-24,30317,2025092403002751,SAPDBL,Sani Securities Company Ltd.,Hatemalo Financial Services Private Limited,50,860.0,43000.0,2025-09-24 12:26:09.122993
2025-09-24,30316,2025092403002752,SAPDBL,Sajilo Broker Limited,Hatemalo Financial Services Private Limited,50,860.0,43000.0,2025-09-24 12:26:09.123018
2025-09-24,30315,2025092403002753,SAPDBL,Arun Securities (PVT) Ltd.,Hatemalo Financial Services Private Limited,100,860.0,86000.0,2025-09-24 12:26:09.123070
2025-09-24,30314,2025092403002754,SAPDBL,Thrive Brokerage House Pvt. Ltd,Hatemalo Financial Services Private Limited,150,860.0,129000.0,2025-09-24 12:26:09.123125
2025-09-24,30313,2025092403002755,SAPDBL,Vision Securities Pvt. Ltd,Hatemalo Financial Services Private Limited,50,860.0,43000.0,2025-09-24 12:26:09.123152
2025-09-24,30312,2025092403002756,SAPDBL,Sharepro Securities Private Limited,Hatemalo Financial Services Private Limited,20,860.0,17200.0,2025-09-24 12:26:09.123175
2025-09-24,30311,2025092403002757,SAPDBL,Naasa Securities Co. Ltd.,Hatemalo Financial Services Private Limited,10,860.0,8600.0,2025-09-24 12:26:09.123200
2025-09-24,30310,2025092403002758,SAPDBL,Sani Securities Company Ltd.,Hatemalo Financial Services Private Limited,164,860.0,141040.0,2025-09-24 12:26:09.123235
2025-09-24,30267,2025092403002766,SAPDBL,Sani Securities Company Ltd.,Hatemalo Financial Services Private Limited,36,860.0,30960.0,2025-09-24 12:26:27.170162
2025-09-24,30266,2025092403002767,SAPDBL,Sani Securities Company Ltd.,Hatemalo Financial Services Private Limited,100,860.0,86000.0,2025-09-24 12:26:27.170331
2025-09-24,30265,2025092403002768,SAPDBL,N.I.M.B. Stock Markets Limited,Hatemalo Financial Services Private Limited,20,860.0,17200.0,2025-09-24 12:26:27.170409
2025-09-24,30198,2025092403002792,SAPDBL,Online Securities Pvt. Ltd.,Sundhara Securities Limited,19,858.0,16302.0,2025-09-24 12:26:46.484390
2025-09-24,30066,2025092403002806,SAPDBL,Midas Stock Broking Company Private Limited,Hatemalo Financial Services Private Limited,2500,860.0,2150000.0,2025-09-24 12:27:31.833659
2025-09-24,30048,2025092403002812,SAPDBL,Kohinoor Investment & Securities Pvt. Ltd.,Hatemalo Financial Services Private Limited,50,860.0,43000.0,2025-09-24 12:27:37.222727
2025-09-24,29833,2025092403002848,SAPDBL,Kohinoor Investment & Securities Pvt. Ltd.,Hatemalo Financial Services Private Limited,15,860.0,12900.0,2025-09-24 12:28:39.468440
2025-09-24,29658,2025092403002889,SAPDBL,ABC Securities Private Limited,Hatemalo Financial Services Private Limited,10,860.0,8600.0,2025-09-24 12:29:40.883433
2025-09-24,29654,2025092403002890,SAPDBL,Vision Securities Pvt. Ltd,Opal Securities Investment (PVT) Ltd.,50,858.6,42930.0,2025-09-24 12:29:42.910549
2025-09-24,29653,2025092403002891,SAPDBL,Linch Stock Market Ltd.,Opal Securities Investment (PVT) Ltd.,40,858.5,34340.0,2025-09-24 12:29:42.910731
2025-09-24,29652,2025092403002892,SAPDBL,Online Securities Pvt. Ltd.,Opal Securities Investment (PVT) Ltd.,31,858.0,26598.0,2025-09-24 12:29:42.910803
2025-09-24,29651,2025092403002893,SAPDBL,Asian Securities Private Ltd.,Opal Securities Investment (PVT) Ltd.,129,858.0,110682.0,2025-09-24 12:29:42.910873
2025-09-24,29588,2025092403002896,SAPDBL,Aryatara Investment & Securities,Hatemalo Financial Services Private Limited,155,860.0,133300.0,2025-09-24 12:30:03.726631
2025-09-24,29252,2025092403002951,SAPDBL,Asian Securities Private Ltd.,Oxford Securities Pvt. Ltd.,71,858.0,60918.0,2025-09-24 12:32:23.527632
2025-09-24,29251,2025092403002952,SAPDBL,N.I.M.B. Stock Markets Limited,Oxford Securities Pvt. Ltd.,20,858.0,17160.0,2025-09-24 12:32:23.527984
2025-09-24,29047,2025092403002991,SAPDBL,Online Securities Pvt. Ltd.,Hatemalo Financial Services Private Limited,10,856.1,8561.0,2025-09-24 12:33:44.357798
2025-09-24,28721,2025092403003057,SAPDBL,Sani Securities Company Ltd.,Naasa Securities Co. Ltd.,25,857.0,21425.0,2025-09-24 12:35:56.696432
2025-09-24,28720,2025092403003058,SAPDBL,Sajilo Broker Limited,Naasa Securities Co. Ltd.,10,856.1,8561.0,2025-09-24 12:35:56.696519
2025-09-24,28224,2025092403003135,SAPDBL,ABC Securities Private Limited,Online Securities Pvt. Ltd.,50,860.0,43000.0,2025-09-24 12:39:22.530976
2025-09-24,28223,2025092403003136,SAPDBL,ABC Securities Private Limited,Sani Securities Company Ltd.,90,860.0,77400.0,2025-09-24 12:39:22.531213
2025-09-24,27972,2025092403003188,SAPDBL,Trishakti Securities Public Limited,Naasa Securities Co. Ltd.,92,857.1,78853.2,2025-09-24 12:40:46.255138
2025-09-24,27837,2025092403003204,SAPDBL,Sewa Securities Pvt. Ltd.,Sani Securities Company Ltd.,40,860.0,34400.0,2025-09-24 12:41:21.495545
2025-09-24,27798,2025092403003222,SAPDBL,Sumeru Securities Pvt. Ltd.,Sani Securities Company Ltd.,20,860.0,17200.0,2025-09-24 12:41:36.163590
2025-09-24,26151,2025092403003489,SAPDBL,Online Securities Pvt. Ltd.,Sani Securities Company Ltd.,200,860.0,172000.0,2025-09-24 12:49:45.516556
2025-09-24,25281,2025092403003648,SAPDBL,Naasa Securities Co. Ltd.,Oxford Securities Pvt. Ltd.,30,860.0,25800.0,2025-09-24 12:55:00.590612
2025-09-24,25280,2025092403003649,SAPDBL,Naasa Securities Co. Ltd.,Nepal Stock House (PVT) Ltd.,25,860.0,21500.0,2025-09-24 12:55:00.590971
2025-09-24,24996,2025092403003714,SAPDBL,Linch Stock Market Ltd.,Sundhara Securities Limited,57,857.0,48849.0,2025-09-24 12:57:31.712841
2025-09-24,24936,2025092403003728,SAPDBL,Online Securities Pvt. Ltd.,Dakshinkali Investment & Securities Pvt. Ltd.,10,857.1,8571.0,2025-09-24 12:58:09.774591
2025-09-24,24935,2025092403003729,SAPDBL,Linch Stock Market Ltd.,Dakshinkali Investment & Securities Pvt. Ltd.,53,857.0,45421.0,2025-09-24 12:58:09.774802
2025-09-24,24934,2025092403003730,SAPDBL,Dakshinkali Investment & Securities Pvt. Ltd.,Dakshinkali Investment & Securities Pvt. Ltd.,50,856.2,42810.0,2025-09-24 12:58:09.774899
2025-09-24,24933,2025092403003731,SAPDBL,Capital Max Securities Ltd,Dakshinkali Investment & Securities Pvt. Ltd.,50,856.1,42805.0,2025-09-24 12:58:09.774971
2025-09-24,24849,2025092403003740,SAPDBL,Sani Securities Company Ltd.,SUN SECURITIES PVT LTD,52,856.0,44512.0,2025-09-24 12:58:36.030266
2025-09-24,24848,2025092403003741,SAPDBL,Shree Krishna Securities Ltd.,SUN SECURITIES PVT LTD,1000,855.3,855300.0,2025-09-24 12:58:36.030605
2025-09-24,24847,2025092403003742,SAPDBL,N.I.M.B. Stock Markets Limited,SUN SECURITIES PVT LTD,200,855.1,171020.0,2025-09-24 12:58:36.030815
2025-09-24,24846,2025092403003743,SAPDBL,Shree Krishna Securities Ltd.,SUN SECURITIES PVT LTD,328,855.1,280472.8,2025-09-24 12:58:36.031005
2025-09-24,24810,2025092403003753,SAPDBL,Online Securities Pvt. Ltd.,SUN SECURITIES PVT LTD,10,855.1,8551.0,2025-09-24 12:59:05.202831
2025-09-24,24788,2025092403003755,SAPDBL,Naasa Securities Co. Ltd.,SUN SECURITIES PVT LTD,10,855.0,8550.0,2025-09-24 12:59:16.691561
2025-09-24,24787,2025092403003756,SAPDBL,Sani Securities Company Ltd.,SUN SECURITIES PVT LTD,150,855.0,128250.0,2025-09-24 12:59:16.691962
2025-09-24,24786,2025092403003757,SAPDBL,Deevyaa Securities & Stock House Pvt. Ltd,SUN SECURITIES PVT LTD,25,855.0,21375.0,2025-09-24 12:59:16.692197
2025-09-24,24364,2025092403003817,SAPDBL,Trisul Securities & Invt. Ltd.,Sani Securities Company Ltd.,10,854.6,8546.0,2025-09-24 13:02:25.899217
2025-09-24,24363,2025092403003818,SAPDBL,Agrawal Securities (PVT) Ltd.,Sani Securities Company Ltd.,40,854.6,34184.0,2025-09-24 13:02:25.899484
2025-09-24,24119,2025092403003877,SAPDBL,Agrawal Securities (PVT) Ltd.,Sundhara Securities Limited,10,854.6,8546.0,2025-09-24 13:04:14.035531
2025-09-24,24118,2025092403003878,SAPDBL,Cristal Kanchanjanga Securites Pvt. Ltd.,Sundhara Securities Limited,74,850.1,62907.4,2025-09-24 13:04:14.035767
2025-09-24,24117,2025092403003879,SAPDBL,Kohinoor Investment & Securities Pvt. Ltd.,Sundhara Securities Limited,21,850.1,17852.1,2025-09-24 13:04:14.035862
2025-09-24,23957,2025092403003897,SAPDBL,Kohinoor Investment & Securities Pvt. Ltd.,Shree Krishna Securities Ltd.,79,854.6,67513.4,2025-09-24 13:05:30.421244
2025-09-24,23922,2025092403003905,SAPDBL,Imperial Securities Company Pvt. Ltd.,Linch Stock Market Ltd.,50,850.2,42510.0,2025-09-24 13:05:49.586594
2025-09-24,23921,2025092403003906,SAPDBL,Sani Securities Company Ltd.,Linch Stock Market Ltd.,20,850.0,17000.0,2025-09-24 13:05:49.586929
2025-09-24,23920,2025092403003907,SAPDBL,Kohinoor Investment & Securities Pvt. Ltd.,Linch Stock Market Ltd.,430,850.0,365500.0,2025-09-24 13:05:49.587169
2025-09-24,23879,2025092403003918,SAPDBL,Kohinoor Investment & Securities Pvt. Ltd.,Aryatara Investment & Securities,70,850.0,59500.0,2025-09-24 13:06:07.491281
2025-09-24,23878,2025092403003919,SAPDBL,Vision Securities Pvt. Ltd,Aryatara Investment & Securities,46,850.0,39100.0,2025-09-24 13:06:07.491484
2025-09-24,23877,2025092403003920,SAPDBL,Sewa Securities Pvt. Ltd.,Aryatara Investment & Securities,60,850.0,51000.0,2025-09-24 13:06:07.491561
2025-09-24,23876,2025092403003921,SAPDBL,Naasa Securities Co. Ltd.,Aryatara Investment & Securities,10,850.0,8500.0,2025-09-24 13:06:07.491632
2025-09-24,23875,2025092403003922,SAPDBL,Vision Securities Pvt. Ltd,Aryatara Investment & Securities,25,850.0,21250.0,2025-09-24 13:06:07.491702
2025-09-24,23874,2025092403003923,SAPDBL,Sani Securities Company Ltd.,Aryatara Investment & Securities,95,850.0,80750.0,2025-09-24 13:06:07.491772
2025-09-24,23873,2025092403003924,SAPDBL,Sajilo Broker Limited,Aryatara Investment & Securities,100,850.0,85000.0,2025-09-24 13:06:07.491843
2025-09-24,23872,2025092403003925,SAPDBL,Oxford Securities Pvt. Ltd.,Aryatara Investment & Securities,94,850.0,79900.0,2025-09-24 13:06:07.491912
2025-09-24,23742,2025092403003940,SAPDBL,Trademow Securities Private Limited,Hatemalo Financial Services Private Limited,10,853.0,8530.0,2025-09-24 13:07:07.115249
2025-09-24,23741,2025092403003941,SAPDBL,Naasa Securities Co. Ltd.,Hatemalo Financial Services Private Limited,10,846.2,8462.0,2025-09-24 13:07:07.115294
2025-09-24,23696,2025092403003949,SAPDBL,Oxford Securities Pvt. Ltd.,Naasa Securities Co. Ltd.,100,846.3,84630.0,2025-09-24 13:07:27.093555
2025-09-24,23654,2025092403003963,SAPDBL,SHUBHAKAMANA SECURITIES PVT. LTD,Sani Securities Company Ltd.,50,850.0,42500.0,2025-09-24 13:07:50.307260
2025-09-24,23583,2025092403003975,SAPDBL,Sweta Securities Private Limited,Sani Securities Company Ltd.,20,850.0,17000.0,2025-09-24 13:08:32.112336
2025-09-24,23566,2025092403003981,SAPDBL,Dynamic Money Managers Securities Pvt. Ltd.,Sani Securities Company Ltd.,200,850.0,170000.0,2025-09-24 13:08:41.409854
2025-09-24,23291,2025092403004015,SAPDBL,Naasa Securities Co. Ltd.,Nepal Stock House (PVT) Ltd.,25,850.0,21250.0,2025-09-24 13:10:56.346281
2025-09-24,23281,2025092403004017,SAPDBL,Market Securities & Exchange (PVT) Ltd.,Online Securities Pvt. Ltd.,10,854.4,8544.0,2025-09-24 13:11:03.062657
2025-09-24,23280,2025092403004018,SAPDBL,Market Securities & Exchange (PVT) Ltd.,Imperial Securities Company Pvt. Ltd.,40,854.5,34180.0,2025-09-24 13:11:03.062993
2025-09-24,23219,2025092403004040,SAPDBL,Naasa Securities Co. Ltd.,Hatemalo Financial Services Private Limited,10,846.2,8462.0,2025-09-24 13:11:32.766196
2025-09-24,22293,2025092403004184,SAPDBL,Imperial Securities Company Pvt. Ltd.,Dipshikha Dhitopatra Karobar Co. Pvt Ltd.,10,846.4,8464.0,2025-09-24 13:18:34.981290
2025-09-24,22292,2025092403004185,SAPDBL,Arun Securities (PVT) Ltd.,Dipshikha Dhitopatra Karobar Co. Pvt Ltd.,25,846.3,21157.5,2025-09-24 13:18:34.981392
2025-09-24,22291,2025092403004186,SAPDBL,Naasa Securities Co. Ltd.,Dipshikha Dhitopatra Karobar Co. Pvt Ltd.,10,846.2,8462.0,2025-09-24 13:18:34.981472
2025-09-24,22290,2025092403004187,SAPDBL,N.I.M.B. Stock Markets Limited,Dipshikha Dhitopatra Karobar Co. Pvt Ltd.,20,846.2,16924.0,2025-09-24 13:18:34.981551
2025-09-24,22289,2025092403004188,SAPDBL,Imperial Securities Company Pvt. Ltd.,Dipshikha Dhitopatra Karobar Co. Pvt Ltd.,100,846.0,84600.0,2025-09-24 13:18:34.981623
2025-09-24,22288,2025092403004189,SAPDBL,Market Securities & Exchange (PVT) Ltd.,Dipshikha Dhitopatra Karobar Co. Pvt Ltd.,100,845.6,84560.0,2025-09-24 13:18:34.981698
2025-09-24,22287,2025092403004190,SAPDBL,KALASH STOCK MARKET PVT. LTD.,Dipshikha Dhitopatra Karobar Co. Pvt Ltd.,55,845.2,46486.0,2025-09-24 13:18:34.981776
2025-09-24,22269,2025092403004192,SAPDBL,KALASH STOCK MARKET PVT. LTD.,Citizens Share Broker Limited,100,846.1,84610.0,2025-09-24 13:18:51.648221
2025-09-24,22161,2025092403004201,SAPDBL,KALASH STOCK MARKET PVT. LTD.,Citizens Share Broker Limited,45,845.2,38034.0,2025-09-24 13:19:32.755153
2025-09-24,22160,2025092403004202,SAPDBL,Nepal Stock House (PVT) Ltd.,Citizens Share Broker Limited,55,845.1,46480.5,2025-09-24 13:19:32.755553
2025-09-24,22134,2025092403004207,SAPDBL,Nepal Stock House (PVT) Ltd.,Citizens Share Broker Limited,45,845.1,38029.5,2025-09-24 13:19:43.782945
2025-09-24,22133,2025092403004208,SAPDBL,Cristal Kanchanjanga Securites Pvt. Ltd.,Citizens Share Broker Limited,55,845.1,46480.5,2025-09-24 13:19:43.783305
2025-09-24,21975,2025092403004229,SAPDBL,Shree Krishna Securities Ltd.,Citizens Share Broker Limited,20,846.1,16922.0,2025-09-24 13:20:58.981237
2025-09-24,21974,2025092403004230,SAPDBL,Cristal Kanchanjanga Securites Pvt. Ltd.,Citizens Share Broker Limited,130,845.1,109863.0,2025-09-24 13:20:58.981434
2025-09-24,21854,2025092403004241,SAPDBL,Cristal Kanchanjanga Securites Pvt. Ltd.,Trishakti Securities Public Limited,15,845.1,12676.5,2025-09-24 13:21:32.048619
2025-09-24,21853,2025092403004242,SAPDBL,N.I.M.B. Stock Markets Limited,Trishakti Securities Public Limited,20,845.1,16902.0,2025-09-24 13:21:32.048801
2025-09-24,21852,2025092403004243,SAPDBL,Sajilo Broker Limited,Trishakti Securities Public Limited,15,845.0,12675.0,2025-09-24 13:21:32.048874
2025-09-24,21786,2025092403004251,SAPDBL,Asian Securities Private Ltd.,Naasa Securities Co. Ltd.,10,846.0,8460.0,2025-09-24 13:21:55.896652
2025-09-24,21766,2025092403004253,SAPDBL,Sajilo Broker Limited,Neev Securities Pvt. Ltd.,75,845.0,63375.0,2025-09-24 13:22:04.197612
2025-09-24,21765,2025092403004254,SAPDBL,Shree Krishna Securities Ltd.,Neev Securities Pvt. Ltd.,100,845.0,84500.0,2025-09-24 13:22:04.197938
2025-09-24,21764,2025092403004255,SAPDBL,Sani Securities Company Ltd.,Neev Securities Pvt. Ltd.,25,845.0,21125.0,2025-09-24 13:22:04.198175
2025-09-24,21663,2025092403004274,SAPDBL,Sani Securities Company Ltd.,Oxford Securities Pvt. Ltd.,25,845.0,21125.0,2025-09-24 13:23:12.672615
2025-09-24,21662,2025092403004275,SAPDBL,Naasa Securities Co. Ltd.,Oxford Securities Pvt. Ltd.,75,845.0,63375.0,2025-09-24 13:23:12.672821
2025-09-24,21655,2025092403004277,SAPDBL,Naasa Securities Co. Ltd.,Opal Securities Investment (PVT) Ltd.,25,845.0,21125.0,2025-09-24 13:23:17.850906
2025-09-24,21603,2025092403004288,SAPDBL,Dipshikha Dhitopatra Karobar Co. Pvt Ltd.,Opal Securities Investment (PVT) Ltd.,45,845.0,38025.0,2025-09-24 13:23:47.266395
2025-09-24,20874,2025092403004367,SAPDBL,Sewa Securities Pvt. Ltd.,Nepal Stock House (PVT) Ltd.,10,849.0,8490.0,2025-09-24 13:30:25.075444
2025-09-24,20699,2025092403004398,SAPDBL,Sweta Securities Private Limited,Nepal Stock House (PVT) Ltd.,15,849.0,12735.0,2025-09-24 13:32:21.338409
2025-09-24,20666,2025092403004401,SAPDBL,Midas Stock Broking Company Private Limited,South Asian Bulls Pvt. Ltd.,50,850.0,42500.0,2025-09-24 13:32:39.971854
2025-09-24,20631,2025092403004403,SAPDBL,Linch Stock Market Ltd.,Hatemalo Financial Services Private Limited,500,854.0,427000.0,2025-09-24 13:33:01.647283
2025-09-24,20595,2025092403004409,SAPDBL,Sweta Securities Private Limited,Hatemalo Financial Services Private Limited,10,849.0,8490.0,2025-09-24 13:33:16.974131
2025-09-24,20271,2025092403004445,SAPDBL,Midas Stock Broking Company Private Limited,Online Securities Pvt. Ltd.,10,853.9,8539.0,2025-09-24 13:36:38.020670
2025-09-24,20270,2025092403004446,SAPDBL,Midas Stock Broking Company Private Limited,SUN SECURITIES PVT LTD,805,854.0,687470.0,2025-09-24 13:36:38.021014
2025-09-24,20269,2025092403004447,SAPDBL,Midas Stock Broking Company Private Limited,Shree Krishna Securities Ltd.,135,854.6,115371.0,2025-09-24 13:36:38.021282
2025-09-24,20002,2025092403004475,SAPDBL,Trishakti Securities Public Limited,Online Securities Pvt. Ltd.,10,853.9,8539.0,2025-09-24 13:39:11.001844
2025-09-24,20001,2025092403004476,SAPDBL,Trishakti Securities Public Limited,SUN SECURITIES PVT LTD,690,854.0,589260.0,2025-09-24 13:39:11.002069
2025-09-24,19934,2025092403004479,SAPDBL,Midas Stock Broking Company Private Limited,SUN SECURITIES PVT LTD,310,854.0,264740.0,2025-09-24 13:39:52.903968
2025-09-24,19933,2025092403004480,SAPDBL,Midas Stock Broking Company Private Limited,Investment Management Nepal Pvt. Ltd.,30,854.0,25620.0,2025-09-24 13:39:52.904175
2025-09-24,19932,2025092403004481,SAPDBL,Midas Stock Broking Company Private Limited,Hatemalo Financial Services Private Limited,10,854.9,8549.0,2025-09-24 13:39:52.904264
2025-09-24,19537,2025092403004559,SAPDBL,Vision Securities Pvt. Ltd,Online Securities Pvt. Ltd.,10,854.9,8549.0,2025-09-24 13:42:43.684089
2025-09-24,19536,2025092403004560,SAPDBL,Vision Securities Pvt. Ltd,Vision Securities Pvt. Ltd,10,855.0,8550.0,2025-09-24 13:42:43.684459
2025-09-24,19124,2025092403004602,SAPDBL,Midas Stock Broking Company Private Limited,Nepal Stock House (PVT) Ltd.,20,854.0,17080.0,2025-09-24 13:46:35.430217
2025-09-24,19019,2025092403004607,SAPDBL,Online Securities Pvt. Ltd.,SUN SECURITIES PVT LTD,70,855.0,59850.0,2025-09-24 13:47:27.323944
2025-09-24,18897,2025092403004641,SAPDBL,Midas Stock Broking Company Private Limited,SUN SECURITIES PVT LTD,130,855.0,111150.0,2025-09-24 13:48:28.860182
2025-09-24,18680,2025092403004685,SAPDBL,Linch Stock Market Ltd.,SUN SECURITIES PVT LTD,550,855.0,470250.0,2025-09-24 13:50:11.602966
2025-09-24,18626,2025092403004696,SAPDBL,Linch Stock Market Ltd.,SUN SECURITIES PVT LTD,250,855.0,213750.0,2025-09-24 13:50:30.737518
2025-09-24,18625,2025092403004697,SAPDBL,Linch Stock Market Ltd.,Market Securities & Exchange (PVT) Ltd.,100,855.0,85500.0,2025-09-24 13:50:30.737712
2025-09-24,18624,2025092403004698,SAPDBL,Linch Stock Market Ltd.,Malla & Malla Stock Broking Company Pvt. Limited,200,855.0,171000.0,2025-09-24 13:50:30.737792
2025-09-24,18447,2025092403004721,SAPDBL,Cristal Kanchanjanga Securites Pvt. Ltd.,Malla & Malla Stock Broking Company Pvt. Limited,20,855.0,17100.0,2025-09-24 13:51:35.709915
2025-09-24,18446,2025092403004722,SAPDBL,Cristal Kanchanjanga Securites Pvt. Ltd.,SUN SECURITIES PVT LTD,280,855.0,239400.0,2025-09-24 13:51:35.710349
2025-09-24,18339,2025092403004742,SAPDBL,Naasa Securities Co. Ltd.,Sani Securities Company Ltd.,16,850.1,13601.6,2025-09-24 13:52:20.182620
2025-09-24,18338,2025092403004743,SAPDBL,Sweta Securities Private Limited,Sani Securities Company Ltd.,75,850.0,63750.0,2025-09-24 13:52:20.183053
2025-09-24,18336,2025092403004744,SAPDBL,Midas Stock Broking Company Private Limited,Sani Securities Company Ltd.,159,850.0,135150.0,2025-09-24 13:52:21.835929
2025-09-24,18335,2025092403004745,SAPDBL,Midas Stock Broking Company Private Limited,SUN SECURITIES PVT LTD,341,855.0,291555.0,2025-09-24 13:52:21.836323
2025-09-24,18050,2025092403004758,SAPDBL,Midas Stock Broking Company Private Limited,SUN SECURITIES PVT LTD,370,855.0,316350.0,2025-09-24 13:53:01.021457
2025-09-24,17773,2025092403004784,SAPDBL,Imperial Securities Company Pvt. Ltd.,Online Securities Pvt. Ltd.,300,849.1,254730.0,2025-09-24 13:54:37.872611
2025-09-24,17772,2025092403004785,SAPDBL,Trademow Securities Private Limited,Online Securities Pvt. Ltd.,10,849.0,8490.0,2025-09-24 13:54:37.872796
2025-09-24,17771,2025092403004786,SAPDBL,Imperial Securities Company Pvt. Ltd.,Online Securities Pvt. Ltd.,50,849.0,42450.0,2025-09-24 13:54:37.872870
2025-09-24,17667,2025092403004792,SAPDBL,Midas Stock Broking Company Private Limited,Online Securities Pvt. Ltd.,130,849.0,110370.0,2025-09-24 13:55:10.556426
2025-09-24,17475,2025092403004834,SAPDBL,Dipshikha Dhitopatra Karobar Co. Pvt Ltd.,Online Securities Pvt. Ltd.,10,849.0,8490.0,2025-09-24 13:56:12.851771
2025-09-24,17067,2025092403004908,SAPDBL,Online Securities Pvt. Ltd.,Naasa Securities Co. Ltd.,10,848.0,8480.0,2025-09-24 13:58:04.777062
2025-09-24,16989,2025092403004913,SAPDBL,Midas Stock Broking Company Private Limited,Naasa Securities Co. Ltd.,40,849.5,33980.0,2025-09-24 13:58:24.415812
2025-09-24,16988,2025092403004914,SAPDBL,Midas Stock Broking Company Private Limited,SUN SECURITIES PVT LTD,960,850.0,816000.0,2025-09-24 13:58:24.416033
2025-09-24,16332,2025092403005023,SAPDBL,Midas Stock Broking Company Private Limited,SUN SECURITIES PVT LTD,49,850.0,41650.0,2025-09-24 14:02:08.359428
2025-09-24,16331,2025092403005024,SAPDBL,Midas Stock Broking Company Private Limited,SUN SECURITIES PVT LTD,951,850.0,808350.0,2025-09-24 14:02:08.359792
2025-09-24,15763,2025092403005123,SAPDBL,Market Securities & Exchange (PVT) Ltd.,SUN SECURITIES PVT LTD,50,850.0,42500.0,2025-09-24 14:04:37.393529
2025-09-24,15709,2025092403005137,SAPDBL,Market Securities & Exchange (PVT) Ltd.,SUN SECURITIES PVT LTD,50,850.0,42500.0,2025-09-24 14:05:00.527125
2025-09-24,15583,2025092403005147,SAPDBL,Primo Securities (PVT) Ltd.,SUN SECURITIES PVT LTD,110,850.0,93500.0,2025-09-24 14:05:38.979292
2025-09-24,15374,2025092403005171,SAPDBL,Aryatara Investment & Securities,SUN SECURITIES PVT LTD,100,850.0,85000.0,2025-09-24 14:06:44.677339
2025-09-24,15354,2025092403005176,SAPDBL,Online Securities Pvt. Ltd.,Naasa Securities Co. Ltd.,48,848.0,40704.0,2025-09-24 14:06:52.521297
2025-09-24,15353,2025092403005177,SAPDBL,Imperial Securities Company Pvt. Ltd.,Naasa Securities Co. Ltd.,10,848.0,8480.0,2025-09-24 14:06:52.521654
2025-09-24,15309,2025092403005185,SAPDBL,Kumari Securities Private Limited,Aryatara Investment & Securities,50,847.0,42350.0,2025-09-24 14:07:07.936563
2025-09-24,15267,2025092403005198,SAPDBL,Sani Securities Company Ltd.,Sweta Securities Private Limited,94,846.0,79524.0,2025-09-24 14:07:30.297203
2025-09-24,15266,2025092403005199,SAPDBL,Sani Securities Company Ltd.,Sweta Securities Private Limited,20,845.0,16900.0,2025-09-24 14:07:30.297547
2025-09-24,15265,2025092403005200,SAPDBL,Swarna Laxmi Securities Pvt. Ltd.,Sweta Securities Private Limited,100,845.0,84500.0,2025-09-24 14:07:30.297760
2025-09-24,15264,2025092403005201,SAPDBL,Agrawal Securities (PVT) Ltd.,Sweta Securities Private Limited,50,845.0,42250.0,2025-09-24 14:07:30.297970
2025-09-24,15263,2025092403005202,SAPDBL,Dipshikha Dhitopatra Karobar Co. Pvt Ltd.,Sweta Securities Private Limited,500,845.0,422500.0,2025-09-24 14:07:30.298186
2025-09-24,15262,2025092403005203,SAPDBL,Sani Securities Company Ltd.,Sweta Securities Private Limited,30,845.0,25350.0,2025-09-24 14:07:30.298393
2025-09-24,15250,2025092403005204,SAPDBL,Online Securities Pvt. Ltd.,SUN SECURITIES PVT LTD,20,845.0,16900.0,2025-09-24 14:07:39.298443
2025-09-24,15197,2025092403005215,SAPDBL,Online Securities Pvt. Ltd.,Naasa Securities Co. Ltd.,10,844.2,8442.0,2025-09-24 14:08:02.976609
2025-09-24,15196,2025092403005216,SAPDBL,Siprabi Securities Pvt. Ltd.,Naasa Securities Co. Ltd.,20,843.0,16860.0,2025-09-24 14:08:02.976968
2025-09-24,15195,2025092403005217,SAPDBL,Aryatara Investment & Securities,Naasa Securities Co. Ltd.,200,843.0,168600.0,2025-09-24 14:08:02.977210
2025-09-24,15194,2025092403005218,SAPDBL,Sharepro Securities Private Limited,Naasa Securities Co. Ltd.,102,841.2,85802.4,2025-09-24 14:08:02.977442
2025-09-24,15193,2025092403005219,SAPDBL,Naasa Securities Co. Ltd.,Naasa Securities Co. Ltd.,10,840.0,8400.0,2025-09-24 14:08:02.977674
2025-09-24,15192,2025092403005220,SAPDBL,Dynamic Money Managers Securities Pvt. Ltd.,Naasa Securities Co. Ltd.,358,840.0,300720.0,2025-09-24 14:08:02.977988
2025-09-24,15057,2025092403005237,SAPDBL,Oxford Securities Pvt. Ltd.,Sweta Securities Private Limited,6,845.0,5070.0,2025-09-24 14:08:56.856006
2025-09-24,14864,2025092403005276,SAPDBL,Imperial Securities Company Pvt. Ltd.,Sipla Securities Private Limited,10,840.2,8402.0,2025-09-24 14:09:57.875552
2025-09-24,14863,2025092403005277,SAPDBL,KALASH STOCK MARKET PVT. LTD.,Sipla Securities Private Limited,200,840.1,168020.0,2025-09-24 14:09:57.875881
2025-09-24,14764,2025092403005291,SAPDBL,Dynamic Money Managers Securities Pvt. Ltd.,Imperial Securities Company Pvt. Ltd.,222,840.0,186480.0,2025-09-24 14:10:23.710817
2025-09-24,14763,2025092403005292,SAPDBL,Aryatara Investment & Securities,Imperial Securities Company Pvt. Ltd.,80,840.0,67200.0,2025-09-24 14:10:23.711195
2025-09-24,14762,2025092403005293,SAPDBL,Sani Securities Company Ltd.,Imperial Securities Company Pvt. Ltd.,248,840.0,208320.0,2025-09-24 14:10:23.711405
2025-09-24,14672,2025092403005305,SAPDBL,Sani Securities Company Ltd.,Sani Securities Company Ltd.,402,840.0,337680.0,2025-09-24 14:11:00.131925
2025-09-24,14141,2025092403005444,SAPDBL,Capital Max Securities Ltd,Sani Securities Company Ltd.,50,840.0,42000.0,2025-09-24 14:14:06.871657
2025-09-24,13363,2025092403005575,SAPDBL,Aryatara Investment & Securities,Sani Securities Company Ltd.,11,840.0,9240.0,2025-09-24 14:16:55.254928
2025-09-24,13283,2025092403005586,SAPDBL,Sajilo Broker Limited,SUN SECURITIES PVT LTD,50,838.1,41905.0,2025-09-24 14:17:18.095344
2025-09-24,13282,2025092403005587,SAPDBL,J.F. Securites (PVT) Ltd.,SUN SECURITIES PVT LTD,50,838.0,41900.0,2025-09-24 14:17:18.095546
2025-09-24,13281,2025092403005588,SAPDBL,Linch Stock Market Ltd.,SUN SECURITIES PVT LTD,20,838.0,16760.0,2025-09-24 14:17:18.095627
2025-09-24,13280,2025092403005589,SAPDBL,Linch Stock Market Ltd.,SUN SECURITIES PVT LTD,50,837.9,41895.0,2025-09-24 14:17:18.095727
2025-09-24,13279,2025092403005590,SAPDBL,Deevyaa Securities & Stock House Pvt. Ltd,SUN SECURITIES PVT LTD,50,837.0,41850.0,2025-09-24 14:17:18.095915
2025-09-24,13278,2025092403005591,SAPDBL,Deevyaa Securities & Stock House Pvt. Ltd,SUN SECURITIES PVT LTD,100,837.0,83700.0,2025-09-24 14:17:18.096133
2025-09-24,13277,2025092403005592,SAPDBL,Naasa Securities Co. Ltd.,SUN SECURITIES PVT LTD,18,837.0,15066.0,2025-09-24 14:17:18.096350
2025-09-24,13276,2025092403005593,SAPDBL,Market Securities & Exchange (PVT) Ltd.,SUN SECURITIES PVT LTD,50,835.1,41755.0,2025-09-24 14:17:18.096586
2025-09-24,13275,2025092403005594,SAPDBL,Shree Krishna Securities Ltd.,SUN SECURITIES PVT LTD,150,835.0,125250.0,2025-09-24 14:17:18.096784
2025-09-24,13274,2025092403005595,SAPDBL,Aryatara Investment & Securities,SUN SECURITIES PVT LTD,120,835.0,100200.0,2025-09-24 14:17:18.097004
2025-09-24,13273,2025092403005596,SAPDBL,Vision Securities Pvt. Ltd,SUN SECURITIES PVT LTD,10,835.0,8350.0,2025-09-24 14:17:18.097246
2025-09-24,13029,2025092403005647,SAPDBL,Investment Management Nepal Pvt. Ltd.,SUN SECURITIES PVT LTD,51,835.0,42585.0,2025-09-24 14:18:03.366302
2025-09-24,12836,2025092403005675,SAPDBL,Sharepro Securities Private Limited,Naasa Securities Co. Ltd.,50,835.1,41755.0,2025-09-24 14:18:44.628208
2025-09-24,12835,2025092403005676,SAPDBL,Investment Management Nepal Pvt. Ltd.,Naasa Securities Co. Ltd.,49,835.0,40915.0,2025-09-24 14:18:44.628666
2025-09-24,12834,2025092403005677,SAPDBL,Aryatara Investment & Securities,Naasa Securities Co. Ltd.,50,834.0,41700.0,2025-09-24 14:18:44.628993
2025-09-24,12833,2025092403005678,SAPDBL,Imperial Securities Company Pvt. Ltd.,Naasa Securities Co. Ltd.,25,833.0,20825.0,2025-09-24 14:18:44.629324
2025-09-24,12832,2025092403005679,SAPDBL,Kohinoor Investment & Securities Pvt. Ltd.,Naasa Securities Co. Ltd.,100,833.0,83300.0,2025-09-24 14:18:44.629643
2025-09-24,12831,2025092403005680,SAPDBL,Sweta Securities Private Limited,Naasa Securities Co. Ltd.,50,833.0,41650.0,2025-09-24 14:18:44.629915
2025-09-24,12830,2025092403005681,SAPDBL,Oxford Securities Pvt. Ltd.,Naasa Securities Co. Ltd.,200,833.0,166600.0,2025-09-24 14:18:44.630220
2025-09-24,12829,2025092403005682,SAPDBL,Asian Securities Private Ltd.,Naasa Securities Co. Ltd.,100,831.0,83100.0,2025-09-24 14:18:44.630511
2025-09-24,12828,2025092403005683,SAPDBL,Cristal Kanchanjanga Securites Pvt. Ltd.,Naasa Securities Co. Ltd.,500,830.1,415050.0,2025-09-24 14:18:44.630770
2025-09-24,12827,2025092403005684,SAPDBL,Investment Management Nepal Pvt. Ltd.,Naasa Securities Co. Ltd.,50,830.0,41500.0,2025-09-24 14:18:44.630992
2025-09-24,12826,2025092403005685,SAPDBL,Asian Securities Private Ltd.,Naasa Securities Co. Ltd.,260,830.0,215800.0,2025-09-24 14:18:44.631209
2025-09-24,12243,2025092403005808,SAPDBL,Imperial Securities Company Pvt. Ltd.,Online Securities Pvt. Ltd.,10,830.2,8302.0,2025-09-24 14:20:37.763119
2025-09-24,12242,2025092403005809,SAPDBL,Sharepro Securities Private Limited,Online Securities Pvt. Ltd.,25,830.1,20752.5,2025-09-24 14:20:37.763297
2025-09-24,12241,2025092403005810,SAPDBL,J.F. Securites (PVT) Ltd.,Online Securities Pvt. Ltd.,20,830.0,16600.0,2025-09-24 14:20:37.763372
2025-09-24,12240,2025092403005811,SAPDBL,Dynamic Money Managers Securities Pvt. Ltd.,Online Securities Pvt. Ltd.,14,830.0,11620.0,2025-09-24 14:20:37.763445
2025-09-24,12239,2025092403005812,SAPDBL,Dakshinkali Investment & Securities Pvt. Ltd.,Online Securities Pvt. Ltd.,41,830.0,34030.0,2025-09-24 14:20:37.763517
2025-09-24,12210,2025092403005819,SAPDBL,Dakshinkali Investment & Securities Pvt. Ltd.,Dipshikha Dhitopatra Karobar Co. Pvt Ltd.,19,830.0,15770.0,2025-09-24 14:20:45.559710
2025-09-24,12209,2025092403005820,SAPDBL,KALASH STOCK MARKET PVT. LTD.,Dipshikha Dhitopatra Karobar Co. Pvt Ltd.,200,830.0,166000.0,2025-09-24 14:20:45.560045
2025-09-24,12159,2025092403005830,SAPDBL,J.F. Securites (PVT) Ltd.,Dipshikha Dhitopatra Karobar Co. Pvt Ltd.,20,830.0,16600.0,2025-09-24 14:20:55.082981
2025-09-24,12119,2025092403005838,SAPDBL,N.I.M.B. Stock Markets Limited,Dipshikha Dhitopatra Karobar Co. Pvt Ltd.,100,829.5,82950.0,2025-09-24 14:21:04.669853
2025-09-24,12109,2025092403005843,SAPDBL,N.I.M.B. Stock Markets Limited,Property Wiard Limited,400,829.5,331800.0,2025-09-24 14:21:09.707518
2025-09-24,12108,2025092403005844,SAPDBL,Oxford Securities Pvt. Ltd.,Property Wiard Limited,400,829.3,331720.0,2025-09-24 14:21:09.707857
2025-09-24,12101,2025092403005845,SAPDBL,Aryatara Investment & Securities,Dipshikha Dhitopatra Karobar Co. Pvt Ltd.,200,830.0,166000.0,2025-09-24 14:21:13.674733
2025-09-24,12011,2025092403005859,SAPDBL,Market Securities & Exchange (PVT) Ltd.,Dipshikha Dhitopatra Karobar Co. Pvt Ltd.,50,830.0,41500.0,2025-09-24 14:21:32.296162
2025-09-24,12000,2025092403005861,SAPDBL,Imperial Securities Company Pvt. Ltd.,Dipshikha Dhitopatra Karobar Co. Pvt Ltd.,50,830.0,41500.0,2025-09-24 14:21:35.478914
2025-09-24,11886,2025092403005894,SAPDBL,Sundhara Securities Limited,Ashutosh Brokerage & Securities (PVT) Ltd.,200,829.0,165800.0,2025-09-24 14:22:02.448019
2025-09-24,11876,2025092403005895,SAPDBL,Sundhara Securities Limited,Imperial Securities Company Pvt. Ltd.,20,829.0,16580.0,2025-09-24 14:22:04.798615
2025-09-24,11850,2025092403005906,SAPDBL,Aryatara Investment & Securities,Imperial Securities Company Pvt. Ltd.,200,829.0,165800.0,2025-09-24 14:22:13.120517
2025-09-24,11573,2025092403005953,SAPDBL,Sajilo Broker Limited,Dipshikha Dhitopatra Karobar Co. Pvt Ltd.,100,828.1,82810.0,2025-09-24 14:23:14.389782
2025-09-24,11572,2025092403005954,SAPDBL,Oxford Securities Pvt. Ltd.,Dipshikha Dhitopatra Karobar Co. Pvt Ltd.,300,825.1,247530.0,2025-09-24 14:23:14.389987
2025-09-24,11571,2025092403005955,SAPDBL,Swarna Laxmi Securities Pvt. Ltd.,Dipshikha Dhitopatra Karobar Co. Pvt Ltd.,50,825.0,41250.0,2025-09-24 14:23:14.390082
2025-09-24,11570,2025092403005956,SAPDBL,Investment Management Nepal Pvt. Ltd.,Dipshikha Dhitopatra Karobar Co. Pvt Ltd.,500,825.0,412500.0,2025-09-24 14:23:14.390147
2025-09-24,11569,2025092403005957,SAPDBL,Midas Stock Broking Company Private Limited,Dipshikha Dhitopatra Karobar Co. Pvt Ltd.,11,825.0,9075.0,2025-09-24 14:23:14.390213
2025-09-24,11519,2025092403005962,SAPDBL,Linch Stock Market Ltd.,Imperial Securities Company Pvt. Ltd.,100,828.2,82820.0,2025-09-24 14:23:28.596323
2025-09-24,11457,2025092403005976,SAPDBL,Naasa Securities Co. Ltd.,Dipshikha Dhitopatra Karobar Co. Pvt Ltd.,30,830.0,24900.0,2025-09-24 14:23:42.995708
2025-09-24,10003,2025092403006172,SAPDBL,Sewa Securities Pvt. Ltd.,Dynamic Money Managers Securities Pvt. Ltd.,20,835.0,16700.0,2025-09-24 14:30:29.805572
2025-09-24,9956,2025092403006182,SAPDBL,Cristal Kanchanjanga Securites Pvt. Ltd.,Dynamic Money Managers Securities Pvt. Ltd.,41,835.0,34235.0,2025-09-24 14:30:47.198284
2025-09-24,9885,2025092403006187,SAPDBL,Nabil Stock Dealer Ltd.,Vision Securities Pvt. Ltd,30,837.0,25110.0,2025-09-24 14:31:12.686168
2025-09-24,9884,2025092403006188,SAPDBL,Nabil Stock Dealer Ltd.,Vision Securities Pvt. Ltd,25,838.0,20950.0,2025-09-24 14:31:12.686457
2025-09-24,9883,2025092403006189,SAPDBL,Nabil Stock Dealer Ltd.,Sani Securities Company Ltd.,37,840.0,31080.0,2025-09-24 14:31:12.686535
2025-09-24,9810,2025092403006196,SAPDBL,Shree Krishna Securities Ltd.,Siprabi Securities Pvt. Ltd.,120,841.0,100920.0,2025-09-24 14:31:38.121410
2025-09-24,9781,2025092403006202,SAPDBL,Deevyaa Securities & Stock House Pvt. Ltd,Dipshikha Dhitopatra Karobar Co. Pvt Ltd.,170,845.0,143650.0,2025-09-24 14:32:18.117056
2025-09-24,9478,2025092403006239,SAPDBL,Nabil Stock Dealer Ltd.,Asian Securities Private Ltd.,100,846.0,84600.0,2025-09-24 14:34:59.973255
2025-09-24,9477,2025092403006240,SAPDBL,Nabil Stock Dealer Ltd.,Naasa Securities Co. Ltd.,282,848.0,239136.0,2025-09-24 14:34:59.973489
2025-09-24,9404,2025092403006253,SAPDBL,Shree Krishna Securities Ltd.,Naasa Securities Co. Ltd.,11,850.0,9350.0,2025-09-24 14:35:18.671449
2025-09-24,9390,2025092403006255,SAPDBL,Shree Krishna Securities Ltd.,Sewa Securities Pvt. Ltd.,10,855.0,8550.0,2025-09-24 14:35:23.690986
2025-09-24,9294,2025092403006265,SAPDBL,Online Securities Pvt. Ltd.,Sewa Securities Pvt. Ltd.,10,855.0,8550.0,2025-09-24 14:35:54.012729
2025-09-24,8862,2025092403006321,SAPDBL,Deevyaa Securities & Stock House Pvt. Ltd,Sewa Securities Pvt. Ltd.,20,855.0,17100.0,2025-09-24 14:39:45.323501
2025-09-24,8804,2025092403006342,SAPDBL,Nabil Stock Dealer Ltd.,Imperial Securities Company Pvt. Ltd.,340,848.0,288320.0,2025-09-24 14:40:03.399466
2025-09-24,8655,2025092403006376,SAPDBL,Nabil Stock Dealer Ltd.,Premier Securities Company Ltd.,100,848.0,84800.0,2025-09-24 14:40:40.330713
2025-09-24,8590,2025092403006384,SAPDBL,Nabil Stock Dealer Ltd.,Naasa Securities Co. Ltd.,28,848.0,23744.0,2025-09-24 14:40:57.870629
2025-09-24,8589,2025092403006385,SAPDBL,Midas Stock Broking Company Private Limited,Naasa Securities Co. Ltd.,23,848.0,19504.0,2025-09-24 14:40:57.870975
2025-09-24,8509,2025092403006396,SAPDBL,Naasa Securities Co. Ltd.,Sipla Securities Private Limited,81,850.0,68850.0,2025-09-24 14:41:20.179435
2025-09-24,8348,2025092403006407,SAPDBL,Naasa Securities Co. Ltd.,Sipla Securities Private Limited,53,850.0,45050.0,2025-09-24 14:41:54.266584
2025-09-24,8111,2025092403006451,SAPDBL,Agrawal Securities (PVT) Ltd.,Swarna Laxmi Securities Pvt. Ltd.,20,854.0,17080.0,2025-09-24 14:42:50.633106
2025-09-24,8101,2025092403006452,SAPDBL,Asian Securities Private Ltd.,Sipla Securities Private Limited,110,848.1,93291.0,2025-09-24 14:42:51.407363
2025-09-24,8057,2025092403006455,SAPDBL,Asian Securities Private Ltd.,Naasa Securities Co. Ltd.,980,848.1,831138.0,2025-09-24 14:43:06.939324
2025-09-24,7845,2025092403006487,SAPDBL,Agrawal Securities (PVT) Ltd.,Nepal Stock House (PVT) Ltd.,5,854.0,4270.0,2025-09-24 14:43:54.050083
2025-09-24,7806,2025092403006498,SAPDBL,Shree Krishna Securities Ltd.,Swarna Laxmi Securities Pvt. Ltd.,10,854.0,8540.0,2025-09-24 14:44:01.877072
2025-09-24,7693,2025092403006547,SAPDBL,Bhrikuti Stock Broking Co. Pvt. Ltd.,Dynamic Money Managers Securities Pvt. Ltd.,30,853.9,25617.0,2025-09-24 14:44:25.272865
2025-09-24,7512,2025092403006577,SAPDBL,Aryatara Investment & Securities,Naasa Securities Co. Ltd.,570,850.0,484500.0,2025-09-24 14:45:13.861784
2025-09-24,7312,2025092403006597,SAPDBL,Siprabi Securities Pvt. Ltd.,Naasa Securities Co. Ltd.,15,850.0,12750.0,2025-09-24 14:46:00.918177
2025-09-24,7118,2025092403006639,SAPDBL,Naasa Securities Co. Ltd.,Pragyan Securities (PVT) Ltd.,10,848.0,8480.0,2025-09-24 14:46:35.692846
2025-09-24,6833,2025092403006692,SAPDBL,ABC Securities Private Limited,Trishakti Securities Public Limited,30,848.1,25443.0,2025-09-24 14:47:28.523596
2025-09-24,6711,2025092403006706,SAPDBL,Shree Krishna Securities Ltd.,Dynamic Money Managers Securities Pvt. Ltd.,30,849.0,25470.0,2025-09-24 14:47:51.722884
2025-09-24,6633,2025092403006728,SAPDBL,Dynamic Money Managers Securities Pvt. Ltd.,Naasa Securities Co. Ltd.,2,860.0,1720.0,2025-09-24 14:48:10.644069
2025-09-24,6125,2025092403006817,SAPDBL,Naasa Securities Co. Ltd.,Agrawal Securities (PVT) Ltd.,15,848.0,12720.0,2025-09-24 14:49:29.463476
2025-09-24,5913,2025092403006851,SAPDBL,Naasa Securities Co. Ltd.,Sundhara Securities Limited,21,848.0,17808.0,2025-09-24 14:49:59.440005
2025-09-24,5912,2025092403006852,SAPDBL,Kohinoor Investment & Securities Pvt. Ltd.,Sundhara Securities Limited,100,848.0,84800.0,2025-09-24 14:49:59.440214
2025-09-24,5911,2025092403006853,SAPDBL,Nabil Stock Dealer Ltd.,Sundhara Securities Limited,29,848.0,24592.0,2025-09-24 14:49:59.440293
2025-09-24,5893,2025092403006857,SAPDBL,Nabil Stock Dealer Ltd.,Market Securities & Exchange (PVT) Ltd.,50,848.0,42400.0,2025-09-24 14:50:05.084248
2025-09-24,5165,2025092403007015,SAPDBL,Sani Securities Company Ltd.,Dynamic Money Managers Securities Pvt. Ltd.,400,849.0,339600.0,2025-09-24 14:51:36.485983
2025-09-24,5156,2025092403007016,SAPDBL,Agrawal Securities (PVT) Ltd.,Naasa Securities Co. Ltd.,5,849.0,4245.0,2025-09-24 14:51:38.597791
2025-09-24,5103,2025092403007029,SAPDBL,Nabil Stock Dealer Ltd.,Linch Stock Market Ltd.,71,848.0,60208.0,2025-09-24 14:51:48.978690
2025-09-24,4622,2025092403007086,SAPDBL,Midas Stock Broking Company Private Limited,Market Securities & Exchange (PVT) Ltd.,39,846.0,32994.0,2025-09-24 14:52:43.909898
2025-09-24,4272,2025092403007122,SAPDBL,Online Securities Pvt. Ltd.,Market Securities & Exchange (PVT) Ltd.,61,846.0,51606.0,2025-09-24 14:53:28.519158
2025-09-24,4271,2025092403007123,SAPDBL,Online Securities Pvt. Ltd.,Linch Stock Market Ltd.,64,848.0,54272.0,2025-09-24 14:53:28.519379
2025-09-24,4270,2025092403007124,SAPDBL,Online Securities Pvt. Ltd.,Linch Stock Market Ltd.,20,849.7,16994.0,2025-09-24 14:53:28.519458
2025-09-24,4269,2025092403007125,SAPDBL,Online Securities Pvt. Ltd.,Naasa Securities Co. Ltd.,1315,850.0,1117750.0,2025-09-24 14:53:28.519541
2025-09-24,4268,2025092403007126,SAPDBL,Online Securities Pvt. Ltd.,ABC Securities Private Limited,30,850.0,25500.0,2025-09-24 14:53:28.519617
2025-09-24,4267,2025092403007127,SAPDBL,Online Securities Pvt. Ltd.,Kohinoor Investment & Securities Pvt. Ltd.,10,850.0,8500.0,2025-09-24 14:53:28.519693
2025-09-24,4083,2025092403007139,SAPDBL,Investment Management Nepal Pvt. Ltd.,Kohinoor Investment & Securities Pvt. Ltd.,70,850.0,59500.0,2025-09-24 14:53:58.074829
2025-09-24,4082,2025092403007140,SAPDBL,Investment Management Nepal Pvt. Ltd.,Siprabi Securities Pvt. Ltd.,20,850.0,17000.0,2025-09-24 14:53:58.075039
2025-09-24,4081,2025092403007141,SAPDBL,Investment Management Nepal Pvt. Ltd.,Naasa Securities Co. Ltd.,30,850.0,25500.0,2025-09-24 14:53:58.075133
2025-09-24,4030,2025092403007149,SAPDBL,Shree Krishna Securities Ltd.,Oxford Securities Pvt. Ltd.,11,853.0,9383.0,2025-09-24 14:54:05.581655
2025-09-24,3275,2025092403007294,SAPDBL,Sani Securities Company Ltd.,Opal Securities Investment (PVT) Ltd.,120,850.0,102000.0,2025-09-24 14:55:54.730272
2025-09-24,3213,2025092403007301,SAPDBL,Trisul Securities & Invt. Ltd.,Linch Stock Market Ltd.,10,851.0,8510.0,2025-09-24 14:56:01.861524
2025-09-24,3212,2025092403007302,SAPDBL,Trisul Securities & Invt. Ltd.,Trishakti Securities Public Limited,490,851.0,416990.0,2025-09-24 14:56:01.861567
2025-09-24,3201,2025092403007307,SAPDBL,Opal Securities Investment (PVT) Ltd.,Stoxkarts Securities Limited,100,850.0,85000.0,2025-09-24 14:56:04.300566
2025-09-24,3119,2025092403007326,SAPDBL,Himalayan Securities Limited,Stoxkarts Securities Limited,200,850.0,170000.0,2025-09-24 14:56:16.302084
2025-09-24,2999,2025092403007345,SAPDBL,Naasa Securities Co. Ltd.,Stoxkarts Securities Limited,27,850.0,22950.0,2025-09-24 14:56:37.099272
2025-09-24,2960,2025092403007347,SAPDBL,Sani Securities Company Ltd.,Imperial Securities Company Pvt. Ltd.,200,846.0,169200.0,2025-09-24 14:56:45.345233
2025-09-24,2959,2025092403007348,SAPDBL,Siprabi Securities Pvt. Ltd.,Imperial Securities Company Pvt. Ltd.,50,846.0,42300.0,2025-09-24 14:56:45.345593
2025-09-24,2907,2025092403007356,SAPDBL,Sweta Securities Private Limited,Imperial Securities Company Pvt. Ltd.,17,845.0,14365.0,2025-09-24 14:56:50.390249
2025-09-24,2906,2025092403007357,SAPDBL,Nagarik Stock Dealer ,Imperial Securities Company Pvt. Ltd.,590,845.0,498550.0,2025-09-24 14:56:50.390448
2025-09-24,2905,2025092403007358,SAPDBL,Sweta Securities Private Limited,Imperial Securities Company Pvt. Ltd.,100,845.0,84500.0,2025-09-24 14:56:50.390525
2025-09-24,2904,2025092403007359,SAPDBL,Naasa Securities Co. Ltd.,Imperial Securities Company Pvt. Ltd.,100,845.0,84500.0,2025-09-24 14:56:50.390598
2025-09-24,2903,2025092403007360,SAPDBL,Shree Krishna Securities Ltd.,Imperial Securities Company Pvt. Ltd.,693,845.0,585585.0,2025-09-24 14:56:50.390676
2025-09-24,2827,2025092403007377,SAPDBL,Nepal Stock House (PVT) Ltd.,Stoxkarts Securities Limited,20,850.0,17000.0,2025-09-24 14:57:01.140437
2025-09-24,1786,2025092403007550,SAPDBL,Online Securities Pvt. Ltd.,Creative Securities Pvt Ltd,15,845.0,12675.0,2025-09-24 14:58:44.171972
2025-09-24,1720,2025092403007561,SAPDBL,Online Securities Pvt. Ltd.,Imperial Securities Company Pvt. Ltd.,500,845.0,422500.0,2025-09-24 14:58:48.862473
2025-09-24,1549,2025092403007602,SAPDBL,Siprabi Securities Pvt. Ltd.,Stoxkarts Securities Limited,200,845.0,169000.0,2025-09-24 14:59:06.720118
2025-09-24,1548,2025092403007603,SAPDBL,Aryatara Investment & Securities,Stoxkarts Securities Limited,200,844.0,168800.0,2025-09-24 14:59:06.720170
2025-09-24,1184,2025092403007684,SAPDBL,Vision Securities Pvt. Ltd,Vision Securities Pvt. Ltd,20,849.0,16980.0,2025-09-24 14:59:25.434659
2025-09-24,873,2025092403007744,SAPDBL,Siprabi Securities Pvt. Ltd.,Neev Securities Pvt. Ltd.,70,845.0,59150.0,2025-09-24 14:59:37.281198
2025-09-24,872,2025092403007745,SAPDBL,Aryatara Investment & Securities,Neev Securities Pvt. Ltd.,30,844.0,25320.0,2025-09-24 14:59:37.281380
2025-09-24,797,2025092403007754,SAPDBL,Aryatara Investment & Securities,Investment Management Nepal Pvt. Ltd.,175,844.0,147700.0,2025-09-24 14:59:39.759779
2025-09-24,585,2025092403007777,SAPDBL,Aryatara Investment & Securities,Sani Securities Company Ltd.,80,844.0,67520.0,2025-09-24 14:59:48.537342
2025-09-24,240,2025092403007837,SAPDBL,Premier Securities Company Ltd.,Opal Securities Investment (PVT) Ltd.,10,845.0,8450.0,2025-09-24 14:59:58.423689
2025-09-24,239,2025092403007838,SAPDBL,Premier Securities Company Ltd.,Vision Securities Pvt. Ltd,10,849.0,8490.0,2025-09-24 14:59:58.423729
2025-09-24,226,2025092403007844,SAPDBL,Cristal Kanchanjanga Securites Pvt. Ltd.,Vision Securities Pvt. Ltd,50,849.0,42450.0,2025-09-24 14:59:58.490350
