Date,S.N.,Contract ID,Symbol,Buyer Broker,Seller Broker,quantity,rate,amount,transaction_time
2025-09-24,47818,2025092404000017,SSHL,Online Securities Pvt. Ltd.,Kohinoor Investment & Securities Pvt. Ltd.,65,187.0,12155.0,2025-09-24 10:46:00.043689
2025-09-24,47817,2025092404000018,SSHL,Kohinoor Investment & Securities Pvt. Ltd.,Kohinoor Investment & Securities Pvt. Ltd.,54,187.0,10098.0,2025-09-24 10:46:00.043720
2025-09-24,47689,2025092404000074,SSHL,Dipshikha Dhitopatra Karobar Co. Pvt Ltd.,Bhrikuti Stock Broking Co. Pvt. Ltd.,170,189.0,32130.0,2025-09-24 11:00:51.313213
2025-09-24,47593,2025092404000093,SSHL,Midas Stock Broking Company Private Limited,Bhrikuti Stock Broking Co. Pvt. Ltd.,130,189.0,24570.0,2025-09-24 11:01:23.118299
2025-09-24,47563,2025092404000098,SSHL,Midas Stock Broking Company Private Limited,APPLE SECURITIES PRIVATE LIMITED,870,189.0,164430.0,2025-09-24 11:01:33.068667
2025-09-24,47480,2025092404000111,SSHL,Kohinoor Investment & Securities Pvt. Ltd.,Siprabi Securities Pvt. Ltd.,46,188.0,8648.0,2025-09-24 11:02:01.523173
2025-09-24,47479,2025092404000112,SSHL,Vision Securities Pvt. Ltd,Siprabi Securities Pvt. Ltd.,50,188.0,9400.0,2025-09-24 11:02:01.523282
2025-09-24,47478,2025092404000113,SSHL,Sweta Securities Private Limited,Siprabi Securities Pvt. Ltd.,154,188.0,28952.0,2025-09-24 11:02:01.523398
2025-09-24,47466,2025092404000116,SSHL,Sundhara Securities Limited,APPLE SECURITIES PRIVATE LIMITED,130,189.0,24570.0,2025-09-24 11:02:05.500634
2025-09-24,47465,2025092404000117,SSHL,Sundhara Securities Limited,Bhrikuti Stock Broking Co. Pvt. Ltd.,70,190.0,13300.0,2025-09-24 11:02:05.500706
2025-09-24,47414,2025092404000126,SSHL,Investment Management Nepal Pvt. Ltd.,Bhrikuti Stock Broking Co. Pvt. Ltd.,30,190.0,5700.0,2025-09-24 11:02:21.352447
2025-09-24,47265,2025092404000174,SSHL,Linch Stock Market Ltd.,Bhrikuti Stock Broking Co. Pvt. Ltd.,20,190.0,3800.0,2025-09-24 11:03:18.880028
2025-09-24,47162,2025092404000213,SSHL,Aryatara Investment & Securities,Bhrikuti Stock Broking Co. Pvt. Ltd.,180,190.0,34200.0,2025-09-24 11:03:59.202656
2025-09-24,47161,2025092404000214,SSHL,Aryatara Investment & Securities,Vision Securities Pvt. Ltd,500,190.0,95000.0,2025-09-24 11:03:59.202718
2025-09-24,47160,2025092404000215,SSHL,Aryatara Investment & Securities,Agrawal Securities (PVT) Ltd.,720,190.0,136800.0,2025-09-24 11:03:59.202749
2025-09-24,47117,2025092404000229,SSHL,Sundhara Securities Limited,Agrawal Securities (PVT) Ltd.,145,190.0,27550.0,2025-09-24 11:04:18.118328
2025-09-24,47063,2025092404000250,SSHL,Sundhara Securities Limited,Dakshinkali Investment & Securities Pvt. Ltd.,200,189.0,37800.0,2025-09-24 11:04:46.124481
2025-09-24,46842,2025092404000296,SSHL,Vision Securities Pvt. Ltd,Dakshinkali Investment & Securities Pvt. Ltd.,100,188.2,18820.0,2025-09-24 11:05:49.588717
2025-09-24,46841,2025092404000297,SSHL,Naasa Securities Co. Ltd.,Dakshinkali Investment & Securities Pvt. Ltd.,20,188.2,3764.0,2025-09-24 11:05:49.588858
2025-09-24,46840,2025092404000298,SSHL,Vision Securities Pvt. Ltd,Dakshinkali Investment & Securities Pvt. Ltd.,100,188.1,18810.0,2025-09-24 11:05:49.588962
2025-09-24,46839,2025092404000299,SSHL,Sweta Securities Private Limited,Dakshinkali Investment & Securities Pvt. Ltd.,80,188.0,15040.0,2025-09-24 11:05:49.589057
2025-09-24,46823,2025092404000305,SSHL,Sweta Securities Private Limited,Midas Stock Broking Company Private Limited,266,188.0,50008.0,2025-09-24 11:05:52.073461
2025-09-24,46822,2025092404000306,SSHL,Vision Securities Pvt. Ltd,Midas Stock Broking Company Private Limited,100,188.0,18800.0,2025-09-24 11:05:52.073524
2025-09-24,46821,2025092404000307,SSHL,Sani Securities Company Ltd.,Midas Stock Broking Company Private Limited,634,188.0,119192.0,2025-09-24 11:05:52.073555
2025-09-24,46801,2025092404000313,SSHL,Sani Securities Company Ltd.,South Asian Bulls Pvt. Ltd.,216,188.0,40608.0,2025-09-24 11:05:54.965542
2025-09-24,46734,2025092404000332,SSHL,Vision Securities Pvt. Ltd,South Asian Bulls Pvt. Ltd.,50,187.6,9380.0,2025-09-24 11:06:10.011140
2025-09-24,46733,2025092404000333,SSHL,Vision Securities Pvt. Ltd,South Asian Bulls Pvt. Ltd.,100,187.0,18700.0,2025-09-24 11:06:10.011196
2025-09-24,46732,2025092404000334,SSHL,Naasa Securities Co. Ltd.,South Asian Bulls Pvt. Ltd.,500,187.0,93500.0,2025-09-24 11:06:10.011227
2025-09-24,46605,2025092404000365,SSHL,Vision Securities Pvt. Ltd,Naasa Securities Co. Ltd.,50,186.0,9300.0,2025-09-24 11:06:41.331692
2025-09-24,46604,2025092404000366,SSHL,Neev Securities Pvt. Ltd.,Naasa Securities Co. Ltd.,100,186.0,18600.0,2025-09-24 11:06:41.331849
2025-09-24,46557,2025092404000391,SSHL,Sani Securities Company Ltd.,South Asian Bulls Pvt. Ltd.,134,186.0,24924.0,2025-09-24 11:06:49.740625
2025-09-24,46556,2025092404000392,SSHL,Sani Securities Company Ltd.,Aryatara Investment & Securities,265,189.0,50085.0,2025-09-24 11:06:49.740753
2025-09-24,46536,2025092404000397,SSHL,Sani Securities Company Ltd.,Primo Securities (PVT) Ltd.,80,189.0,15120.0,2025-09-24 11:06:57.750464
2025-09-24,46264,2025092404000480,SSHL,Citizens Share Broker Limited,Siprabi Securities Pvt. Ltd.,10,188.0,1880.0,2025-09-24 11:08:18.752246
2025-09-24,46057,2025092404000542,SSHL,Trishakti Securities Public Limited,South Asian Bulls Pvt. Ltd.,200,186.0,37200.0,2025-09-24 11:09:12.873061
2025-09-24,46056,2025092404000543,SSHL,Naasa Securities Co. Ltd.,South Asian Bulls Pvt. Ltd.,27,186.0,5022.0,2025-09-24 11:09:12.873147
2025-09-24,46055,2025092404000544,SSHL,Vision Securities Pvt. Ltd,South Asian Bulls Pvt. Ltd.,50,185.0,9250.0,2025-09-24 11:09:12.873180
2025-09-24,46054,2025092404000545,SSHL,Sweta Securities Private Limited,South Asian Bulls Pvt. Ltd.,223,185.0,41255.0,2025-09-24 11:09:12.873211
2025-09-24,45927,2025092404000591,SSHL,Sweta Securities Private Limited,Primo Securities (PVT) Ltd.,50,185.0,9250.0,2025-09-24 11:09:45.132302
2025-09-24,45779,2025092404000646,SSHL,Sweta Securities Private Limited,Naasa Securities Co. Ltd.,150,185.0,27750.0,2025-09-24 11:10:21.369800
2025-09-24,45778,2025092404000647,SSHL,Dynamic Money Managers Securities Pvt. Ltd.,Sani Securities Company Ltd.,500,186.0,93000.0,2025-09-24 11:10:21.383408
2025-09-24,45777,2025092404000648,SSHL,Dynamic Money Managers Securities Pvt. Ltd.,APPLE SECURITIES PRIVATE LIMITED,100,187.0,18700.0,2025-09-24 11:10:21.383490
2025-09-24,45735,2025092404000653,SSHL,Sweta Securities Private Limited,Sani Securities Company Ltd.,77,185.0,14245.0,2025-09-24 11:10:34.489590
2025-09-24,45734,2025092404000654,SSHL,Malla & Malla Stock Broking Company Pvt. Limited,Sani Securities Company Ltd.,200,185.0,37000.0,2025-09-24 11:10:34.489787
2025-09-24,45733,2025092404000655,SSHL,Sani Securities Company Ltd.,Sani Securities Company Ltd.,54,185.0,9990.0,2025-09-24 11:10:34.489839
2025-09-24,45535,2025092404000723,SSHL,Opal Securities Investment (PVT) Ltd.,Online Securities Pvt. Ltd.,50,184.0,9200.0,2025-09-24 11:11:40.941026
2025-09-24,45534,2025092404000724,SSHL,Primo Securities (PVT) Ltd.,Online Securities Pvt. Ltd.,210,184.0,38640.0,2025-09-24 11:11:40.941115
2025-09-24,45443,2025092404000749,SSHL,Siprabi Securities Pvt. Ltd.,Oxford Securities Pvt. Ltd.,10,183.9,1839.0,2025-09-24 11:12:09.593476
2025-09-24,45442,2025092404000750,SSHL,Vision Securities Pvt. Ltd,Oxford Securities Pvt. Ltd.,100,183.9,18390.0,2025-09-24 11:12:09.593555
2025-09-24,45441,2025092404000751,SSHL,Dipshikha Dhitopatra Karobar Co. Pvt Ltd.,Oxford Securities Pvt. Ltd.,200,183.9,36780.0,2025-09-24 11:12:09.593588
2025-09-24,44591,2025092404000978,SSHL,Linch Stock Market Ltd.,Oxford Securities Pvt. Ltd.,20,183.9,3678.0,2025-09-24 11:16:05.989514
2025-09-24,44403,2025092404001016,SSHL,Naasa Securities Co. Ltd.,Oxford Securities Pvt. Ltd.,10,183.0,1830.0,2025-09-24 11:16:44.858920
2025-09-24,44402,2025092404001017,SSHL,Sri Hari Securities Pvt. Ltd.,Oxford Securities Pvt. Ltd.,50,183.0,9150.0,2025-09-24 11:16:44.859081
2025-09-24,44400,2025092404001018,SSHL,Opal Securities Investment (PVT) Ltd.,Oxford Securities Pvt. Ltd.,30,183.0,5490.0,2025-09-24 11:16:44.885208
2025-09-24,44302,2025092404001040,SSHL,Linch Stock Market Ltd.,Primo Securities (PVT) Ltd.,200,182.0,36400.0,2025-09-24 11:17:02.057156
2025-09-24,44266,2025092404001052,SSHL,Linch Stock Market Ltd.,Naasa Securities Co. Ltd.,300,182.0,54600.0,2025-09-24 11:17:13.994308
2025-09-24,44196,2025092404001065,SSHL,Vision Securities Pvt. Ltd,Oxford Securities Pvt. Ltd.,50,181.0,9050.0,2025-09-24 11:17:28.331039
2025-09-24,44195,2025092404001066,SSHL,Vision Securities Pvt. Ltd,Oxford Securities Pvt. Ltd.,50,181.0,9050.0,2025-09-24 11:17:28.331125
2025-09-24,44194,2025092404001067,SSHL,Midas Stock Broking Company Private Limited,Oxford Securities Pvt. Ltd.,55,181.0,9955.0,2025-09-24 11:17:28.331161
2025-09-24,44193,2025092404001068,SSHL,Online Securities Pvt. Ltd.,Oxford Securities Pvt. Ltd.,100,181.0,18100.0,2025-09-24 11:17:28.331197
2025-09-24,44192,2025092404001069,SSHL,Naasa Securities Co. Ltd.,Oxford Securities Pvt. Ltd.,15,181.0,2715.0,2025-09-24 11:17:28.331230
2025-09-24,44143,2025092404001079,SSHL,Naasa Securities Co. Ltd.,Naasa Securities Co. Ltd.,85,181.0,15385.0,2025-09-24 11:17:39.194561
2025-09-24,44142,2025092404001080,SSHL,Malla & Malla Stock Broking Company Pvt. Limited,Naasa Securities Co. Ltd.,100,181.0,18100.0,2025-09-24 11:17:39.194725
2025-09-24,44113,2025092404001093,SSHL,Sweta Securities Private Limited,Naasa Securities Co. Ltd.,100,181.0,18100.0,2025-09-24 11:17:50.331877
2025-09-24,43988,2025092404001129,SSHL,Naasa Securities Co. Ltd.,Naasa Securities Co. Ltd.,50,180.7,9035.0,2025-09-24 11:18:24.685583
2025-09-24,43898,2025092404001151,SSHL,Online Securities Pvt. Ltd.,Naasa Securities Co. Ltd.,40,180.5,7220.0,2025-09-24 11:18:47.003254
2025-09-24,43897,2025092404001152,SSHL,Pragyan Securities (PVT) Ltd.,Naasa Securities Co. Ltd.,325,180.5,58662.5,2025-09-24 11:18:47.003455
2025-09-24,43811,2025092404001178,SSHL,Pragyan Securities (PVT) Ltd.,Secured Securities Ltd.,104,180.5,18772.0,2025-09-24 11:19:11.232089
2025-09-24,43810,2025092404001179,SSHL,Sweta Securities Private Limited,Secured Securities Ltd.,100,180.5,18050.0,2025-09-24 11:19:11.232170
2025-09-24,43799,2025092404001180,SSHL,Trisul Securities & Invt. Ltd.,Secured Securities Ltd.,96,180.5,17328.0,2025-09-24 11:19:13.765846
2025-09-24,43594,2025092404001239,SSHL,Midas Stock Broking Company Private Limited,Vision Securities Pvt. Ltd,20,182.0,3640.0,2025-09-24 11:20:10.030817
2025-09-24,43411,2025092404001291,SSHL,Midas Stock Broking Company Private Limited,Siprabi Securities Pvt. Ltd.,30,181.1,5433.0,2025-09-24 11:20:55.207040
2025-09-24,43410,2025092404001292,SSHL,Primo Securities (PVT) Ltd.,Siprabi Securities Pvt. Ltd.,70,181.0,12670.0,2025-09-24 11:20:55.207139
2025-09-24,43175,2025092404001364,SSHL,Aryatara Investment & Securities,Naasa Securities Co. Ltd.,50,182.9,9145.0,2025-09-24 11:21:58.809878
2025-09-24,43174,2025092404001365,SSHL,Aryatara Investment & Securities,Imperial Securities Company Pvt. Ltd.,100,183.8,18380.0,2025-09-24 11:21:58.809976
2025-09-24,43173,2025092404001366,SSHL,Aryatara Investment & Securities,Linch Stock Market Ltd.,50,183.9,9195.0,2025-09-24 11:21:58.810055
2025-09-24,42837,2025092404001463,SSHL,Secured Securities Ltd.,Naasa Securities Co. Ltd.,200,184.0,36800.0,2025-09-24 11:23:16.430513
2025-09-24,42712,2025092404001489,SSHL,Aryatara Investment & Securities,Sani Securities Company Ltd.,69,185.0,12765.0,2025-09-24 11:23:39.643237
2025-09-24,42711,2025092404001490,SSHL,Aryatara Investment & Securities,Aryatara Investment & Securities,100,185.0,18500.0,2025-09-24 11:23:39.643345
2025-09-24,42623,2025092404001513,SSHL,Aryatara Investment & Securities,Online Securities Pvt. Ltd.,200,186.0,37200.0,2025-09-24 11:24:05.779190
2025-09-24,42312,2025092404001604,SSHL,Online Securities Pvt. Ltd.,Online Securities Pvt. Ltd.,50,186.0,9300.0,2025-09-24 11:25:41.333998
2025-09-24,42147,2025092404001632,SSHL,Aryatara Investment & Securities,Siprabi Securities Pvt. Ltd.,331,185.0,61235.0,2025-09-24 11:26:46.127731
2025-09-24,42146,2025092404001633,SSHL,Capital Max Securities Ltd,Siprabi Securities Pvt. Ltd.,300,185.0,55500.0,2025-09-24 11:26:46.127854
2025-09-24,41511,2025092404001794,SSHL,Sewa Securities Pvt. Ltd.,Naasa Securities Co. Ltd.,10,185.0,1850.0,2025-09-24 11:30:13.334830
2025-09-24,41429,2025092404001832,SSHL,ABC Securities Private Limited,Naasa Securities Co. Ltd.,20,185.0,3700.0,2025-09-24 11:30:48.618555
2025-09-24,41172,2025092404001910,SSHL,Online Securities Pvt. Ltd.,Naasa Securities Co. Ltd.,100,185.0,18500.0,2025-09-24 11:32:06.715842
2025-09-24,40941,2025092404001949,SSHL,Deevyaa Securities & Stock House Pvt. Ltd,Sani Securities Company Ltd.,10,183.9,1839.0,2025-09-24 11:33:06.470218
2025-09-24,39727,2025092404002284,SSHL,Malla & Malla Stock Broking Company Pvt. Limited,Naasa Securities Co. Ltd.,285,185.0,52725.0,2025-09-24 11:38:35.630572
2025-09-24,39726,2025092404002285,SSHL,Malla & Malla Stock Broking Company Pvt. Limited,Imperial Securities Company Pvt. Ltd.,100,185.0,18500.0,2025-09-24 11:38:35.630723
2025-09-24,39725,2025092404002286,SSHL,Malla & Malla Stock Broking Company Pvt. Limited,Sewa Securities Pvt. Ltd.,15,185.0,2775.0,2025-09-24 11:38:35.630779
2025-09-24,37770,2025092404002822,SSHL,Naasa Securities Co. Ltd.,Sani Securities Company Ltd.,600,185.5,111300.0,2025-09-24 11:49:50.354185
2025-09-24,37769,2025092404002823,SSHL,Naasa Securities Co. Ltd.,Online Securities Pvt. Ltd.,80,186.0,14880.0,2025-09-24 11:49:50.354257
2025-09-24,37768,2025092404002824,SSHL,Naasa Securities Co. Ltd.,Naasa Securities Co. Ltd.,575,186.0,106950.0,2025-09-24 11:49:50.354282
2025-09-24,37767,2025092404002825,SSHL,Naasa Securities Co. Ltd.,Online Securities Pvt. Ltd.,50,186.0,9300.0,2025-09-24 11:49:50.354303
2025-09-24,37766,2025092404002826,SSHL,Naasa Securities Co. Ltd.,Siprabi Securities Pvt. Ltd.,240,186.9,44856.0,2025-09-24 11:49:50.354344
2025-09-24,37765,2025092404002827,SSHL,Naasa Securities Co. Ltd.,Sweta Securities Private Limited,300,186.9,56070.0,2025-09-24 11:49:50.354366
2025-09-24,37764,2025092404002828,SSHL,Naasa Securities Co. Ltd.,Siprabi Securities Pvt. Ltd.,155,187.0,28985.0,2025-09-24 11:49:50.354386
2025-09-24,37325,2025092404002942,SSHL,Naasa Securities Co. Ltd.,Siprabi Securities Pvt. Ltd.,345,187.0,64515.0,2025-09-24 11:52:31.889032
2025-09-24,37324,2025092404002943,SSHL,Naasa Securities Co. Ltd.,Sewa Securities Pvt. Ltd.,125,187.0,23375.0,2025-09-24 11:52:31.889092
2025-09-24,37323,2025092404002944,SSHL,Naasa Securities Co. Ltd.,Investment Management Nepal Pvt. Ltd.,100,187.4,18740.0,2025-09-24 11:52:31.889120
2025-09-24,37322,2025092404002945,SSHL,Naasa Securities Co. Ltd.,Secured Securities Ltd.,250,187.5,46875.0,2025-09-24 11:52:31.889141
2025-09-24,36894,2025092404003061,SSHL,Dipshikha Dhitopatra Karobar Co. Pvt Ltd.,Secured Securities Ltd.,500,187.5,93750.0,2025-09-24 11:54:49.181764
2025-09-24,36284,2025092404003201,SSHL,APPLE SECURITIES PRIVATE LIMITED,Secured Securities Ltd.,630,187.5,118125.0,2025-09-24 11:58:25.179583
2025-09-24,36283,2025092404003202,SSHL,APPLE SECURITIES PRIVATE LIMITED,Online Securities Pvt. Ltd.,100,187.5,18750.0,2025-09-24 11:58:25.179842
2025-09-24,36282,2025092404003203,SSHL,APPLE SECURITIES PRIVATE LIMITED,Linch Stock Market Ltd.,50,187.7,9385.0,2025-09-24 11:58:25.180007
2025-09-24,36281,2025092404003204,SSHL,APPLE SECURITIES PRIVATE LIMITED,Sani Securities Company Ltd.,200,188.0,37600.0,2025-09-24 11:58:25.180202
2025-09-24,36280,2025092404003205,SSHL,APPLE SECURITIES PRIVATE LIMITED,Vision Securities Pvt. Ltd,20,188.0,3760.0,2025-09-24 11:58:25.180389
2025-09-24,35780,2025092404003357,SSHL,Sundhara Securities Limited,Vision Securities Pvt. Ltd,90,188.0,16920.0,2025-09-24 12:00:59.519672
2025-09-24,35660,2025092404003376,SSHL,Midas Stock Broking Company Private Limited,Vision Securities Pvt. Ltd,72,188.0,13536.0,2025-09-24 12:01:34.484244
2025-09-24,34482,2025092404003620,SSHL,Siprabi Securities Pvt. Ltd.,Imperial Securities Company Pvt. Ltd.,20,187.9,3758.0,2025-09-24 12:07:48.200804
2025-09-24,34108,2025092404003720,SSHL,Online Securities Pvt. Ltd.,ABC Securities Private Limited,30,187.0,5610.0,2025-09-24 12:09:22.796603
2025-09-24,33978,2025092404003766,SSHL,Primo Securities (PVT) Ltd.,ABC Securities Private Limited,300,187.0,56100.0,2025-09-24 12:10:01.152269
2025-09-24,33171,2025092404003925,SSHL,Imperial Securities Company Pvt. Ltd.,Imperial Securities Company Pvt. Ltd.,500,186.3,93150.0,2025-09-24 12:14:26.748248
2025-09-24,33170,2025092404003926,SSHL,Midas Stock Broking Company Private Limited,Imperial Securities Company Pvt. Ltd.,100,186.3,18630.0,2025-09-24 12:14:26.748394
2025-09-24,33169,2025092404003927,SSHL,Midas Stock Broking Company Private Limited,Imperial Securities Company Pvt. Ltd.,380,186.2,70756.0,2025-09-24 12:14:26.748454
2025-09-24,33141,2025092404003937,SSHL,Midas Stock Broking Company Private Limited,Imperial Securities Company Pvt. Ltd.,620,186.2,115444.0,2025-09-24 12:14:38.853505
2025-09-24,33140,2025092404003938,SSHL,Thrive Brokerage House Pvt. Ltd,Imperial Securities Company Pvt. Ltd.,1000,186.1,186100.0,2025-09-24 12:14:38.853763
2025-09-24,33139,2025092404003939,SSHL,Imperial Securities Company Pvt. Ltd.,Imperial Securities Company Pvt. Ltd.,500,186.0,93000.0,2025-09-24 12:14:38.853931
2025-09-24,33138,2025092404003940,SSHL,Naasa Securities Co. Ltd.,Imperial Securities Company Pvt. Ltd.,380,186.0,70680.0,2025-09-24 12:14:38.854088
2025-09-24,33094,2025092404003959,SSHL,Cristal Kanchanjanga Securites Pvt. Ltd.,ABC Securities Private Limited,70,187.0,13090.0,2025-09-24 12:14:48.665376
2025-09-24,33047,2025092404003965,SSHL,Cristal Kanchanjanga Securites Pvt. Ltd.,Cristal Kanchanjanga Securites Pvt. Ltd.,430,187.0,80410.0,2025-09-24 12:14:57.691619
2025-09-24,33046,2025092404003966,SSHL,Naasa Securities Co. Ltd.,Cristal Kanchanjanga Securites Pvt. Ltd.,120,186.0,22320.0,2025-09-24 12:14:57.691791
2025-09-24,33045,2025092404003967,SSHL,Imperial Securities Company Pvt. Ltd.,Cristal Kanchanjanga Securites Pvt. Ltd.,185,186.0,34410.0,2025-09-24 12:14:57.691857
2025-09-24,32898,2025092404003999,SSHL,Imperial Securities Company Pvt. Ltd.,Sani Securities Company Ltd.,300,186.0,55800.0,2025-09-24 12:15:36.675638
2025-09-24,32649,2025092404004055,SSHL,Imperial Securities Company Pvt. Ltd.,Sani Securities Company Ltd.,15,186.0,2790.0,2025-09-24 12:16:39.146033
2025-09-24,32648,2025092404004056,SSHL,Investment Management Nepal Pvt. Ltd.,Sani Securities Company Ltd.,20,186.0,3720.0,2025-09-24 12:16:39.146189
2025-09-24,32647,2025092404004057,SSHL,Asian Securities Private Ltd.,Sani Securities Company Ltd.,50,185.6,9280.0,2025-09-24 12:16:39.146247
2025-09-24,32646,2025092404004058,SSHL,Oxford Securities Pvt. Ltd.,Sani Securities Company Ltd.,15,185.5,2782.5,2025-09-24 12:16:39.146330
2025-09-24,32196,2025092404004198,SSHL,Oxford Securities Pvt. Ltd.,Midas Stock Broking Company Private Limited,1985,185.5,368217.5,2025-09-24 12:18:07.709408
2025-09-24,32195,2025092404004199,SSHL,Online Securities Pvt. Ltd.,Midas Stock Broking Company Private Limited,15,185.0,2775.0,2025-09-24 12:18:07.709488
2025-09-24,31015,2025092404004515,SSHL,Dipshikha Dhitopatra Karobar Co. Pvt Ltd.,Sani Securities Company Ltd.,10,186.0,1860.0,2025-09-24 12:22:39.042733
2025-09-24,30916,2025092404004547,SSHL,Thrive Brokerage House Pvt. Ltd,Midas Stock Broking Company Private Limited,380,185.1,70338.0,2025-09-24 12:23:10.903578
2025-09-24,30915,2025092404004548,SSHL,Online Securities Pvt. Ltd.,Midas Stock Broking Company Private Limited,15,185.0,2775.0,2025-09-24 12:23:10.903763
2025-09-24,30914,2025092404004549,SSHL,Primo Securities (PVT) Ltd.,Midas Stock Broking Company Private Limited,105,185.0,19425.0,2025-09-24 12:23:10.903842
2025-09-24,30599,2025092404004611,SSHL,Dynamic Money Managers Securities Pvt. Ltd.,Midas Stock Broking Company Private Limited,134,185.0,24790.0,2025-09-24 12:24:46.287911
2025-09-24,30388,2025092404004661,SSHL,Shree Krishna Securities Ltd.,Midas Stock Broking Company Private Limited,100,185.0,18500.0,2025-09-24 12:25:47.662515
2025-09-24,29593,2025092404004846,SSHL,Trishakti Securities Public Limited,Midas Stock Broking Company Private Limited,100,185.0,18500.0,2025-09-24 12:30:01.261437
2025-09-24,29241,2025092404004933,SSHL,Oxford Securities Pvt. Ltd.,Midas Stock Broking Company Private Limited,50,185.0,9250.0,2025-09-24 12:32:24.538577
2025-09-24,29068,2025092404004956,SSHL,Linch Stock Market Ltd.,Midas Stock Broking Company Private Limited,100,185.0,18500.0,2025-09-24 12:33:35.974281
2025-09-24,28965,2025092404004965,SSHL,Aryatara Investment & Securities,Midas Stock Broking Company Private Limited,100,185.0,18500.0,2025-09-24 12:34:27.053017
2025-09-24,28842,2025092404004982,SSHL,Naasa Securities Co. Ltd.,Midas Stock Broking Company Private Limited,20,185.0,3700.0,2025-09-24 12:35:15.815004
2025-09-24,28700,2025092404005017,SSHL,Aryatara Investment & Securities,Midas Stock Broking Company Private Limited,100,185.0,18500.0,2025-09-24 12:36:07.623947
2025-09-24,28642,2025092404005035,SSHL,Naasa Securities Co. Ltd.,Dipshikha Dhitopatra Karobar Co. Pvt Ltd.,60,184.6,11076.0,2025-09-24 12:36:33.362372
2025-09-24,28641,2025092404005036,SSHL,Aryatara Investment & Securities,Dipshikha Dhitopatra Karobar Co. Pvt Ltd.,200,184.6,36920.0,2025-09-24 12:36:33.362437
2025-09-24,28550,2025092404005052,SSHL,Naasa Securities Co. Ltd.,Sri Hari Securities Pvt. Ltd.,500,184.5,92250.0,2025-09-24 12:37:04.111913
2025-09-24,28549,2025092404005053,SSHL,Hatemalo Financial Services Private Limited,Sri Hari Securities Pvt. Ltd.,1000,184.2,184200.0,2025-09-24 12:37:04.112086
2025-09-24,28548,2025092404005054,SSHL,Sweta Securities Private Limited,Sri Hari Securities Pvt. Ltd.,433,184.0,79672.0,2025-09-24 12:37:04.112162
2025-09-24,28547,2025092404005055,SSHL,Naasa Securities Co. Ltd.,Sri Hari Securities Pvt. Ltd.,100,184.0,18400.0,2025-09-24 12:37:04.112220
2025-09-24,28546,2025092404005056,SSHL,Imperial Securities Company Pvt. Ltd.,Sri Hari Securities Pvt. Ltd.,40,184.0,7360.0,2025-09-24 12:37:04.112278
2025-09-24,28545,2025092404005057,SSHL,Capital Max Securities Ltd,Sri Hari Securities Pvt. Ltd.,10,184.0,1840.0,2025-09-24 12:37:04.112343
2025-09-24,28544,2025092404005058,SSHL,Online Securities Pvt. Ltd.,Sri Hari Securities Pvt. Ltd.,100,184.0,18400.0,2025-09-24 12:37:04.112395
2025-09-24,28524,2025092404005059,SSHL,Naasa Securities Co. Ltd.,Sri Hari Securities Pvt. Ltd.,17,184.0,3128.0,2025-09-24 12:37:08.426039
2025-09-24,28523,2025092404005060,SSHL,Naasa Securities Co. Ltd.,Midas Stock Broking Company Private Limited,1296,185.0,239760.0,2025-09-24 12:37:08.426106
2025-09-24,28522,2025092404005061,SSHL,Naasa Securities Co. Ltd.,ABC Securities Private Limited,50,187.0,9350.0,2025-09-24 12:37:08.426133
2025-09-24,28521,2025092404005062,SSHL,Naasa Securities Co. Ltd.,Vision Securities Pvt. Ltd,77,188.0,14476.0,2025-09-24 12:37:08.426155
2025-09-24,28094,2025092404005142,SSHL,Naasa Securities Co. Ltd.,Dynamic Money Managers Securities Pvt. Ltd.,10,184.3,1843.0,2025-09-24 12:40:12.855590
2025-09-24,27330,2025092404005290,SSHL,Kalika Securities Pvt. Ltd.,Siprabi Securities Pvt. Ltd.,200,184.4,36880.0,2025-09-24 12:44:02.859681
2025-09-24,27329,2025092404005291,SSHL,Naasa Securities Co. Ltd.,Siprabi Securities Pvt. Ltd.,990,184.3,182457.0,2025-09-24 12:44:02.859743
2025-09-24,27328,2025092404005292,SSHL,Sweta Securities Private Limited,Siprabi Securities Pvt. Ltd.,250,183.6,45900.0,2025-09-24 12:44:02.859771
2025-09-24,27327,2025092404005293,SSHL,Imperial Securities Company Pvt. Ltd.,Siprabi Securities Pvt. Ltd.,50,183.5,9175.0,2025-09-24 12:44:02.859796
2025-09-24,27326,2025092404005294,SSHL,Sundhara Securities Limited,Siprabi Securities Pvt. Ltd.,10,183.5,1835.0,2025-09-24 12:44:02.859818
2025-09-24,27325,2025092404005295,SSHL,Vision Securities Pvt. Ltd,Siprabi Securities Pvt. Ltd.,500,183.4,91700.0,2025-09-24 12:44:02.859852
2025-09-24,27324,2025092404005296,SSHL,Kohinoor Investment & Securities Pvt. Ltd.,Siprabi Securities Pvt. Ltd.,500,183.1,91550.0,2025-09-24 12:44:02.859881
2025-09-24,27323,2025092404005297,SSHL,Asian Securities Private Ltd.,Siprabi Securities Pvt. Ltd.,60,183.1,10986.0,2025-09-24 12:44:02.859926
2025-09-24,27322,2025092404005298,SSHL,Imperial Securities Company Pvt. Ltd.,Siprabi Securities Pvt. Ltd.,100,183.0,18300.0,2025-09-24 12:44:02.859952
2025-09-24,27321,2025092404005299,SSHL,Neev Securities Pvt. Ltd.,Siprabi Securities Pvt. Ltd.,40,183.0,7320.0,2025-09-24 12:44:02.859976
2025-09-24,27168,2025092404005342,SSHL,Imperial Securities Company Pvt. Ltd.,Sri Hari Securities Pvt. Ltd.,270,185.5,50085.0,2025-09-24 12:44:35.670105
2025-09-24,26851,2025092404005404,SSHL,Naasa Securities Co. Ltd.,Dynamic Money Managers Securities Pvt. Ltd.,70,185.0,12950.0,2025-09-24 12:46:27.400869
2025-09-24,25992,2025092404005628,SSHL,Cristal Kanchanjanga Securites Pvt. Ltd.,Sri Hari Securities Pvt. Ltd.,1000,184.0,184000.0,2025-09-24 12:50:42.506920
2025-09-24,25352,2025092404005834,SSHL,Neev Securities Pvt. Ltd.,Aryatara Investment & Securities,460,183.0,84180.0,2025-09-24 12:54:28.617662
2025-09-24,25351,2025092404005835,SSHL,Midas Stock Broking Company Private Limited,Aryatara Investment & Securities,100,183.0,18300.0,2025-09-24 12:54:28.617856
2025-09-24,25350,2025092404005836,SSHL,Neev Securities Pvt. Ltd.,Aryatara Investment & Securities,40,183.0,7320.0,2025-09-24 12:54:28.617926
2025-09-24,25349,2025092404005837,SSHL,Kalika Securities Pvt. Ltd.,Aryatara Investment & Securities,50,183.0,9150.0,2025-09-24 12:54:28.618020
2025-09-24,25025,2025092404005895,SSHL,Kalika Securities Pvt. Ltd.,Linch Stock Market Ltd.,150,183.0,27450.0,2025-09-24 12:57:12.387276
2025-09-24,25024,2025092404005896,SSHL,Aryatara Investment & Securities,Linch Stock Market Ltd.,300,183.0,54900.0,2025-09-24 12:57:12.387465
2025-09-24,25023,2025092404005897,SSHL,Sweta Securities Private Limited,Linch Stock Market Ltd.,50,183.0,9150.0,2025-09-24 12:57:12.387525
2025-09-24,24194,2025092404006101,SSHL,Linch Stock Market Ltd.,Dipshikha Dhitopatra Karobar Co. Pvt Ltd.,10,183.5,1835.0,2025-09-24 13:03:38.949230
2025-09-24,24193,2025092404006102,SSHL,Asian Securities Private Ltd.,Dipshikha Dhitopatra Karobar Co. Pvt Ltd.,90,183.2,16488.0,2025-09-24 13:03:38.949410
2025-09-24,24176,2025092404006109,SSHL,Asian Securities Private Ltd.,Trishakti Securities Public Limited,60,183.2,10992.0,2025-09-24 13:03:45.830916
2025-09-24,24175,2025092404006110,SSHL,Sweta Securities Private Limited,Trishakti Securities Public Limited,50,183.0,9150.0,2025-09-24 13:03:45.831207
2025-09-24,24174,2025092404006111,SSHL,Sumeru Securities Pvt. Ltd.,Trishakti Securities Public Limited,40,183.0,7320.0,2025-09-24 13:03:45.831431
2025-09-24,22389,2025092404006490,SSHL,Naasa Securities Co. Ltd.,Sani Securities Company Ltd.,10,184.0,1840.0,2025-09-24 13:17:37.438113
2025-09-24,22262,2025092404006506,SSHL,Naasa Securities Co. Ltd.,Sani Securities Company Ltd.,316,184.0,58144.0,2025-09-24 13:18:58.001764
2025-09-24,22250,2025092404006508,SSHL,Dipshikha Dhitopatra Karobar Co. Pvt Ltd.,Aryatara Investment & Securities,10,183.5,1835.0,2025-09-24 13:19:02.100802
2025-09-24,22249,2025092404006509,SSHL,Sumeru Securities Pvt. Ltd.,Aryatara Investment & Securities,315,183.5,57802.5,2025-09-24 13:19:02.101200
2025-09-24,22248,2025092404006510,SSHL,Premier Securities Company Ltd.,Aryatara Investment & Securities,50,183.0,9150.0,2025-09-24 13:19:02.101414
2025-09-24,22247,2025092404006511,SSHL,Sewa Securities Pvt. Ltd.,Aryatara Investment & Securities,25,183.0,4575.0,2025-09-24 13:19:02.101597
2025-09-24,21977,2025092404006555,SSHL,Naasa Securities Co. Ltd.,Aryatara Investment & Securities,15,183.0,2745.0,2025-09-24 13:20:58.899109
2025-09-24,21275,2025092404006703,SSHL,Vision Securities Pvt. Ltd,SHUBHAKAMANA SECURITIES PVT. LTD,200,182.5,36500.0,2025-09-24 13:26:57.176994
2025-09-24,21180,2025092404006724,SSHL,Imperial Securities Company Pvt. Ltd.,Aryatara Investment & Securities,20,183.0,3660.0,2025-09-24 13:27:42.248084
2025-09-24,20811,2025092404006793,SSHL,Online Securities Pvt. Ltd.,Aryatara Investment & Securities,65,183.0,11895.0,2025-09-24 13:31:05.162968
2025-09-24,20810,2025092404006794,SSHL,Online Securities Pvt. Ltd.,Online Securities Pvt. Ltd.,35,183.0,6405.0,2025-09-24 13:31:05.163184
2025-09-24,20804,2025092404006795,SSHL,Vision Securities Pvt. Ltd,Naasa Securities Co. Ltd.,100,183.0,18300.0,2025-09-24 13:31:14.782029
2025-09-24,20803,2025092404006796,SSHL,Vision Securities Pvt. Ltd,Dynamic Money Managers Securities Pvt. Ltd.,170,183.0,31110.0,2025-09-24 13:31:14.782229
2025-09-24,20628,2025092404006835,SSHL,Sani Securities Company Ltd.,Dynamic Money Managers Securities Pvt. Ltd.,120,183.0,21960.0,2025-09-24 13:33:04.257951
2025-09-24,20283,2025092404006911,SSHL,APPLE SECURITIES PRIVATE LIMITED,Naasa Securities Co. Ltd.,10,182.9,1829.0,2025-09-24 13:36:30.122544
2025-09-24,19701,2025092404007065,SSHL,Neev Securities Pvt. Ltd.,Dynamic Money Managers Securities Pvt. Ltd.,30,184.4,5532.0,2025-09-24 13:41:33.114357
2025-09-24,19700,2025092404007066,SSHL,Neev Securities Pvt. Ltd.,Aryatara Investment & Securities,50,184.4,9220.0,2025-09-24 13:41:33.114678
2025-09-24,19277,2025092404007175,SSHL,Vision Securities Pvt. Ltd,Aryatara Investment & Securities,20,184.4,3688.0,2025-09-24 13:45:13.483944
2025-09-24,18742,2025092404007294,SSHL,Sundhara Securities Limited,Aryatara Investment & Securities,30,184.4,5532.0,2025-09-24 13:49:49.510297
2025-09-24,18741,2025092404007295,SSHL,Sundhara Securities Limited,Sri Hari Securities Pvt. Ltd.,105,184.5,19372.5,2025-09-24 13:49:49.510638
2025-09-24,18133,2025092404007360,SSHL,Neev Securities Pvt. Ltd.,Dynamic Money Managers Securities Pvt. Ltd.,100,184.4,18440.0,2025-09-24 13:52:35.205689
2025-09-24,17610,2025092404007504,SSHL,Sumeru Securities Pvt. Ltd.,Aryatara Investment & Securities,50,184.4,9220.0,2025-09-24 13:55:30.531662
2025-09-24,17609,2025092404007505,SSHL,Sumeru Securities Pvt. Ltd.,Sri Hari Securities Pvt. Ltd.,70,184.5,12915.0,2025-09-24 13:55:30.531874
2025-09-24,17549,2025092404007521,SSHL,Imperial Securities Company Pvt. Ltd.,Dipshikha Dhitopatra Karobar Co. Pvt Ltd.,10,184.4,1844.0,2025-09-24 13:55:55.751672
2025-09-24,17548,2025092404007522,SSHL,Naasa Securities Co. Ltd.,Dipshikha Dhitopatra Karobar Co. Pvt Ltd.,40,184.0,7360.0,2025-09-24 13:55:55.752014
2025-09-24,17339,2025092404007580,SSHL,Naasa Securities Co. Ltd.,Online Securities Pvt. Ltd.,60,184.0,11040.0,2025-09-24 13:56:38.729700
2025-09-24,16967,2025092404007655,SSHL,Bhrikuti Stock Broking Co. Pvt. Ltd.,Online Securities Pvt. Ltd.,27,184.0,4968.0,2025-09-24 13:58:29.573649
2025-09-24,16474,2025092404007770,SSHL,Secured Securities Ltd.,Online Securities Pvt. Ltd.,100,184.0,18400.0,2025-09-24 14:01:31.633838
2025-09-24,16294,2025092404007800,SSHL,Online Securities Pvt. Ltd.,Naasa Securities Co. Ltd.,500,183.3,91650.0,2025-09-24 14:02:21.773959
2025-09-24,15881,2025092404007944,SSHL,Imperial Securities Company Pvt. Ltd.,Online Securities Pvt. Ltd.,3,183.0,549.0,2025-09-24 14:04:06.692028
2025-09-24,15635,2025092404008012,SSHL,Online Securities Pvt. Ltd.,South Asian Bulls Pvt. Ltd.,500,183.3,91650.0,2025-09-24 14:05:23.077531
2025-09-24,15513,2025092404008054,SSHL,Naasa Securities Co. Ltd.,Bhrikuti Stock Broking Co. Pvt. Ltd.,126,183.2,23083.2,2025-09-24 14:06:00.516305
2025-09-24,15512,2025092404008055,SSHL,Sweta Securities Private Limited,Bhrikuti Stock Broking Co. Pvt. Ltd.,100,183.1,18310.0,2025-09-24 14:06:00.516505
2025-09-24,15511,2025092404008056,SSHL,Sweta Securities Private Limited,Bhrikuti Stock Broking Co. Pvt. Ltd.,100,183.0,18300.0,2025-09-24 14:06:00.516575
2025-09-24,15510,2025092404008057,SSHL,Naasa Securities Co. Ltd.,Bhrikuti Stock Broking Co. Pvt. Ltd.,43,183.0,7869.0,2025-09-24 14:06:00.516641
2025-09-24,15509,2025092404008058,SSHL,Naasa Securities Co. Ltd.,Bhrikuti Stock Broking Co. Pvt. Ltd.,10,182.9,1829.0,2025-09-24 14:06:00.516738
2025-09-24,15508,2025092404008059,SSHL,Naasa Securities Co. Ltd.,Bhrikuti Stock Broking Co. Pvt. Ltd.,68,182.9,12437.2,2025-09-24 14:06:00.516803
2025-09-24,15507,2025092404008060,SSHL,Hatemalo Financial Services Private Limited,Bhrikuti Stock Broking Co. Pvt. Ltd.,53,182.6,9677.8,2025-09-24 14:06:00.516869
2025-09-24,15390,2025092404008099,SSHL,Imperial Securities Company Pvt. Ltd.,Dynamic Money Managers Securities Pvt. Ltd.,3,183.0,549.0,2025-09-24 14:06:38.061163
2025-09-24,15013,2025092404008175,SSHL,Hatemalo Financial Services Private Limited,Neev Securities Pvt. Ltd.,447,182.6,81622.2,2025-09-24 14:09:09.523051
2025-09-24,15012,2025092404008176,SSHL,Siprabi Securities Pvt. Ltd.,Neev Securities Pvt. Ltd.,400,182.5,73000.0,2025-09-24 14:09:09.523419
2025-09-24,15011,2025092404008177,SSHL,Property Wiard Limited,Neev Securities Pvt. Ltd.,100,182.5,18250.0,2025-09-24 14:09:09.523624
2025-09-24,15010,2025092404008178,SSHL,Sweta Securities Private Limited,Neev Securities Pvt. Ltd.,400,182.4,72960.0,2025-09-24 14:09:09.523821
2025-09-24,15009,2025092404008179,SSHL,Dipshikha Dhitopatra Karobar Co. Pvt Ltd.,Neev Securities Pvt. Ltd.,300,182.3,54690.0,2025-09-24 14:09:09.524024
2025-09-24,15008,2025092404008180,SSHL,Bhrikuti Stock Broking Co. Pvt. Ltd.,Neev Securities Pvt. Ltd.,1000,182.2,182200.0,2025-09-24 14:09:09.524217
2025-09-24,15007,2025092404008181,SSHL,Himalayan Securities Limited,Neev Securities Pvt. Ltd.,15,182.2,2733.0,2025-09-24 14:09:09.524421
2025-09-24,15006,2025092404008182,SSHL,Vision Securities Pvt. Ltd,Neev Securities Pvt. Ltd.,300,182.1,54630.0,2025-09-24 14:09:09.524614
2025-09-24,15005,2025092404008183,SSHL,Dipshikha Dhitopatra Karobar Co. Pvt Ltd.,Neev Securities Pvt. Ltd.,100,182.1,18210.0,2025-09-24 14:09:09.524804
2025-09-24,15004,2025092404008184,SSHL,Agrawal Securities (PVT) Ltd.,Neev Securities Pvt. Ltd.,100,182.0,18200.0,2025-09-24 14:09:09.524996
2025-09-24,15003,2025092404008185,SSHL,Dipshikha Dhitopatra Karobar Co. Pvt Ltd.,Neev Securities Pvt. Ltd.,650,182.0,118300.0,2025-09-24 14:09:09.525182
2025-09-24,15002,2025092404008186,SSHL,Primo Securities (PVT) Ltd.,Neev Securities Pvt. Ltd.,20,182.0,3640.0,2025-09-24 14:09:09.525378
2025-09-24,15001,2025092404008187,SSHL,Thrive Brokerage House Pvt. Ltd,Neev Securities Pvt. Ltd.,168,182.0,30576.0,2025-09-24 14:09:09.525558
2025-09-24,14748,2025092404008262,SSHL,Thrive Brokerage House Pvt. Ltd,South Asian Bulls Pvt. Ltd.,300,182.0,54600.0,2025-09-24 14:10:27.196444
2025-09-24,14155,2025092404008414,SSHL,Kumari Securities Private Limited,Oxford Securities Pvt. Ltd.,90,182.1,16389.0,2025-09-24 14:14:00.308403
2025-09-24,13765,2025092404008509,SSHL,Kumari Securities Private Limited,Imperial Securities Company Pvt. Ltd.,52,182.1,9469.2,2025-09-24 14:15:41.431495
2025-09-24,13432,2025092404008551,SSHL,Neev Securities Pvt. Ltd.,Sagarmatha Securities Private Limited,100,183.0,18300.0,2025-09-24 14:16:42.749118
2025-09-24,12316,2025092404008831,SSHL,Naasa Securities Co. Ltd.,Kumari Securities Private Limited,10,183.0,1830.0,2025-09-24 14:20:17.684278
2025-09-24,12141,2025092404008856,SSHL,Online Securities Pvt. Ltd.,Kumari Securities Private Limited,30,183.0,5490.0,2025-09-24 14:20:58.904250
2025-09-24,11926,2025092404008910,SSHL,Sweta Securities Private Limited,Sani Securities Company Ltd.,10,182.3,1823.0,2025-09-24 14:21:51.455673
2025-09-24,11036,2025092404009065,SSHL,Sweta Securities Private Limited,Naasa Securities Co. Ltd.,40,182.3,7292.0,2025-09-24 14:25:14.292617
2025-09-24,10347,2025092404009190,SSHL,Kohinoor Investment & Securities Pvt. Ltd.,Naasa Securities Co. Ltd.,10,182.3,1823.0,2025-09-24 14:29:04.301286
2025-09-24,9897,2025092404009292,SSHL,Neev Securities Pvt. Ltd.,Naasa Securities Co. Ltd.,50,182.3,9115.0,2025-09-24 14:31:06.667441
2025-09-24,9710,2025092404009339,SSHL,Online Securities Pvt. Ltd.,Kumari Securities Private Limited,10,183.0,1830.0,2025-09-24 14:33:02.079956
2025-09-24,9686,2025092404009349,SSHL,Neev Securities Pvt. Ltd.,Kumari Securities Private Limited,50,183.0,9150.0,2025-09-24 14:33:08.238646
2025-09-24,9291,2025092404009438,SSHL,Neev Securities Pvt. Ltd.,Online Securities Pvt. Ltd.,50,183.8,9190.0,2025-09-24 14:35:55.579030
2025-09-24,8619,2025092404009609,SSHL,Neev Securities Pvt. Ltd.,Online Securities Pvt. Ltd.,10,183.0,1830.0,2025-09-24 14:40:53.897030
2025-09-24,8618,2025092404009610,SSHL,Kohinoor Investment & Securities Pvt. Ltd.,Online Securities Pvt. Ltd.,90,183.0,16470.0,2025-09-24 14:40:53.897256
2025-09-24,7494,2025092404009918,SSHL,Neev Securities Pvt. Ltd.,Siprabi Securities Pvt. Ltd.,300,183.5,55050.0,2025-09-24 14:45:19.328753
2025-09-24,7206,2025092404010030,SSHL,Trishakti Securities Public Limited,Naasa Securities Co. Ltd.,40,183.1,7324.0,2025-09-24 14:46:21.170878
2025-09-24,7205,2025092404010031,SSHL,Kohinoor Investment & Securities Pvt. Ltd.,Naasa Securities Co. Ltd.,10,183.0,1830.0,2025-09-24 14:46:21.171113
2025-09-24,7204,2025092404010032,SSHL,Sundhara Securities Limited,Naasa Securities Co. Ltd.,50,183.0,9150.0,2025-09-24 14:46:21.171189
2025-09-24,7203,2025092404010033,SSHL,Linch Stock Market Ltd.,Naasa Securities Co. Ltd.,84,183.0,15372.0,2025-09-24 14:46:21.171303
2025-09-24,7016,2025092404010092,SSHL,Linch Stock Market Ltd.,Siprabi Securities Pvt. Ltd.,50,183.5,9175.0,2025-09-24 14:46:56.735416
2025-09-24,6877,2025092404010106,SSHL,Linch Stock Market Ltd.,Online Securities Pvt. Ltd.,16,183.0,2928.0,2025-09-24 14:47:18.999917
2025-09-24,6876,2025092404010107,SSHL,Indira securities pvt. ltd,Online Securities Pvt. Ltd.,30,183.0,5490.0,2025-09-24 14:47:19.000277
2025-09-24,6875,2025092404010108,SSHL,Trishakti Securities Public Limited,Online Securities Pvt. Ltd.,100,182.3,18230.0,2025-09-24 14:47:19.000543
2025-09-24,6874,2025092404010109,SSHL,Kohinoor Investment & Securities Pvt. Ltd.,Online Securities Pvt. Ltd.,241,182.2,43910.2,2025-09-24 14:47:19.000757
2025-09-24,6873,2025092404010110,SSHL,Kumari Securities Private Limited,Online Securities Pvt. Ltd.,158,182.1,28771.8,2025-09-24 14:47:19.001005
2025-09-24,6872,2025092404010111,SSHL,Hatemalo Financial Services Private Limited,Online Securities Pvt. Ltd.,500,182.1,91050.0,2025-09-24 14:47:19.001225
2025-09-24,6871,2025092404010112,SSHL,Imperial Securities Company Pvt. Ltd.,Online Securities Pvt. Ltd.,110,182.1,20031.0,2025-09-24 14:47:19.001454
2025-09-24,6870,2025092404010113,SSHL,Premier Securities Company Ltd.,Online Securities Pvt. Ltd.,20,182.0,3640.0,2025-09-24 14:47:19.001677
2025-09-24,6869,2025092404010114,SSHL,Trishakti Securities Public Limited,Online Securities Pvt. Ltd.,14,182.0,2548.0,2025-09-24 14:47:19.001900
2025-09-24,6868,2025092404010115,SSHL,Premier Securities Company Ltd.,Online Securities Pvt. Ltd.,50,182.0,9100.0,2025-09-24 14:47:19.002102
2025-09-24,6867,2025092404010116,SSHL,Sri Hari Securities Pvt. Ltd.,Online Securities Pvt. Ltd.,12,182.0,2184.0,2025-09-24 14:47:19.002348
2025-09-24,6866,2025092404010117,SSHL,Sani Securities Company Ltd.,Online Securities Pvt. Ltd.,362,182.0,65884.0,2025-09-24 14:47:19.002547
2025-09-24,6831,2025092404010129,SSHL,Sani Securities Company Ltd.,Aryatara Investment & Securities,155,182.0,28210.0,2025-09-24 14:47:29.392864
2025-09-24,6786,2025092404010144,SSHL,Sweta Securities Private Limited,Siprabi Securities Pvt. Ltd.,150,183.5,27525.0,2025-09-24 14:47:36.577658
2025-09-24,5840,2025092404010398,SSHL,Naasa Securities Co. Ltd.,Sagarmatha Securities Private Limited,10,183.5,1835.0,2025-09-24 14:50:09.281967
2025-09-24,4601,2025092404010638,SSHL,Sweta Securities Private Limited,Naasa Securities Co. Ltd.,100,182.1,18210.0,2025-09-24 14:52:49.168455
2025-09-24,4166,2025092404010758,SSHL,Cristal Kanchanjanga Securites Pvt. Ltd.,Naasa Securities Co. Ltd.,1075,182.1,195757.5,2025-09-24 14:53:44.873020
2025-09-24,4165,2025092404010759,SSHL,Cristal Kanchanjanga Securites Pvt. Ltd.,Dynamic Money Managers Securities Pvt. Ltd.,20,183.0,3660.0,2025-09-24 14:53:44.873386
2025-09-24,4164,2025092404010760,SSHL,Cristal Kanchanjanga Securites Pvt. Ltd.,Sagarmatha Securities Private Limited,190,183.0,34770.0,2025-09-24 14:53:44.873600
2025-09-24,3961,2025092404010832,SSHL,Cristal Kanchanjanga Securites Pvt. Ltd.,Siprabi Securities Pvt. Ltd.,215,183.0,39345.0,2025-09-24 14:54:17.281391
2025-09-24,3818,2025092404010870,SSHL,Sweta Securities Private Limited,Online Securities Pvt. Ltd.,65,182.1,11836.5,2025-09-24 14:54:44.243529
2025-09-24,3373,2025092404010984,SSHL,Sundhara Securities Limited,Kohinoor Investment & Securities Pvt. Ltd.,75,183.0,13725.0,2025-09-24 14:55:43.971322
2025-09-24,3306,2025092404010996,SSHL,Infinity Securities Limited,Dynamic Money Managers Securities Pvt. Ltd.,100,183.5,18350.0,2025-09-24 14:55:51.069620
2025-09-24,3305,2025092404010997,SSHL,Infinity Securities Limited,Siprabi Securities Pvt. Ltd.,160,183.6,29376.0,2025-09-24 14:55:51.070018
2025-09-24,2997,2025092404011075,SSHL,Cristal Kanchanjanga Securites Pvt. Ltd.,Siprabi Securities Pvt. Ltd.,437,183.6,80233.2,2025-09-24 14:56:37.594175
2025-09-24,2779,2025092404011139,SSHL,Sweta Securities Private Limited,Siprabi Securities Pvt. Ltd.,155,183.6,28458.0,2025-09-24 14:57:07.000891
2025-09-24,2372,2025092404011267,SSHL,Kohinoor Investment & Securities Pvt. Ltd.,Online Securities Pvt. Ltd.,84,183.5,15414.0,2025-09-24 14:57:50.157248
2025-09-24,1460,2025092404011536,SSHL,Vision Securities Pvt. Ltd,Online Securities Pvt. Ltd.,50,183.5,9175.0,2025-09-24 14:59:12.306641
2025-09-24,1439,2025092404011544,SSHL,Agrawal Securities (PVT) Ltd.,Online Securities Pvt. Ltd.,66,183.5,12111.0,2025-09-24 14:59:13.365573
2025-09-24,1438,2025092404011545,SSHL,Agrawal Securities (PVT) Ltd.,Siprabi Securities Pvt. Ltd.,33,183.6,6058.8,2025-09-24 14:59:13.365764
2025-09-24,1212,2025092404011598,SSHL,Cristal Kanchanjanga Securites Pvt. Ltd.,Bhrikuti Stock Broking Co. Pvt. Ltd.,1000,183.6,183600.0,2025-09-24 14:59:24.315287
2025-09-24,1211,2025092404011599,SSHL,Cristal Kanchanjanga Securites Pvt. Ltd.,Siprabi Securities Pvt. Ltd.,500,183.6,91800.0,2025-09-24 14:59:24.315506
2025-09-24,623,2025092404011752,SSHL,Thrive Brokerage House Pvt. Ltd,Siprabi Securities Pvt. Ltd.,532,183.6,97675.2,2025-09-24 14:59:46.943617
2025-09-24,505,2025092404011793,SSHL,South Asian Bulls Pvt. Ltd.,Siprabi Securities Pvt. Ltd.,968,183.6,177724.8,2025-09-24 14:59:51.863937
2025-09-24,504,2025092404011794,SSHL,South Asian Bulls Pvt. Ltd.,Sri Hari Securities Pvt. Ltd.,32,183.8,5881.6,2025-09-24 14:59:51.864268
