Date,S.N.,Contract ID,Symbol,Buyer Broker,Seller Broker,volume,rate,amount,transaction_time
2025-09-24,47510,2025092404000106,UNHPL,Imperial Securities Company Pvt. Ltd.,South Asian Bulls Pvt. Ltd.,65,470.0,30550.0,2025-09-24 11:01:50.089671
2025-09-24,47388,2025092404000137,UNHPL,Dakshinkali Investment & Securities Pvt. Ltd.,Creative Securities Pvt Ltd,500,468.0,234000.0,2025-09-24 11:02:29.011265
2025-09-24,47337,2025092404000152,UNHPL,Dakshinkali Investment & Securities Pvt. Ltd.,Asian Securities Private Ltd.,500,469.0,234500.0,2025-09-24 11:02:53.148638
2025-09-24,47333,2025092404000153,UNHPL,Elite Stock House Limited,Asian Securities Private Ltd.,500,469.0,234500.0,2025-09-24 11:02:53.837448
2025-09-24,47301,2025092404000164,UNHPL,Capital Hub P. Ltd,Imperial Securities Company Pvt. Ltd.,500,469.8,234900.0,2025-09-24 11:03:06.913041
2025-09-24,47300,2025092404000165,UNHPL,Capital Hub P. Ltd,South Asian Bulls Pvt. Ltd.,2500,470.0,1175000.0,2025-09-24 11:03:06.913124
2025-09-24,47294,2025092404000168,UNHPL,Elite Stock House Limited,Asian Securities Private Ltd.,500,469.0,234500.0,2025-09-24 11:03:08.529132
2025-09-24,47181,2025092404000204,UNHPL,Sani Securities Company Ltd.,Imperial Securities Company Pvt. Ltd.,100,469.1,46910.0,2025-09-24 11:03:48.925640
2025-09-24,47170,2025092404000210,UNHPL,Blue Chip Securities Ltd,Asian Securities Private Ltd.,490,469.9,230251.0,2025-09-24 11:03:53.383844
2025-09-24,47169,2025092404000211,UNHPL,Blue Chip Securities Ltd,South Asian Bulls Pvt. Ltd.,10,470.0,4700.0,2025-09-24 11:03:53.383993
2025-09-24,47154,2025092404000217,UNHPL,Elite Stock House Limited,Asian Securities Private Ltd.,10,469.9,4699.0,2025-09-24 11:04:02.069532
2025-09-24,47115,2025092404000230,UNHPL,Blue Chip Securities Ltd,South Asian Bulls Pvt. Ltd.,2000,470.0,940000.0,2025-09-24 11:04:19.452540
2025-09-24,47075,2025092404000246,UNHPL,Elite Stock House Limited,Kohinoor Investment & Securities Pvt. Ltd.,75,469.9,35242.5,2025-09-24 11:04:39.796359
2025-09-24,47058,2025092404000252,UNHPL,Sani Securities Company Ltd.,South Asian Bulls Pvt. Ltd.,100,470.0,47000.0,2025-09-24 11:04:47.610547
2025-09-24,47001,2025092404000264,UNHPL,Prabhu Stock Market Limited,South Asian Bulls Pvt. Ltd.,325,470.0,152750.0,2025-09-24 11:05:08.563259
2025-09-24,47000,2025092404000265,UNHPL,Prabhu Stock Market Limited,Aryatara Investment & Securities,50,470.0,23500.0,2025-09-24 11:05:08.563348
2025-09-24,46999,2025092404000266,UNHPL,Prabhu Stock Market Limited,Deevyaa Securities & Stock House Pvt. Ltd,125,470.0,58750.0,2025-09-24 11:05:08.563394
2025-09-24,46961,2025092404000273,UNHPL,Elite Stock House Limited,Malla & Malla Stock Broking Company Pvt. Limited,200,469.9,93980.0,2025-09-24 11:05:20.222309
2025-09-24,46820,2025092404000308,UNHPL,Elite Stock House Limited,Dipshikha Dhitopatra Karobar Co. Pvt Ltd.,100,469.9,46990.0,2025-09-24 11:05:52.164754
2025-09-24,46818,2025092404000309,UNHPL,Blue Chip Securities Ltd,Deevyaa Securities & Stock House Pvt. Ltd,135,470.0,63450.0,2025-09-24 11:05:52.678052
2025-09-24,46738,2025092404000330,UNHPL,Blue Chip Securities Ltd,Vision Securities Pvt. Ltd,365,470.0,171550.0,2025-09-24 11:06:09.093783
2025-09-24,46665,2025092404000351,UNHPL,Elite Stock House Limited,Vision Securities Pvt. Ltd,105,469.9,49339.5,2025-09-24 11:06:26.233810
2025-09-24,46582,2025092404000377,UNHPL,Sharepro Securities Private Limited,Imperial Securities Company Pvt. Ltd.,110,470.0,51700.0,2025-09-24 11:06:46.451384
2025-09-24,46514,2025092404000400,UNHPL,Naasa Securities Co. Ltd.,SUN SECURITIES PVT LTD,14,471.0,6594.0,2025-09-24 11:07:06.920610
2025-09-24,46473,2025092404000410,UNHPL,Sharepro Securities Private Limited,Sagarmatha Securities Private Limited,140,470.0,65800.0,2025-09-24 11:07:23.939240
2025-09-24,46468,2025092404000412,UNHPL,Sanima Securities Limited,SUN SECURITIES PVT LTD,936,471.0,440856.0,2025-09-24 11:07:24.975548
2025-09-24,46455,2025092404000416,UNHPL,Sharepro Securities Private Limited,SHUBHAKAMANA SECURITIES PVT. LTD,750,470.0,352500.0,2025-09-24 11:07:27.521832
2025-09-24,46454,2025092404000417,UNHPL,SUN SECURITIES PVT LTD,SHUBHAKAMANA SECURITIES PVT. LTD,1000,470.0,470000.0,2025-09-24 11:07:27.521908
2025-09-24,46453,2025092404000418,UNHPL,Dynamic Money Managers Securities Pvt. Ltd.,SHUBHAKAMANA SECURITIES PVT. LTD,10,469.0,4690.0,2025-09-24 11:07:27.521934
2025-09-24,46452,2025092404000419,UNHPL,Dynamic Money Managers Securities Pvt. Ltd.,SHUBHAKAMANA SECURITIES PVT. LTD,10,468.0,4680.0,2025-09-24 11:07:27.521959
2025-09-24,46451,2025092404000420,UNHPL,Prabhu Stock Market Limited,SHUBHAKAMANA SECURITIES PVT. LTD,230,468.0,107640.0,2025-09-24 11:07:27.521981
2025-09-24,46082,2025092404000528,UNHPL,SUN SECURITIES PVT LTD,Kohinoor Investment & Securities Pvt. Ltd.,200,468.1,93620.0,2025-09-24 11:09:10.281052
2025-09-24,46074,2025092404000532,UNHPL,SUN SECURITIES PVT LTD,ABC Securities Private Limited,800,468.1,374480.0,2025-09-24 11:09:11.803385
2025-09-24,46073,2025092404000533,UNHPL,Prabhu Stock Market Limited,ABC Securities Private Limited,270,468.0,126360.0,2025-09-24 11:09:11.803475
2025-09-24,46072,2025092404000534,UNHPL,SUN SECURITIES PVT LTD,ABC Securities Private Limited,930,467.1,434403.0,2025-09-24 11:09:11.803498
2025-09-24,46001,2025092404000558,UNHPL,SHUBHAKAMANA SECURITIES PVT. LTD,Premier Securities Company Ltd.,100,469.9,46990.0,2025-09-24 11:09:23.785047
2025-09-24,46000,2025092404000559,UNHPL,SHUBHAKAMANA SECURITIES PVT. LTD,Naasa Securities Co. Ltd.,83,469.9,39001.7,2025-09-24 11:09:23.785205
2025-09-24,45999,2025092404000560,UNHPL,SHUBHAKAMANA SECURITIES PVT. LTD,R.B.B. Securities Company Ltd,817,470.0,383990.0,2025-09-24 11:09:23.785254
2025-09-24,45992,2025092404000562,UNHPL,SUN SECURITIES PVT LTD,SHUBHAKAMANA SECURITIES PVT. LTD,70,467.1,32697.0,2025-09-24 11:09:25.792529
2025-09-24,45991,2025092404000563,UNHPL,SUN SECURITIES PVT LTD,SHUBHAKAMANA SECURITIES PVT. LTD,930,467.1,434403.0,2025-09-24 11:09:25.792593
2025-09-24,45958,2025092404000575,UNHPL,SUN SECURITIES PVT LTD,Sumeru Securities Pvt. Ltd.,570,467.1,266247.0,2025-09-24 11:09:36.485420
2025-09-24,45957,2025092404000576,UNHPL,Dynamic Money Managers Securities Pvt. Ltd.,Sumeru Securities Pvt. Ltd.,10,467.0,4670.0,2025-09-24 11:09:36.485563
2025-09-24,45956,2025092404000577,UNHPL,Elite Stock House Limited,Sumeru Securities Pvt. Ltd.,500,467.0,233500.0,2025-09-24 11:09:36.485628
2025-09-24,45955,2025092404000578,UNHPL,Dynamic Money Managers Securities Pvt. Ltd.,Sumeru Securities Pvt. Ltd.,10,466.4,4664.0,2025-09-24 11:09:36.485691
2025-09-24,45954,2025092404000579,UNHPL,Blue Chip Securities Ltd,Sumeru Securities Pvt. Ltd.,500,466.4,233200.0,2025-09-24 11:09:36.485770
2025-09-24,45953,2025092404000580,UNHPL,SUN SECURITIES PVT LTD,Sumeru Securities Pvt. Ltd.,300,466.1,139830.0,2025-09-24 11:09:36.485823
2025-09-24,45952,2025092404000581,UNHPL,Capital Hub P. Ltd,Sumeru Securities Pvt. Ltd.,1110,466.0,517260.0,2025-09-24 11:09:36.485880
2025-09-24,45877,2025092404000607,UNHPL,Capital Hub P. Ltd,Naasa Securities Co. Ltd.,48,466.0,22368.0,2025-09-24 11:09:56.798913
2025-09-24,45731,2025092404000656,UNHPL,Capital Hub P. Ltd,Naasa Securities Co. Ltd.,600,466.0,279600.0,2025-09-24 11:10:35.727589
2025-09-24,45639,2025092404000686,UNHPL,Capital Hub P. Ltd,Nepal Investment And Securities Trading Private Limited,242,466.0,112772.0,2025-09-24 11:11:03.484774
2025-09-24,45638,2025092404000687,UNHPL,Pragyan Securities (PVT) Ltd.,Nepal Investment And Securities Trading Private Limited,50,465.0,23250.0,2025-09-24 11:11:03.484962
2025-09-24,45637,2025092404000688,UNHPL,Kohinoor Investment & Securities Pvt. Ltd.,Nepal Investment And Securities Trading Private Limited,10,465.0,4650.0,2025-09-24 11:11:03.485093
2025-09-24,45636,2025092404000689,UNHPL,Prabhu Stock Market Limited,Nepal Investment And Securities Trading Private Limited,500,465.0,232500.0,2025-09-24 11:11:03.485212
2025-09-24,45635,2025092404000690,UNHPL,MILKY WAY SHARE BROKER COMPANY LTD ,Nepal Investment And Securities Trading Private Limited,198,465.0,92070.0,2025-09-24 11:11:03.485362
2025-09-24,45567,2025092404000716,UNHPL,Dipshikha Dhitopatra Karobar Co. Pvt Ltd.,Vision Securities Pvt. Ltd,100,466.0,46600.0,2025-09-24 11:11:32.147599
2025-09-24,45560,2025092404000718,UNHPL,ABC Securities Private Limited,Vision Securities Pvt. Ltd,50,466.0,23300.0,2025-09-24 11:11:33.374534
2025-09-24,45459,2025092404000744,UNHPL,Capital Hub P. Ltd,Imperial Securities Company Pvt. Ltd.,65,466.1,30296.5,2025-09-24 11:12:06.247769
2025-09-24,45369,2025092404000777,UNHPL,Capital Max Securities Ltd,Naasa Securities Co. Ltd.,200,466.2,93240.0,2025-09-24 11:12:27.627011
2025-09-24,45368,2025092404000778,UNHPL,Capital Hub P. Ltd,Naasa Securities Co. Ltd.,300,466.1,139830.0,2025-09-24 11:12:27.627225
2025-09-24,45286,2025092404000796,UNHPL,Capital Hub P. Ltd,Sani Securities Company Ltd.,50,466.1,23305.0,2025-09-24 11:12:53.370825
2025-09-24,45248,2025092404000804,UNHPL,Elite Stock House Limited,J.F. Securites (PVT) Ltd.,10,467.0,4670.0,2025-09-24 11:13:10.564863
2025-09-24,45247,2025092404000805,UNHPL,Elite Stock House Limited,Imperial Securities Company Pvt. Ltd.,100,467.0,46700.0,2025-09-24 11:13:10.564976
2025-09-24,45246,2025092404000806,UNHPL,Elite Stock House Limited,Sundhara Securities Limited,50,467.0,23350.0,2025-09-24 11:13:10.565024
2025-09-24,45229,2025092404000809,UNHPL,Capital Hub P. Ltd,Ashutosh Brokerage & Securities (PVT) Ltd.,100,466.1,46610.0,2025-09-24 11:13:20.255644
2025-09-24,45180,2025092404000821,UNHPL,SHUBHAKAMANA SECURITIES PVT. LTD,Kalika Securities Pvt. Ltd.,160,467.0,74720.0,2025-09-24 11:13:37.369735
2025-09-24,45104,2025092404000848,UNHPL,ABC Securities Private Limited,Bhrikuti Stock Broking Co. Pvt. Ltd.,70,466.5,32655.0,2025-09-24 11:13:57.031800
2025-09-24,45072,2025092404000856,UNHPL,Blue Chip Securities Ltd,Kalika Securities Pvt. Ltd.,19,467.0,8873.0,2025-09-24 11:14:06.220212
2025-09-24,45071,2025092404000857,UNHPL,Blue Chip Securities Ltd,Ashutosh Brokerage & Securities (PVT) Ltd.,30,467.0,14010.0,2025-09-24 11:14:06.220344
2025-09-24,45038,2025092404000861,UNHPL,Neev Securities Pvt. Ltd.,N.M.B. SECURITIES LIMITED,100,468.0,46800.0,2025-09-24 11:14:13.433780
2025-09-24,44922,2025092404000881,UNHPL,Blue Chip Securities Ltd,Trisul Securities & Invt. Ltd.,451,467.0,210617.0,2025-09-24 11:14:52.651190
2025-09-24,44921,2025092404000882,UNHPL,Sharepro Securities Private Limited,Trisul Securities & Invt. Ltd.,1000,466.6,466600.0,2025-09-24 11:14:52.651342
2025-09-24,44920,2025092404000883,UNHPL,ABC Securities Private Limited,Trisul Securities & Invt. Ltd.,30,466.5,13995.0,2025-09-24 11:14:52.651398
2025-09-24,44919,2025092404000884,UNHPL,Capital Max Securities Ltd,Trisul Securities & Invt. Ltd.,47,466.3,21916.1,2025-09-24 11:14:52.651462
2025-09-24,44629,2025092404000972,UNHPL,Indira securities pvt. ltd,Trishakti Securities Public Limited,100,467.0,46700.0,2025-09-24 11:15:58.261909
2025-09-24,44604,2025092404000976,UNHPL,Indira securities pvt. ltd,Naasa Securities Co. Ltd.,390,467.0,182130.0,2025-09-24 11:16:03.896143
2025-09-24,44281,2025092404001046,UNHPL,Indira securities pvt. ltd,Naasa Securities Co. Ltd.,50,467.9,23395.0,2025-09-24 11:17:09.415076
2025-09-24,44280,2025092404001047,UNHPL,Indira securities pvt. ltd,N.M.B. SECURITIES LIMITED,151,468.0,70668.0,2025-09-24 11:17:09.415349
2025-09-24,44279,2025092404001048,UNHPL,Indira securities pvt. ltd,Swarna Laxmi Securities Pvt. Ltd.,99,468.0,46332.0,2025-09-24 11:17:09.415576
2025-09-24,44278,2025092404001049,UNHPL,Indira securities pvt. ltd,Nepal Investment And Securities Trading Private Limited,500,468.0,234000.0,2025-09-24 11:17:09.415736
2025-09-24,44162,2025092404001074,UNHPL,Indira securities pvt. ltd,Sani Securities Company Ltd.,710,468.0,332280.0,2025-09-24 11:17:34.353546
2025-09-24,44044,2025092404001115,UNHPL,Sharepro Securities Private Limited,Sani Securities Company Ltd.,1000,467.5,467500.0,2025-09-24 11:18:10.771473
2025-09-24,43771,2025092404001182,UNHPL,Sanima Securities Limited,Property Wiard Limited,500,468.0,234000.0,2025-09-24 11:19:21.005539
2025-09-24,43770,2025092404001183,UNHPL,Sanima Securities Limited,Sundhara Securities Limited,25,468.0,11700.0,2025-09-24 11:19:21.005690
2025-09-24,43763,2025092404001185,UNHPL,Sharepro Securities Private Limited,South Asian Bulls Pvt. Ltd.,500,467.0,233500.0,2025-09-24 11:19:22.711369
2025-09-24,43734,2025092404001193,UNHPL,Sharepro Securities Private Limited,ABC Securities Private Limited,500,467.0,233500.0,2025-09-24 11:19:32.444938
2025-09-24,43706,2025092404001199,UNHPL,Premier Securities Company Ltd.,ABC Securities Private Limited,500,467.0,233500.0,2025-09-24 11:19:39.317215
2025-09-24,43645,2025092404001215,UNHPL,Capital Max Securities Ltd,Vision Securities Pvt. Ltd,100,467.1,46710.0,2025-09-24 11:19:57.255521
2025-09-24,43562,2025092404001245,UNHPL,Indira securities pvt. ltd,Imperial Securities Company Pvt. Ltd.,662,468.0,309816.0,2025-09-24 11:20:20.656665
2025-09-24,43522,2025092404001248,UNHPL,Premier Securities Company Ltd.,Premier Securities Company Ltd.,10,469.9,4699.0,2025-09-24 11:20:31.521009
2025-09-24,43521,2025092404001249,UNHPL,Premier Securities Company Ltd.,SUN SECURITIES PVT LTD,500,469.9,234950.0,2025-09-24 11:20:31.521177
2025-09-24,43520,2025092404001250,UNHPL,Premier Securities Company Ltd.,Vision Securities Pvt. Ltd,200,469.9,93980.0,2025-09-24 11:20:31.521233
2025-09-24,43519,2025092404001251,UNHPL,Premier Securities Company Ltd.,Vision Securities Pvt. Ltd,200,469.9,93980.0,2025-09-24 11:20:31.521289
2025-09-24,43518,2025092404001252,UNHPL,Premier Securities Company Ltd.,R.B.B. Securities Company Ltd,183,470.0,86010.0,2025-09-24 11:20:31.521358
2025-09-24,43517,2025092404001253,UNHPL,Premier Securities Company Ltd.,Aryatara Investment & Securities,50,470.0,23500.0,2025-09-24 11:20:31.521414
2025-09-24,43516,2025092404001254,UNHPL,Premier Securities Company Ltd.,Trishakti Securities Public Limited,50,470.0,23500.0,2025-09-24 11:20:31.521467
2025-09-24,43515,2025092404001255,UNHPL,Premier Securities Company Ltd.,Primo Securities (PVT) Ltd.,307,470.0,144290.0,2025-09-24 11:20:31.521520
2025-09-24,43502,2025092404001260,UNHPL,Dakshinkali Investment & Securities Pvt. Ltd.,Primo Securities (PVT) Ltd.,193,470.0,90710.0,2025-09-24 11:20:36.644232
2025-09-24,43501,2025092404001261,UNHPL,Dakshinkali Investment & Securities Pvt. Ltd.,Nepal Investment And Securities Trading Private Limited,300,470.0,141000.0,2025-09-24 11:20:36.644523
2025-09-24,43443,2025092404001282,UNHPL,Dakshinkali Investment & Securities Pvt. Ltd.,Trishakti Securities Public Limited,300,470.0,141000.0,2025-09-24 11:20:47.540037
2025-09-24,43438,2025092404001284,UNHPL,Dakshinkali Investment & Securities Pvt. Ltd.,ABC Securities Private Limited,207,470.0,97290.0,2025-09-24 11:20:50.773926
2025-09-24,43394,2025092404001300,UNHPL,Capital Max Securities Ltd,ABC Securities Private Limited,1293,470.0,607710.0,2025-09-24 11:20:58.552718
2025-09-24,43393,2025092404001301,UNHPL,Capital Max Securities Ltd,Nepal Investment And Securities Trading Private Limited,200,470.0,94000.0,2025-09-24 11:20:58.552865
2025-09-24,43374,2025092404001304,UNHPL,Capital Max Securities Ltd,Agrawal Securities (PVT) Ltd.,100,470.0,47000.0,2025-09-24 11:21:02.659639
2025-09-24,43337,2025092404001318,UNHPL,Capital Max Securities Ltd,Sani Securities Company Ltd.,37,470.0,17390.0,2025-09-24 11:21:11.315628
2025-09-24,43322,2025092404001325,UNHPL,Dipshikha Dhitopatra Karobar Co. Pvt Ltd.,Naasa Securities Co. Ltd.,20,471.4,9428.0,2025-09-24 11:21:16.152788
2025-09-24,43321,2025092404001326,UNHPL,Dipshikha Dhitopatra Karobar Co. Pvt Ltd.,Nepal Investment And Securities Trading Private Limited,130,471.5,61295.0,2025-09-24 11:21:16.152854
2025-09-24,43303,2025092404001329,UNHPL,Capital Max Securities Ltd,Asian Securities Private Ltd.,100,470.2,47020.0,2025-09-24 11:21:25.878574
2025-09-24,43266,2025092404001346,UNHPL,Aryatara Investment & Securities,Nepal Investment And Securities Trading Private Limited,170,471.5,80155.0,2025-09-24 11:21:32.636232
2025-09-24,43265,2025092404001347,UNHPL,Aryatara Investment & Securities,Vision Securities Pvt. Ltd,200,471.9,94380.0,2025-09-24 11:21:32.636394
2025-09-24,43264,2025092404001348,UNHPL,Aryatara Investment & Securities,Dynamic Money Managers Securities Pvt. Ltd.,130,471.9,61347.0,2025-09-24 11:21:32.636446
2025-09-24,43170,2025092404001367,UNHPL,Capital Hub P. Ltd,Dynamic Money Managers Securities Pvt. Ltd.,200,471.9,94380.0,2025-09-24 11:21:59.011656
2025-09-24,43154,2025092404001369,UNHPL,Capital Max Securities Ltd,Trishakti Securities Public Limited,100,470.3,47030.0,2025-09-24 11:22:01.975360
2025-09-24,43153,2025092404001370,UNHPL,Citizens Share Broker Limited,Trishakti Securities Public Limited,900,470.2,423180.0,2025-09-24 11:22:01.975404
2025-09-24,43152,2025092404001371,UNHPL,Indira securities pvt. ltd,Dynamic Money Managers Securities Pvt. Ltd.,55,471.9,25954.5,2025-09-24 11:22:02.136132
2025-09-24,43151,2025092404001372,UNHPL,Indira securities pvt. ltd,Ashutosh Brokerage & Securities (PVT) Ltd.,80,472.0,37760.0,2025-09-24 11:22:02.136275
2025-09-24,43150,2025092404001373,UNHPL,Indira securities pvt. ltd,Trishakti Securities Public Limited,10,472.0,4720.0,2025-09-24 11:22:02.136357
2025-09-24,43094,2025092404001385,UNHPL,Indira securities pvt. ltd,Dynamic Money Managers Securities Pvt. Ltd.,15,472.0,7080.0,2025-09-24 11:22:12.095506
2025-09-24,43072,2025092404001389,UNHPL,ABC Securities Private Limited,Dynamic Money Managers Securities Pvt. Ltd.,10,473.0,4730.0,2025-09-24 11:22:17.193905
2025-09-24,43028,2025092404001404,UNHPL,Capital Hub P. Ltd,Dynamic Money Managers Securities Pvt. Ltd.,90,473.0,42570.0,2025-09-24 11:22:28.100234
2025-09-24,43027,2025092404001405,UNHPL,Capital Hub P. Ltd,Linch Stock Market Ltd.,910,473.0,430430.0,2025-09-24 11:22:28.100364
2025-09-24,43003,2025092404001411,UNHPL,Indira securities pvt. ltd,Linch Stock Market Ltd.,90,473.0,42570.0,2025-09-24 11:22:33.225701
2025-09-24,42962,2025092404001422,UNHPL,ABC Securities Private Limited,Thrive Brokerage House Pvt. Ltd,10,473.7,4737.0,2025-09-24 11:22:41.287144
2025-09-24,42945,2025092404001426,UNHPL,Indira securities pvt. ltd,Oxford Securities Pvt. Ltd.,550,473.0,260150.0,2025-09-24 11:22:47.653690
2025-09-24,42933,2025092404001431,UNHPL,Indira securities pvt. ltd,Shree Krishna Securities Ltd.,360,473.0,170280.0,2025-09-24 11:22:52.243930
2025-09-24,42932,2025092404001432,UNHPL,MILKY WAY SHARE BROKER COMPANY LTD ,Shree Krishna Securities Ltd.,140,473.0,66220.0,2025-09-24 11:22:52.244175
2025-09-24,42893,2025092404001440,UNHPL,SHUBHAKAMANA SECURITIES PVT. LTD,Thrive Brokerage House Pvt. Ltd,90,473.7,42633.0,2025-09-24 11:23:03.250262
2025-09-24,42892,2025092404001441,UNHPL,SHUBHAKAMANA SECURITIES PVT. LTD,Nepal Investment And Securities Trading Private Limited,20,473.8,9476.0,2025-09-24 11:23:03.250567
2025-09-24,42891,2025092404001442,UNHPL,SHUBHAKAMANA SECURITIES PVT. LTD,SHUBHAKAMANA SECURITIES PVT. LTD,500,474.0,237000.0,2025-09-24 11:23:03.250728
2025-09-24,42890,2025092404001443,UNHPL,SHUBHAKAMANA SECURITIES PVT. LTD,Oxford Securities Pvt. Ltd.,50,474.0,23700.0,2025-09-24 11:23:03.250887
2025-09-24,42881,2025092404001444,UNHPL,SHUBHAKAMANA SECURITIES PVT. LTD,Vision Securities Pvt. Ltd,200,474.0,94800.0,2025-09-24 11:23:05.059045
2025-09-24,42871,2025092404001447,UNHPL,SHUBHAKAMANA SECURITIES PVT. LTD,Imperial Securities Company Pvt. Ltd.,140,474.0,66360.0,2025-09-24 11:23:07.861684
2025-09-24,42865,2025092404001449,UNHPL,ABC Securities Private Limited,Imperial Securities Company Pvt. Ltd.,10,473.7,4737.0,2025-09-24 11:23:09.382355
2025-09-24,42793,2025092404001467,UNHPL,Thrive Brokerage House Pvt. Ltd,Imperial Securities Company Pvt. Ltd.,10,473.7,4737.0,2025-09-24 11:23:26.188236
2025-09-24,42707,2025092404001491,UNHPL,MILKY WAY SHARE BROKER COMPANY LTD ,Sweta Securities Private Limited,162,473.0,76626.0,2025-09-24 11:23:40.294918
2025-09-24,42706,2025092404001492,UNHPL,Citizens Share Broker Limited,Sweta Securities Private Limited,138,473.0,65274.0,2025-09-24 11:23:40.295046
2025-09-24,42686,2025092404001498,UNHPL,Elite Stock House Limited,Imperial Securities Company Pvt. Ltd.,140,473.7,66318.0,2025-09-24 11:23:45.210962
2025-09-24,42663,2025092404001505,UNHPL,ABC Securities Private Limited,Shree Krishna Securities Ltd.,10,474.6,4746.0,2025-09-24 11:23:54.619788
2025-09-24,42637,2025092404001511,UNHPL,Citizens Share Broker Limited,Online Securities Pvt. Ltd.,362,473.0,171226.0,2025-09-24 11:24:00.673486
2025-09-24,42636,2025092404001512,UNHPL,Indira securities pvt. ltd,Online Securities Pvt. Ltd.,638,472.0,301136.0,2025-09-24 11:24:00.673753
2025-09-24,42613,2025092404001516,UNHPL,ABC Securities Private Limited,Shree Krishna Securities Ltd.,10,474.6,4746.0,2025-09-24 11:24:10.679717
2025-09-24,42451,2025092404001564,UNHPL,SHUBHAKAMANA SECURITIES PVT. LTD,Property Wiard Limited,500,474.0,237000.0,2025-09-24 11:24:57.525635
2025-09-24,42450,2025092404001565,UNHPL,SHUBHAKAMANA SECURITIES PVT. LTD,ABC Securities Private Limited,200,474.0,94800.0,2025-09-24 11:24:57.525810
2025-09-24,42449,2025092404001566,UNHPL,SHUBHAKAMANA SECURITIES PVT. LTD,Shree Krishna Securities Ltd.,300,474.6,142380.0,2025-09-24 11:24:57.525873
2025-09-24,42408,2025092404001570,UNHPL,Capital Max Securities Ltd,Naasa Securities Co. Ltd.,53,473.1,25074.3,2025-09-24 11:25:14.172834
2025-09-24,42407,2025092404001571,UNHPL,Ashutosh Brokerage & Securities (PVT) Ltd.,Naasa Securities Co. Ltd.,90,473.0,42570.0,2025-09-24 11:25:14.173117
2025-09-24,42380,2025092404001577,UNHPL,Ashutosh Brokerage & Securities (PVT) Ltd.,Sani Securities Company Ltd.,50,473.0,23650.0,2025-09-24 11:25:21.975244
2025-09-24,42377,2025092404001580,UNHPL,Sweta Securities Private Limited,Agrawal Securities (PVT) Ltd.,45,474.0,21330.0,2025-09-24 11:25:22.893414
2025-09-24,42362,2025092404001583,UNHPL,Ashutosh Brokerage & Securities (PVT) Ltd.,Sumeru Securities Pvt. Ltd.,760,473.0,359480.0,2025-09-24 11:25:27.298300
2025-09-24,42361,2025092404001584,UNHPL,Citizens Share Broker Limited,Sumeru Securities Pvt. Ltd.,240,472.1,113304.0,2025-09-24 11:25:27.298436
2025-09-24,42356,2025092404001586,UNHPL,Citizens Share Broker Limited,Imperial Securities Company Pvt. Ltd.,260,472.1,122746.0,2025-09-24 11:25:28.463295
2025-09-24,42355,2025092404001587,UNHPL,Capital Hub P. Ltd,Imperial Securities Company Pvt. Ltd.,240,472.1,113304.0,2025-09-24 11:25:28.463549
2025-09-24,42341,2025092404001590,UNHPL,Capital Hub P. Ltd,Imperial Securities Company Pvt. Ltd.,160,472.1,75536.0,2025-09-24 11:25:33.490166
2025-09-24,42340,2025092404001591,UNHPL,Indira securities pvt. ltd,Imperial Securities Company Pvt. Ltd.,340,472.0,160480.0,2025-09-24 11:25:33.490340
2025-09-24,42331,2025092404001592,UNHPL,Indira securities pvt. ltd,Imperial Securities Company Pvt. Ltd.,200,472.0,94400.0,2025-09-24 11:25:37.515820
2025-09-24,42330,2025092404001593,UNHPL,MILKY WAY SHARE BROKER COMPANY LTD ,Imperial Securities Company Pvt. Ltd.,100,471.0,47100.0,2025-09-24 11:25:37.515989
2025-09-24,42329,2025092404001594,UNHPL,ABC Securities Private Limited,Imperial Securities Company Pvt. Ltd.,100,470.5,47050.0,2025-09-24 11:25:37.516071
2025-09-24,42328,2025092404001595,UNHPL,Capital Max Securities Ltd,Imperial Securities Company Pvt. Ltd.,100,470.5,47050.0,2025-09-24 11:25:37.516125
2025-09-24,42158,2025092404001630,UNHPL,Capital Max Securities Ltd,Online Securities Pvt. Ltd.,26,471.1,12248.6,2025-09-24 11:26:42.685702
2025-09-24,42157,2025092404001631,UNHPL,Dakshinkali Investment & Securities Pvt. Ltd.,Online Securities Pvt. Ltd.,974,471.0,458754.0,2025-09-24 11:26:42.685909
2025-09-24,42021,2025092404001677,UNHPL,Dakshinkali Investment & Securities Pvt. Ltd.,SHUBHAKAMANA SECURITIES PVT. LTD,26,471.0,12246.0,2025-09-24 11:27:28.940799
2025-09-24,42020,2025092404001678,UNHPL,Sharepro Securities Private Limited,SHUBHAKAMANA SECURITIES PVT. LTD,974,471.0,458754.0,2025-09-24 11:27:28.940980
2025-09-24,41853,2025092404001714,UNHPL,Imperial Securities Company Pvt. Ltd.,N.I.M.B. Stock Markets Limited,200,472.8,94560.0,2025-09-24 11:28:16.915416
2025-09-24,41823,2025092404001726,UNHPL,Premier Securities Company Ltd.,Himalayan Securities Limited,1000,472.9,472900.0,2025-09-24 11:28:28.746480
2025-09-24,41822,2025092404001727,UNHPL,Premier Securities Company Ltd.,Kalika Securities Pvt. Ltd.,3821,473.0,1807333.0,2025-09-24 11:28:28.746651
2025-09-24,41821,2025092404001728,UNHPL,Premier Securities Company Ltd.,Dipshikha Dhitopatra Karobar Co. Pvt Ltd.,94,473.0,44462.0,2025-09-24 11:28:28.746715
2025-09-24,41740,2025092404001740,UNHPL,Premier Securities Company Ltd.,Vision Securities Pvt. Ltd,85,473.0,40205.0,2025-09-24 11:28:54.040835
2025-09-24,41728,2025092404001744,UNHPL,Sharepro Securities Private Limited,Imperial Securities Company Pvt. Ltd.,300,473.7,142110.0,2025-09-24 11:29:00.676904
2025-09-24,41727,2025092404001745,UNHPL,Sharepro Securities Private Limited,Vision Securities Pvt. Ltd,200,473.8,94760.0,2025-09-24 11:29:00.677240
2025-09-24,41726,2025092404001746,UNHPL,Sharepro Securities Private Limited,Miyo Securities Pvt Ltd,65,473.9,30803.5,2025-09-24 11:29:00.677584
2025-09-24,41725,2025092404001747,UNHPL,Sharepro Securities Private Limited,Agrawal Securities (PVT) Ltd.,1908,474.0,904392.0,2025-09-24 11:29:00.677875
2025-09-24,41724,2025092404001748,UNHPL,Sharepro Securities Private Limited,Nepal Investment And Securities Trading Private Limited,200,474.0,94800.0,2025-09-24 11:29:00.678164
2025-09-24,41723,2025092404001749,UNHPL,Sharepro Securities Private Limited,Midas Stock Broking Company Private Limited,50,474.0,23700.0,2025-09-24 11:29:00.678468
2025-09-24,41722,2025092404001750,UNHPL,Sharepro Securities Private Limited,Kohinoor Investment & Securities Pvt. Ltd.,65,474.0,30810.0,2025-09-24 11:29:00.678754
2025-09-24,41721,2025092404001751,UNHPL,Sharepro Securities Private Limited,Agrawal Securities (PVT) Ltd.,1712,474.0,811488.0,2025-09-24 11:29:00.679034
2025-09-24,41541,2025092404001776,UNHPL,Premier Securities Company Ltd.,Agrawal Securities (PVT) Ltd.,148,474.0,70152.0,2025-09-24 11:30:09.142415
2025-09-24,41540,2025092404001777,UNHPL,Premier Securities Company Ltd.,Sani Securities Company Ltd.,50,474.0,23700.0,2025-09-24 11:30:09.142726
2025-09-24,41539,2025092404001778,UNHPL,Premier Securities Company Ltd.,Property Wiard Limited,500,474.0,237000.0,2025-09-24 11:30:09.142803
2025-09-24,41538,2025092404001779,UNHPL,Premier Securities Company Ltd.,Shree Krishna Securities Ltd.,180,474.6,85428.0,2025-09-24 11:30:09.142872
2025-09-24,41537,2025092404001780,UNHPL,Premier Securities Company Ltd.,Vision Securities Pvt. Ltd,500,474.6,237300.0,2025-09-24 11:30:09.142983
2025-09-24,41536,2025092404001781,UNHPL,Premier Securities Company Ltd.,South Asian Bulls Pvt. Ltd.,1000,474.7,474700.0,2025-09-24 11:30:09.143057
2025-09-24,41535,2025092404001782,UNHPL,Premier Securities Company Ltd.,Premier Securities Company Ltd.,10,474.9,4749.0,2025-09-24 11:30:09.143127
2025-09-24,41534,2025092404001783,UNHPL,Premier Securities Company Ltd.,Primo Securities (PVT) Ltd.,500,474.9,237450.0,2025-09-24 11:30:09.143212
2025-09-24,41533,2025092404001784,UNHPL,Premier Securities Company Ltd.,Agrawal Securities (PVT) Ltd.,250,475.0,118750.0,2025-09-24 11:30:09.143280
2025-09-24,41532,2025092404001785,UNHPL,Premier Securities Company Ltd.,ABC Securities Private Limited,600,475.0,285000.0,2025-09-24 11:30:09.143363
2025-09-24,41531,2025092404001786,UNHPL,Premier Securities Company Ltd.,Sewa Securities Pvt. Ltd.,10,475.0,4750.0,2025-09-24 11:30:09.143447
2025-09-24,41530,2025092404001787,UNHPL,Premier Securities Company Ltd.,J.F. Securites (PVT) Ltd.,500,475.0,237500.0,2025-09-24 11:30:09.143515
2025-09-24,41529,2025092404001788,UNHPL,Premier Securities Company Ltd.,Magnet Securities and Investment Company Private Limited,1000,475.0,475000.0,2025-09-24 11:30:09.143578
2025-09-24,41528,2025092404001789,UNHPL,Premier Securities Company Ltd.,Naasa Securities Co. Ltd.,150,475.0,71250.0,2025-09-24 11:30:09.143640
2025-09-24,41527,2025092404001790,UNHPL,Premier Securities Company Ltd.,Sri Hari Securities Pvt. Ltd.,400,475.0,190000.0,2025-09-24 11:30:09.143702
2025-09-24,41526,2025092404001791,UNHPL,Premier Securities Company Ltd.,Trishakti Securities Public Limited,10,475.0,4750.0,2025-09-24 11:30:09.143765
2025-09-24,41525,2025092404001792,UNHPL,Premier Securities Company Ltd.,Vision Securities Pvt. Ltd,200,475.0,95000.0,2025-09-24 11:30:09.143840
2025-09-24,41524,2025092404001793,UNHPL,Premier Securities Company Ltd.,Shree Krishna Securities Ltd.,4992,475.0,2371200.0,2025-09-24 11:30:09.143903
2025-09-24,41493,2025092404001798,UNHPL,SHUBHAKAMANA SECURITIES PVT. LTD,Shree Krishna Securities Ltd.,500,475.0,237500.0,2025-09-24 11:30:25.364213
2025-09-24,41463,2025092404001808,UNHPL,SHUBHAKAMANA SECURITIES PVT. LTD,Shree Krishna Securities Ltd.,500,475.0,237500.0,2025-09-24 11:30:40.401177
2025-09-24,41460,2025092404001809,UNHPL,Trishakti Securities Public Limited,Opal Securities Investment (PVT) Ltd.,200,475.0,95000.0,2025-09-24 11:30:41.376699
2025-09-24,41459,2025092404001810,UNHPL,Trishakti Securities Public Limited,Premier Securities Company Ltd.,120,475.0,57000.0,2025-09-24 11:30:41.376874
2025-09-24,41458,2025092404001811,UNHPL,Trishakti Securities Public Limited,J.F. Securites (PVT) Ltd.,100,475.0,47500.0,2025-09-24 11:30:41.376938
2025-09-24,41456,2025092404001813,UNHPL,Trishakti Securities Public Limited,Dipshikha Dhitopatra Karobar Co. Pvt Ltd.,1000,475.0,475000.0,2025-09-24 11:30:42.088156
2025-09-24,41420,2025092404001835,UNHPL,Capital Max Securities Ltd,ABC Securities Private Limited,10,475.5,4755.0,2025-09-24 11:30:51.525965
2025-09-24,41415,2025092404001839,UNHPL,Trishakti Securities Public Limited,Dipshikha Dhitopatra Karobar Co. Pvt Ltd.,580,475.0,275500.0,2025-09-24 11:30:52.147768
2025-09-24,41404,2025092404001844,UNHPL,Capital Max Securities Ltd,Dipshikha Dhitopatra Karobar Co. Pvt Ltd.,420,475.0,199500.0,2025-09-24 11:30:57.585716
2025-09-24,41403,2025092404001845,UNHPL,Capital Max Securities Ltd,Global IME Securities Limited,50,475.0,23750.0,2025-09-24 11:30:57.586046
2025-09-24,41402,2025092404001846,UNHPL,Capital Max Securities Ltd,Trishakti Securities Public Limited,100,475.0,47500.0,2025-09-24 11:30:57.586335
2025-09-24,41388,2025092404001849,UNHPL,Capital Max Securities Ltd,Imperial Securities Company Pvt. Ltd.,300,475.0,142500.0,2025-09-24 11:31:03.070438
2025-09-24,41378,2025092404001851,UNHPL,SHUBHAKAMANA SECURITIES PVT. LTD,ABC Securities Private Limited,90,475.5,42795.0,2025-09-24 11:31:04.470100
2025-09-24,41377,2025092404001852,UNHPL,SHUBHAKAMANA SECURITIES PVT. LTD,Sundhara Securities Limited,50,475.9,23795.0,2025-09-24 11:31:04.470257
2025-09-24,41376,2025092404001853,UNHPL,SHUBHAKAMANA SECURITIES PVT. LTD,Secured Securities Ltd.,200,476.0,95200.0,2025-09-24 11:31:04.470352
2025-09-24,41371,2025092404001855,UNHPL,SHUBHAKAMANA SECURITIES PVT. LTD,ABC Securities Private Limited,160,476.0,76160.0,2025-09-24 11:31:06.686961
2025-09-24,41366,2025092404001857,UNHPL,Capital Max Securities Ltd,Dakshinkali Investment & Securities Pvt. Ltd.,2500,475.0,1187500.0,2025-09-24 11:31:09.701853
2025-09-24,41354,2025092404001859,UNHPL,SHUBHAKAMANA SECURITIES PVT. LTD,Dakshinkali Investment & Securities Pvt. Ltd.,500,475.0,237500.0,2025-09-24 11:31:15.511635
2025-09-24,41353,2025092404001860,UNHPL,SHUBHAKAMANA SECURITIES PVT. LTD,ABC Securities Private Limited,3450,475.4,1640130.0,2025-09-24 11:31:15.511807
2025-09-24,41339,2025092404001868,UNHPL,Dipshikha Dhitopatra Karobar Co. Pvt Ltd.,ABC Securities Private Limited,50,475.4,23770.0,2025-09-24 11:31:19.298693
2025-09-24,41306,2025092404001877,UNHPL,Linch Stock Market Ltd.,ABC Securities Private Limited,50,475.4,23770.0,2025-09-24 11:31:28.390235
2025-09-24,41301,2025092404001879,UNHPL,Trademow Securities Private Limited,ABC Securities Private Limited,240,475.4,114096.0,2025-09-24 11:31:29.016514
2025-09-24,41300,2025092404001880,UNHPL,Trademow Securities Private Limited,Shree Krishna Securities Ltd.,500,476.2,238100.0,2025-09-24 11:31:29.016669
2025-09-24,41299,2025092404001881,UNHPL,Trademow Securities Private Limited,Nepal Investment And Securities Trading Private Limited,20,476.3,9526.0,2025-09-24 11:31:29.016733
2025-09-24,41298,2025092404001882,UNHPL,Trademow Securities Private Limited,Vision Securities Pvt. Ltd,100,476.3,47630.0,2025-09-24 11:31:29.016798
2025-09-24,41297,2025092404001883,UNHPL,Trademow Securities Private Limited,Sri Hari Securities Pvt. Ltd.,140,476.3,66682.0,2025-09-24 11:31:29.016858
2025-09-24,41284,2025092404001884,UNHPL,Capital Max Securities Ltd,Vision Securities Pvt. Ltd,200,475.3,95060.0,2025-09-24 11:31:35.700596
2025-09-24,41283,2025092404001885,UNHPL,Asian Securities Private Ltd.,Sri Hari Securities Pvt. Ltd.,10000,476.3,4763000.0,2025-09-24 11:31:36.406862
2025-09-24,41254,2025092404001896,UNHPL,SHUBHAKAMANA SECURITIES PVT. LTD,Sri Hari Securities Pvt. Ltd.,1000,476.3,476300.0,2025-09-24 11:31:43.588487
2025-09-24,41246,2025092404001897,UNHPL,Capital Max Securities Ltd,SHUBHAKAMANA SECURITIES PVT. LTD,400,475.4,190160.0,2025-09-24 11:31:46.600704
2025-09-24,41235,2025092404001898,UNHPL,SHUBHAKAMANA SECURITIES PVT. LTD,SHUBHAKAMANA SECURITIES PVT. LTD,250,475.0,118750.0,2025-09-24 11:31:47.605159
2025-09-24,41204,2025092404001899,UNHPL,Citizens Share Broker Limited,SHUBHAKAMANA SECURITIES PVT. LTD,500,475.0,237500.0,2025-09-24 11:31:57.321082
2025-09-24,41187,2025092404001903,UNHPL,Sani Securities Company Ltd.,SHUBHAKAMANA SECURITIES PVT. LTD,22,475.0,10450.0,2025-09-24 11:32:02.788445
2025-09-24,41184,2025092404001904,UNHPL,ABC Securities Private Limited,SHUBHAKAMANA SECURITIES PVT. LTD,2778,475.0,1319550.0,2025-09-24 11:32:03.924194
2025-09-24,41183,2025092404001905,UNHPL,ABC Securities Private Limited,Dipshikha Dhitopatra Karobar Co. Pvt Ltd.,22,476.0,10472.0,2025-09-24 11:32:03.924272
2025-09-24,41175,2025092404001907,UNHPL,Citizens Share Broker Limited,Midas Stock Broking Company Private Limited,29,475.0,13775.0,2025-09-24 11:32:06.343797
2025-09-24,41174,2025092404001908,UNHPL,Citizens Share Broker Limited,Dipshikha Dhitopatra Karobar Co. Pvt Ltd.,178,476.0,84728.0,2025-09-24 11:32:06.343987
2025-09-24,41173,2025092404001909,UNHPL,Citizens Share Broker Limited,Sri Hari Securities Pvt. Ltd.,293,476.3,139555.9,2025-09-24 11:32:06.344052
2025-09-24,41170,2025092404001912,UNHPL,Citizens Share Broker Limited,Trishakti Securities Public Limited,600,473.2,283920.0,2025-09-24 11:32:07.686825
2025-09-24,41169,2025092404001913,UNHPL,Property Wiard Limited,Trishakti Securities Public Limited,400,473.1,189240.0,2025-09-24 11:32:07.686925
2025-09-24,41158,2025092404001914,UNHPL,ABC Securities Private Limited,Dipshikha Dhitopatra Karobar Co. Pvt Ltd.,450,474.0,213300.0,2025-09-24 11:32:12.968270
2025-09-24,41119,2025092404001918,UNHPL,Capital Max Securities Ltd,Siprabi Securities Pvt. Ltd.,68,477.0,32436.0,2025-09-24 11:32:28.855695
2025-09-24,41098,2025092404001920,UNHPL,Linch Stock Market Ltd.,Siprabi Securities Pvt. Ltd.,32,477.0,15264.0,2025-09-24 11:32:33.698094
2025-09-24,41097,2025092404001921,UNHPL,Linch Stock Market Ltd.,Nepal Investment And Securities Trading Private Limited,18,477.0,8586.0,2025-09-24 11:32:33.698397
2025-09-24,41088,2025092404001922,UNHPL,Citizens Share Broker Limited,Nepal Investment And Securities Trading Private Limited,250,477.0,119250.0,2025-09-24 11:32:35.434565
2025-09-24,41080,2025092404001925,UNHPL,SHUBHAKAMANA SECURITIES PVT. LTD,Nepal Investment And Securities Trading Private Limited,150,477.0,71550.0,2025-09-24 11:32:37.742866
2025-09-24,41052,2025092404001928,UNHPL,Imperial Securities Company Pvt. Ltd.,Opal Securities Investment (PVT) Ltd.,100,475.0,47500.0,2025-09-24 11:32:45.277236
2025-09-24,41026,2025092404001934,UNHPL,SHUBHAKAMANA SECURITIES PVT. LTD,Nepal Investment And Securities Trading Private Limited,82,477.0,39114.0,2025-09-24 11:32:51.776996
2025-09-24,41025,2025092404001935,UNHPL,SHUBHAKAMANA SECURITIES PVT. LTD,Sumeru Securities Pvt. Ltd.,101,477.0,48177.0,2025-09-24 11:32:51.777287
2025-09-24,41024,2025092404001936,UNHPL,SHUBHAKAMANA SECURITIES PVT. LTD,SHUBHAKAMANA SECURITIES PVT. LTD,317,477.0,151209.0,2025-09-24 11:32:51.777501
2025-09-24,40915,2025092404001961,UNHPL,ABC Securities Private Limited,SHUBHAKAMANA SECURITIES PVT. LTD,183,477.0,87291.0,2025-09-24 11:33:14.189917
2025-09-24,40914,2025092404001962,UNHPL,ABC Securities Private Limited,Trishakti Securities Public Limited,10,477.0,4770.0,2025-09-24 11:33:14.190098
2025-09-24,40913,2025092404001963,UNHPL,ABC Securities Private Limited,Imperial Securities Company Pvt. Ltd.,307,477.0,146439.0,2025-09-24 11:33:14.190166
2025-09-24,40883,2025092404001971,UNHPL,Citizens Share Broker Limited,Imperial Securities Company Pvt. Ltd.,53,477.0,25281.0,2025-09-24 11:33:20.542141
2025-09-24,40882,2025092404001972,UNHPL,Citizens Share Broker Limited,ABC Securities Private Limited,100,477.0,47700.0,2025-09-24 11:33:20.542307
2025-09-24,40805,2025092404002002,UNHPL,Citizens Share Broker Limited,Imperial Securities Company Pvt. Ltd.,65,477.0,31005.0,2025-09-24 11:33:39.466998
2025-09-24,40804,2025092404002003,UNHPL,Dipshikha Dhitopatra Karobar Co. Pvt Ltd.,Imperial Securities Company Pvt. Ltd.,300,477.0,143100.0,2025-09-24 11:33:39.467159
2025-09-24,40792,2025092404002004,UNHPL,ABC Securities Private Limited,Imperial Securities Company Pvt. Ltd.,135,477.0,64395.0,2025-09-24 11:33:43.299760
2025-09-24,40775,2025092404002015,UNHPL,ABC Securities Private Limited,Capital Max Securities Ltd,100,477.0,47700.0,2025-09-24 11:33:48.142806
2025-09-24,40752,2025092404002024,UNHPL,K.B.L. Securities Limited ,Sumeru Securities Pvt. Ltd.,10,477.3,4773.0,2025-09-24 11:33:54.080010
2025-09-24,40705,2025092404002041,UNHPL,ABC Securities Private Limited,BHOLE GANESH SECURITIES LTD,265,477.0,126405.0,2025-09-24 11:34:05.534324
2025-09-24,40533,2025092404002070,UNHPL,Linch Stock Market Ltd.,Secured Securities Ltd.,10,477.0,4770.0,2025-09-24 11:34:50.438146
2025-09-24,40488,2025092404002084,UNHPL,Imperial Securities Company Pvt. Ltd.,Secured Securities Ltd.,120,477.0,57240.0,2025-09-24 11:35:01.966753
2025-09-24,40469,2025092404002092,UNHPL,Imperial Securities Company Pvt. Ltd.,Naasa Securities Co. Ltd.,20,477.0,9540.0,2025-09-24 11:35:10.856302
2025-09-24,40462,2025092404002097,UNHPL,Imperial Securities Company Pvt. Ltd.,South Asian Bulls Pvt. Ltd.,10,477.0,4770.0,2025-09-24 11:35:12.172756
2025-09-24,40461,2025092404002098,UNHPL,ABC Securities Private Limited,South Asian Bulls Pvt. Ltd.,190,475.1,90269.0,2025-09-24 11:35:12.173105
2025-09-24,40434,2025092404002100,UNHPL,ABC Securities Private Limited,Online Securities Pvt. Ltd.,10,475.1,4751.0,2025-09-24 11:35:16.287517
2025-09-24,40433,2025092404002101,UNHPL,Imperial Securities Company Pvt. Ltd.,Online Securities Pvt. Ltd.,200,475.0,95000.0,2025-09-24 11:35:16.287589
2025-09-24,40432,2025092404002102,UNHPL,Elite Stock House Limited,Online Securities Pvt. Ltd.,300,475.0,142500.0,2025-09-24 11:35:16.287614
2025-09-24,40431,2025092404002103,UNHPL,Imperial Securities Company Pvt. Ltd.,Online Securities Pvt. Ltd.,490,475.0,232750.0,2025-09-24 11:35:16.287638
2025-09-24,40370,2025092404002127,UNHPL,ABC Securities Private Limited,Oxford Securities Pvt. Ltd.,10,477.0,4770.0,2025-09-24 11:35:29.845747
2025-09-24,40209,2025092404002160,UNHPL,Blue Chip Securities Ltd,Oxford Securities Pvt. Ltd.,10,477.0,4770.0,2025-09-24 11:36:25.545297
2025-09-24,40208,2025092404002161,UNHPL,Blue Chip Securities Ltd,Naasa Securities Co. Ltd.,10,477.0,4770.0,2025-09-24 11:36:25.545413
2025-09-24,40168,2025092404002171,UNHPL,Sanima Securities Limited,Sumeru Securities Pvt. Ltd.,90,477.3,42957.0,2025-09-24 11:36:38.490828
2025-09-24,40167,2025092404002172,UNHPL,Sanima Securities Limited,Thrive Brokerage House Pvt. Ltd,100,477.3,47730.0,2025-09-24 11:36:38.491060
2025-09-24,40166,2025092404002173,UNHPL,Sanima Securities Limited,Sundhara Securities Limited,10,478.0,4780.0,2025-09-24 11:36:38.491140
2025-09-24,40131,2025092404002179,UNHPL,Trisul Securities & Invt. Ltd.,Sundhara Securities Limited,490,478.0,234220.0,2025-09-24 11:36:47.673623
2025-09-24,40130,2025092404002180,UNHPL,Trisul Securities & Invt. Ltd.,Naasa Securities Co. Ltd.,10,478.0,4780.0,2025-09-24 11:36:47.673823
2025-09-24,40038,2025092404002195,UNHPL,Linch Stock Market Ltd.,Naasa Securities Co. Ltd.,10,478.0,4780.0,2025-09-24 11:37:09.264731
2025-09-24,40035,2025092404002196,UNHPL,Vision Securities Pvt. Ltd,Naasa Securities Co. Ltd.,80,478.0,38240.0,2025-09-24 11:37:10.456871
2025-09-24,40034,2025092404002197,UNHPL,Vision Securities Pvt. Ltd,Vision Securities Pvt. Ltd,200,478.0,95600.0,2025-09-24 11:37:10.457031
2025-09-24,40033,2025092404002198,UNHPL,Vision Securities Pvt. Ltd,Sani Securities Company Ltd.,100,478.0,47800.0,2025-09-24 11:37:10.457104
2025-09-24,40032,2025092404002199,UNHPL,Vision Securities Pvt. Ltd,Malla & Malla Stock Broking Company Pvt. Limited,320,478.0,152960.0,2025-09-24 11:37:10.457182
2025-09-24,39999,2025092404002204,UNHPL,Dipshikha Dhitopatra Karobar Co. Pvt Ltd.,Malla & Malla Stock Broking Company Pvt. Limited,50,478.0,23900.0,2025-09-24 11:37:18.088977
2025-09-24,39877,2025092404002228,UNHPL,Kalika Securities Pvt. Ltd.,Agrawal Securities (PVT) Ltd.,100,477.0,47700.0,2025-09-24 11:37:51.331895
2025-09-24,39876,2025092404002229,UNHPL,Sanima Securities Limited,Agrawal Securities (PVT) Ltd.,40,477.0,19080.0,2025-09-24 11:37:51.332088
2025-09-24,39833,2025092404002253,UNHPL,Sanima Securities Limited,Naasa Securities Co. Ltd.,585,477.0,279045.0,2025-09-24 11:38:05.898046
2025-09-24,39824,2025092404002258,UNHPL,Sumeru Securities Pvt. Ltd.,Malla & Malla Stock Broking Company Pvt. Limited,130,478.0,62140.0,2025-09-24 11:38:06.968006
2025-09-24,39823,2025092404002259,UNHPL,Sumeru Securities Pvt. Ltd.,Trishakti Securities Public Limited,110,478.0,52580.0,2025-09-24 11:38:06.968217
2025-09-24,39822,2025092404002260,UNHPL,Sumeru Securities Pvt. Ltd.,Sani Securities Company Ltd.,10,478.0,4780.0,2025-09-24 11:38:06.968294
2025-09-24,39803,2025092404002269,UNHPL,Cristal Kanchanjanga Securites Pvt. Ltd.,Sani Securities Company Ltd.,990,478.0,473220.0,2025-09-24 11:38:14.469679
2025-09-24,39802,2025092404002270,UNHPL,Cristal Kanchanjanga Securites Pvt. Ltd.,Kohinoor Investment & Securities Pvt. Ltd.,10,478.0,4780.0,2025-09-24 11:38:14.469880
2025-09-24,39783,2025092404002271,UNHPL,Sanima Securities Limited,Trishakti Securities Public Limited,100,477.0,47700.0,2025-09-24 11:38:19.531459
2025-09-24,39599,2025092404002334,UNHPL,Elite Stock House Limited,Secured Securities Ltd.,1100,477.9,525690.0,2025-09-24 11:39:11.571696
2025-09-24,39552,2025092404002343,UNHPL,Capital Hub P. Ltd,Kohinoor Investment & Securities Pvt. Ltd.,10,478.0,4780.0,2025-09-24 11:39:30.270079
2025-09-24,39551,2025092404002344,UNHPL,Capital Hub P. Ltd,Kumari Securities Private Limited,70,478.0,33460.0,2025-09-24 11:39:30.270421
2025-09-24,39550,2025092404002345,UNHPL,Capital Hub P. Ltd,Trisul Securities & Invt. Ltd.,1000,478.0,478000.0,2025-09-24 11:39:30.270636
2025-09-24,39194,2025092404002398,UNHPL,Nepal Investment And Securities Trading Private Limited,Capital Max Securities Ltd,10,478.1,4781.0,2025-09-24 11:40:50.231791
2025-09-24,39193,2025092404002399,UNHPL,Capital Hub P. Ltd,Capital Max Securities Ltd,920,478.0,439760.0,2025-09-24 11:40:50.232000
2025-09-24,39192,2025092404002400,UNHPL,Sani Securities Company Ltd.,Capital Max Securities Ltd,20,478.0,9560.0,2025-09-24 11:40:50.232086
2025-09-24,39191,2025092404002401,UNHPL,Sanima Securities Limited,Capital Max Securities Ltd,25,477.0,11925.0,2025-09-24 11:40:50.232203
2025-09-24,39190,2025092404002402,UNHPL,Nepal Investment And Securities Trading Private Limited,Capital Max Securities Ltd,100,477.0,47700.0,2025-09-24 11:40:50.232287
2025-09-24,39189,2025092404002403,UNHPL,Nagarik Stock Dealer ,Capital Max Securities Ltd,200,477.0,95400.0,2025-09-24 11:40:50.232493
2025-09-24,39188,2025092404002404,UNHPL,Trisul Securities & Invt. Ltd.,Capital Max Securities Ltd,500,477.0,238500.0,2025-09-24 11:40:50.232637
2025-09-24,39187,2025092404002405,UNHPL,Trisul Securities & Invt. Ltd.,Capital Max Securities Ltd,500,477.0,238500.0,2025-09-24 11:40:50.232728
2025-09-24,39186,2025092404002406,UNHPL,Naasa Securities Co. Ltd.,Capital Max Securities Ltd,200,476.8,95360.0,2025-09-24 11:40:50.232825
2025-09-24,39185,2025092404002407,UNHPL,Capital Hub P. Ltd,Capital Max Securities Ltd,500,476.7,238350.0,2025-09-24 11:40:50.232950
2025-09-24,39184,2025092404002408,UNHPL,SHUBHAKAMANA SECURITIES PVT. LTD,Capital Max Securities Ltd,500,476.6,238300.0,2025-09-24 11:40:50.233074
2025-09-24,39183,2025092404002409,UNHPL,Premier Securities Company Ltd.,Capital Max Securities Ltd,111,476.5,52891.5,2025-09-24 11:40:50.233188
2025-09-24,39182,2025092404002410,UNHPL,Dipshikha Dhitopatra Karobar Co. Pvt Ltd.,Capital Max Securities Ltd,100,476.3,47630.0,2025-09-24 11:40:50.233301
2025-09-24,39181,2025092404002411,UNHPL,Elite Stock House Limited,Capital Max Securities Ltd,500,476.0,238000.0,2025-09-24 11:40:50.233412
2025-09-24,39180,2025092404002412,UNHPL,Nepal Stock House (PVT) Ltd.,Capital Max Securities Ltd,500,475.2,237600.0,2025-09-24 11:40:50.233484
2025-09-24,39179,2025092404002413,UNHPL,Secured Securities Ltd.,Capital Max Securities Ltd,600,475.1,285060.0,2025-09-24 11:40:50.233597
2025-09-24,39178,2025092404002414,UNHPL,Secured Securities Ltd.,Capital Max Securities Ltd,714,475.1,339221.4,2025-09-24 11:40:50.233681
2025-09-24,39150,2025092404002422,UNHPL,Miyo Securities Pvt Ltd,Vision Securities Pvt. Ltd,100,478.6,47860.0,2025-09-24 11:41:00.306369
2025-09-24,39149,2025092404002423,UNHPL,Miyo Securities Pvt Ltd,Siprabi Securities Pvt. Ltd.,200,478.9,95780.0,2025-09-24 11:41:00.306437
2025-09-24,39148,2025092404002424,UNHPL,Miyo Securities Pvt Ltd,Capital Max Securities Ltd,700,478.9,335230.0,2025-09-24 11:41:00.306479
2025-09-24,39138,2025092404002428,UNHPL,Elite Stock House Limited,Capital Max Securities Ltd,1000,478.9,478900.0,2025-09-24 11:41:05.857061
2025-09-24,39106,2025092404002438,UNHPL,Cristal Kanchanjanga Securites Pvt. Ltd.,Capital Max Securities Ltd,300,478.9,143670.0,2025-09-24 11:41:13.067201
2025-09-24,39105,2025092404002439,UNHPL,Cristal Kanchanjanga Securites Pvt. Ltd.,Thrive Brokerage House Pvt. Ltd,100,479.0,47900.0,2025-09-24 11:41:13.067375
2025-09-24,39104,2025092404002440,UNHPL,Cristal Kanchanjanga Securites Pvt. Ltd.,Dipshikha Dhitopatra Karobar Co. Pvt Ltd.,100,479.0,47900.0,2025-09-24 11:41:13.067453
2025-09-24,39103,2025092404002441,UNHPL,Cristal Kanchanjanga Securites Pvt. Ltd.,Shree Krishna Securities Ltd.,500,479.0,239500.0,2025-09-24 11:41:13.067525
2025-09-24,39098,2025092404002442,UNHPL,Sharepro Securities Private Limited,Shree Krishna Securities Ltd.,1000,479.0,479000.0,2025-09-24 11:41:15.713235
2025-09-24,38875,2025092404002525,UNHPL,Online Securities Pvt. Ltd.,Shree Krishna Securities Ltd.,900,479.0,431100.0,2025-09-24 11:42:21.236798
2025-09-24,38858,2025092404002530,UNHPL,Property Wiard Limited,Shree Krishna Securities Ltd.,100,479.0,47900.0,2025-09-24 11:42:26.794437
2025-09-24,38844,2025092404002535,UNHPL,Capital Hub P. Ltd,Trishakti Securities Public Limited,10,479.0,4790.0,2025-09-24 11:42:33.767369
2025-09-24,38843,2025092404002536,UNHPL,Capital Hub P. Ltd,Thrive Brokerage House Pvt. Ltd,400,479.2,191680.0,2025-09-24 11:42:33.767688
2025-09-24,38842,2025092404002537,UNHPL,Capital Hub P. Ltd,Dipshikha Dhitopatra Karobar Co. Pvt Ltd.,200,479.9,95980.0,2025-09-24 11:42:33.767896
2025-09-24,38841,2025092404002538,UNHPL,Capital Hub P. Ltd,Premier Securities Company Ltd.,500,480.0,240000.0,2025-09-24 11:42:33.768116
2025-09-24,38840,2025092404002539,UNHPL,Capital Hub P. Ltd,Imperial Securities Company Pvt. Ltd.,500,480.0,240000.0,2025-09-24 11:42:33.768456
2025-09-24,38839,2025092404002540,UNHPL,Capital Hub P. Ltd,Naasa Securities Co. Ltd.,810,480.0,388800.0,2025-09-24 11:42:33.768688
2025-09-24,38838,2025092404002541,UNHPL,Capital Hub P. Ltd,Nagarik Stock Dealer ,2900,480.0,1392000.0,2025-09-24 11:42:33.768889
2025-09-24,38837,2025092404002542,UNHPL,Capital Hub P. Ltd,Trishakti Securities Public Limited,10,480.0,4800.0,2025-09-24 11:42:33.769079
2025-09-24,38836,2025092404002543,UNHPL,Capital Hub P. Ltd,Primo Securities (PVT) Ltd.,500,480.0,240000.0,2025-09-24 11:42:33.769262
2025-09-24,38835,2025092404002544,UNHPL,Capital Hub P. Ltd,Pragyan Securities (PVT) Ltd.,10,480.0,4800.0,2025-09-24 11:42:33.769508
2025-09-24,38834,2025092404002545,UNHPL,Capital Hub P. Ltd,Dynamic Money Managers Securities Pvt. Ltd.,160,480.0,76800.0,2025-09-24 11:42:33.769710
2025-09-24,38812,2025092404002552,UNHPL,Trishakti Securities Public Limited,Dynamic Money Managers Securities Pvt. Ltd.,840,480.0,403200.0,2025-09-24 11:42:44.595546
2025-09-24,38811,2025092404002553,UNHPL,Trishakti Securities Public Limited,Bhrikuti Stock Broking Co. Pvt. Ltd.,100,480.0,48000.0,2025-09-24 11:42:44.595733
2025-09-24,38810,2025092404002554,UNHPL,Trishakti Securities Public Limited,Dynamic Money Managers Securities Pvt. Ltd.,1000,480.0,480000.0,2025-09-24 11:42:44.595815
2025-09-24,38809,2025092404002555,UNHPL,Trishakti Securities Public Limited,Sundhara Securities Limited,60,481.0,28860.0,2025-09-24 11:42:44.595882
2025-09-24,38765,2025092404002561,UNHPL,Cristal Kanchanjanga Securites Pvt. Ltd.,Trishakti Securities Public Limited,10,481.0,4810.0,2025-09-24 11:42:56.380372
2025-09-24,38764,2025092404002562,UNHPL,Cristal Kanchanjanga Securites Pvt. Ltd.,ABC Securities Private Limited,100,481.0,48100.0,2025-09-24 11:42:56.380557
2025-09-24,38763,2025092404002563,UNHPL,Cristal Kanchanjanga Securites Pvt. Ltd.,J.F. Securites (PVT) Ltd.,100,481.0,48100.0,2025-09-24 11:42:56.380624
2025-09-24,38762,2025092404002564,UNHPL,Cristal Kanchanjanga Securites Pvt. Ltd.,Dakshinkali Investment & Securities Pvt. Ltd.,200,481.3,96260.0,2025-09-24 11:42:56.380688
2025-09-24,38761,2025092404002565,UNHPL,Cristal Kanchanjanga Securites Pvt. Ltd.,Dakshinkali Investment & Securities Pvt. Ltd.,200,482.0,96400.0,2025-09-24 11:42:56.380776
2025-09-24,38760,2025092404002566,UNHPL,Cristal Kanchanjanga Securites Pvt. Ltd.,Citizens Share Broker Limited,390,482.0,187980.0,2025-09-24 11:42:56.380839
2025-09-24,38687,2025092404002589,UNHPL,Sani Securities Company Ltd.,Citizens Share Broker Limited,610,482.0,294020.0,2025-09-24 11:43:19.442409
2025-09-24,38686,2025092404002590,UNHPL,Sani Securities Company Ltd.,Shree Krishna Securities Ltd.,390,482.0,187980.0,2025-09-24 11:43:19.442568
2025-09-24,38631,2025092404002599,UNHPL,Linch Stock Market Ltd.,Shree Krishna Securities Ltd.,10,482.0,4820.0,2025-09-24 11:43:38.156968
2025-09-24,38630,2025092404002600,UNHPL,Trisul Securities & Invt. Ltd.,Vision Securities Pvt. Ltd,100,481.3,48130.0,2025-09-24 11:43:38.164922
2025-09-24,38613,2025092404002602,UNHPL,Global IME Securities Limited,Shree Krishna Securities Ltd.,600,482.0,289200.0,2025-09-24 11:43:42.590497
2025-09-24,38612,2025092404002603,UNHPL,Global IME Securities Limited,Aryatara Investment & Securities,400,482.0,192800.0,2025-09-24 11:43:42.590652
2025-09-24,38608,2025092404002604,UNHPL,Global IME Securities Limited,Naasa Securities Co. Ltd.,20,482.0,9640.0,2025-09-24 11:43:44.181485
2025-09-24,38587,2025092404002608,UNHPL,Global IME Securities Limited,Trisul Securities & Invt. Ltd.,600,482.0,289200.0,2025-09-24 11:43:50.306648
2025-09-24,38582,2025092404002610,UNHPL,Dipshikha Dhitopatra Karobar Co. Pvt Ltd.,Sumeru Securities Pvt. Ltd.,50,483.0,24150.0,2025-09-24 11:43:52.982336
2025-09-24,38560,2025092404002614,UNHPL,Global IME Securities Limited,Kohinoor Investment & Securities Pvt. Ltd.,790,482.0,380780.0,2025-09-24 11:44:02.027791
2025-09-24,38546,2025092404002617,UNHPL,Global IME Securities Limited,Imperial Securities Company Pvt. Ltd.,30,482.0,14460.0,2025-09-24 11:44:05.591339
2025-09-24,38471,2025092404002631,UNHPL,Global IME Securities Limited,J.F. Securites (PVT) Ltd.,1060,482.0,510920.0,2025-09-24 11:44:37.936735
2025-09-24,38470,2025092404002632,UNHPL,Capital Max Securities Ltd,J.F. Securites (PVT) Ltd.,300,482.0,144600.0,2025-09-24 11:44:37.936817
2025-09-24,38469,2025092404002633,UNHPL,Trisul Securities & Invt. Ltd.,J.F. Securites (PVT) Ltd.,280,481.3,134764.0,2025-09-24 11:44:37.936858
2025-09-24,38468,2025092404002634,UNHPL,Trishakti Securities Public Limited,J.F. Securites (PVT) Ltd.,624,480.0,299520.0,2025-09-24 11:44:37.936883
2025-09-24,38467,2025092404002635,UNHPL,Sri Hari Securities Pvt. Ltd.,J.F. Securites (PVT) Ltd.,100,480.0,48000.0,2025-09-24 11:44:37.936907
2025-09-24,38466,2025092404002636,UNHPL,Sri Hari Securities Pvt. Ltd.,J.F. Securites (PVT) Ltd.,67,477.1,31965.7,2025-09-24 11:44:37.936930
2025-09-24,38465,2025092404002637,UNHPL,Neev Securities Pvt. Ltd.,J.F. Securites (PVT) Ltd.,255,477.1,121660.5,2025-09-24 11:44:37.936950
2025-09-24,38464,2025092404002638,UNHPL,Sri Hari Securities Pvt. Ltd.,J.F. Securites (PVT) Ltd.,7314,477.0,3488778.0,2025-09-24 11:44:37.936974
2025-09-24,38431,2025092404002651,UNHPL,Kohinoor Investment & Securities Pvt. Ltd.,Sumeru Securities Pvt. Ltd.,50,483.0,24150.0,2025-09-24 11:44:50.232128
2025-09-24,38430,2025092404002652,UNHPL,Kohinoor Investment & Securities Pvt. Ltd.,Thrive Brokerage House Pvt. Ltd,500,483.0,241500.0,2025-09-24 11:44:50.232340
2025-09-24,38429,2025092404002653,UNHPL,Kohinoor Investment & Securities Pvt. Ltd.,Dipshikha Dhitopatra Karobar Co. Pvt Ltd.,200,483.0,96600.0,2025-09-24 11:44:50.232421
2025-09-24,38428,2025092404002654,UNHPL,Kohinoor Investment & Securities Pvt. Ltd.,Kohinoor Investment & Securities Pvt. Ltd.,10,483.0,4830.0,2025-09-24 11:44:50.232489
2025-09-24,38427,2025092404002655,UNHPL,Kohinoor Investment & Securities Pvt. Ltd.,Naasa Securities Co. Ltd.,53,483.3,25614.9,2025-09-24 11:44:50.232554
2025-09-24,38426,2025092404002656,UNHPL,Kohinoor Investment & Securities Pvt. Ltd.,Indira securities pvt. ltd,20,483.8,9676.0,2025-09-24 11:44:50.232617
2025-09-24,38425,2025092404002657,UNHPL,Kohinoor Investment & Securities Pvt. Ltd.,Thrive Brokerage House Pvt. Ltd,100,484.0,48400.0,2025-09-24 11:44:50.232680
2025-09-24,38424,2025092404002658,UNHPL,Kohinoor Investment & Securities Pvt. Ltd.,Citizens Share Broker Limited,1000,484.0,484000.0,2025-09-24 11:44:50.232741
2025-09-24,38423,2025092404002659,UNHPL,Kohinoor Investment & Securities Pvt. Ltd.,Linch Stock Market Ltd.,67,484.0,32428.0,2025-09-24 11:44:50.232804
2025-09-24,38356,2025092404002677,UNHPL,Opal Securities Investment (PVT) Ltd.,Sri Hari Securities Pvt. Ltd.,10,477.3,4773.0,2025-09-24 11:45:21.221988
2025-09-24,38344,2025092404002682,UNHPL,Sani Securities Company Ltd.,Sani Securities Company Ltd.,5,468.0,2340.0,2025-09-24 11:45:26.183202
2025-09-24,38248,2025092404002701,UNHPL,ABC Securities Private Limited,Thrive Brokerage House Pvt. Ltd,400,478.0,191200.0,2025-09-24 11:46:00.604841
2025-09-24,38247,2025092404002702,UNHPL,ABC Securities Private Limited,Arun Securities (PVT) Ltd.,50,478.0,23900.0,2025-09-24 11:46:00.605036
2025-09-24,38230,2025092404002706,UNHPL,Miyo Securities Pvt Ltd,Sumeru Securities Pvt. Ltd.,500,483.0,241500.0,2025-09-24 11:46:05.349129
2025-09-24,38198,2025092404002713,UNHPL,Miyo Securities Pvt Ltd,Sumeru Securities Pvt. Ltd.,500,483.0,241500.0,2025-09-24 11:46:24.428624
2025-09-24,38146,2025092404002721,UNHPL,Midas Stock Broking Company Private Limited,Thrive Brokerage House Pvt. Ltd,215,482.0,103630.0,2025-09-24 11:46:51.085303
2025-09-24,38145,2025092404002722,UNHPL,Midas Stock Broking Company Private Limited,Dipshikha Dhitopatra Karobar Co. Pvt Ltd.,94,483.9,45486.6,2025-09-24 11:46:51.085490
2025-09-24,38144,2025092404002723,UNHPL,Midas Stock Broking Company Private Limited,Linch Stock Market Ltd.,123,484.0,59532.0,2025-09-24 11:46:51.085563
2025-09-24,38143,2025092404002724,UNHPL,Midas Stock Broking Company Private Limited,Thrive Brokerage House Pvt. Ltd,68,484.0,32912.0,2025-09-24 11:46:51.085668
2025-09-24,38132,2025092404002730,UNHPL,Cristal Kanchanjanga Securites Pvt. Ltd.,Trishakti Securities Public Limited,1000,479.0,479000.0,2025-09-24 11:46:53.660545
2025-09-24,38122,2025092404002735,UNHPL,ABC Securities Private Limited,Thrive Brokerage House Pvt. Ltd,10,484.0,4840.0,2025-09-24 11:47:02.903329
2025-09-24,38027,2025092404002757,UNHPL,Midas Stock Broking Company Private Limited,Sri Hari Securities Pvt. Ltd.,10,478.1,4781.0,2025-09-24 11:47:43.161865
2025-09-24,38015,2025092404002759,UNHPL,ABC Securities Private Limited,BHOLE GANESH SECURITIES LTD,10,482.0,4820.0,2025-09-24 11:47:51.116715
2025-09-24,37972,2025092404002766,UNHPL,Shree Krishna Securities Ltd.,BHOLE GANESH SECURITIES LTD,100,482.0,48200.0,2025-09-24 11:48:14.489877
2025-09-24,37942,2025092404002771,UNHPL,Midas Stock Broking Company Private Limited,Sani Securities Company Ltd.,490,482.0,236180.0,2025-09-24 11:48:26.410846
2025-09-24,37927,2025092404002773,UNHPL,Sri Hari Securities Pvt. Ltd.,Shree Krishna Securities Ltd.,308,480.0,147840.0,2025-09-24 11:48:35.619367
2025-09-24,37917,2025092404002775,UNHPL,ABC Securities Private Limited,Sani Securities Company Ltd.,400,482.0,192800.0,2025-09-24 11:48:41.361275
2025-09-24,37913,2025092404002777,UNHPL,ABC Securities Private Limited,Sani Securities Company Ltd.,10,482.0,4820.0,2025-09-24 11:48:42.367787
2025-09-24,37883,2025092404002783,UNHPL,Sewa Securities Pvt. Ltd.,Sani Securities Company Ltd.,100,482.0,48200.0,2025-09-24 11:48:59.234488
2025-09-24,37869,2025092404002789,UNHPL,Capital Max Securities Ltd,Trishakti Securities Public Limited,10,482.0,4820.0,2025-09-24 11:49:08.760857
2025-09-24,37868,2025092404002790,UNHPL,Capital Max Securities Ltd,Vision Securities Pvt. Ltd,50,483.0,24150.0,2025-09-24 11:49:08.760955
2025-09-24,37867,2025092404002791,UNHPL,Capital Max Securities Ltd,Thrive Brokerage House Pvt. Ltd,40,484.0,19360.0,2025-09-24 11:49:08.761046
2025-09-24,37865,2025092404002792,UNHPL,ABC Securities Private Limited,Thrive Brokerage House Pvt. Ltd,51,484.0,24684.0,2025-09-24 11:49:09.489478
2025-09-24,37856,2025092404002797,UNHPL,ABC Securities Private Limited,Sweta Securities Private Limited,10,483.0,4830.0,2025-09-24 11:49:14.519033
2025-09-24,37829,2025092404002808,UNHPL,Aryatara Investment & Securities,Sweta Securities Private Limited,90,483.0,43470.0,2025-09-24 11:49:26.121332
2025-09-24,37820,2025092404002811,UNHPL,Aryatara Investment & Securities,Miyo Securities Pvt Ltd,10,483.0,4830.0,2025-09-24 11:49:34.129593
2025-09-24,37817,2025092404002813,UNHPL,Capital Max Securities Ltd,Miyo Securities Pvt Ltd,50,483.0,24150.0,2025-09-24 11:49:34.842523
2025-09-24,37774,2025092404002821,UNHPL,SHUBHAKAMANA SECURITIES PVT. LTD,Miyo Securities Pvt Ltd,165,483.0,79695.0,2025-09-24 11:49:48.328363
2025-09-24,37759,2025092404002829,UNHPL,Capital Max Securities Ltd,Imperial Securities Company Pvt. Ltd.,30,483.8,14514.0,2025-09-24 11:49:52.910216
2025-09-24,37758,2025092404002830,UNHPL,Capital Max Securities Ltd,Thrive Brokerage House Pvt. Ltd,170,484.0,82280.0,2025-09-24 11:49:52.910270
2025-09-24,37745,2025092404002832,UNHPL,Sani Securities Company Ltd.,Sweta Securities Private Limited,24,482.0,11568.0,2025-09-24 11:50:00.135003
2025-09-24,37675,2025092404002846,UNHPL,Capital Max Securities Ltd,Naasa Securities Co. Ltd.,40,483.0,19320.0,2025-09-24 11:50:31.099197
2025-09-24,37606,2025092404002860,UNHPL,Citizens Share Broker Limited,Secured Securities Ltd.,100,483.8,48380.0,2025-09-24 11:50:55.478935
2025-09-24,37605,2025092404002861,UNHPL,Citizens Share Broker Limited,Aryatara Investment & Securities,400,483.9,193560.0,2025-09-24 11:50:55.479197
2025-09-24,37501,2025092404002876,UNHPL,SHUBHAKAMANA SECURITIES PVT. LTD,Aryatara Investment & Securities,550,483.9,266145.0,2025-09-24 11:51:32.600183
2025-09-24,37500,2025092404002877,UNHPL,SHUBHAKAMANA SECURITIES PVT. LTD,Thrive Brokerage House Pvt. Ltd,161,484.0,77924.0,2025-09-24 11:51:32.600593
2025-09-24,37499,2025092404002878,UNHPL,SHUBHAKAMANA SECURITIES PVT. LTD,Trisul Securities & Invt. Ltd.,789,484.0,381876.0,2025-09-24 11:51:32.600838
2025-09-24,37490,2025092404002880,UNHPL,Asian Securities Private Ltd.,Agrawal Securities (PVT) Ltd.,70,483.0,33810.0,2025-09-24 11:51:38.042454
2025-09-24,37487,2025092404002881,UNHPL,Capital Max Securities Ltd,Trisul Securities & Invt. Ltd.,100,484.0,48400.0,2025-09-24 11:51:38.308007
2025-09-24,37439,2025092404002900,UNHPL,Asian Securities Private Ltd.,Opal Securities Investment (PVT) Ltd.,130,483.0,62790.0,2025-09-24 11:51:56.942763
2025-09-24,37438,2025092404002901,UNHPL,Dipshikha Dhitopatra Karobar Co. Pvt Ltd.,Opal Securities Investment (PVT) Ltd.,500,483.0,241500.0,2025-09-24 11:51:56.943233
2025-09-24,37437,2025092404002902,UNHPL,Sani Securities Company Ltd.,Opal Securities Investment (PVT) Ltd.,100,483.0,48300.0,2025-09-24 11:51:56.943555
2025-09-24,37395,2025092404002908,UNHPL,SHUBHAKAMANA SECURITIES PVT. LTD,Dynamic Money Managers Securities Pvt. Ltd.,200,483.0,96600.0,2025-09-24 11:52:13.727013
2025-09-24,37373,2025092404002921,UNHPL,ABC Securities Private Limited,Opal Securities Investment (PVT) Ltd.,300,483.0,144900.0,2025-09-24 11:52:18.044350
2025-09-24,37372,2025092404002922,UNHPL,Capital Max Securities Ltd,Opal Securities Investment (PVT) Ltd.,2800,482.1,1349880.0,2025-09-24 11:52:18.044756
2025-09-24,37337,2025092404002936,UNHPL,Capital Max Securities Ltd,Online Securities Pvt. Ltd.,300,482.1,144630.0,2025-09-24 11:52:28.837305
2025-09-24,37336,2025092404002937,UNHPL,Sani Securities Company Ltd.,Online Securities Pvt. Ltd.,176,482.0,84832.0,2025-09-24 11:52:28.837434
2025-09-24,37335,2025092404002938,UNHPL,Capital Hub P. Ltd,Online Securities Pvt. Ltd.,500,482.0,241000.0,2025-09-24 11:52:28.837509
2025-09-24,37334,2025092404002939,UNHPL,J.F. Securites (PVT) Ltd.,Online Securities Pvt. Ltd.,24,482.0,11568.0,2025-09-24 11:52:28.837590
2025-09-24,37299,2025092404002948,UNHPL,Citizens Share Broker Limited,Online Securities Pvt. Ltd.,150,483.0,72450.0,2025-09-24 11:52:39.731672
2025-09-24,37298,2025092404002949,UNHPL,Citizens Share Broker Limited,Linch Stock Market Ltd.,75,483.9,36292.5,2025-09-24 11:52:39.731874
2025-09-24,37297,2025092404002950,UNHPL,Citizens Share Broker Limited,Trisul Securities & Invt. Ltd.,61,484.0,29524.0,2025-09-24 11:52:39.731975
2025-09-24,37296,2025092404002951,UNHPL,Citizens Share Broker Limited,Trishakti Securities Public Limited,10,484.0,4840.0,2025-09-24 11:52:39.732076
2025-09-24,37295,2025092404002952,UNHPL,Citizens Share Broker Limited,Naasa Securities Co. Ltd.,100,484.0,48400.0,2025-09-24 11:52:39.732177
2025-09-24,37294,2025092404002953,UNHPL,Citizens Share Broker Limited,Naasa Securities Co. Ltd.,50,484.0,24200.0,2025-09-24 11:52:39.732351
2025-09-24,37293,2025092404002954,UNHPL,Citizens Share Broker Limited,Dakshinkali Investment & Securities Pvt. Ltd.,54,484.0,26136.0,2025-09-24 11:52:39.732450
2025-09-24,37276,2025092404002957,UNHPL,Capital Hub P. Ltd,Dakshinkali Investment & Securities Pvt. Ltd.,46,484.0,22264.0,2025-09-24 11:52:46.211366
2025-09-24,37275,2025092404002958,UNHPL,Capital Hub P. Ltd,Naasa Securities Co. Ltd.,100,484.0,48400.0,2025-09-24 11:52:46.211797
2025-09-24,37274,2025092404002959,UNHPL,Capital Hub P. Ltd,Trishakti Securities Public Limited,1000,484.0,484000.0,2025-09-24 11:52:46.212085
2025-09-24,37273,2025092404002960,UNHPL,Capital Hub P. Ltd,Aryatara Investment & Securities,100,484.0,48400.0,2025-09-24 11:52:46.212349
2025-09-24,37271,2025092404002961,UNHPL,Capital Hub P. Ltd,Hatemalo Financial Services Private Limited,500,484.0,242000.0,2025-09-24 11:52:46.661242
2025-09-24,37160,2025092404002974,UNHPL,J.F. Securites (PVT) Ltd.,Vision Securities Pvt. Ltd,100,484.4,48440.0,2025-09-24 11:53:18.778822
2025-09-24,37159,2025092404002975,UNHPL,J.F. Securites (PVT) Ltd.,Neev Securities Pvt. Ltd.,100,484.5,48450.0,2025-09-24 11:53:18.778959
2025-09-24,37158,2025092404002976,UNHPL,J.F. Securites (PVT) Ltd.,Premier Securities Company Ltd.,10,484.9,4849.0,2025-09-24 11:53:18.779057
2025-09-24,37157,2025092404002977,UNHPL,J.F. Securites (PVT) Ltd.,Sundhara Securities Limited,200,484.9,96980.0,2025-09-24 11:53:18.779145
2025-09-24,37156,2025092404002978,UNHPL,J.F. Securites (PVT) Ltd.,Primo Securities (PVT) Ltd.,500,484.9,242450.0,2025-09-24 11:53:18.779256
2025-09-24,37155,2025092404002979,UNHPL,J.F. Securites (PVT) Ltd.,Infinity Securities Limited,1000,484.9,484900.0,2025-09-24 11:53:18.779343
2025-09-24,37154,2025092404002980,UNHPL,J.F. Securites (PVT) Ltd.,Imperial Securities Company Pvt. Ltd.,50,484.9,24245.0,2025-09-24 11:53:18.779411
2025-09-24,37153,2025092404002981,UNHPL,J.F. Securites (PVT) Ltd.,J.F. Securites (PVT) Ltd.,500,485.0,242500.0,2025-09-24 11:53:18.779482
2025-09-24,37152,2025092404002982,UNHPL,J.F. Securites (PVT) Ltd.,Online Securities Pvt. Ltd.,120,485.0,58200.0,2025-09-24 11:53:18.779545
2025-09-24,37151,2025092404002983,UNHPL,J.F. Securites (PVT) Ltd.,Online Securities Pvt. Ltd.,120,485.0,58200.0,2025-09-24 11:53:18.779615
2025-09-24,37150,2025092404002984,UNHPL,J.F. Securites (PVT) Ltd.,Arun Securities (PVT) Ltd.,306,485.0,148410.0,2025-09-24 11:53:18.779671
2025-09-24,37149,2025092404002985,UNHPL,J.F. Securites (PVT) Ltd.,Imperial Securities Company Pvt. Ltd.,50,485.0,24250.0,2025-09-24 11:53:18.779752
2025-09-24,37148,2025092404002986,UNHPL,J.F. Securites (PVT) Ltd.,Naasa Securities Co. Ltd.,863,485.0,418555.0,2025-09-24 11:53:18.779806
2025-09-24,37147,2025092404002987,UNHPL,J.F. Securites (PVT) Ltd.,Imperial Securities Company Pvt. Ltd.,1081,485.0,524285.0,2025-09-24 11:53:18.779861
2025-09-24,37136,2025092404002989,UNHPL,Capital Hub P. Ltd,Opal Securities Investment (PVT) Ltd.,254,484.0,122936.0,2025-09-24 11:53:20.237129
2025-09-24,37135,2025092404002990,UNHPL,Naasa Securities Co. Ltd.,Opal Securities Investment (PVT) Ltd.,1000,484.0,484000.0,2025-09-24 11:53:20.237568
2025-09-24,37090,2025092404002999,UNHPL,Prabhu Stock Market Limited,Himalayan Securities Limited,1000,483.0,483000.0,2025-09-24 11:53:40.836377
2025-09-24,37042,2025092404003015,UNHPL,SUN SECURITIES PVT LTD,Dynamic Money Managers Securities Pvt. Ltd.,10,484.0,4840.0,2025-09-24 11:53:57.729282
2025-09-24,37041,2025092404003016,UNHPL,SUN SECURITIES PVT LTD,Imperial Securities Company Pvt. Ltd.,58,485.0,28130.0,2025-09-24 11:53:57.729711
2025-09-24,37040,2025092404003017,UNHPL,SUN SECURITIES PVT LTD,Shree Krishna Securities Ltd.,100,485.0,48500.0,2025-09-24 11:53:57.729949
2025-09-24,37039,2025092404003018,UNHPL,SUN SECURITIES PVT LTD,Nepal Stock House (PVT) Ltd.,50,485.0,24250.0,2025-09-24 11:53:57.730251
2025-09-24,37038,2025092404003019,UNHPL,SUN SECURITIES PVT LTD,Kumari Securities Private Limited,1000,485.0,485000.0,2025-09-24 11:53:57.730499
2025-09-24,37037,2025092404003020,UNHPL,SUN SECURITIES PVT LTD,Sri Hari Securities Pvt. Ltd.,400,485.0,194000.0,2025-09-24 11:53:57.730759
2025-09-24,37036,2025092404003021,UNHPL,SUN SECURITIES PVT LTD,Naasa Securities Co. Ltd.,47,485.0,22795.0,2025-09-24 11:53:57.730978
2025-09-24,37035,2025092404003022,UNHPL,SUN SECURITIES PVT LTD,Trishakti Securities Public Limited,10,485.0,4850.0,2025-09-24 11:53:57.731206
2025-09-24,37034,2025092404003023,UNHPL,SUN SECURITIES PVT LTD,APPLE SECURITIES PRIVATE LIMITED,100,485.0,48500.0,2025-09-24 11:53:57.731470
2025-09-24,37033,2025092404003024,UNHPL,SUN SECURITIES PVT LTD,Neev Securities Pvt. Ltd.,750,485.0,363750.0,2025-09-24 11:53:57.731737
2025-09-24,37032,2025092404003025,UNHPL,SUN SECURITIES PVT LTD,Naasa Securities Co. Ltd.,100,485.0,48500.0,2025-09-24 11:53:57.731949
2025-09-24,37031,2025092404003026,UNHPL,SUN SECURITIES PVT LTD,Imperial Securities Company Pvt. Ltd.,2375,485.0,1151875.0,2025-09-24 11:53:57.732190
2025-09-24,36986,2025092404003034,UNHPL,Prabhu Stock Market Limited,Opal Securities Investment (PVT) Ltd.,2333,483.0,1126839.0,2025-09-24 11:54:13.402676
2025-09-24,36985,2025092404003035,UNHPL,J.F. Securites (PVT) Ltd.,Opal Securities Investment (PVT) Ltd.,2976,483.0,1437408.0,2025-09-24 11:54:13.403026
2025-09-24,36977,2025092404003039,UNHPL,Prabhu Stock Market Limited,Imperial Securities Company Pvt. Ltd.,116,485.0,56260.0,2025-09-24 11:54:14.813495
2025-09-24,36976,2025092404003040,UNHPL,Prabhu Stock Market Limited,Naasa Securities Co. Ltd.,60,485.6,29136.0,2025-09-24 11:54:14.813600
2025-09-24,36975,2025092404003041,UNHPL,Prabhu Stock Market Limited,Siprabi Securities Pvt. Ltd.,124,485.8,60239.2,2025-09-24 11:54:14.813703
2025-09-24,36896,2025092404003060,UNHPL,Capital Max Securities Ltd,Sumeru Securities Pvt. Ltd.,76,485.0,36860.0,2025-09-24 11:54:48.894469
2025-09-24,36845,2025092404003065,UNHPL,ABC Securities Private Limited,Sumeru Securities Pvt. Ltd.,15,485.0,7275.0,2025-09-24 11:54:56.195066
2025-09-24,36766,2025092404003087,UNHPL,Hatemalo Financial Services Private Limited,Aryatara Investment & Securities,410,484.9,198809.0,2025-09-24 11:55:37.093799
2025-09-24,36765,2025092404003088,UNHPL,Hatemalo Financial Services Private Limited,BHOLE GANESH SECURITIES LTD,90,485.0,43650.0,2025-09-24 11:55:37.094180
2025-09-24,36733,2025092404003095,UNHPL,Pragyan Securities (PVT) Ltd.,BHOLE GANESH SECURITIES LTD,500,485.0,242500.0,2025-09-24 11:55:50.885780
2025-09-24,36723,2025092404003096,UNHPL,Secured Securities Ltd.,BHOLE GANESH SECURITIES LTD,10,485.0,4850.0,2025-09-24 11:55:55.184661
2025-09-24,36681,2025092404003103,UNHPL,Dipshikha Dhitopatra Karobar Co. Pvt Ltd.,Market Securities & Exchange (PVT) Ltd.,50,483.3,24165.0,2025-09-24 11:56:11.366579
2025-09-24,36679,2025092404003104,UNHPL,Dipshikha Dhitopatra Karobar Co. Pvt Ltd.,Nagarik Stock Dealer ,50,483.3,24165.0,2025-09-24 11:56:12.115941
2025-09-24,36678,2025092404003105,UNHPL,Market Securities & Exchange (PVT) Ltd.,Nagarik Stock Dealer ,100,483.1,48310.0,2025-09-24 11:56:12.116152
2025-09-24,36677,2025092404003106,UNHPL,Secured Securities Ltd.,Nagarik Stock Dealer ,799,483.1,385996.9,2025-09-24 11:56:12.116239
2025-09-24,36676,2025092404003107,UNHPL,Capital Hub P. Ltd,Nagarik Stock Dealer ,51,483.0,24633.0,2025-09-24 11:56:12.116341
2025-09-24,36662,2025092404003111,UNHPL,Capital Hub P. Ltd,Nagarik Stock Dealer ,949,483.0,458367.0,2025-09-24 11:56:17.140701
2025-09-24,36661,2025092404003112,UNHPL,INDEX SECURITIES LIMITED,Nagarik Stock Dealer ,51,483.0,24633.0,2025-09-24 11:56:17.140801
2025-09-24,36633,2025092404003115,UNHPL,Capital Max Securities Ltd,BHOLE GANESH SECURITIES LTD,14,485.0,6790.0,2025-09-24 11:56:23.154259
2025-09-24,36509,2025092404003138,UNHPL,SUN SECURITIES PVT LTD,BHOLE GANESH SECURITIES LTD,1386,485.0,672210.0,2025-09-24 11:57:05.029968
2025-09-24,36508,2025092404003139,UNHPL,SUN SECURITIES PVT LTD,Sani Securities Company Ltd.,614,485.0,297790.0,2025-09-24 11:57:05.030172
2025-09-24,36501,2025092404003143,UNHPL,Nepal Stock House (PVT) Ltd.,Sani Securities Company Ltd.,176,485.0,85360.0,2025-09-24 11:57:07.352522
2025-09-24,36500,2025092404003144,UNHPL,Nepal Stock House (PVT) Ltd.,Online Securities Pvt. Ltd.,10,485.0,4850.0,2025-09-24 11:57:07.352902
2025-09-24,36499,2025092404003145,UNHPL,Nepal Stock House (PVT) Ltd.,Naasa Securities Co. Ltd.,14,485.0,6790.0,2025-09-24 11:57:07.353140
2025-09-24,36462,2025092404003154,UNHPL,Pragyan Securities (PVT) Ltd.,Capital Max Securities Ltd,500,483.7,241850.0,2025-09-24 11:57:20.326653
2025-09-24,36421,2025092404003159,UNHPL,Capital Max Securities Ltd,Capital Max Securities Ltd,200,483.7,96740.0,2025-09-24 11:57:30.379902
2025-09-24,36406,2025092404003163,UNHPL,ABC Securities Private Limited,Sumeru Securities Pvt. Ltd.,400,483.2,193280.0,2025-09-24 11:57:39.991525
2025-09-24,36405,2025092404003164,UNHPL,INDEX SECURITIES LIMITED,Sumeru Securities Pvt. Ltd.,349,483.0,168567.0,2025-09-24 11:57:39.991601
2025-09-24,36404,2025092404003165,UNHPL,Sani Securities Company Ltd.,Sumeru Securities Pvt. Ltd.,200,483.0,96600.0,2025-09-24 11:57:39.991638
2025-09-24,36403,2025092404003166,UNHPL,Capital Max Securities Ltd,Sumeru Securities Pvt. Ltd.,51,482.3,24597.3,2025-09-24 11:57:39.991666
2025-09-24,36314,2025092404003190,UNHPL,Naasa Securities Co. Ltd.,Sewa Securities Pvt. Ltd.,255,483.2,123216.0,2025-09-24 11:58:13.596296
2025-09-24,36313,2025092404003191,UNHPL,Naasa Securities Co. Ltd.,Kohinoor Investment & Securities Pvt. Ltd.,500,484.9,242450.0,2025-09-24 11:58:13.596523
2025-09-24,36312,2025092404003192,UNHPL,Naasa Securities Co. Ltd.,Naasa Securities Co. Ltd.,275,485.0,133375.0,2025-09-24 11:58:13.596611
2025-09-24,36305,2025092404003194,UNHPL,Sani Securities Company Ltd.,SHUBHAKAMANA SECURITIES PVT. LTD,1000,483.0,483000.0,2025-09-24 11:58:17.704750
2025-09-24,36268,2025092404003207,UNHPL,N.I.M.B. Stock Markets Limited,Naasa Securities Co. Ltd.,11,485.0,5335.0,2025-09-24 11:58:28.922250
2025-09-24,36267,2025092404003208,UNHPL,N.I.M.B. Stock Markets Limited,Trishakti Securities Public Limited,10,485.0,4850.0,2025-09-24 11:58:28.922480
2025-09-24,36266,2025092404003209,UNHPL,N.I.M.B. Stock Markets Limited,Sumeru Securities Pvt. Ltd.,9,485.0,4365.0,2025-09-24 11:58:28.922553
2025-09-24,36238,2025092404003211,UNHPL,Opal Securities Investment (PVT) Ltd.,SHUBHAKAMANA SECURITIES PVT. LTD,35,483.1,16908.5,2025-09-24 11:58:35.764788
2025-09-24,36237,2025092404003212,UNHPL,Capital Max Securities Ltd,SHUBHAKAMANA SECURITIES PVT. LTD,965,483.1,466191.5,2025-09-24 11:58:35.764868
2025-09-24,36146,2025092404003231,UNHPL,Capital Max Securities Ltd,Siprabi Securities Pvt. Ltd.,590,483.1,285029.0,2025-09-24 11:59:08.740843
2025-09-24,36145,2025092404003232,UNHPL,Sani Securities Company Ltd.,Siprabi Securities Pvt. Ltd.,500,483.0,241500.0,2025-09-24 11:59:08.740902
2025-09-24,36144,2025092404003233,UNHPL,Shree Krishna Securities Ltd.,Siprabi Securities Pvt. Ltd.,1000,482.5,482500.0,2025-09-24 11:59:08.740931
2025-09-24,36143,2025092404003234,UNHPL,Sewa Securities Pvt. Ltd.,Siprabi Securities Pvt. Ltd.,200,482.4,96480.0,2025-09-24 11:59:08.740960
2025-09-24,36142,2025092404003235,UNHPL,Global IME Securities Limited,Siprabi Securities Pvt. Ltd.,210,482.0,101220.0,2025-09-24 11:59:08.740986
2025-09-24,35736,2025092404003362,UNHPL,Cristal Kanchanjanga Securites Pvt. Ltd.,Citizens Share Broker Limited,1000,482.8,482800.0,2025-09-24 12:01:13.746422
2025-09-24,35735,2025092404003363,UNHPL,Pragyan Securities (PVT) Ltd.,Citizens Share Broker Limited,500,482.7,241350.0,2025-09-24 12:01:13.746494
2025-09-24,35734,2025092404003364,UNHPL,Capital Max Securities Ltd,Citizens Share Broker Limited,1500,482.6,723900.0,2025-09-24 12:01:13.746522
2025-09-24,35675,2025092404003371,UNHPL,Capital Max Securities Ltd,Citizens Share Broker Limited,500,482.6,241300.0,2025-09-24 12:01:27.807186
2025-09-24,35645,2025092404003384,UNHPL,Market Securities & Exchange (PVT) Ltd.,Kohinoor Investment & Securities Pvt. Ltd.,100,482.1,48210.0,2025-09-24 12:01:37.211167
2025-09-24,35644,2025092404003385,UNHPL,Global IME Securities Limited,Kohinoor Investment & Securities Pvt. Ltd.,390,482.0,187980.0,2025-09-24 12:01:37.211365
2025-09-24,35643,2025092404003386,UNHPL,Capital Max Securities Ltd,Kohinoor Investment & Securities Pvt. Ltd.,300,482.0,144600.0,2025-09-24 12:01:37.211451
2025-09-24,35642,2025092404003387,UNHPL,Sani Securities Company Ltd.,Kohinoor Investment & Securities Pvt. Ltd.,100,482.0,48200.0,2025-09-24 12:01:37.211533
2025-09-24,35641,2025092404003388,UNHPL,ABC Securities Private Limited,Kohinoor Investment & Securities Pvt. Ltd.,100,480.5,48050.0,2025-09-24 12:01:37.211613
2025-09-24,35640,2025092404003389,UNHPL,ABC Securities Private Limited,Kohinoor Investment & Securities Pvt. Ltd.,700,480.4,336280.0,2025-09-24 12:01:37.211697
2025-09-24,35639,2025092404003390,UNHPL,Market Securities & Exchange (PVT) Ltd.,Kohinoor Investment & Securities Pvt. Ltd.,100,480.3,48030.0,2025-09-24 12:01:37.211779
2025-09-24,35638,2025092404003391,UNHPL,SUN SECURITIES PVT LTD,Kohinoor Investment & Securities Pvt. Ltd.,210,480.1,100821.0,2025-09-24 12:01:37.211861
2025-09-24,35626,2025092404003393,UNHPL,SUN SECURITIES PVT LTD,Citizens Share Broker Limited,507,480.1,243410.7,2025-09-24 12:01:41.839386
2025-09-24,35622,2025092404003394,UNHPL,SUN SECURITIES PVT LTD,Vision Securities Pvt. Ltd,1000,480.1,480100.0,2025-09-24 12:01:43.663760
2025-09-24,35603,2025092404003396,UNHPL,SUN SECURITIES PVT LTD,SHUBHAKAMANA SECURITIES PVT. LTD,283,480.1,135868.3,2025-09-24 12:01:56.330916
2025-09-24,35602,2025092404003397,UNHPL,Dipshikha Dhitopatra Karobar Co. Pvt Ltd.,SHUBHAKAMANA SECURITIES PVT. LTD,200,480.0,96000.0,2025-09-24 12:01:56.331114
2025-09-24,35601,2025092404003398,UNHPL,Market Securities & Exchange (PVT) Ltd.,SHUBHAKAMANA SECURITIES PVT. LTD,400,480.0,192000.0,2025-09-24 12:01:56.331196
2025-09-24,35600,2025092404003399,UNHPL,Nepal Investment And Securities Trading Private Limited,SHUBHAKAMANA SECURITIES PVT. LTD,100,480.0,48000.0,2025-09-24 12:01:56.331279
2025-09-24,35599,2025092404003400,UNHPL,SHUBHAKAMANA SECURITIES PVT. LTD,SHUBHAKAMANA SECURITIES PVT. LTD,17,480.0,8160.0,2025-09-24 12:01:56.331367
2025-09-24,35598,2025092404003401,UNHPL,SHUBHAKAMANA SECURITIES PVT. LTD,Bhrikuti Stock Broking Co. Pvt. Ltd.,33,480.0,15840.0,2025-09-24 12:01:57.258041
2025-09-24,35597,2025092404003402,UNHPL,Capital Max Securities Ltd,Bhrikuti Stock Broking Co. Pvt. Ltd.,100,480.0,48000.0,2025-09-24 12:01:57.258440
2025-09-24,35592,2025092404003403,UNHPL,Bhrikuti Stock Broking Co. Pvt. Ltd.,Bhrikuti Stock Broking Co. Pvt. Ltd.,60,480.0,28800.0,2025-09-24 12:01:58.266779
2025-09-24,35548,2025092404003409,UNHPL,Sumeru Securities Pvt. Ltd.,Naasa Securities Co. Ltd.,50,479.9,23995.0,2025-09-24 12:02:12.771459
2025-09-24,35531,2025092404003420,UNHPL,Sumeru Securities Pvt. Ltd.,Bhrikuti Stock Broking Co. Pvt. Ltd.,200,479.9,95980.0,2025-09-24 12:02:18.378355
2025-09-24,35530,2025092404003421,UNHPL,Vision Securities Pvt. Ltd,Bhrikuti Stock Broking Co. Pvt. Ltd.,300,478.0,143400.0,2025-09-24 12:02:18.378454
2025-09-24,35234,2025092404003458,UNHPL,Market Securities & Exchange (PVT) Ltd.,Kohinoor Investment & Securities Pvt. Ltd.,100,478.2,47820.0,2025-09-24 12:03:52.779978
2025-09-24,35219,2025092404003461,UNHPL,Capital Max Securities Ltd,Bhrikuti Stock Broking Co. Pvt. Ltd.,107,478.1,51156.7,2025-09-24 12:03:59.892460
2025-09-24,35130,2025092404003477,UNHPL,Sewa Securities Pvt. Ltd.,J.F. Securites (PVT) Ltd.,100,479.0,47900.0,2025-09-24 12:04:34.103387
2025-09-24,35097,2025092404003485,UNHPL,Sewa Securities Pvt. Ltd.,Sani Securities Company Ltd.,100,479.0,47900.0,2025-09-24 12:04:43.757452
2025-09-24,35015,2025092404003506,UNHPL,Capital Max Securities Ltd,BHOLE GANESH SECURITIES LTD,1785,480.0,856800.0,2025-09-24 12:05:10.873194
2025-09-24,35014,2025092404003507,UNHPL,Capital Max Securities Ltd,Primo Securities (PVT) Ltd.,50,480.0,24000.0,2025-09-24 12:05:10.873454
2025-09-24,34981,2025092404003519,UNHPL,Agrawal Securities (PVT) Ltd.,Neev Securities Pvt. Ltd.,75,482.0,36150.0,2025-09-24 12:05:21.483784
2025-09-24,34967,2025092404003521,UNHPL,Capital Max Securities Ltd,Neev Securities Pvt. Ltd.,10,482.0,4820.0,2025-09-24 12:05:26.963529
2025-09-24,34892,2025092404003543,UNHPL,Capital Max Securities Ltd,Kohinoor Investment & Securities Pvt. Ltd.,50,480.0,24000.0,2025-09-24 12:05:54.252578
2025-09-24,34727,2025092404003563,UNHPL,Capital Max Securities Ltd,Vision Securities Pvt. Ltd,115,480.0,55200.0,2025-09-24 12:06:39.391855
2025-09-24,34556,2025092404003597,UNHPL,Sani Securities Company Ltd.,Vision Securities Pvt. Ltd,10,481.9,4819.0,2025-09-24 12:07:23.249559
2025-09-24,34167,2025092404003703,UNHPL,Capital Max Securities Ltd,Vision Securities Pvt. Ltd,62,480.1,29766.2,2025-09-24 12:08:57.582928
2025-09-24,34166,2025092404003704,UNHPL,Trishakti Securities Public Limited,Vision Securities Pvt. Ltd,255,480.0,122400.0,2025-09-24 12:08:57.583409
2025-09-24,33837,2025092404003802,UNHPL,Sanima Securities Limited,Aryatara Investment & Securities,260,480.0,124800.0,2025-09-24 12:10:50.013281
2025-09-24,33571,2025092404003839,UNHPL,Cristal Kanchanjanga Securites Pvt. Ltd.,Trishakti Securities Public Limited,1000,478.8,478800.0,2025-09-24 12:12:07.179653
2025-09-24,33570,2025092404003840,UNHPL,Neev Securities Pvt. Ltd.,Trishakti Securities Public Limited,50,478.7,23935.0,2025-09-24 12:12:07.179726
2025-09-24,33569,2025092404003841,UNHPL,Sewa Securities Pvt. Ltd.,Trishakti Securities Public Limited,100,478.6,47860.0,2025-09-24 12:12:07.179762
2025-09-24,33568,2025092404003842,UNHPL,South Asian Bulls Pvt. Ltd.,Trishakti Securities Public Limited,850,478.6,406810.0,2025-09-24 12:12:07.179787
2025-09-24,33517,2025092404003845,UNHPL,South Asian Bulls Pvt. Ltd.,Linch Stock Market Ltd.,240,478.6,114864.0,2025-09-24 12:12:24.556497
2025-09-24,33268,2025092404003896,UNHPL,K.B.L. Securities Limited ,Secured Securities Ltd.,150,479.9,71985.0,2025-09-24 12:13:55.930974
2025-09-24,33267,2025092404003897,UNHPL,K.B.L. Securities Limited ,Sani Securities Company Ltd.,850,480.0,408000.0,2025-09-24 12:13:55.931045
2025-09-24,33095,2025092404003958,UNHPL,Trishakti Securities Public Limited,South Asian Bulls Pvt. Ltd.,100,479.0,47900.0,2025-09-24 12:14:48.528973
2025-09-24,32604,2025092404004073,UNHPL,Miyo Securities Pvt Ltd,Sani Securities Company Ltd.,150,480.0,72000.0,2025-09-24 12:16:45.548305
2025-09-24,32603,2025092404004074,UNHPL,Miyo Securities Pvt Ltd,Aryatara Investment & Securities,850,480.1,408085.0,2025-09-24 12:16:45.548655
2025-09-24,32349,2025092404004142,UNHPL,Naasa Securities Co. Ltd.,South Asian Bulls Pvt. Ltd.,50,479.0,23950.0,2025-09-24 12:17:39.187309
2025-09-24,32348,2025092404004143,UNHPL,South Asian Bulls Pvt. Ltd.,South Asian Bulls Pvt. Ltd.,50,478.9,23945.0,2025-09-24 12:17:39.187561
2025-09-24,32024,2025092404004248,UNHPL,South Asian Bulls Pvt. Ltd.,Online Securities Pvt. Ltd.,860,479.1,412026.0,2025-09-24 12:18:33.670105
2025-09-24,32023,2025092404004249,UNHPL,Miyo Securities Pvt Ltd,Online Securities Pvt. Ltd.,140,479.0,67060.0,2025-09-24 12:18:33.670390
2025-09-24,31886,2025092404004304,UNHPL,Stoxkarts Securities Limited,Aryatara Investment & Securities,235,479.1,112588.5,2025-09-24 12:18:55.109832
2025-09-24,31720,2025092404004338,UNHPL,Stoxkarts Securities Limited,Trishakti Securities Public Limited,265,479.1,126961.5,2025-09-24 12:19:33.419705
2025-09-24,31719,2025092404004339,UNHPL,Miyo Securities Pvt Ltd,Trishakti Securities Public Limited,65,479.0,31135.0,2025-09-24 12:19:33.420191
2025-09-24,31414,2025092404004422,UNHPL,Miyo Securities Pvt Ltd,Cristal Kanchanjanga Securites Pvt. Ltd.,1000,480.0,480000.0,2025-09-24 12:20:46.016849
2025-09-24,31217,2025092404004455,UNHPL,Miyo Securities Pvt Ltd,Aryatara Investment & Securities,150,480.1,72015.0,2025-09-24 12:21:27.163040
2025-09-24,31216,2025092404004456,UNHPL,Miyo Securities Pvt Ltd,Linch Stock Market Ltd.,350,480.1,168035.0,2025-09-24 12:21:27.163329
2025-09-24,31172,2025092404004472,UNHPL,ABC Securities Private Limited,Linch Stock Market Ltd.,150,480.1,72015.0,2025-09-24 12:21:41.602792
2025-09-24,31036,2025092404004503,UNHPL,Miyo Securities Pvt Ltd,Linch Stock Market Ltd.,300,480.0,144000.0,2025-09-24 12:22:28.957115
2025-09-24,30825,2025092404004567,UNHPL,SUN SECURITIES PVT LTD,Online Securities Pvt. Ltd.,247,481.0,118807.0,2025-09-24 12:23:36.493083
2025-09-24,30817,2025092404004568,UNHPL,SUN SECURITIES PVT LTD,Trishakti Securities Public Limited,10,481.0,4810.0,2025-09-24 12:23:40.313844
2025-09-24,30672,2025092404004590,UNHPL,Capital Max Securities Ltd,Vision Securities Pvt. Ltd,48,481.7,23121.6,2025-09-24 12:24:17.959483
2025-09-24,30671,2025092404004591,UNHPL,Capital Max Securities Ltd,Kalika Securities Pvt. Ltd.,100,481.8,48180.0,2025-09-24 12:24:17.960017
2025-09-24,30670,2025092404004592,UNHPL,Capital Max Securities Ltd,Vision Securities Pvt. Ltd,75,481.9,36142.5,2025-09-24 12:24:17.960372
2025-09-24,30669,2025092404004593,UNHPL,Capital Max Securities Ltd,Neev Securities Pvt. Ltd.,115,482.0,55430.0,2025-09-24 12:24:17.960690
2025-09-24,30668,2025092404004594,UNHPL,Capital Max Securities Ltd,Pragyan Securities (PVT) Ltd.,20,482.0,9640.0,2025-09-24 12:24:17.961013
2025-09-24,30667,2025092404004595,UNHPL,Capital Max Securities Ltd,Thrive Brokerage House Pvt. Ltd,50,483.0,24150.0,2025-09-24 12:24:17.961331
2025-09-24,30666,2025092404004596,UNHPL,Capital Max Securities Ltd,Cristal Kanchanjanga Securites Pvt. Ltd.,500,483.0,241500.0,2025-09-24 12:24:17.961632
2025-09-24,30665,2025092404004597,UNHPL,Capital Max Securities Ltd,Pragyan Securities (PVT) Ltd.,15,483.0,7245.0,2025-09-24 12:24:17.961936
2025-09-24,30664,2025092404004598,UNHPL,Capital Max Securities Ltd,Siprabi Securities Pvt. Ltd.,40,483.0,19320.0,2025-09-24 12:24:17.962237
2025-09-24,30663,2025092404004599,UNHPL,Capital Max Securities Ltd,N.I.M.B. Stock Markets Limited,100,483.9,48390.0,2025-09-24 12:24:17.962564
2025-09-24,30662,2025092404004600,UNHPL,Capital Max Securities Ltd,Malla & Malla Stock Broking Company Pvt. Limited,500,484.0,242000.0,2025-09-24 12:24:17.962870
2025-09-24,30661,2025092404004601,UNHPL,Capital Max Securities Ltd,Nepal Investment And Securities Trading Private Limited,200,484.0,96800.0,2025-09-24 12:24:17.963171
2025-09-24,30660,2025092404004602,UNHPL,Capital Max Securities Ltd,Secured Securities Ltd.,237,484.0,114708.0,2025-09-24 12:24:17.963483
2025-09-24,30487,2025092404004641,UNHPL,Aryatara Investment & Securities,Naasa Securities Co. Ltd.,50,483.9,24195.0,2025-09-24 12:25:17.014087
2025-09-24,30486,2025092404004642,UNHPL,Aryatara Investment & Securities,Secured Securities Ltd.,63,484.0,30492.0,2025-09-24 12:25:17.014376
2025-09-24,30485,2025092404004643,UNHPL,Aryatara Investment & Securities,Online Securities Pvt. Ltd.,87,484.0,42108.0,2025-09-24 12:25:17.014487
2025-09-24,30382,2025092404004664,UNHPL,Sanima Securities Limited,Kalika Securities Pvt. Ltd.,200,483.8,96760.0,2025-09-24 12:25:49.862119
2025-09-24,30381,2025092404004665,UNHPL,Sanima Securities Limited,R.B.B. Securities Company Ltd,300,483.9,145170.0,2025-09-24 12:25:49.862687
2025-09-24,30362,2025092404004669,UNHPL,Miyo Securities Pvt Ltd,R.B.B. Securities Company Ltd,595,483.9,287920.5,2025-09-24 12:25:58.171859
2025-09-24,30361,2025092404004670,UNHPL,Miyo Securities Pvt Ltd,Online Securities Pvt. Ltd.,113,484.0,54692.0,2025-09-24 12:25:58.172150
2025-09-24,30360,2025092404004671,UNHPL,Miyo Securities Pvt Ltd,Malla & Malla Stock Broking Company Pvt. Limited,75,484.0,36300.0,2025-09-24 12:25:58.172269
2025-09-24,30359,2025092404004672,UNHPL,Miyo Securities Pvt Ltd,Trishakti Securities Public Limited,10,484.0,4840.0,2025-09-24 12:25:58.172384
2025-09-24,30358,2025092404004673,UNHPL,Miyo Securities Pvt Ltd,Sani Securities Company Ltd.,200,484.0,96800.0,2025-09-24 12:25:58.172489
2025-09-24,30357,2025092404004674,UNHPL,Miyo Securities Pvt Ltd,Bhrikuti Stock Broking Co. Pvt. Ltd.,100,484.0,48400.0,2025-09-24 12:25:58.172598
2025-09-24,30356,2025092404004675,UNHPL,Miyo Securities Pvt Ltd,Vision Securities Pvt. Ltd,178,484.5,86241.0,2025-09-24 12:25:58.172722
2025-09-24,30355,2025092404004676,UNHPL,Miyo Securities Pvt Ltd,Aryatara Investment & Securities,224,484.7,108572.8,2025-09-24 12:25:58.172825
2025-09-24,30150,2025092404004736,UNHPL,Capital Max Securities Ltd,Capital Max Securities Ltd,500,484.0,242000.0,2025-09-24 12:27:10.470548
2025-09-24,30126,2025092404004740,UNHPL,Capital Max Securities Ltd,Capital Max Securities Ltd,500,484.0,242000.0,2025-09-24 12:27:15.524416
2025-09-24,30109,2025092404004743,UNHPL,Capital Max Securities Ltd,Deevyaa Securities & Stock House Pvt. Ltd,50,484.6,24230.0,2025-09-24 12:27:20.541643
2025-09-24,30108,2025092404004744,UNHPL,Capital Max Securities Ltd,Vision Securities Pvt. Ltd,100,484.6,48460.0,2025-09-24 12:27:20.541898
2025-09-24,30107,2025092404004745,UNHPL,Capital Max Securities Ltd,Aryatara Investment & Securities,76,484.7,36837.2,2025-09-24 12:27:20.542003
2025-09-24,30106,2025092404004746,UNHPL,Capital Max Securities Ltd,Asian Securities Private Ltd.,274,484.8,132835.2,2025-09-24 12:27:20.542105
2025-09-24,30087,2025092404004749,UNHPL,Sipla Securities Private Limited,Capital Max Securities Ltd,200,484.0,96800.0,2025-09-24 12:27:28.562441
2025-09-24,30086,2025092404004750,UNHPL,Imperial Securities Company Pvt. Ltd.,Capital Max Securities Ltd,20,484.0,9680.0,2025-09-24 12:27:28.562750
2025-09-24,30068,2025092404004764,UNHPL,Capital Max Securities Ltd,Capital Max Securities Ltd,300,484.0,145200.0,2025-09-24 12:27:30.574153
2025-09-24,30010,2025092404004773,UNHPL,Sanima Securities Limited,Capital Max Securities Ltd,480,484.0,232320.0,2025-09-24 12:27:48.169939
2025-09-24,30009,2025092404004774,UNHPL,Sanima Securities Limited,Asian Securities Private Ltd.,226,484.8,109564.8,2025-09-24 12:27:48.170190
2025-09-24,30008,2025092404004775,UNHPL,Sanima Securities Limited,Shree Krishna Securities Ltd.,1000,484.9,484900.0,2025-09-24 12:27:48.170298
2025-09-24,30007,2025092404004776,UNHPL,Sanima Securities Limited,Vision Securities Pvt. Ltd,100,485.0,48500.0,2025-09-24 12:27:48.170421
2025-09-24,30006,2025092404004777,UNHPL,Sanima Securities Limited,Trishakti Securities Public Limited,100,485.0,48500.0,2025-09-24 12:27:48.170532
2025-09-24,30005,2025092404004778,UNHPL,Sanima Securities Limited,Online Securities Pvt. Ltd.,100,485.0,48500.0,2025-09-24 12:27:48.170666
2025-09-24,30004,2025092404004779,UNHPL,Sanima Securities Limited,Nepal Investment And Securities Trading Private Limited,50,485.0,24250.0,2025-09-24 12:27:48.170798
2025-09-24,30003,2025092404004780,UNHPL,Sanima Securities Limited,Aryatara Investment & Securities,500,485.0,242500.0,2025-09-24 12:27:48.170916
2025-09-24,30002,2025092404004781,UNHPL,Sanima Securities Limited,Online Securities Pvt. Ltd.,444,485.0,215340.0,2025-09-24 12:27:48.171039
2025-09-24,29894,2025092404004798,UNHPL,Sani Securities Company Ltd.,K.B.L. Securities Limited ,100,483.9,48390.0,2025-09-24 12:28:18.445769
2025-09-24,29883,2025092404004801,UNHPL,Trishakti Securities Public Limited,Capital Max Securities Ltd,500,484.5,242250.0,2025-09-24 12:28:22.880162
2025-09-24,29786,2025092404004813,UNHPL,ABC Securities Private Limited,Capital Max Securities Ltd,54,484.5,26163.0,2025-09-24 12:28:52.677360
2025-09-24,29741,2025092404004821,UNHPL,Sanima Securities Limited,Dynamic Money Managers Securities Pvt. Ltd.,200,484.9,96980.0,2025-09-24 12:29:10.387288
2025-09-24,29731,2025092404004824,UNHPL,Trishakti Securities Public Limited,Dynamic Money Managers Securities Pvt. Ltd.,500,484.9,242450.0,2025-09-24 12:29:14.089119
2025-09-24,29661,2025092404004838,UNHPL,ABC Securities Private Limited,Dynamic Money Managers Securities Pvt. Ltd.,356,484.9,172624.4,2025-09-24 12:29:39.876211
2025-09-24,29343,2025092404004895,UNHPL,Indira securities pvt. ltd,Creative Securities Pvt Ltd,50,482.3,24115.0,2025-09-24 12:31:42.986511
2025-09-24,29287,2025092404004922,UNHPL,Indira securities pvt. ltd,Vision Securities Pvt. Ltd,450,482.3,217035.0,2025-09-24 12:32:04.179686
2025-09-24,29286,2025092404004923,UNHPL,Sani Securities Company Ltd.,Vision Securities Pvt. Ltd,100,482.1,48210.0,2025-09-24 12:32:04.179987
2025-09-24,29285,2025092404004924,UNHPL,Premier Securities Company Ltd.,Vision Securities Pvt. Ltd,1450,482.0,698900.0,2025-09-24 12:32:04.180099
2025-09-24,29239,2025092404004934,UNHPL,Trishakti Securities Public Limited,Creative Securities Pvt Ltd,50,482.1,24105.0,2025-09-24 12:32:26.140546
2025-09-24,29166,2025092404004946,UNHPL,SUN SECURITIES PVT LTD,Thrive Brokerage House Pvt. Ltd,10,482.0,4820.0,2025-09-24 12:33:06.808051
2025-09-24,28953,2025092404004968,UNHPL,Miyo Securities Pvt Ltd,Thrive Brokerage House Pvt. Ltd,500,481.3,240650.0,2025-09-24 12:34:30.362430
2025-09-24,28879,2025092404004976,UNHPL,Miyo Securities Pvt Ltd,South Asian Bulls Pvt. Ltd.,300,481.3,144390.0,2025-09-24 12:35:06.121277
2025-09-24,28878,2025092404004977,UNHPL,Trishakti Securities Public Limited,South Asian Bulls Pvt. Ltd.,100,481.2,48120.0,2025-09-24 12:35:06.121817
2025-09-24,28877,2025092404004978,UNHPL,Indira securities pvt. ltd,South Asian Bulls Pvt. Ltd.,580,481.2,279096.0,2025-09-24 12:35:06.122140
2025-09-24,28876,2025092404004979,UNHPL,Indira securities pvt. ltd,South Asian Bulls Pvt. Ltd.,120,481.2,57744.0,2025-09-24 12:35:06.122467
2025-09-24,28867,2025092404004980,UNHPL,Indira securities pvt. ltd,Online Securities Pvt. Ltd.,380,481.2,182856.0,2025-09-24 12:35:09.935232
2025-09-24,28866,2025092404004981,UNHPL,Miyo Securities Pvt Ltd,Online Securities Pvt. Ltd.,620,481.0,298220.0,2025-09-24 12:35:09.935595
2025-09-24,28492,2025092404005065,UNHPL,Miyo Securities Pvt Ltd,Creative Securities Pvt Ltd,375,481.0,180375.0,2025-09-24 12:37:24.006717
2025-09-24,28466,2025092404005069,UNHPL,Sani Securities Company Ltd.,Trishakti Securities Public Limited,100,480.1,48010.0,2025-09-24 12:37:38.736299
2025-09-24,28465,2025092404005070,UNHPL,Indira securities pvt. ltd,Trishakti Securities Public Limited,495,480.0,237600.0,2025-09-24 12:37:38.736358
2025-09-24,28464,2025092404005071,UNHPL,Premier Securities Company Ltd.,Trishakti Securities Public Limited,405,479.1,194035.5,2025-09-24 12:37:38.736389
2025-09-24,28283,2025092404005111,UNHPL,Premier Securities Company Ltd.,Investment Management Nepal Pvt. Ltd.,25,479.1,11977.5,2025-09-24 12:38:57.531137
2025-09-24,28152,2025092404005127,UNHPL,Sewa Securities Pvt. Ltd.,Himalayan Brokerage Company Limited,200,479.2,95840.0,2025-09-24 12:39:50.195718
2025-09-24,28151,2025092404005128,UNHPL,Premier Securities Company Ltd.,Himalayan Brokerage Company Limited,620,479.1,297042.0,2025-09-24 12:39:50.196085
2025-09-24,28150,2025092404005129,UNHPL,Premier Securities Company Ltd.,Himalayan Brokerage Company Limited,2480,479.1,1188168.0,2025-09-24 12:39:50.196265
2025-09-24,28110,2025092404005139,UNHPL,Premier Securities Company Ltd.,Sundhara Securities Limited,20,479.1,9582.0,2025-09-24 12:40:03.448789
2025-09-24,28012,2025092404005163,UNHPL,Sharepro Securities Private Limited,Thrive Brokerage House Pvt. Ltd,500,479.0,239500.0,2025-09-24 12:40:34.487069
2025-09-24,27967,2025092404005171,UNHPL,Sharepro Securities Private Limited,Trishakti Securities Public Limited,1000,479.0,479000.0,2025-09-24 12:40:49.734932
2025-09-24,27867,2025092404005183,UNHPL,Sharepro Securities Private Limited,Trishakti Securities Public Limited,3500,479.0,1676500.0,2025-09-24 12:41:15.830443
2025-09-24,27866,2025092404005184,UNHPL,Sani Securities Company Ltd.,Trishakti Securities Public Limited,900,479.0,431100.0,2025-09-24 12:41:15.830752
2025-09-24,27865,2025092404005185,UNHPL,Sipla Securities Private Limited,Trishakti Securities Public Limited,200,479.0,95800.0,2025-09-24 12:41:15.830866
2025-09-24,27864,2025092404005186,UNHPL,Naasa Securities Co. Ltd.,Trishakti Securities Public Limited,119,479.0,57001.0,2025-09-24 12:41:15.830985
2025-09-24,27832,2025092404005191,UNHPL,Infinity Securities Limited,Trishakti Securities Public Limited,256,479.0,122624.0,2025-09-24 12:41:23.940492
2025-09-24,27594,2025092404005222,UNHPL,Infinity Securities Limited,J.F. Securites (PVT) Ltd.,10,479.1,4791.0,2025-09-24 12:42:51.343157
2025-09-24,27539,2025092404005242,UNHPL,Sharepro Securities Private Limited,S.P.S.A. Securities Limited,50,480.0,24000.0,2025-09-24 12:43:13.333122
2025-09-24,27538,2025092404005243,UNHPL,Sharepro Securities Private Limited,Secured Securities Ltd.,1000,480.0,480000.0,2025-09-24 12:43:13.333426
2025-09-24,27512,2025092404005247,UNHPL,Sharepro Securities Private Limited,Online Securities Pvt. Ltd.,1000,480.0,480000.0,2025-09-24 12:43:21.805757
2025-09-24,27490,2025092404005253,UNHPL,Sharepro Securities Private Limited,Trishakti Securities Public Limited,950,480.0,456000.0,2025-09-24 12:43:32.578342
2025-09-24,27467,2025092404005255,UNHPL,Sharepro Securities Private Limited,Trishakti Securities Public Limited,550,480.0,264000.0,2025-09-24 12:43:44.409954
2025-09-24,27466,2025092404005256,UNHPL,Sharepro Securities Private Limited,Creative Securities Pvt Ltd,500,480.0,240000.0,2025-09-24 12:43:44.410580
2025-09-24,27465,2025092404005257,UNHPL,Sharepro Securities Private Limited,Arun Securities (PVT) Ltd.,500,481.0,240500.0,2025-09-24 12:43:44.410970
2025-09-24,27464,2025092404005258,UNHPL,Sharepro Securities Private Limited,Thrive Brokerage House Pvt. Ltd,100,481.9,48190.0,2025-09-24 12:43:44.411350
2025-09-24,27463,2025092404005259,UNHPL,Sharepro Securities Private Limited,Agrawal Securities (PVT) Ltd.,100,482.0,48200.0,2025-09-24 12:43:44.411705
2025-09-24,27462,2025092404005260,UNHPL,Sharepro Securities Private Limited,Online Securities Pvt. Ltd.,200,482.0,96400.0,2025-09-24 12:43:44.412062
2025-09-24,27461,2025092404005261,UNHPL,Sharepro Securities Private Limited,Primo Securities (PVT) Ltd.,300,482.0,144600.0,2025-09-24 12:43:44.412420
2025-09-24,27460,2025092404005262,UNHPL,Sharepro Securities Private Limited,Dipshikha Dhitopatra Karobar Co. Pvt Ltd.,60,482.0,28920.0,2025-09-24 12:43:44.412812
2025-09-24,27213,2025092404005322,UNHPL,Sani Securities Company Ltd.,Kohinoor Investment & Securities Pvt. Ltd.,50,480.0,24000.0,2025-09-24 12:44:26.691949
2025-09-24,27212,2025092404005323,UNHPL,Sharepro Securities Private Limited,Kohinoor Investment & Securities Pvt. Ltd.,950,480.0,456000.0,2025-09-24 12:44:26.692288
2025-09-24,27169,2025092404005341,UNHPL,Sharepro Securities Private Limited,Online Securities Pvt. Ltd.,50,480.0,24000.0,2025-09-24 12:44:35.388136
2025-09-24,27047,2025092404005364,UNHPL,Aryatara Investment & Securities,Online Securities Pvt. Ltd.,150,479.2,71880.0,2025-09-24 12:45:16.649775
2025-09-24,26774,2025092404005425,UNHPL,Midas Stock Broking Company Private Limited,Aryatara Investment & Securities,100,480.0,48000.0,2025-09-24 12:47:08.962893
2025-09-24,26229,2025092404005545,UNHPL,Sharepro Securities Private Limited,Aryatara Investment & Securities,50,480.0,24000.0,2025-09-24 12:49:26.149393
2025-09-24,26228,2025092404005546,UNHPL,Sharepro Securities Private Limited,Opal Securities Investment (PVT) Ltd.,50,480.0,24000.0,2025-09-24 12:49:26.149685
2025-09-24,26058,2025092404005608,UNHPL,Sharepro Securities Private Limited,Sagarmatha Securities Private Limited,100,480.0,48000.0,2025-09-24 12:50:22.471080
2025-09-24,25942,2025092404005644,UNHPL,Sharepro Securities Private Limited,N.I.M.B. Stock Markets Limited,800,480.0,384000.0,2025-09-24 12:50:59.345672
2025-09-24,25847,2025092404005680,UNHPL,Dipshikha Dhitopatra Karobar Co. Pvt Ltd.,Dynamic Money Managers Securities Pvt. Ltd.,100,481.0,48100.0,2025-09-24 12:51:22.920879
2025-09-24,25548,2025092404005773,UNHPL,South Asian Bulls Pvt. Ltd.,Property Wiard Limited,100,480.9,48090.0,2025-09-24 12:53:12.259252
2025-09-24,25478,2025092404005785,UNHPL,Midas Stock Broking Company Private Limited,Shree Krishna Securities Ltd.,200,481.0,96200.0,2025-09-24 12:53:44.774551
2025-09-24,25411,2025092404005819,UNHPL,Midas Stock Broking Company Private Limited,Shree Krishna Securities Ltd.,200,481.0,96200.0,2025-09-24 12:54:02.833853
2025-09-24,25340,2025092404005839,UNHPL,Midas Stock Broking Company Private Limited,Shree Krishna Securities Ltd.,31,481.0,14911.0,2025-09-24 12:54:32.931280
2025-09-24,25241,2025092404005856,UNHPL,Sani Securities Company Ltd.,Trishakti Securities Public Limited,25,481.9,12047.5,2025-09-24 12:55:18.298701
2025-09-24,25240,2025092404005857,UNHPL,Sani Securities Company Ltd.,Creative Securities Pvt Ltd,50,482.0,24100.0,2025-09-24 12:55:18.299297
2025-09-24,25239,2025092404005858,UNHPL,Sani Securities Company Ltd.,Capital Max Securities Ltd,925,482.0,445850.0,2025-09-24 12:55:18.299670
2025-09-24,25044,2025092404005888,UNHPL,Property Wiard Limited,Capital Max Securities Ltd,15,482.0,7230.0,2025-09-24 12:57:07.990614
2025-09-24,25028,2025092404005894,UNHPL,Nepal Investment And Securities Trading Private Limited,Naasa Securities Co. Ltd.,50,480.3,24015.0,2025-09-24 12:57:12.168599
2025-09-24,24748,2025092404005951,UNHPL,Sani Securities Company Ltd.,Sundhara Securities Limited,5,479.1,2395.5,2025-09-24 12:59:33.780976
2025-09-24,24728,2025092404005961,UNHPL,South Asian Bulls Pvt. Ltd.,Capital Max Securities Ltd,60,482.0,28920.0,2025-09-24 12:59:40.163758
