Date,S.N.,contract_id,symbol,buyer_broker,seller_broker,volume,price,amount,transaction_time
2025-07-17,140823,2025071704000246,AKJCL,Siprabi Securities Pvt. Ltd.,Bhrikuti Stock Broking Co. Pvt. Ltd.,10,210.0,2100.0,2025-07-17 11:02:09.807095
2025-07-17,140736,2025071704000268,AKJCL,Creative Securities Pvt Ltd,Bhrikuti Stock Broking Co. Pvt. Ltd.,100,210.0,21000.0,2025-07-17 11:02:23.379385
2025-07-17,140572,2025071704000324,AKJCL,Nepal Stock House (PVT) Ltd.,Siprabi Securities Pvt. Ltd.,10,208.2,2082.0,2025-07-17 11:02:45.197635
2025-07-17,140571,2025071704000325,AKJCL,Dynamic Money Managers Securities Pvt. Ltd.,Siprabi Securities Pvt. Ltd.,10,208.2,2082.0,2025-07-17 11:02:45.197746
2025-07-17,140074,2025071704000469,AKJCL,Malla & Malla Stock Broking Company Pvt. Limited,Bhrikuti Stock Broking Co. Pvt. Ltd.,100,210.0,21000.0,2025-07-17 11:04:03.277798
2025-07-17,139784,2025071704000570,AKJCL,Shree Krishna Securities Ltd.,Bhrikuti Stock Broking Co. Pvt. Ltd.,90,210.0,18900.0,2025-07-17 11:04:42.052764
2025-07-17,139552,2025071704000660,AKJCL,Shree Krishna Securities Ltd.,Imperial Securities Company Pvt. Ltd.,910,210.0,191100.0,2025-07-17 11:05:10.443711
2025-07-17,138810,2025071704000898,AKJCL,ABC Securities Private Limited,Bhrikuti Stock Broking Co. Pvt. Ltd.,100,211.0,21100.0,2025-07-17 11:06:42.480606
2025-07-17,138704,2025071704000943,AKJCL,ABC Securities Private Limited,Dynamic Money Managers Securities Pvt. Ltd.,100,210.1,21010.0,2025-07-17 11:06:57.367063
2025-07-17,138703,2025071704000944,AKJCL,Premier Securities Company Ltd.,Dynamic Money Managers Securities Pvt. Ltd.,150,210.1,31515.0,2025-07-17 11:06:57.367190
2025-07-17,138544,2025071704000999,AKJCL,Premier Securities Company Ltd.,ABC Securities Private Limited,300,210.1,63030.0,2025-07-17 11:07:14.643533
2025-07-17,137559,2025071704001383,AKJCL,Sumeru Securities Pvt. Ltd.,Primo Securities (PVT) Ltd.,100,210.8,21080.0,2025-07-17 11:09:06.534827
2025-07-17,137540,2025071704001392,AKJCL,Online Securities Pvt. Ltd.,Primo Securities (PVT) Ltd.,400,210.8,84320.0,2025-07-17 11:09:07.837889
2025-07-17,137128,2025071704001565,AKJCL,Online Securities Pvt. Ltd.,Asian Securities Private Ltd.,100,210.8,21080.0,2025-07-17 11:09:59.918384
2025-07-17,137127,2025071704001566,AKJCL,Aryatara Investment & Securities,Asian Securities Private Ltd.,100,210.2,21020.0,2025-07-17 11:09:59.918444
2025-07-17,137126,2025071704001567,AKJCL,Vision Securities Pvt. Ltd,Asian Securities Private Ltd.,184,210.2,38676.8,2025-07-17 11:09:59.918470
2025-07-17,137015,2025071704001604,AKJCL,Vision Securities Pvt. Ltd,Siprabi Securities Pvt. Ltd.,90,210.2,18918.0,2025-07-17 11:10:11.060501
2025-07-17,136883,2025071704001653,AKJCL,Vision Securities Pvt. Ltd,Naasa Securities Co. Ltd.,26,210.2,5465.2,2025-07-17 11:10:19.707664
2025-07-17,136861,2025071704001662,AKJCL,ABC Securities Private Limited,Naasa Securities Co. Ltd.,100,210.2,21020.0,2025-07-17 11:10:21.958915
2025-07-17,136480,2025071704001773,AKJCL,Sundhara Securities Limited,Naasa Securities Co. Ltd.,100,210.2,21020.0,2025-07-17 11:10:52.941241
2025-07-17,136470,2025071704001777,AKJCL,Premier Securities Company Ltd.,Dynamic Money Managers Securities Pvt. Ltd.,18,210.1,3781.8,2025-07-17 11:10:54.740665
2025-07-17,136371,2025071704001818,AKJCL,Aryatara Investment & Securities,Naasa Securities Co. Ltd.,774,210.2,162694.8,2025-07-17 11:11:08.378091
2025-07-17,135772,2025071704002032,AKJCL,Sagarmatha Securities Private Limited,Premier Securities Company Ltd.,20,210.9,4218.0,2025-07-17 11:12:06.881960
2025-07-17,135771,2025071704002033,AKJCL,Sagarmatha Securities Private Limited,Deevyaa Securities & Stock House Pvt. Ltd,480,210.9,101232.0,2025-07-17 11:12:06.882180
2025-07-17,135384,2025071704002148,AKJCL,Premier Securities Company Ltd.,Deevyaa Securities & Stock House Pvt. Ltd,20,210.9,4218.0,2025-07-17 11:12:41.817274
2025-07-17,135383,2025071704002149,AKJCL,Premier Securities Company Ltd.,Nepal Investment And Securities Trading Private Limited,385,210.9,81196.5,2025-07-17 11:12:41.817428
2025-07-17,135382,2025071704002150,AKJCL,Premier Securities Company Ltd.,Bhrikuti Stock Broking Co. Pvt. Ltd.,95,211.0,20045.0,2025-07-17 11:12:41.817498
2025-07-17,134645,2025071704002358,AKJCL,Oxford Securities Pvt. Ltd.,Bhrikuti Stock Broking Co. Pvt. Ltd.,105,211.0,22155.0,2025-07-17 11:13:42.955594
2025-07-17,134644,2025071704002359,AKJCL,Oxford Securities Pvt. Ltd.,Linch Stock Market Ltd.,1100,211.0,232100.0,2025-07-17 11:13:42.955760
2025-07-17,134643,2025071704002360,AKJCL,Oxford Securities Pvt. Ltd.,Sweta Securities Private Limited,300,211.0,63300.0,2025-07-17 11:13:42.955838
2025-07-17,134642,2025071704002361,AKJCL,Oxford Securities Pvt. Ltd.,Imperial Securities Company Pvt. Ltd.,495,211.0,104445.0,2025-07-17 11:13:42.955898
2025-07-17,134503,2025071704002411,AKJCL,Oxford Securities Pvt. Ltd.,Imperial Securities Company Pvt. Ltd.,595,211.0,125545.0,2025-07-17 11:13:57.025924
2025-07-17,134502,2025071704002412,AKJCL,Oxford Securities Pvt. Ltd.,Imperial Securities Company Pvt. Ltd.,272,211.0,57392.0,2025-07-17 11:13:57.026084
2025-07-17,134501,2025071704002413,AKJCL,Oxford Securities Pvt. Ltd.,Market Securities & Exchange (PVT) Ltd.,100,211.0,21100.0,2025-07-17 11:13:57.026143
2025-07-17,134131,2025071704002522,AKJCL,Dipshikha Dhitopatra Karobar Co. Pvt Ltd.,Siprabi Securities Pvt. Ltd.,200,211.0,42200.0,2025-07-17 11:14:33.252555
2025-07-17,134130,2025071704002523,AKJCL,Dipshikha Dhitopatra Karobar Co. Pvt Ltd.,Primo Securities (PVT) Ltd.,300,211.4,63420.0,2025-07-17 11:14:33.252711
2025-07-17,133377,2025071704002798,AKJCL,Naasa Securities Co. Ltd.,Primo Securities (PVT) Ltd.,21,211.4,4439.4,2025-07-17 11:15:43.384331
2025-07-17,132979,2025071704002919,AKJCL,Agrawal Securities (PVT) Ltd.,Primo Securities (PVT) Ltd.,29,211.4,6130.6,2025-07-17 11:16:16.976441
2025-07-17,132978,2025071704002920,AKJCL,Agrawal Securities (PVT) Ltd.,Nepal Investment And Securities Trading Private Limited,71,211.4,15009.4,2025-07-17 11:16:16.976584
2025-07-17,132958,2025071704002928,AKJCL,Sagarmatha Securities Private Limited,Investment Management Nepal Pvt. Ltd.,345,211.5,72967.5,2025-07-17 11:16:18.113537
2025-07-17,132957,2025071704002929,AKJCL,Sagarmatha Securities Private Limited,Ashutosh Brokerage & Securities (PVT) Ltd.,100,211.6,21160.0,2025-07-17 11:16:18.113749
2025-07-17,132956,2025071704002930,AKJCL,Sagarmatha Securities Private Limited,Ashutosh Brokerage & Securities (PVT) Ltd.,100,211.7,21170.0,2025-07-17 11:16:18.113818
2025-07-17,132955,2025071704002931,AKJCL,Sagarmatha Securities Private Limited,Nepal Investment And Securities Trading Private Limited,385,211.7,81504.5,2025-07-17 11:16:18.113878
2025-07-17,132769,2025071704002987,AKJCL,Sagarmatha Securities Private Limited,Imperial Securities Company Pvt. Ltd.,200,211.7,42340.0,2025-07-17 11:16:33.834068
2025-07-17,132765,2025071704002989,AKJCL,Sagarmatha Securities Private Limited,Online Securities Pvt. Ltd.,70,211.7,14819.0,2025-07-17 11:16:34.852352
2025-07-17,132692,2025071704003012,AKJCL,Asian Securities Private Ltd.,Online Securities Pvt. Ltd.,20,211.7,4234.0,2025-07-17 11:16:43.551975
2025-07-17,132690,2025071704003014,AKJCL,Aryatara Investment & Securities,Online Securities Pvt. Ltd.,50,211.7,10585.0,2025-07-17 11:16:43.944463
2025-07-17,132311,2025071704003159,AKJCL,Agrawal Securities (PVT) Ltd.,Online Securities Pvt. Ltd.,130,211.7,27521.0,2025-07-17 11:17:17.984750
2025-07-17,132310,2025071704003160,AKJCL,Agrawal Securities (PVT) Ltd.,Sani Securities Company Ltd.,370,211.7,78329.0,2025-07-17 11:17:17.984892
2025-07-17,132032,2025071704003253,AKJCL,Bhrikuti Stock Broking Co. Pvt. Ltd.,Nepal Stock House (PVT) Ltd.,1000,211.0,211000.0,2025-07-17 11:17:41.454872
2025-07-17,131848,2025071704003305,AKJCL,Bhrikuti Stock Broking Co. Pvt. Ltd.,Trishakti Securities Public Limited,40,211.0,8440.0,2025-07-17 11:17:58.536773
2025-07-17,131795,2025071704003328,AKJCL,Agrawal Securities (PVT) Ltd.,Sani Securities Company Ltd.,80,211.7,16936.0,2025-07-17 11:18:02.592719
2025-07-17,131635,2025071704003385,AKJCL,Bhrikuti Stock Broking Co. Pvt. Ltd.,Sumeru Securities Pvt. Ltd.,460,211.0,97060.0,2025-07-17 11:18:18.882613
2025-07-17,131634,2025071704003386,AKJCL,Bhrikuti Stock Broking Co. Pvt. Ltd.,Sumeru Securities Pvt. Ltd.,1500,211.0,316500.0,2025-07-17 11:18:18.882666
2025-07-17,131633,2025071704003387,AKJCL,Kohinoor Investment & Securities Pvt. Ltd.,Sumeru Securities Pvt. Ltd.,104,211.0,21944.0,2025-07-17 11:18:18.882690
2025-07-17,131019,2025071704003537,AKJCL,Aryatara Investment & Securities,Sumeru Securities Pvt. Ltd.,10,210.3,2103.0,2025-07-17 11:19:21.155149
2025-07-17,129896,2025071704003922,AKJCL,Malla & Malla Stock Broking Company Pvt. Limited,Vision Securities Pvt. Ltd,100,211.0,21100.0,2025-07-17 11:21:11.255071
2025-07-17,129638,2025071704003985,AKJCL,Imperial Securities Company Pvt. Ltd.,Nepal Investment And Securities Trading Private Limited,500,211.5,105750.0,2025-07-17 11:21:36.729472
2025-07-17,129246,2025071704004045,AKJCL,South Asian Bulls Pvt. Ltd.,Bhrikuti Stock Broking Co. Pvt. Ltd.,20,211.6,4232.0,2025-07-17 11:21:57.844878
2025-07-17,129245,2025071704004046,AKJCL,South Asian Bulls Pvt. Ltd.,Sweta Securities Private Limited,300,211.7,63510.0,2025-07-17 11:21:57.844938
2025-07-17,129244,2025071704004047,AKJCL,South Asian Bulls Pvt. Ltd.,Dynamic Money Managers Securities Pvt. Ltd.,1000,211.7,211700.0,2025-07-17 11:21:57.844961
2025-07-17,129243,2025071704004048,AKJCL,South Asian Bulls Pvt. Ltd.,Naasa Securities Co. Ltd.,1508,211.8,319394.4,2025-07-17 11:21:57.844987
2025-07-17,129242,2025071704004049,AKJCL,South Asian Bulls Pvt. Ltd.,Ashutosh Brokerage & Securities (PVT) Ltd.,100,211.9,21190.0,2025-07-17 11:21:57.845008
2025-07-17,129241,2025071704004050,AKJCL,South Asian Bulls Pvt. Ltd.,Primo Securities (PVT) Ltd.,1000,211.9,211900.0,2025-07-17 11:21:57.845058
2025-07-17,129240,2025071704004051,AKJCL,South Asian Bulls Pvt. Ltd.,Shree Krishna Securities Ltd.,572,212.0,121264.0,2025-07-17 11:21:57.845099
2025-07-17,129042,2025071704004108,AKJCL,Oxford Securities Pvt. Ltd.,Shree Krishna Securities Ltd.,1428,212.0,302736.0,2025-07-17 11:22:14.086400
2025-07-17,129041,2025071704004109,AKJCL,Oxford Securities Pvt. Ltd.,Primo Securities (PVT) Ltd.,500,212.0,106000.0,2025-07-17 11:22:14.086571
2025-07-17,129040,2025071704004110,AKJCL,Oxford Securities Pvt. Ltd.,K.B.L. Securities Limited ,72,212.0,15264.0,2025-07-17 11:22:14.086638
2025-07-17,128663,2025071704004223,AKJCL,Oxford Securities Pvt. Ltd.,K.B.L. Securities Limited ,528,212.0,111936.0,2025-07-17 11:22:48.282037
2025-07-17,128586,2025071704004253,AKJCL,Bhrikuti Stock Broking Co. Pvt. Ltd.,K.B.L. Securities Limited ,1259,212.0,266908.0,2025-07-17 11:22:54.615019
2025-07-17,128389,2025071704004321,AKJCL,Thrive Brokerage House Pvt. Ltd,K.B.L. Securities Limited ,300,212.0,63600.0,2025-07-17 11:23:09.740410
2025-07-17,128369,2025071704004330,AKJCL,Imperial Securities Company Pvt. Ltd.,K.B.L. Securities Limited ,74,212.0,15688.0,2025-07-17 11:23:12.845163
2025-07-17,128160,2025071704004392,AKJCL,Oxford Securities Pvt. Ltd.,K.B.L. Securities Limited ,79,212.0,16748.0,2025-07-17 11:23:30.486837
2025-07-17,128156,2025071704004394,AKJCL,Aryatara Investment & Securities,Bhrikuti Stock Broking Co. Pvt. Ltd.,700,211.6,148120.0,2025-07-17 11:23:30.900268
2025-07-17,127726,2025071704004494,AKJCL,Agrawal Securities (PVT) Ltd.,K.B.L. Securities Limited ,500,212.0,106000.0,2025-07-17 11:24:19.344071
2025-07-17,126491,2025071704004879,AKJCL,Miyo Securities Pvt Ltd,SHUBHAKAMANA SECURITIES PVT. LTD,450,211.8,95310.0,2025-07-17 11:26:31.581614
2025-07-17,126209,2025071704004961,AKJCL,Investment Management Nepal Pvt. Ltd.,SHUBHAKAMANA SECURITIES PVT. LTD,50,211.8,10590.0,2025-07-17 11:27:02.152071
2025-07-17,126166,2025071704004980,AKJCL,Investment Management Nepal Pvt. Ltd.,Premier Securities Company Ltd.,10,211.8,2118.0,2025-07-17 11:27:07.543415
2025-07-17,125825,2025071704005082,AKJCL,Capital Max Securities Ltd,Nepal Investment And Securities Trading Private Limited,500,211.9,105950.0,2025-07-17 11:27:38.846526
2025-07-17,125824,2025071704005083,AKJCL,Capital Max Securities Ltd,K.B.L. Securities Limited ,4500,212.0,954000.0,2025-07-17 11:27:38.846567
2025-07-17,125701,2025071704005140,AKJCL,Kalika Securities Pvt. Ltd.,K.B.L. Securities Limited ,20,212.0,4240.0,2025-07-17 11:27:50.869844
2025-07-17,125544,2025071704005193,AKJCL,Dakshinkali Investment & Securities Pvt. Ltd.,K.B.L. Securities Limited ,500,212.0,106000.0,2025-07-17 11:28:09.202358
2025-07-17,125501,2025071704005201,AKJCL,Vision Securities Pvt. Ltd,K.B.L. Securities Limited ,500,212.0,106000.0,2025-07-17 11:28:15.321188
2025-07-17,125281,2025071704005259,AKJCL,Online Securities Pvt. Ltd.,K.B.L. Securities Limited ,1668,212.0,353616.0,2025-07-17 11:28:37.281442
2025-07-17,125280,2025071704005260,AKJCL,Online Securities Pvt. Ltd.,Nepal Stock House (PVT) Ltd.,300,212.0,63600.0,2025-07-17 11:28:37.281633
2025-07-17,125279,2025071704005261,AKJCL,Online Securities Pvt. Ltd.,Vision Securities Pvt. Ltd,332,212.0,70384.0,2025-07-17 11:28:37.281730
2025-07-17,125251,2025071704005268,AKJCL,Agrawal Securities (PVT) Ltd.,Siprabi Securities Pvt. Ltd.,2000,211.9,423800.0,2025-07-17 11:28:40.590076
2025-07-17,125250,2025071704005269,AKJCL,Agrawal Securities (PVT) Ltd.,Vision Securities Pvt. Ltd,68,212.0,14416.0,2025-07-17 11:28:40.590257
2025-07-17,125249,2025071704005270,AKJCL,Agrawal Securities (PVT) Ltd.,Cristal Kanchanjanga Securites Pvt. Ltd.,62,212.0,13144.0,2025-07-17 11:28:40.590353
2025-07-17,125248,2025071704005271,AKJCL,Agrawal Securities (PVT) Ltd.,Kumari Securities Private Limited,100,212.0,21200.0,2025-07-17 11:28:40.590432
2025-07-17,125247,2025071704005272,AKJCL,Agrawal Securities (PVT) Ltd.,Nepal Stock House (PVT) Ltd.,100,212.0,21200.0,2025-07-17 11:28:40.590512
2025-07-17,125246,2025071704005273,AKJCL,Agrawal Securities (PVT) Ltd.,Ashutosh Brokerage & Securities (PVT) Ltd.,170,212.0,36040.0,2025-07-17 11:28:40.590596
2025-07-17,125245,2025071704005274,AKJCL,Shree Krishna Securities Ltd.,Ashutosh Brokerage & Securities (PVT) Ltd.,125,212.0,26500.0,2025-07-17 11:28:40.651669
2025-07-17,125244,2025071704005275,AKJCL,Shree Krishna Securities Ltd.,Trishakti Securities Public Limited,500,212.0,106000.0,2025-07-17 11:28:40.651963
2025-07-17,125243,2025071704005276,AKJCL,Shree Krishna Securities Ltd.,Nabil Stock Dealer Ltd.,60,212.0,12720.0,2025-07-17 11:28:40.652193
2025-07-17,125242,2025071704005277,AKJCL,Shree Krishna Securities Ltd.,Midas Stock Broking Company Private Limited,315,212.0,66780.0,2025-07-17 11:28:40.652437
2025-07-17,125102,2025071704005307,AKJCL,Oxford Securities Pvt. Ltd.,Online Securities Pvt. Ltd.,100,211.9,21190.0,2025-07-17 11:28:56.016035
2025-07-17,124807,2025071704005410,AKJCL,Online Securities Pvt. Ltd.,Online Securities Pvt. Ltd.,59,211.9,12502.1,2025-07-17 11:29:24.254752
2025-07-17,124474,2025071704005472,AKJCL,Investment Management Nepal Pvt. Ltd.,Sani Securities Company Ltd.,190,211.8,40242.0,2025-07-17 11:29:52.513742
2025-07-17,124291,2025071704005543,AKJCL,Nepal Stock House (PVT) Ltd.,Sani Securities Company Ltd.,110,211.8,23298.0,2025-07-17 11:30:08.903582
2025-07-17,124170,2025071704005582,AKJCL,ABC Securities Private Limited,Online Securities Pvt. Ltd.,100,211.9,21190.0,2025-07-17 11:30:22.267256
2025-07-17,124134,2025071704005596,AKJCL,Sagarmatha Securities Private Limited,Online Securities Pvt. Ltd.,50,211.9,10595.0,2025-07-17 11:30:24.660031
2025-07-17,123853,2025071704005681,AKJCL,Sagarmatha Securities Private Limited,Investment Management Nepal Pvt. Ltd.,100,211.9,21190.0,2025-07-17 11:31:01.464931
2025-07-17,123852,2025071704005682,AKJCL,Aryatara Investment & Securities,Investment Management Nepal Pvt. Ltd.,1100,211.9,233090.0,2025-07-17 11:31:01.465129
2025-07-17,123363,2025071704005817,AKJCL,Agrawal Securities (PVT) Ltd.,Midas Stock Broking Company Private Limited,1000,212.0,212000.0,2025-07-17 11:31:52.840895
2025-07-17,123167,2025071704005888,AKJCL,Naasa Securities Co. Ltd.,Midas Stock Broking Company Private Limited,200,212.0,42400.0,2025-07-17 11:32:06.110017
2025-07-17,123160,2025071704005891,AKJCL,Nepal Stock House (PVT) Ltd.,Siprabi Securities Pvt. Ltd.,1500,211.8,317700.0,2025-07-17 11:32:07.052089
2025-07-17,122220,2025071704006204,AKJCL,Dipshikha Dhitopatra Karobar Co. Pvt Ltd.,Nepal Investment And Securities Trading Private Limited,500,211.9,105950.0,2025-07-17 11:33:41.193110
2025-07-17,122219,2025071704006205,AKJCL,Imperial Securities Company Pvt. Ltd.,Nepal Investment And Securities Trading Private Limited,115,211.9,24368.5,2025-07-17 11:33:41.193338
2025-07-17,121944,2025071704006297,AKJCL,Imperial Securities Company Pvt. Ltd.,Bhrikuti Stock Broking Co. Pvt. Ltd.,35,211.9,7416.5,2025-07-17 11:34:09.617600
2025-07-17,121694,2025071704006389,AKJCL,Imperial Securities Company Pvt. Ltd.,Bhrikuti Stock Broking Co. Pvt. Ltd.,35,211.9,7416.5,2025-07-17 11:34:29.612762
2025-07-17,121693,2025071704006390,AKJCL,Imperial Securities Company Pvt. Ltd.,Siprabi Securities Pvt. Ltd.,365,211.9,77343.5,2025-07-17 11:34:29.612973
2025-07-17,121092,2025071704006527,AKJCL,Nepal Stock House (PVT) Ltd.,Primo Securities (PVT) Ltd.,390,211.8,82602.0,2025-07-17 11:35:29.467737
2025-07-17,121091,2025071704006528,AKJCL,Himalayan Brokerage Company Limited,Primo Securities (PVT) Ltd.,100,211.7,21170.0,2025-07-17 11:35:29.467996
2025-07-17,120736,2025071704006603,AKJCL,Sundhara Securities Limited,Primo Securities (PVT) Ltd.,50,211.5,10575.0,2025-07-17 11:36:00.655687
2025-07-17,120572,2025071704006658,AKJCL,South Asian Bulls Pvt. Ltd.,Primo Securities (PVT) Ltd.,60,211.5,12690.0,2025-07-17 11:36:20.552904
2025-07-17,120561,2025071704006663,AKJCL,Kohinoor Investment & Securities Pvt. Ltd.,Kohinoor Investment & Securities Pvt. Ltd.,300,211.8,63540.0,2025-07-17 11:36:22.146994
2025-07-17,120560,2025071704006664,AKJCL,Kohinoor Investment & Securities Pvt. Ltd.,Siprabi Securities Pvt. Ltd.,1635,211.9,346456.5,2025-07-17 11:36:22.147218
2025-07-17,120559,2025071704006665,AKJCL,Kohinoor Investment & Securities Pvt. Ltd.,Midas Stock Broking Company Private Limited,843,212.0,178716.0,2025-07-17 11:36:22.147310
2025-07-17,120558,2025071704006666,AKJCL,Kohinoor Investment & Securities Pvt. Ltd.,Midas Stock Broking Company Private Limited,2358,212.0,499896.0,2025-07-17 11:36:22.147403
2025-07-17,120557,2025071704006667,AKJCL,Kohinoor Investment & Securities Pvt. Ltd.,Naasa Securities Co. Ltd.,200,212.0,42400.0,2025-07-17 11:36:22.147488
2025-07-17,120556,2025071704006668,AKJCL,Kohinoor Investment & Securities Pvt. Ltd.,Naasa Securities Co. Ltd.,150,212.0,31800.0,2025-07-17 11:36:22.147579
2025-07-17,120555,2025071704006669,AKJCL,Kohinoor Investment & Securities Pvt. Ltd.,Midas Stock Broking Company Private Limited,55,212.0,11660.0,2025-07-17 11:36:22.147668
2025-07-17,120554,2025071704006670,AKJCL,Kohinoor Investment & Securities Pvt. Ltd.,Trisul Securities & Invt. Ltd.,300,212.0,63600.0,2025-07-17 11:36:22.147752
2025-07-17,120553,2025071704006671,AKJCL,Kohinoor Investment & Securities Pvt. Ltd.,Naasa Securities Co. Ltd.,2007,212.0,425484.0,2025-07-17 11:36:22.147833
2025-07-17,120552,2025071704006672,AKJCL,Kohinoor Investment & Securities Pvt. Ltd.,J.F. Securites (PVT) Ltd.,240,212.0,50880.0,2025-07-17 11:36:22.147915
2025-07-17,120386,2025071704006721,AKJCL,Kohinoor Investment & Securities Pvt. Ltd.,Nepal Investment And Securities Trading Private Limited,500,212.0,106000.0,2025-07-17 11:36:39.711880
2025-07-17,120372,2025071704006724,AKJCL,Kohinoor Investment & Securities Pvt. Ltd.,Sani Securities Company Ltd.,300,212.0,63600.0,2025-07-17 11:36:42.383362
2025-07-17,119917,2025071704006891,AKJCL,Imperial Securities Company Pvt. Ltd.,Bhrikuti Stock Broking Co. Pvt. Ltd.,400,212.3,84920.0,2025-07-17 11:37:26.861048
2025-07-17,119830,2025071704006921,AKJCL,South Asian Bulls Pvt. Ltd.,Kumari Securities Private Limited,100,212.5,21250.0,2025-07-17 11:37:39.912631
2025-07-17,119819,2025071704006922,AKJCL,Oxford Securities Pvt. Ltd.,Nepal Stock House (PVT) Ltd.,200,212.9,42580.0,2025-07-17 11:37:40.280558
2025-07-17,119818,2025071704006923,AKJCL,Oxford Securities Pvt. Ltd.,Premier Securities Company Ltd.,10,212.9,2129.0,2025-07-17 11:37:40.280825
2025-07-17,119815,2025071704006924,AKJCL,Oxford Securities Pvt. Ltd.,Nepal Investment And Securities Trading Private Limited,290,212.9,61741.0,2025-07-17 11:37:40.280916
2025-07-17,119766,2025071704006943,AKJCL,South Asian Bulls Pvt. Ltd.,Nepal Investment And Securities Trading Private Limited,140,212.9,29806.0,2025-07-17 11:37:46.802419
2025-07-17,119753,2025071704006948,AKJCL,Neev Securities Pvt. Ltd.,Nepal Investment And Securities Trading Private Limited,70,212.9,14903.0,2025-07-17 11:37:48.011181
2025-07-17,119752,2025071704006949,AKJCL,Neev Securities Pvt. Ltd.,Nepal Investment And Securities Trading Private Limited,30,212.9,6387.0,2025-07-17 11:37:48.011453
2025-07-17,119504,2025071704007072,AKJCL,Aryatara Investment & Securities,Capital Hub P. Ltd,500,212.8,106400.0,2025-07-17 11:38:15.892276
2025-07-17,119333,2025071704007126,AKJCL,South Asian Bulls Pvt. Ltd.,Siprabi Securities Pvt. Ltd.,70,212.5,14875.0,2025-07-17 11:38:33.886935
2025-07-17,119276,2025071704007138,AKJCL,Imperial Securities Company Pvt. Ltd.,Capital Hub P. Ltd,95,212.8,20216.0,2025-07-17 11:38:41.743891
2025-07-17,119254,2025071704007148,AKJCL,Imperial Securities Company Pvt. Ltd.,Shree Krishna Securities Ltd.,200,212.8,42560.0,2025-07-17 11:38:44.805304
2025-07-17,118917,2025071704007227,AKJCL,Imperial Securities Company Pvt. Ltd.,Vision Securities Pvt. Ltd,405,212.8,86184.0,2025-07-17 11:39:11.558617
2025-07-17,118916,2025071704007228,AKJCL,Online Securities Pvt. Ltd.,Vision Securities Pvt. Ltd,45,212.6,9567.0,2025-07-17 11:39:11.558844
2025-07-17,118915,2025071704007229,AKJCL,South Asian Bulls Pvt. Ltd.,Vision Securities Pvt. Ltd,30,212.5,6375.0,2025-07-17 11:39:11.558959
2025-07-17,118914,2025071704007230,AKJCL,Malla & Malla Stock Broking Company Pvt. Limited,Vision Securities Pvt. Ltd,320,212.3,67936.0,2025-07-17 11:39:11.559049
2025-07-17,118633,2025071704007339,AKJCL,Imperial Securities Company Pvt. Ltd.,Nepal Investment And Securities Trading Private Limited,170,212.9,36193.0,2025-07-17 11:39:46.042071
2025-07-17,118632,2025071704007340,AKJCL,Imperial Securities Company Pvt. Ltd.,J.F. Securites (PVT) Ltd.,200,213.0,42600.0,2025-07-17 11:39:46.042147
2025-07-17,118269,2025071704007416,AKJCL,KALASH STOCK MARKET PVT. LTD.,Naasa Securities Co. Ltd.,500,212.9,106450.0,2025-07-17 11:40:24.920443
2025-07-17,118268,2025071704007417,AKJCL,KALASH STOCK MARKET PVT. LTD.,J.F. Securites (PVT) Ltd.,400,213.0,85200.0,2025-07-17 11:40:24.920674
2025-07-17,118267,2025071704007418,AKJCL,KALASH STOCK MARKET PVT. LTD.,Primo Securities (PVT) Ltd.,100,213.0,21300.0,2025-07-17 11:40:24.920764
2025-07-17,118192,2025071704007446,AKJCL,Kohinoor Investment & Securities Pvt. Ltd.,Primo Securities (PVT) Ltd.,850,213.0,181050.0,2025-07-17 11:40:34.686794
2025-07-17,118191,2025071704007447,AKJCL,Kohinoor Investment & Securities Pvt. Ltd.,Bhrikuti Stock Broking Co. Pvt. Ltd.,970,213.0,206610.0,2025-07-17 11:40:34.686995
2025-07-17,118190,2025071704007448,AKJCL,Kohinoor Investment & Securities Pvt. Ltd.,Naasa Securities Co. Ltd.,180,213.0,38340.0,2025-07-17 11:40:34.687084
2025-07-17,117385,2025071704007774,AKJCL,Opal Securities Investment (PVT) Ltd.,SHUBHAKAMANA SECURITIES PVT. LTD,500,212.9,106450.0,2025-07-17 11:41:50.090941
2025-07-17,116962,2025071704007875,AKJCL,Kohinoor Investment & Securities Pvt. Ltd.,Naasa Securities Co. Ltd.,20,213.0,4260.0,2025-07-17 11:42:32.475076
2025-07-17,116961,2025071704007876,AKJCL,Kohinoor Investment & Securities Pvt. Ltd.,South Asian Bulls Pvt. Ltd.,80,213.0,17040.0,2025-07-17 11:42:32.475290
2025-07-17,116226,2025071704008075,AKJCL,Dipshikha Dhitopatra Karobar Co. Pvt Ltd.,INDEX SECURITIES LIMITED,100,212.9,21290.0,2025-07-17 11:43:51.092877
2025-07-17,116143,2025071704008103,AKJCL,Neev Securities Pvt. Ltd.,Primo Securities (PVT) Ltd.,87,212.4,18478.8,2025-07-17 11:43:58.632418
2025-07-17,115309,2025071704008418,AKJCL,Kohinoor Investment & Securities Pvt. Ltd.,INDEX SECURITIES LIMITED,45,212.9,9580.5,2025-07-17 11:45:35.685190
2025-07-17,115308,2025071704008419,AKJCL,Kohinoor Investment & Securities Pvt. Ltd.,Sweta Securities Private Limited,565,212.9,120288.5,2025-07-17 11:45:35.685474
2025-07-17,115227,2025071704008443,AKJCL,Trisul Securities & Invt. Ltd.,Linch Stock Market Ltd.,100,212.5,21250.0,2025-07-17 11:45:45.056400
2025-07-17,114971,2025071704008532,AKJCL,Trisul Securities & Invt. Ltd.,Linch Stock Market Ltd.,40,212.5,8500.0,2025-07-17 11:46:16.645872
2025-07-17,114609,2025071704008664,AKJCL,Kumari Securities Private Limited,Sweta Securities Private Limited,110,212.9,23419.0,2025-07-17 11:46:52.094373
2025-07-17,114496,2025071704008713,AKJCL,Premier Securities Company Ltd.,Premier Securities Company Ltd.,20,212.8,4256.0,2025-07-17 11:47:09.273916
2025-07-17,114495,2025071704008714,AKJCL,Premier Securities Company Ltd.,Sweta Securities Private Limited,325,212.9,69192.5,2025-07-17 11:47:09.274198
2025-07-17,114494,2025071704008715,AKJCL,Premier Securities Company Ltd.,Imperial Securities Company Pvt. Ltd.,1900,212.9,404510.0,2025-07-17 11:47:09.274336
2025-07-17,114493,2025071704008716,AKJCL,Premier Securities Company Ltd.,South Asian Bulls Pvt. Ltd.,16,213.0,3408.0,2025-07-17 11:47:09.274434
2025-07-17,114492,2025071704008717,AKJCL,Premier Securities Company Ltd.,Bhrikuti Stock Broking Co. Pvt. Ltd.,500,213.0,106500.0,2025-07-17 11:47:09.274580
2025-07-17,114491,2025071704008718,AKJCL,Premier Securities Company Ltd.,J.F. Securites (PVT) Ltd.,100,213.0,21300.0,2025-07-17 11:47:09.274710
2025-07-17,114490,2025071704008719,AKJCL,Premier Securities Company Ltd.,Kumari Securities Private Limited,100,213.0,21300.0,2025-07-17 11:47:09.274834
2025-07-17,114489,2025071704008720,AKJCL,Premier Securities Company Ltd.,Secured Securities Ltd.,1000,213.0,213000.0,2025-07-17 11:47:09.274960
2025-07-17,114488,2025071704008721,AKJCL,Premier Securities Company Ltd.,Naasa Securities Co. Ltd.,439,213.0,93507.0,2025-07-17 11:47:09.275075
2025-07-17,113541,2025071704009073,AKJCL,Aryatara Investment & Securities,Naasa Securities Co. Ltd.,127,213.0,27051.0,2025-07-17 11:48:42.510171
2025-07-17,113540,2025071704009074,AKJCL,Aryatara Investment & Securities,Naasa Securities Co. Ltd.,200,213.0,42600.0,2025-07-17 11:48:42.510450
2025-07-17,113539,2025071704009075,AKJCL,Aryatara Investment & Securities,Sewa Securities Pvt. Ltd.,53,213.0,11289.0,2025-07-17 11:48:42.510561
2025-07-17,113452,2025071704009103,AKJCL,Trisul Securities & Invt. Ltd.,Online Securities Pvt. Ltd.,100,212.7,21270.0,2025-07-17 11:48:51.323017
2025-07-17,113380,2025071704009128,AKJCL,Sri Hari Securities Pvt. Ltd.,Sewa Securities Pvt. Ltd.,427,213.0,90951.0,2025-07-17 11:48:59.237401
2025-07-17,113379,2025071704009129,AKJCL,Sri Hari Securities Pvt. Ltd.,Capital Max Securities Ltd,858,213.0,182754.0,2025-07-17 11:48:59.237683
2025-07-17,113377,2025071704009130,AKJCL,Sri Hari Securities Pvt. Ltd.,Sumeru Securities Pvt. Ltd.,715,213.0,152295.0,2025-07-17 11:48:59.237797
2025-07-17,113223,2025071704009176,AKJCL,Trisul Securities & Invt. Ltd.,Kumari Securities Private Limited,60,212.5,12750.0,2025-07-17 11:49:18.434181
2025-07-17,113222,2025071704009177,AKJCL,Neev Securities Pvt. Ltd.,Kumari Securities Private Limited,40,212.4,8496.0,2025-07-17 11:49:18.434469
2025-07-17,112765,2025071704009328,AKJCL,Market Securities & Exchange (PVT) Ltd.,Trishakti Securities Public Limited,200,212.9,42580.0,2025-07-17 11:50:08.884458
2025-07-17,112746,2025071704009339,AKJCL,Imperial Securities Company Pvt. Ltd.,Trishakti Securities Public Limited,15,212.9,3193.5,2025-07-17 11:50:13.293204
2025-07-17,112584,2025071704009399,AKJCL,Naasa Securities Co. Ltd.,Primo Securities (PVT) Ltd.,1500,212.8,319200.0,2025-07-17 11:50:30.449308
2025-07-17,112583,2025071704009400,AKJCL,Naasa Securities Co. Ltd.,Premier Securities Company Ltd.,30,212.8,6384.0,2025-07-17 11:50:30.449584
2025-07-17,112582,2025071704009401,AKJCL,Naasa Securities Co. Ltd.,Trishakti Securities Public Limited,356,212.9,75792.4,2025-07-17 11:50:30.449695
2025-07-17,112367,2025071704009491,AKJCL,Imperial Securities Company Pvt. Ltd.,Trishakti Securities Public Limited,49,212.9,10432.1,2025-07-17 11:50:50.997130
2025-07-17,111951,2025071704009601,AKJCL,Neev Securities Pvt. Ltd.,Sundhara Securities Limited,70,212.4,14868.0,2025-07-17 11:51:32.471806
2025-07-17,111877,2025071704009629,AKJCL,Online Securities Pvt. Ltd.,Global IME Securities Limited,18,212.7,3828.6,2025-07-17 11:51:38.786615
2025-07-17,111751,2025071704009674,AKJCL,Neev Securities Pvt. Ltd.,Dakshinkali Investment & Securities Pvt. Ltd.,250,212.4,53100.0,2025-07-17 11:51:53.443653
2025-07-17,111647,2025071704009694,AKJCL,Sri Hari Securities Pvt. Ltd.,Global IME Securities Limited,932,212.7,198236.4,2025-07-17 11:52:05.150966
2025-07-17,111222,2025071704009815,AKJCL,Naasa Securities Co. Ltd.,Premier Securities Company Ltd.,10,212.8,2128.0,2025-07-17 11:52:54.949013
2025-07-17,111202,2025071704009818,AKJCL,Neev Securities Pvt. Ltd.,Kumari Securities Private Limited,53,212.4,11257.2,2025-07-17 11:52:57.361682
2025-07-17,111201,2025071704009819,AKJCL,Linch Stock Market Ltd.,Kumari Securities Private Limited,1000,212.2,212200.0,2025-07-17 11:52:57.362007
2025-07-17,111200,2025071704009820,AKJCL,Premier Securities Company Ltd.,Kumari Securities Private Limited,763,212.1,161832.3,2025-07-17 11:52:57.362137
2025-07-17,110889,2025071704009933,AKJCL,Nepal Investment And Securities Trading Private Limited,Premier Securities Company Ltd.,20,212.8,4256.0,2025-07-17 11:53:32.592187
2025-07-17,110404,2025071704010077,AKJCL,Nepal Investment And Securities Trading Private Limited,Trishakti Securities Public Limited,30,212.8,6384.0,2025-07-17 11:54:35.557374
2025-07-17,110403,2025071704010078,AKJCL,Premier Securities Company Ltd.,Trishakti Securities Public Limited,237,212.1,50267.7,2025-07-17 11:54:35.557642
2025-07-17,110402,2025071704010079,AKJCL,Kohinoor Investment & Securities Pvt. Ltd.,Trishakti Securities Public Limited,500,212.1,106050.0,2025-07-17 11:54:35.557761
2025-07-17,110401,2025071704010080,AKJCL,Kohinoor Investment & Securities Pvt. Ltd.,Trishakti Securities Public Limited,150,212.1,31815.0,2025-07-17 11:54:35.557867
2025-07-17,110400,2025071704010081,AKJCL,Kohinoor Investment & Securities Pvt. Ltd.,Trishakti Securities Public Limited,41,212.0,8692.0,2025-07-17 11:54:35.557976
2025-07-17,110346,2025071704010106,AKJCL,Sri Hari Securities Pvt. Ltd.,Online Securities Pvt. Ltd.,200,212.9,42580.0,2025-07-17 11:54:41.058220
2025-07-17,110284,2025071704010130,AKJCL,Sri Hari Securities Pvt. Ltd.,Vision Securities Pvt. Ltd,170,212.9,36193.0,2025-07-17 11:54:46.610663
2025-07-17,110068,2025071704010229,AKJCL,Opal Securities Investment (PVT) Ltd.,Vision Securities Pvt. Ltd,30,212.4,6372.0,2025-07-17 11:55:08.084832
2025-07-17,110067,2025071704010230,AKJCL,Opal Securities Investment (PVT) Ltd.,Online Securities Pvt. Ltd.,470,212.9,100063.0,2025-07-17 11:55:08.085059
2025-07-17,110029,2025071704010238,AKJCL,Kohinoor Investment & Securities Pvt. Ltd.,Sumeru Securities Pvt. Ltd.,71,212.0,15052.0,2025-07-17 11:55:12.229347
2025-07-17,110028,2025071704010239,AKJCL,Opal Securities Investment (PVT) Ltd.,Sumeru Securities Pvt. Ltd.,600,212.0,127200.0,2025-07-17 11:55:12.229583
2025-07-17,110027,2025071704010240,AKJCL,Imperial Securities Company Pvt. Ltd.,Sumeru Securities Pvt. Ltd.,25,212.0,5300.0,2025-07-17 11:55:12.229697
2025-07-17,110026,2025071704010241,AKJCL,Kohinoor Investment & Securities Pvt. Ltd.,Sumeru Securities Pvt. Ltd.,500,212.0,106000.0,2025-07-17 11:55:12.229887
2025-07-17,110025,2025071704010242,AKJCL,Naasa Securities Co. Ltd.,Sumeru Securities Pvt. Ltd.,589,212.0,124868.0,2025-07-17 11:55:12.230015
2025-07-17,109713,2025071704010356,AKJCL,Primo Securities (PVT) Ltd.,Kumari Securities Private Limited,150,212.7,31905.0,2025-07-17 11:55:44.508880
2025-07-17,109680,2025071704010368,AKJCL,Sri Hari Securities Pvt. Ltd.,Online Securities Pvt. Ltd.,10,212.9,2129.0,2025-07-17 11:55:48.294996
2025-07-17,109573,2025071704010424,AKJCL,Primo Securities (PVT) Ltd.,Primo Securities (PVT) Ltd.,500,212.7,106350.0,2025-07-17 11:55:56.563320
2025-07-17,109301,2025071704010493,AKJCL,Primo Securities (PVT) Ltd.,Nepal Investment And Securities Trading Private Limited,350,212.7,74445.0,2025-07-17 11:56:26.638381
2025-07-17,108764,2025071704010616,AKJCL,Machhapuchchhre Securities Limited,Nepal Investment And Securities Trading Private Limited,20,212.1,4242.0,2025-07-17 11:57:18.170495
2025-07-17,108763,2025071704010617,AKJCL,Naasa Securities Co. Ltd.,Nepal Investment And Securities Trading Private Limited,980,212.0,207760.0,2025-07-17 11:57:18.170721
2025-07-17,108701,2025071704010635,AKJCL,Naasa Securities Co. Ltd.,Shree Krishna Securities Ltd.,190,212.7,40413.0,2025-07-17 11:57:25.117753
2025-07-17,108700,2025071704010636,AKJCL,Naasa Securities Co. Ltd.,Nepal Investment And Securities Trading Private Limited,150,212.8,31920.0,2025-07-17 11:57:25.117997
2025-07-17,108699,2025071704010637,AKJCL,Naasa Securities Co. Ltd.,Online Securities Pvt. Ltd.,190,212.9,40451.0,2025-07-17 11:57:25.118289
2025-07-17,106510,2025071704011284,AKJCL,Imperial Securities Company Pvt. Ltd.,Kumari Securities Private Limited,30,212.5,6375.0,2025-07-17 12:00:36.664080
2025-07-17,106509,2025071704011285,AKJCL,Naasa Securities Co. Ltd.,Kumari Securities Private Limited,50,212.5,10625.0,2025-07-17 12:00:36.664353
2025-07-17,106004,2025071704011500,AKJCL,Trisul Securities & Invt. Ltd.,Sundhara Securities Limited,100,212.2,21220.0,2025-07-17 12:01:10.167856
2025-07-17,106003,2025071704011501,AKJCL,ABC Securities Private Limited,Sundhara Securities Limited,118,212.2,25039.6,2025-07-17 12:01:10.168343
2025-07-17,105997,2025071704011502,AKJCL,Neev Securities Pvt. Ltd.,Kohinoor Investment & Securities Pvt. Ltd.,100,212.5,21250.0,2025-07-17 12:01:10.799848
2025-07-17,105987,2025071704011505,AKJCL,Nepal Stock House (PVT) Ltd.,Kohinoor Investment & Securities Pvt. Ltd.,100,212.5,21250.0,2025-07-17 12:01:11.787298
2025-07-17,105894,2025071704011534,AKJCL,Premier Securities Company Ltd.,Agrawal Securities (PVT) Ltd.,1000,212.1,212100.0,2025-07-17 12:01:20.777603
2025-07-17,105893,2025071704011535,AKJCL,Naasa Securities Co. Ltd.,Agrawal Securities (PVT) Ltd.,317,212.0,67204.0,2025-07-17 12:01:20.777862
2025-07-17,105892,2025071704011536,AKJCL,Bhrikuti Stock Broking Co. Pvt. Ltd.,Agrawal Securities (PVT) Ltd.,1000,212.0,212000.0,2025-07-17 12:01:20.777966
2025-07-17,105891,2025071704011537,AKJCL,Secured Securities Ltd.,Agrawal Securities (PVT) Ltd.,130,212.0,27560.0,2025-07-17 12:01:20.778072
2025-07-17,105890,2025071704011538,AKJCL,Sani Securities Company Ltd.,Agrawal Securities (PVT) Ltd.,215,212.0,45580.0,2025-07-17 12:01:20.778179
2025-07-17,105889,2025071704011539,AKJCL,Trisul Securities & Invt. Ltd.,Agrawal Securities (PVT) Ltd.,55,212.0,11660.0,2025-07-17 12:01:20.778281
2025-07-17,105888,2025071704011540,AKJCL,KALASH STOCK MARKET PVT. LTD.,Agrawal Securities (PVT) Ltd.,50,212.0,10600.0,2025-07-17 12:01:20.778422
2025-07-17,105887,2025071704011541,AKJCL,Bhrikuti Stock Broking Co. Pvt. Ltd.,Agrawal Securities (PVT) Ltd.,90,212.0,19080.0,2025-07-17 12:01:20.778537
2025-07-17,105886,2025071704011542,AKJCL,Imperial Securities Company Pvt. Ltd.,Agrawal Securities (PVT) Ltd.,100,212.0,21200.0,2025-07-17 12:01:20.778642
2025-07-17,104654,2025071704011895,AKJCL,Vision Securities Pvt. Ltd,Pragyan Securities (PVT) Ltd.,500,211.2,105600.0,2025-07-17 12:02:55.925704
2025-07-17,104213,2025071704012029,AKJCL,Premier Securities Company Ltd.,Agrawal Securities (PVT) Ltd.,43,212.0,9116.0,2025-07-17 12:03:26.755763
2025-07-17,104212,2025071704012030,AKJCL,Premier Securities Company Ltd.,Kumari Securities Private Limited,157,212.0,33284.0,2025-07-17 12:03:26.756039
2025-07-17,103878,2025071704012156,AKJCL,Premier Securities Company Ltd.,Siprabi Securities Pvt. Ltd.,300,211.2,63360.0,2025-07-17 12:03:59.434909
2025-07-17,103873,2025071704012157,AKJCL,Linch Stock Market Ltd.,Kumari Securities Private Limited,13,212.0,2756.0,2025-07-17 12:04:00.673940
2025-07-17,103872,2025071704012158,AKJCL,Linch Stock Market Ltd.,Aryatara Investment & Securities,102,212.0,21624.0,2025-07-17 12:04:00.674218
2025-07-17,103539,2025071704012246,AKJCL,Premier Securities Company Ltd.,Naasa Securities Co. Ltd.,200,211.9,42380.0,2025-07-17 12:04:33.350035
2025-07-17,102431,2025071704012582,AKJCL,SHUBHAKAMANA SECURITIES PVT. LTD,Premier Securities Company Ltd.,10,211.8,2118.0,2025-07-17 12:06:22.244707
2025-07-17,101982,2025071704012732,AKJCL,Opal Securities Investment (PVT) Ltd.,Premier Securities Company Ltd.,10,211.8,2118.0,2025-07-17 12:07:11.637697
2025-07-17,101981,2025071704012733,AKJCL,Sumeru Securities Pvt. Ltd.,Premier Securities Company Ltd.,10,211.7,2117.0,2025-07-17 12:07:11.638257
2025-07-17,101980,2025071704012734,AKJCL,Sumeru Securities Pvt. Ltd.,Premier Securities Company Ltd.,10,211.6,2116.0,2025-07-17 12:07:11.638679
2025-07-17,101979,2025071704012735,AKJCL,Sumeru Securities Pvt. Ltd.,Premier Securities Company Ltd.,10,211.5,2115.0,2025-07-17 12:07:11.639053
2025-07-17,101854,2025071704012781,AKJCL,Sumeru Securities Pvt. Ltd.,Linch Stock Market Ltd.,10,211.4,2114.0,2025-07-17 12:07:26.840778
2025-07-17,101853,2025071704012782,AKJCL,Premier Securities Company Ltd.,Linch Stock Market Ltd.,700,211.2,147840.0,2025-07-17 12:07:26.841104
2025-07-17,101852,2025071704012783,AKJCL,Primo Securities (PVT) Ltd.,Linch Stock Market Ltd.,790,211.1,166769.0,2025-07-17 12:07:26.841230
2025-07-17,101585,2025071704012850,AKJCL,BHOLE GANESH SECURITIES LTD,Premier Securities Company Ltd.,10,211.5,2115.0,2025-07-17 12:07:59.583387
2025-07-17,101404,2025071704012935,AKJCL,Kohinoor Investment & Securities Pvt. Ltd.,Imperial Securities Company Pvt. Ltd.,300,211.2,63360.0,2025-07-17 12:08:10.717027
2025-07-17,100904,2025071704013095,AKJCL,Trisul Securities & Invt. Ltd.,Premier Securities Company Ltd.,25,211.8,5295.0,2025-07-17 12:09:10.806038
2025-07-17,100822,2025071704013119,AKJCL,Kohinoor Investment & Securities Pvt. Ltd.,Naasa Securities Co. Ltd.,40,211.3,8452.0,2025-07-17 12:09:20.855988
2025-07-17,100821,2025071704013120,AKJCL,Kohinoor Investment & Securities Pvt. Ltd.,Naasa Securities Co. Ltd.,990,211.2,209088.0,2025-07-17 12:09:20.856586
2025-07-17,100225,2025071704013302,AKJCL,Oxford Securities Pvt. Ltd.,Imperial Securities Company Pvt. Ltd.,10,211.3,2113.0,2025-07-17 12:10:44.186752
2025-07-17,100094,2025071704013325,AKJCL,Kohinoor Investment & Securities Pvt. Ltd.,Oxford Securities Pvt. Ltd.,292,211.2,61670.4,2025-07-17 12:11:01.312961
2025-07-17,99662,2025071704013455,AKJCL,Sumeru Securities Pvt. Ltd.,Imperial Securities Company Pvt. Ltd.,50,211.3,10565.0,2025-07-17 12:11:51.470202
2025-07-17,99515,2025071704013501,AKJCL,Premier Securities Company Ltd.,Imperial Securities Company Pvt. Ltd.,40,211.3,8452.0,2025-07-17 12:12:05.443722
2025-07-17,99514,2025071704013502,AKJCL,Premier Securities Company Ltd.,Vision Securities Pvt. Ltd,270,211.5,57105.0,2025-07-17 12:12:05.443823
2025-07-17,99513,2025071704013503,AKJCL,Premier Securities Company Ltd.,Premier Securities Company Ltd.,25,211.8,5295.0,2025-07-17 12:12:05.443892
2025-07-17,99512,2025071704013504,AKJCL,Premier Securities Company Ltd.,Naasa Securities Co. Ltd.,165,211.9,34963.5,2025-07-17 12:12:05.443961
2025-07-17,99201,2025071704013616,AKJCL,Kohinoor Investment & Securities Pvt. Ltd.,Naasa Securities Co. Ltd.,100,211.9,21190.0,2025-07-17 12:12:42.850458
2025-07-17,98954,2025071704013700,AKJCL,Linch Stock Market Ltd.,Naasa Securities Co. Ltd.,75,211.9,15892.5,2025-07-17 12:13:14.322138
2025-07-17,98953,2025071704013701,AKJCL,Linch Stock Market Ltd.,Aryatara Investment & Securities,96,211.9,20342.4,2025-07-17 12:13:14.322424
2025-07-17,98952,2025071704013702,AKJCL,Linch Stock Market Ltd.,Sundhara Securities Limited,829,211.9,175665.1,2025-07-17 12:13:14.322549
2025-07-17,98652,2025071704013786,AKJCL,Sumeru Securities Pvt. Ltd.,Investment Management Nepal Pvt. Ltd.,50,211.4,10570.0,2025-07-17 12:13:48.224990
2025-07-17,98491,2025071704013823,AKJCL,Kohinoor Investment & Securities Pvt. Ltd.,Sundhara Securities Limited,171,211.9,36234.9,2025-07-17 12:14:07.384085
2025-07-17,98490,2025071704013824,AKJCL,Kohinoor Investment & Securities Pvt. Ltd.,Aryatara Investment & Securities,248,212.0,52576.0,2025-07-17 12:14:07.384395
2025-07-17,98489,2025071704013825,AKJCL,Kohinoor Investment & Securities Pvt. Ltd.,Vision Securities Pvt. Ltd,481,212.0,101972.0,2025-07-17 12:14:07.384521
2025-07-17,98116,2025071704013951,AKJCL,Sewa Securities Pvt. Ltd.,J.F. Securites (PVT) Ltd.,170,211.9,36023.0,2025-07-17 12:14:52.297761
2025-07-17,98115,2025071704013952,AKJCL,Primo Securities (PVT) Ltd.,J.F. Securites (PVT) Ltd.,830,211.5,175545.0,2025-07-17 12:14:52.298084
2025-07-17,98006,2025071704013983,AKJCL,Naasa Securities Co. Ltd.,Vision Securities Pvt. Ltd,50,212.0,10600.0,2025-07-17 12:15:00.838557
2025-07-17,97668,2025071704014058,AKJCL,Sani Securities Company Ltd.,Vision Securities Pvt. Ltd,100,212.0,21200.0,2025-07-17 12:15:30.045084
2025-07-17,97545,2025071704014085,AKJCL,Premier Securities Company Ltd.,Online Securities Pvt. Ltd.,500,211.6,105800.0,2025-07-17 12:15:38.275489
2025-07-17,97544,2025071704014086,AKJCL,Primo Securities (PVT) Ltd.,Online Securities Pvt. Ltd.,500,211.5,105750.0,2025-07-17 12:15:38.275816
2025-07-17,97288,2025071704014151,AKJCL,Secured Securities Ltd.,Vision Securities Pvt. Ltd,609,212.0,129108.0,2025-07-17 12:16:04.260487
2025-07-17,97287,2025071704014152,AKJCL,Secured Securities Ltd.,Opal Securities Investment (PVT) Ltd.,600,212.0,127200.0,2025-07-17 12:16:04.260797
2025-07-17,97286,2025071704014153,AKJCL,Secured Securities Ltd.,Aryatara Investment & Securities,1791,212.0,379692.0,2025-07-17 12:16:04.260923
2025-07-17,96585,2025071704014328,AKJCL,Premier Securities Company Ltd.,Sani Securities Company Ltd.,100,211.9,21190.0,2025-07-17 12:17:25.315232
2025-07-17,96584,2025071704014329,AKJCL,Premier Securities Company Ltd.,Dakshinkali Investment & Securities Pvt. Ltd.,20,212.0,4240.0,2025-07-17 12:17:25.315355
2025-07-17,96582,2025071704014330,AKJCL,Shree Krishna Securities Ltd.,Dakshinkali Investment & Securities Pvt. Ltd.,980,212.0,207760.0,2025-07-17 12:17:26.086116
2025-07-17,96581,2025071704014331,AKJCL,Shree Krishna Securities Ltd.,Sumeru Securities Pvt. Ltd.,65,212.0,13780.0,2025-07-17 12:17:26.086449
2025-07-17,96580,2025071704014332,AKJCL,Shree Krishna Securities Ltd.,Dynamic Money Managers Securities Pvt. Ltd.,55,212.0,11660.0,2025-07-17 12:17:26.086578
2025-07-17,96307,2025071704014399,AKJCL,Sri Hari Securities Pvt. Ltd.,Dynamic Money Managers Securities Pvt. Ltd.,95,212.0,20140.0,2025-07-17 12:17:59.847258
2025-07-17,96306,2025071704014400,AKJCL,Sri Hari Securities Pvt. Ltd.,Dipshikha Dhitopatra Karobar Co. Pvt Ltd.,10,212.0,2120.0,2025-07-17 12:17:59.847563
2025-07-17,96305,2025071704014401,AKJCL,Sri Hari Securities Pvt. Ltd.,Kumari Securities Private Limited,155,212.0,32860.0,2025-07-17 12:17:59.847690
2025-07-17,96304,2025071704014402,AKJCL,Sri Hari Securities Pvt. Ltd.,Sani Securities Company Ltd.,800,212.0,169600.0,2025-07-17 12:17:59.847815
2025-07-17,96303,2025071704014403,AKJCL,Sri Hari Securities Pvt. Ltd.,Sani Securities Company Ltd.,40,212.0,8480.0,2025-07-17 12:17:59.847939
2025-07-17,96258,2025071704014433,AKJCL,Primo Securities (PVT) Ltd.,Sani Securities Company Ltd.,260,212.0,55120.0,2025-07-17 12:18:04.376808
2025-07-17,96168,2025071704014447,AKJCL,Premier Securities Company Ltd.,Naasa Securities Co. Ltd.,50,212.1,10605.0,2025-07-17 12:18:15.780569
2025-07-17,96167,2025071704014448,AKJCL,Premier Securities Company Ltd.,Shree Krishna Securities Ltd.,10,212.2,2122.0,2025-07-17 12:18:15.780688
2025-07-17,95519,2025071704014637,AKJCL,Midas Stock Broking Company Private Limited,Shree Krishna Securities Ltd.,70,212.2,14854.0,2025-07-17 12:19:31.067265
2025-07-17,95223,2025071704014707,AKJCL,Primo Securities (PVT) Ltd.,Shree Krishna Securities Ltd.,10,212.2,2122.0,2025-07-17 12:20:00.335679
2025-07-17,94993,2025071704014736,AKJCL,Dipshikha Dhitopatra Karobar Co. Pvt Ltd.,Shree Krishna Securities Ltd.,268,212.2,56869.6,2025-07-17 12:20:28.420221
2025-07-17,94992,2025071704014737,AKJCL,Dipshikha Dhitopatra Karobar Co. Pvt Ltd.,Malla & Malla Stock Broking Company Pvt. Limited,1000,212.2,212200.0,2025-07-17 12:20:28.420557
2025-07-17,94991,2025071704014738,AKJCL,Dipshikha Dhitopatra Karobar Co. Pvt Ltd.,Naasa Securities Co. Ltd.,50,212.3,10615.0,2025-07-17 12:20:28.420704
2025-07-17,94990,2025071704014739,AKJCL,Dipshikha Dhitopatra Karobar Co. Pvt Ltd.,Naasa Securities Co. Ltd.,682,212.3,144788.6,2025-07-17 12:20:28.420874
2025-07-17,94630,2025071704014807,AKJCL,Sani Securities Company Ltd.,Naasa Securities Co. Ltd.,318,212.3,67511.4,2025-07-17 12:21:09.376606
2025-07-17,94493,2025071704014835,AKJCL,Sani Securities Company Ltd.,Premier Securities Company Ltd.,23,212.3,4882.9,2025-07-17 12:21:26.696009
2025-07-17,94096,2025071704014969,AKJCL,Sewa Securities Pvt. Ltd.,South Asian Bulls Pvt. Ltd.,208,212.2,44137.6,2025-07-17 12:22:09.627150
2025-07-17,93831,2025071704015039,AKJCL,Sri Hari Securities Pvt. Ltd.,Naasa Securities Co. Ltd.,200,212.4,42480.0,2025-07-17 12:22:41.395892
2025-07-17,93830,2025071704015040,AKJCL,Sri Hari Securities Pvt. Ltd.,Bhrikuti Stock Broking Co. Pvt. Ltd.,500,212.5,106250.0,2025-07-17 12:22:41.396221
2025-07-17,93829,2025071704015041,AKJCL,Sri Hari Securities Pvt. Ltd.,Naasa Securities Co. Ltd.,50,212.6,10630.0,2025-07-17 12:22:41.396363
2025-07-17,93828,2025071704015042,AKJCL,Sri Hari Securities Pvt. Ltd.,Premier Securities Company Ltd.,20,212.7,4254.0,2025-07-17 12:22:41.396490
2025-07-17,93827,2025071704015043,AKJCL,Sri Hari Securities Pvt. Ltd.,Naasa Securities Co. Ltd.,200,212.7,42540.0,2025-07-17 12:22:41.396615
2025-07-17,93826,2025071704015044,AKJCL,Sri Hari Securities Pvt. Ltd.,Dipshikha Dhitopatra Karobar Co. Pvt Ltd.,105,212.8,22344.0,2025-07-17 12:22:41.396746
2025-07-17,93825,2025071704015045,AKJCL,Sri Hari Securities Pvt. Ltd.,Vision Securities Pvt. Ltd,500,212.8,106400.0,2025-07-17 12:22:41.396870
2025-07-17,93824,2025071704015046,AKJCL,Sri Hari Securities Pvt. Ltd.,Premier Securities Company Ltd.,50,212.8,10640.0,2025-07-17 12:22:41.396995
2025-07-17,93695,2025071704015080,AKJCL,Sri Hari Securities Pvt. Ltd.,Premier Securities Company Ltd.,200,212.8,42560.0,2025-07-17 12:22:54.439674
2025-07-17,93323,2025071704015207,AKJCL,Kohinoor Investment & Securities Pvt. Ltd.,Online Securities Pvt. Ltd.,130,212.9,27677.0,2025-07-17 12:23:52.183441
2025-07-17,92921,2025071704015314,AKJCL,Sri Hari Securities Pvt. Ltd.,Aryatara Investment & Securities,175,212.8,37240.0,2025-07-17 12:24:37.206097
2025-07-17,92871,2025071704015336,AKJCL,Sani Securities Company Ltd.,Online Securities Pvt. Ltd.,235,212.9,50031.5,2025-07-17 12:24:42.179666
2025-07-17,92727,2025071704015386,AKJCL,Naasa Securities Co. Ltd.,Online Securities Pvt. Ltd.,200,212.9,42580.0,2025-07-17 12:24:59.994925
2025-07-17,92334,2025071704015471,AKJCL,Aryatara Investment & Securities,Online Securities Pvt. Ltd.,100,212.9,21290.0,2025-07-17 12:25:47.217263
2025-07-17,92030,2025071704015556,AKJCL,Premier Securities Company Ltd.,Online Securities Pvt. Ltd.,1032,212.9,219712.8,2025-07-17 12:26:18.391851
2025-07-17,91822,2025071704015607,AKJCL,Online Securities Pvt. Ltd.,Online Securities Pvt. Ltd.,100,212.9,21290.0,2025-07-17 12:26:38.407618
2025-07-17,91641,2025071704015642,AKJCL,Naasa Securities Co. Ltd.,Online Securities Pvt. Ltd.,45,212.9,9580.5,2025-07-17 12:27:03.322976
2025-07-17,91123,2025071704015808,AKJCL,Sewa Securities Pvt. Ltd.,South Asian Bulls Pvt. Ltd.,300,212.8,63840.0,2025-07-17 12:28:06.443374
2025-07-17,91122,2025071704015809,AKJCL,Sewa Securities Pvt. Ltd.,Naasa Securities Co. Ltd.,90,212.8,19152.0,2025-07-17 12:28:06.443669
2025-07-17,91121,2025071704015810,AKJCL,Sewa Securities Pvt. Ltd.,Online Securities Pvt. Ltd.,62,212.9,13199.8,2025-07-17 12:28:06.443803
2025-07-17,90981,2025071704015837,AKJCL,Sani Securities Company Ltd.,Online Securities Pvt. Ltd.,570,212.9,121353.0,2025-07-17 12:28:26.618363
2025-07-17,90979,2025071704015838,AKJCL,Sri Hari Securities Pvt. Ltd.,Linch Stock Market Ltd.,1000,212.8,212800.0,2025-07-17 12:28:27.445234
2025-07-17,90924,2025071704015857,AKJCL,Premier Securities Company Ltd.,Online Securities Pvt. Ltd.,1000,212.9,212900.0,2025-07-17 12:28:38.828964
2025-07-17,90826,2025071704015876,AKJCL,Siprabi Securities Pvt. Ltd.,Online Securities Pvt. Ltd.,208,212.9,44283.2,2025-07-17 12:28:52.077654
2025-07-17,90682,2025071704015895,AKJCL,Online Securities Pvt. Ltd.,Online Securities Pvt. Ltd.,100,212.9,21290.0,2025-07-17 12:29:12.523666
2025-07-17,90596,2025071704015918,AKJCL,Sri Hari Securities Pvt. Ltd.,Vision Securities Pvt. Ltd,2000,212.8,425600.0,2025-07-17 12:29:27.495916
2025-07-17,90595,2025071704015919,AKJCL,Vision Securities Pvt. Ltd,Vision Securities Pvt. Ltd,200,212.8,42560.0,2025-07-17 12:29:27.496216
2025-07-17,90331,2025071704015992,AKJCL,Oxford Securities Pvt. Ltd.,Vision Securities Pvt. Ltd,1000,212.8,212800.0,2025-07-17 12:29:51.247737
2025-07-17,90281,2025071704016014,AKJCL,Online Securities Pvt. Ltd.,Vision Securities Pvt. Ltd,300,212.8,63840.0,2025-07-17 12:29:55.998247
2025-07-17,90280,2025071704016015,AKJCL,Online Securities Pvt. Ltd.,Online Securities Pvt. Ltd.,200,212.9,42580.0,2025-07-17 12:29:55.998885
2025-07-17,89765,2025071704016183,AKJCL,Oxford Securities Pvt. Ltd.,Online Securities Pvt. Ltd.,5000,212.9,1064500.0,2025-07-17 12:30:51.705944
2025-07-17,89442,2025071704016307,AKJCL,Naasa Securities Co. Ltd.,Online Securities Pvt. Ltd.,23,212.9,4896.7,2025-07-17 12:31:34.381472
2025-07-17,89301,2025071704016351,AKJCL,Nabil Stock Dealer Ltd.,Online Securities Pvt. Ltd.,325,212.9,69192.5,2025-07-17 12:31:51.318635
2025-07-17,89300,2025071704016352,AKJCL,Nabil Stock Dealer Ltd.,Premier Securities Company Ltd.,1675,212.9,356607.5,2025-07-17 12:31:51.318979
2025-07-17,89030,2025071704016433,AKJCL,Sani Securities Company Ltd.,Linch Stock Market Ltd.,100,212.8,21280.0,2025-07-17 12:32:26.683531
2025-07-17,88478,2025071704016640,AKJCL,Oxford Securities Pvt. Ltd.,Premier Securities Company Ltd.,325,212.9,69192.5,2025-07-17 12:33:32.151659
2025-07-17,88477,2025071704016641,AKJCL,Oxford Securities Pvt. Ltd.,Sweta Securities Private Limited,75,212.9,15967.5,2025-07-17 12:33:32.151999
2025-07-17,88398,2025071704016658,AKJCL,Sani Securities Company Ltd.,Nepal Stock House (PVT) Ltd.,100,212.8,21280.0,2025-07-17 12:33:42.847132
2025-07-17,87709,2025071704016900,AKJCL,Siprabi Securities Pvt. Ltd.,Nepal Stock House (PVT) Ltd.,400,212.8,85120.0,2025-07-17 12:34:59.493646
2025-07-17,87395,2025071704016994,AKJCL,Siprabi Securities Pvt. Ltd.,Vision Securities Pvt. Ltd,250,212.8,53200.0,2025-07-17 12:35:33.784951
2025-07-17,87033,2025071704017127,AKJCL,Vision Securities Pvt. Ltd,Sweta Securities Private Limited,1000,212.9,212900.0,2025-07-17 12:36:22.582694
2025-07-17,86864,2025071704017171,AKJCL,Sumeru Securities Pvt. Ltd.,Sweta Securities Private Limited,425,212.9,90482.5,2025-07-17 12:36:40.603691
2025-07-17,86863,2025071704017172,AKJCL,Sumeru Securities Pvt. Ltd.,Vision Securities Pvt. Ltd,2500,212.9,532250.0,2025-07-17 12:36:40.603786
2025-07-17,86862,2025071704017173,AKJCL,Sumeru Securities Pvt. Ltd.,Creative Securities Pvt Ltd,100,212.9,21290.0,2025-07-17 12:36:40.603809
2025-07-17,86861,2025071704017174,AKJCL,Sumeru Securities Pvt. Ltd.,Trisul Securities & Invt. Ltd.,200,212.9,42580.0,2025-07-17 12:36:40.603831
2025-07-17,86726,2025071704017205,AKJCL,Aryatara Investment & Securities,Dipshikha Dhitopatra Karobar Co. Pvt Ltd.,26,213.0,5538.0,2025-07-17 12:36:58.140557
2025-07-17,86720,2025071704017210,AKJCL,Sri Hari Securities Pvt. Ltd.,ABC Securities Private Limited,50,212.9,10645.0,2025-07-17 12:36:59.576190
2025-07-17,86719,2025071704017211,AKJCL,Sumeru Securities Pvt. Ltd.,Dipshikha Dhitopatra Karobar Co. Pvt Ltd.,10,213.0,2130.0,2025-07-17 12:36:59.781736
2025-07-17,86632,2025071704017235,AKJCL,Aryatara Investment & Securities,Dipshikha Dhitopatra Karobar Co. Pvt Ltd.,14,213.0,2982.0,2025-07-17 12:37:13.369115
2025-07-17,86631,2025071704017236,AKJCL,Aryatara Investment & Securities,Sumeru Securities Pvt. Ltd.,186,213.0,39618.0,2025-07-17 12:37:13.369439
2025-07-17,86552,2025071704017250,AKJCL,Sri Hari Securities Pvt. Ltd.,Sumeru Securities Pvt. Ltd.,814,213.0,173382.0,2025-07-17 12:37:22.744591
2025-07-17,86551,2025071704017251,AKJCL,Sri Hari Securities Pvt. Ltd.,Naasa Securities Co. Ltd.,50,213.0,10650.0,2025-07-17 12:37:22.744885
2025-07-17,86550,2025071704017252,AKJCL,Sri Hari Securities Pvt. Ltd.,Online Securities Pvt. Ltd.,350,213.0,74550.0,2025-07-17 12:37:22.745029
2025-07-17,86549,2025071704017253,AKJCL,Sri Hari Securities Pvt. Ltd.,Siprabi Securities Pvt. Ltd.,250,213.0,53250.0,2025-07-17 12:37:22.745168
2025-07-17,86548,2025071704017254,AKJCL,Sri Hari Securities Pvt. Ltd.,Bhrikuti Stock Broking Co. Pvt. Ltd.,486,213.0,103518.0,2025-07-17 12:37:22.745303
2025-07-17,86493,2025071704017266,AKJCL,Siprabi Securities Pvt. Ltd.,Kohinoor Investment & Securities Pvt. Ltd.,51,212.8,10852.8,2025-07-17 12:37:30.475489
2025-07-17,86492,2025071704017267,AKJCL,Sani Securities Company Ltd.,Kohinoor Investment & Securities Pvt. Ltd.,12,212.7,2552.4,2025-07-17 12:37:30.475798
2025-07-17,86491,2025071704017268,AKJCL,Sumeru Securities Pvt. Ltd.,Kohinoor Investment & Securities Pvt. Ltd.,1737,212.7,369459.9,2025-07-17 12:37:30.475940
2025-07-17,86489,2025071704017269,AKJCL,Vision Securities Pvt. Ltd,Bhrikuti Stock Broking Co. Pvt. Ltd.,14,213.0,2982.0,2025-07-17 12:37:30.753499
2025-07-17,86488,2025071704017270,AKJCL,Vision Securities Pvt. Ltd,J.F. Securites (PVT) Ltd.,470,213.0,100110.0,2025-07-17 12:37:30.753848
2025-07-17,86487,2025071704017271,AKJCL,Vision Securities Pvt. Ltd,Shree Krishna Securities Ltd.,199,213.0,42387.0,2025-07-17 12:37:30.754527
2025-07-17,86486,2025071704017272,AKJCL,Vision Securities Pvt. Ltd,Linch Stock Market Ltd.,30,213.0,6390.0,2025-07-17 12:37:30.755026
2025-07-17,86485,2025071704017273,AKJCL,Vision Securities Pvt. Ltd,Opal Securities Investment (PVT) Ltd.,100,213.0,21300.0,2025-07-17 12:37:30.755526
2025-07-17,86484,2025071704017274,AKJCL,Vision Securities Pvt. Ltd,Sumeru Securities Pvt. Ltd.,240,213.0,51120.0,2025-07-17 12:37:30.756046
2025-07-17,86483,2025071704017275,AKJCL,Vision Securities Pvt. Ltd,Malla & Malla Stock Broking Company Pvt. Limited,500,213.0,106500.0,2025-07-17 12:37:30.756601
2025-07-17,86482,2025071704017276,AKJCL,Vision Securities Pvt. Ltd,Online Securities Pvt. Ltd.,7000,213.0,1491000.0,2025-07-17 12:37:30.756804
2025-07-17,86481,2025071704017277,AKJCL,Vision Securities Pvt. Ltd,Aryatara Investment & Securities,1000,213.0,213000.0,2025-07-17 12:37:30.756955
2025-07-17,86480,2025071704017278,AKJCL,Vision Securities Pvt. Ltd,Asian Securities Private Ltd.,150,213.0,31950.0,2025-07-17 12:37:30.757102
2025-07-17,86479,2025071704017279,AKJCL,Vision Securities Pvt. Ltd,Swarna Laxmi Securities Pvt. Ltd.,50,213.0,10650.0,2025-07-17 12:37:30.757244
2025-07-17,86478,2025071704017280,AKJCL,Vision Securities Pvt. Ltd,Garima Securities Limited,57,213.0,12141.0,2025-07-17 12:37:30.757392
2025-07-17,86477,2025071704017281,AKJCL,Vision Securities Pvt. Ltd,J.F. Securites (PVT) Ltd.,190,213.0,40470.0,2025-07-17 12:37:30.757532
2025-07-17,86249,2025071704017325,AKJCL,ABC Securities Private Limited,Trisul Securities & Invt. Ltd.,100,213.0,21300.0,2025-07-17 12:37:56.458703
2025-07-17,86203,2025071704017326,AKJCL,Asian Securities Private Ltd.,Trisul Securities & Invt. Ltd.,100,213.0,21300.0,2025-07-17 12:37:57.284831
2025-07-17,86202,2025071704017327,AKJCL,Asian Securities Private Ltd.,Siprabi Securities Pvt. Ltd.,1400,213.0,298200.0,2025-07-17 12:37:57.285168
2025-07-17,86200,2025071704017328,AKJCL,Cristal Kanchanjanga Securites Pvt. Ltd.,Siprabi Securities Pvt. Ltd.,350,213.0,74550.0,2025-07-17 12:37:59.114870
2025-07-17,86197,2025071704017330,AKJCL,Sri Hari Securities Pvt. Ltd.,Siprabi Securities Pvt. Ltd.,250,213.0,53250.0,2025-07-17 12:37:59.626269
2025-07-17,86196,2025071704017331,AKJCL,Sri Hari Securities Pvt. Ltd.,Investment Management Nepal Pvt. Ltd.,100,213.0,21300.0,2025-07-17 12:37:59.627036
2025-07-17,86158,2025071704017339,AKJCL,Sri Hari Securities Pvt. Ltd.,Sani Securities Company Ltd.,500,213.0,106500.0,2025-07-17 12:38:07.704272
2025-07-17,85966,2025071704017403,AKJCL,Online Securities Pvt. Ltd.,Naasa Securities Co. Ltd.,20,213.1,4262.0,2025-07-17 12:38:26.939517
2025-07-17,85965,2025071704017404,AKJCL,Online Securities Pvt. Ltd.,Midas Stock Broking Company Private Limited,150,213.1,31965.0,2025-07-17 12:38:26.939559
2025-07-17,85964,2025071704017405,AKJCL,Online Securities Pvt. Ltd.,Naasa Securities Co. Ltd.,50,213.2,10660.0,2025-07-17 12:38:26.939590
2025-07-17,85963,2025071704017406,AKJCL,Online Securities Pvt. Ltd.,Aryatara Investment & Securities,50,213.2,10660.0,2025-07-17 12:38:26.939611
2025-07-17,85962,2025071704017407,AKJCL,Online Securities Pvt. Ltd.,Kohinoor Investment & Securities Pvt. Ltd.,100,213.2,21320.0,2025-07-17 12:38:26.939631
2025-07-17,85814,2025071704017468,AKJCL,Miyo Securities Pvt Ltd,Vision Securities Pvt. Ltd,250,213.2,53300.0,2025-07-17 12:38:47.225143
2025-07-17,85796,2025071704017477,AKJCL,Kohinoor Investment & Securities Pvt. Ltd.,Trishakti Securities Public Limited,45,213.1,9589.5,2025-07-17 12:38:50.192950
2025-07-17,85790,2025071704017480,AKJCL,Imperial Securities Company Pvt. Ltd.,Vision Securities Pvt. Ltd,250,213.2,53300.0,2025-07-17 12:38:51.222235
2025-07-17,85789,2025071704017481,AKJCL,Imperial Securities Company Pvt. Ltd.,Naasa Securities Co. Ltd.,50,213.4,10670.0,2025-07-17 12:38:51.222897
2025-07-17,85788,2025071704017482,AKJCL,Imperial Securities Company Pvt. Ltd.,Sundhara Securities Limited,250,213.4,53350.0,2025-07-17 12:38:51.223339
2025-07-17,85787,2025071704017483,AKJCL,Imperial Securities Company Pvt. Ltd.,J.F. Securites (PVT) Ltd.,150,213.5,32025.0,2025-07-17 12:38:51.223762
2025-07-17,85786,2025071704017484,AKJCL,Imperial Securities Company Pvt. Ltd.,Thrive Brokerage House Pvt. Ltd,100,213.5,21350.0,2025-07-17 12:38:51.224166
2025-07-17,85785,2025071704017485,AKJCL,Imperial Securities Company Pvt. Ltd.,J.F. Securites (PVT) Ltd.,200,213.5,42700.0,2025-07-17 12:38:51.224592
2025-07-17,85763,2025071704017490,AKJCL,Asian Securities Private Ltd.,J.F. Securites (PVT) Ltd.,800,213.5,170800.0,2025-07-17 12:38:54.755271
2025-07-17,85762,2025071704017491,AKJCL,Asian Securities Private Ltd.,Cristal Kanchanjanga Securites Pvt. Ltd.,700,213.5,149450.0,2025-07-17 12:38:54.755599
2025-07-17,85695,2025071704017503,AKJCL,ABC Securities Private Limited,Cristal Kanchanjanga Securites Pvt. Ltd.,200,213.5,42700.0,2025-07-17 12:39:06.186444
2025-07-17,85639,2025071704017514,AKJCL,Vision Securities Pvt. Ltd,Cristal Kanchanjanga Securites Pvt. Ltd.,100,213.5,21350.0,2025-07-17 12:39:10.715473
2025-07-17,85638,2025071704017515,AKJCL,Vision Securities Pvt. Ltd,Opal Securities Investment (PVT) Ltd.,100,213.5,21350.0,2025-07-17 12:39:10.716065
2025-07-17,85506,2025071704017579,AKJCL,Vision Securities Pvt. Ltd,Dynamic Money Managers Securities Pvt. Ltd.,400,213.5,85400.0,2025-07-17 12:39:28.905310
2025-07-17,85505,2025071704017580,AKJCL,Cristal Kanchanjanga Securites Pvt. Ltd.,Dynamic Money Managers Securities Pvt. Ltd.,44,213.5,9394.0,2025-07-17 12:39:28.905670
2025-07-17,85443,2025071704017597,AKJCL,ABC Securities Private Limited,Premier Securities Company Ltd.,50,213.8,10690.0,2025-07-17 12:39:33.455040
2025-07-17,85229,2025071704017673,AKJCL,ABC Securities Private Limited,Sipla Securities Private Limited,50,213.9,10695.0,2025-07-17 12:39:55.687931
2025-07-17,84696,2025071704017837,AKJCL,Cristal Kanchanjanga Securites Pvt. Ltd.,Kohinoor Investment & Securities Pvt. Ltd.,250,213.5,53375.0,2025-07-17 12:40:56.115648
2025-07-17,84675,2025071704017843,AKJCL,SHUBHAKAMANA SECURITIES PVT. LTD,Deevyaa Securities & Stock House Pvt. Ltd,800,213.7,170960.0,2025-07-17 12:40:59.105429
2025-07-17,84674,2025071704017844,AKJCL,SHUBHAKAMANA SECURITIES PVT. LTD,SHUBHAKAMANA SECURITIES PVT. LTD,500,213.8,106900.0,2025-07-17 12:40:59.105748
2025-07-17,84673,2025071704017845,AKJCL,SHUBHAKAMANA SECURITIES PVT. LTD,Sipla Securities Private Limited,950,213.9,203205.0,2025-07-17 12:40:59.105909
2025-07-17,84672,2025071704017846,AKJCL,SHUBHAKAMANA SECURITIES PVT. LTD,Aryatara Investment & Securities,225,213.9,48127.5,2025-07-17 12:40:59.106051
2025-07-17,84671,2025071704017847,AKJCL,SHUBHAKAMANA SECURITIES PVT. LTD,Nepal Investment And Securities Trading Private Limited,1000,213.9,213900.0,2025-07-17 12:40:59.106212
2025-07-17,84670,2025071704017848,AKJCL,SHUBHAKAMANA SECURITIES PVT. LTD,Vision Securities Pvt. Ltd,525,213.9,112297.5,2025-07-17 12:40:59.106429
2025-07-17,84237,2025071704017962,AKJCL,Premier Securities Company Ltd.,Vision Securities Pvt. Ltd,100,213.9,21390.0,2025-07-17 12:41:36.049715
2025-07-17,84144,2025071704017988,AKJCL,Cristal Kanchanjanga Securites Pvt. Ltd.,Siprabi Securities Pvt. Ltd.,56,213.5,11956.0,2025-07-17 12:41:49.313010
2025-07-17,84043,2025071704018032,AKJCL,Naasa Securities Co. Ltd.,Siprabi Securities Pvt. Ltd.,25,213.5,5337.5,2025-07-17 12:42:04.776262
2025-07-17,83791,2025071704018142,AKJCL,Naasa Securities Co. Ltd.,Aryatara Investment & Securities,65,213.2,13858.0,2025-07-17 12:42:24.915207
2025-07-17,83790,2025071704018143,AKJCL,Kohinoor Investment & Securities Pvt. Ltd.,Aryatara Investment & Securities,1955,213.1,416610.5,2025-07-17 12:42:24.915548
2025-07-17,83789,2025071704018144,AKJCL,Imperial Securities Company Pvt. Ltd.,Aryatara Investment & Securities,500,213.1,106550.0,2025-07-17 12:42:24.915686
2025-07-17,83788,2025071704018145,AKJCL,Sri Hari Securities Pvt. Ltd.,Aryatara Investment & Securities,4150,213.0,883950.0,2025-07-17 12:42:24.915819
2025-07-17,83787,2025071704018146,AKJCL,Cristal Kanchanjanga Securites Pvt. Ltd.,Aryatara Investment & Securities,422,213.0,89886.0,2025-07-17 12:42:24.915950
2025-07-17,83786,2025071704018147,AKJCL,Aryatara Investment & Securities,Aryatara Investment & Securities,700,213.0,149100.0,2025-07-17 12:42:24.916084
2025-07-17,83785,2025071704018148,AKJCL,Asian Securities Private Ltd.,Aryatara Investment & Securities,2000,213.0,426000.0,2025-07-17 12:42:24.916213
2025-07-17,83719,2025071704018168,AKJCL,Shree Krishna Securities Ltd.,Aryatara Investment & Securities,208,213.0,44304.0,2025-07-17 12:42:35.376496
2025-07-17,83718,2025071704018169,AKJCL,Shree Krishna Securities Ltd.,South Asian Bulls Pvt. Ltd.,200,213.2,42640.0,2025-07-17 12:42:35.376807
2025-07-17,83717,2025071704018170,AKJCL,Shree Krishna Securities Ltd.,Siprabi Securities Pvt. Ltd.,592,213.5,126392.0,2025-07-17 12:42:35.376944
2025-07-17,82975,2025071704018405,AKJCL,Trishakti Securities Public Limited,Siprabi Securities Pvt. Ltd.,100,213.5,21350.0,2025-07-17 12:44:00.853609
2025-07-17,82683,2025071704018471,AKJCL,Imperial Securities Company Pvt. Ltd.,Kumari Securities Private Limited,1000,213.2,213200.0,2025-07-17 12:44:30.279444
2025-07-17,82568,2025071704018500,AKJCL,Malla & Malla Stock Broking Company Pvt. Limited,Bhrikuti Stock Broking Co. Pvt. Ltd.,400,213.0,85200.0,2025-07-17 12:44:44.076953
2025-07-17,82388,2025071704018553,AKJCL,Malla & Malla Stock Broking Company Pvt. Limited,Naasa Securities Co. Ltd.,20,213.0,4260.0,2025-07-17 12:45:08.115856
2025-07-17,81935,2025071704018684,AKJCL,Premier Securities Company Ltd.,Siprabi Securities Pvt. Ltd.,300,213.4,64020.0,2025-07-17 12:46:04.761343
2025-07-17,81601,2025071704018770,AKJCL,Malla & Malla Stock Broking Company Pvt. Limited,Imperial Securities Company Pvt. Ltd.,80,213.0,17040.0,2025-07-17 12:46:53.039846
2025-07-17,81600,2025071704018771,AKJCL,Sri Hari Securities Pvt. Ltd.,Imperial Securities Company Pvt. Ltd.,50,213.0,10650.0,2025-07-17 12:46:53.040182
2025-07-17,81599,2025071704018772,AKJCL,Aryatara Investment & Securities,Imperial Securities Company Pvt. Ltd.,100,213.0,21300.0,2025-07-17 12:46:53.040333
2025-07-17,81302,2025071704018861,AKJCL,Shree Krishna Securities Ltd.,Imperial Securities Company Pvt. Ltd.,170,213.0,36210.0,2025-07-17 12:47:27.470372
2025-07-17,81301,2025071704018862,AKJCL,Shree Krishna Securities Ltd.,Premier Securities Company Ltd.,20,213.3,4266.0,2025-07-17 12:47:27.470695
2025-07-17,81300,2025071704018863,AKJCL,Shree Krishna Securities Ltd.,Malla & Malla Stock Broking Company Pvt. Limited,10,213.3,2133.0,2025-07-17 12:47:27.470842
2025-07-17,81161,2025071704018909,AKJCL,Naasa Securities Co. Ltd.,ABC Securities Private Limited,100,213.0,21300.0,2025-07-17 12:47:41.264932
2025-07-17,80989,2025071704018968,AKJCL,Agrawal Securities (PVT) Ltd.,ABC Securities Private Limited,340,213.0,72420.0,2025-07-17 12:48:01.447917
2025-07-17,80988,2025071704018969,AKJCL,Agrawal Securities (PVT) Ltd.,Malla & Malla Stock Broking Company Pvt. Limited,260,213.3,55458.0,2025-07-17 12:48:01.448570
2025-07-17,80675,2025071704019050,AKJCL,Sumeru Securities Pvt. Ltd.,Aakashbhairab Securities Ltd.,50,212.7,10635.0,2025-07-17 12:48:37.971964
2025-07-17,80674,2025071704019051,AKJCL,Sundhara Securities Limited,Aakashbhairab Securities Ltd.,70,212.7,14889.0,2025-07-17 12:48:37.972297
2025-07-17,80673,2025071704019052,AKJCL,Trisul Securities & Invt. Ltd.,Aakashbhairab Securities Ltd.,40,212.6,8504.0,2025-07-17 12:48:37.972457
2025-07-17,80672,2025071704019053,AKJCL,Sweta Securities Private Limited,Aakashbhairab Securities Ltd.,200,212.6,42520.0,2025-07-17 12:48:37.972597
2025-07-17,80671,2025071704019054,AKJCL,Aryatara Investment & Securities,Aakashbhairab Securities Ltd.,200,212.5,42500.0,2025-07-17 12:48:37.972737
2025-07-17,80670,2025071704019055,AKJCL,Trishakti Securities Public Limited,Aakashbhairab Securities Ltd.,1500,212.5,318750.0,2025-07-17 12:48:37.972875
2025-07-17,80669,2025071704019056,AKJCL,Capital Hub P. Ltd,Aakashbhairab Securities Ltd.,2000,212.0,424000.0,2025-07-17 12:48:37.973029
2025-07-17,80668,2025071704019057,AKJCL,Sani Securities Company Ltd.,Aakashbhairab Securities Ltd.,10,212.0,2120.0,2025-07-17 12:48:37.973176
2025-07-17,80667,2025071704019058,AKJCL,Oxford Securities Pvt. Ltd.,Aakashbhairab Securities Ltd.,500,212.0,106000.0,2025-07-17 12:48:37.973325
2025-07-17,80666,2025071704019059,AKJCL,Imperial Securities Company Pvt. Ltd.,Aakashbhairab Securities Ltd.,500,212.0,106000.0,2025-07-17 12:48:37.973463
2025-07-17,80665,2025071704019060,AKJCL,Linch Stock Market Ltd.,Aakashbhairab Securities Ltd.,1000,212.0,212000.0,2025-07-17 12:48:37.973610
2025-07-17,80664,2025071704019061,AKJCL,Sweta Securities Private Limited,Aakashbhairab Securities Ltd.,500,212.0,106000.0,2025-07-17 12:48:37.973758
2025-07-17,80663,2025071704019062,AKJCL,Trishakti Securities Public Limited,Aakashbhairab Securities Ltd.,3000,212.0,636000.0,2025-07-17 12:48:37.973897
2025-07-17,80662,2025071704019063,AKJCL,Sri Hari Securities Pvt. Ltd.,Aakashbhairab Securities Ltd.,300,212.0,63600.0,2025-07-17 12:48:37.974036
2025-07-17,80588,2025071704019084,AKJCL,South Asian Bulls Pvt. Ltd.,Aakashbhairab Securities Ltd.,50,212.0,10600.0,2025-07-17 12:48:45.949018
2025-07-17,80374,2025071704019133,AKJCL,Vision Securities Pvt. Ltd,Aakashbhairab Securities Ltd.,80,212.0,16960.0,2025-07-17 12:49:09.326252
2025-07-17,79579,2025071704019411,AKJCL,Naasa Securities Co. Ltd.,Sani Securities Company Ltd.,164,212.6,34866.4,2025-07-17 12:50:46.022110
2025-07-17,79302,2025071704019502,AKJCL,Naasa Securities Co. Ltd.,Aryatara Investment & Securities,20,212.9,4258.0,2025-07-17 12:51:25.208137
2025-07-17,79239,2025071704019517,AKJCL,Online Securities Pvt. Ltd.,Aryatara Investment & Securities,80,212.9,17032.0,2025-07-17 12:51:31.951811
2025-07-17,79238,2025071704019518,AKJCL,Online Securities Pvt. Ltd.,Aakashbhairab Securities Ltd.,1920,213.0,408960.0,2025-07-17 12:51:31.952167
2025-07-17,79154,2025071704019530,AKJCL,Online Securities Pvt. Ltd.,Aakashbhairab Securities Ltd.,80,213.0,17040.0,2025-07-17 12:51:43.138346
2025-07-17,79035,2025071704019564,AKJCL,Elite Stock House Limited,Aakashbhairab Securities Ltd.,3000,213.0,639000.0,2025-07-17 12:51:59.376614
2025-07-17,78914,2025071704019599,AKJCL,Elite Stock House Limited,Aryatara Investment & Securities,100,213.0,21300.0,2025-07-17 12:52:16.942689
2025-07-17,78561,2025071704019705,AKJCL,Elite Stock House Limited,Vision Securities Pvt. Ltd,300,213.0,63900.0,2025-07-17 12:52:56.269141
2025-07-17,78337,2025071704019719,AKJCL,Elite Stock House Limited,Vision Securities Pvt. Ltd,100,213.0,21300.0,2025-07-17 12:53:05.418491
2025-07-17,78152,2025071704019770,AKJCL,Aryatara Investment & Securities,Naasa Securities Co. Ltd.,20,213.2,4264.0,2025-07-17 12:53:24.739522
2025-07-17,78151,2025071704019771,AKJCL,Aryatara Investment & Securities,Malla & Malla Stock Broking Company Pvt. Limited,80,213.3,17064.0,2025-07-17 12:53:24.739876
2025-07-17,78113,2025071704019779,AKJCL,Aryatara Investment & Securities,Malla & Malla Stock Broking Company Pvt. Limited,150,213.3,31995.0,2025-07-17 12:53:29.792097
2025-07-17,78112,2025071704019780,AKJCL,Aryatara Investment & Securities,Kumari Securities Private Limited,850,213.3,181305.0,2025-07-17 12:53:29.792420
2025-07-17,77914,2025071704019833,AKJCL,Sundhara Securities Limited,Kumari Securities Private Limited,140,213.3,29862.0,2025-07-17 12:53:55.661275
2025-07-17,77913,2025071704019834,AKJCL,Sundhara Securities Limited,Opal Securities Investment (PVT) Ltd.,40,213.3,8532.0,2025-07-17 12:53:55.661642
2025-07-17,77912,2025071704019835,AKJCL,Sundhara Securities Limited,Siprabi Securities Pvt. Ltd.,820,213.4,174988.0,2025-07-17 12:53:55.661791
2025-07-17,77739,2025071704019889,AKJCL,Shree Krishna Securities Ltd.,Siprabi Securities Pvt. Ltd.,637,213.4,135935.8,2025-07-17 12:54:16.174256
2025-07-17,77659,2025071704019895,AKJCL,Capital Max Securities Ltd,Siprabi Securities Pvt. Ltd.,243,213.4,51856.2,2025-07-17 12:54:26.058398
2025-07-17,77658,2025071704019896,AKJCL,Capital Max Securities Ltd,Naasa Securities Co. Ltd.,757,213.4,161543.8,2025-07-17 12:54:26.058457
2025-07-17,77590,2025071704019931,AKJCL,Sani Securities Company Ltd.,Naasa Securities Co. Ltd.,100,213.4,21340.0,2025-07-17 12:54:34.816526
2025-07-17,77568,2025071704019934,AKJCL,Elite Stock House Limited,Naasa Securities Co. Ltd.,174,213.4,37131.6,2025-07-17 12:54:37.041493
2025-07-17,77545,2025071704019935,AKJCL,Vision Securities Pvt. Ltd,Naasa Securities Co. Ltd.,469,213.4,100084.6,2025-07-17 12:54:41.002589
2025-07-17,77544,2025071704019936,AKJCL,Vision Securities Pvt. Ltd,Online Securities Pvt. Ltd.,20,213.4,4268.0,2025-07-17 12:54:41.002954
2025-07-17,77496,2025071704019956,AKJCL,Capital Max Securities Ltd,Siprabi Securities Pvt. Ltd.,1000,213.5,213500.0,2025-07-17 12:54:45.171086
2025-07-17,77205,2025071704020037,AKJCL,Vision Securities Pvt. Ltd,Sundhara Securities Limited,371,213.4,79171.4,2025-07-17 12:55:24.110556
2025-07-17,77204,2025071704020038,AKJCL,Sewa Securities Pvt. Ltd.,Sundhara Securities Limited,629,213.4,134228.6,2025-07-17 12:55:24.110930
2025-07-17,77116,2025071704020072,AKJCL,Market Securities & Exchange (PVT) Ltd.,Siprabi Securities Pvt. Ltd.,227,213.5,48464.5,2025-07-17 12:55:36.299476
2025-07-17,77115,2025071704020073,AKJCL,Market Securities & Exchange (PVT) Ltd.,Opal Securities Investment (PVT) Ltd.,500,213.5,106750.0,2025-07-17 12:55:36.299818
2025-07-17,77114,2025071704020074,AKJCL,Market Securities & Exchange (PVT) Ltd.,Naasa Securities Co. Ltd.,300,213.5,64050.0,2025-07-17 12:55:36.300012
2025-07-17,77113,2025071704020075,AKJCL,Market Securities & Exchange (PVT) Ltd.,Naasa Securities Co. Ltd.,250,213.5,53375.0,2025-07-17 12:55:36.300209
2025-07-17,77112,2025071704020076,AKJCL,Market Securities & Exchange (PVT) Ltd.,Naasa Securities Co. Ltd.,2340,213.5,499590.0,2025-07-17 12:55:36.300402
2025-07-17,76587,2025071704020210,AKJCL,Market Securities & Exchange (PVT) Ltd.,Linch Stock Market Ltd.,200,213.5,42700.0,2025-07-17 12:56:59.312722
2025-07-17,76381,2025071704020270,AKJCL,Online Securities Pvt. Ltd.,Midas Stock Broking Company Private Limited,10,213.8,2138.0,2025-07-17 12:57:34.840865
2025-07-17,76236,2025071704020302,AKJCL,Market Securities & Exchange (PVT) Ltd.,Siprabi Securities Pvt. Ltd.,683,213.5,145820.5,2025-07-17 12:57:49.742567
2025-07-17,76235,2025071704020303,AKJCL,Sani Securities Company Ltd.,Siprabi Securities Pvt. Ltd.,169,213.5,36081.5,2025-07-17 12:57:49.742957
2025-07-17,75942,2025071704020404,AKJCL,Sewa Securities Pvt. Ltd.,Imperial Securities Company Pvt. Ltd.,20,213.4,4268.0,2025-07-17 12:58:30.889818
2025-07-17,75914,2025071704020421,AKJCL,Citizens Share Broker Limited,Siprabi Securities Pvt. Ltd.,500,213.5,106750.0,2025-07-17 12:58:35.444238
2025-07-17,75913,2025071704020422,AKJCL,Sewa Securities Pvt. Ltd.,Naasa Securities Co. Ltd.,140,213.4,29876.0,2025-07-17 12:58:35.999600
2025-07-17,75739,2025071704020468,AKJCL,Sewa Securities Pvt. Ltd.,Neev Securities Pvt. Ltd.,875,213.4,186725.0,2025-07-17 12:59:03.019226
2025-07-17,75693,2025071704020476,AKJCL,J.F. Securites (PVT) Ltd.,Siprabi Securities Pvt. Ltd.,500,213.5,106750.0,2025-07-17 12:59:07.652981
2025-07-17,75514,2025071704020513,AKJCL,Sewa Securities Pvt. Ltd.,Nepal Investment And Securities Trading Private Limited,136,213.4,29022.4,2025-07-17 12:59:29.725975
2025-07-17,75199,2025071704020594,AKJCL,Sani Securities Company Ltd.,Nepal Investment And Securities Trading Private Limited,10,213.4,2134.0,2025-07-17 13:00:07.522700
2025-07-17,75048,2025071704020648,AKJCL,Elite Stock House Limited,Neev Securities Pvt. Ltd.,70,213.0,14910.0,2025-07-17 13:00:26.542629
2025-07-17,75022,2025071704020660,AKJCL,Elite Stock House Limited,Kumari Securities Private Limited,30,213.0,6390.0,2025-07-17 13:00:30.825795
2025-07-17,75021,2025071704020661,AKJCL,Sri Hari Securities Pvt. Ltd.,Kumari Securities Private Limited,2795,213.0,595335.0,2025-07-17 13:00:30.826125
2025-07-17,74871,2025071704020717,AKJCL,Premier Securities Company Ltd.,Nepal Investment And Securities Trading Private Limited,70,213.4,14938.0,2025-07-17 13:00:54.073561
2025-07-17,73710,2025071704021112,AKJCL,Sri Hari Securities Pvt. Ltd.,Market Securities & Exchange (PVT) Ltd.,30,213.0,6390.0,2025-07-17 13:03:22.611578
2025-07-17,73663,2025071704021127,AKJCL,Sri Hari Securities Pvt. Ltd.,Vision Securities Pvt. Ltd,100,213.0,21300.0,2025-07-17 13:03:26.873510
2025-07-17,73619,2025071704021136,AKJCL,Sri Hari Securities Pvt. Ltd.,Dipshikha Dhitopatra Karobar Co. Pvt Ltd.,75,213.0,15975.0,2025-07-17 13:03:30.484978
2025-07-17,73618,2025071704021137,AKJCL,Bhrikuti Stock Broking Co. Pvt. Ltd.,Dipshikha Dhitopatra Karobar Co. Pvt Ltd.,100,213.0,21300.0,2025-07-17 13:03:30.485409
2025-07-17,73617,2025071704021138,AKJCL,Neev Securities Pvt. Ltd.,Dipshikha Dhitopatra Karobar Co. Pvt Ltd.,75,213.0,15975.0,2025-07-17 13:03:30.485565
2025-07-17,73350,2025071704021183,AKJCL,Neev Securities Pvt. Ltd.,Imperial Securities Company Pvt. Ltd.,25,213.0,5325.0,2025-07-17 13:04:07.112805
2025-07-17,73349,2025071704021184,AKJCL,Naasa Securities Co. Ltd.,Imperial Securities Company Pvt. Ltd.,125,213.0,26625.0,2025-07-17 13:04:07.112910
2025-07-17,73348,2025071704021185,AKJCL,Bhrikuti Stock Broking Co. Pvt. Ltd.,Imperial Securities Company Pvt. Ltd.,700,213.0,149100.0,2025-07-17 13:04:07.112986
2025-07-17,72659,2025071704021384,AKJCL,Bhrikuti Stock Broking Co. Pvt. Ltd.,Opal Securities Investment (PVT) Ltd.,125,213.0,26625.0,2025-07-17 13:05:45.339628
2025-07-17,72416,2025071704021431,AKJCL,Bhrikuti Stock Broking Co. Pvt. Ltd.,Naasa Securities Co. Ltd.,175,213.0,37275.0,2025-07-17 13:06:27.571200
2025-07-17,72415,2025071704021432,AKJCL,Vision Securities Pvt. Ltd,Naasa Securities Co. Ltd.,25,213.0,5325.0,2025-07-17 13:06:27.571900
2025-07-17,72406,2025071704021434,AKJCL,Trishakti Securities Public Limited,Naasa Securities Co. Ltd.,20,213.3,4266.0,2025-07-17 13:06:28.781936
2025-07-17,72405,2025071704021435,AKJCL,Trishakti Securities Public Limited,Nepal Investment And Securities Trading Private Limited,784,213.4,167305.6,2025-07-17 13:06:28.782646
2025-07-17,72404,2025071704021436,AKJCL,Trishakti Securities Public Limited,Vision Securities Pvt. Ltd,553,213.4,118010.2,2025-07-17 13:06:28.783124
2025-07-17,71731,2025071704021579,AKJCL,Trisul Securities & Invt. Ltd.,Midas Stock Broking Company Private Limited,35,213.1,7458.5,2025-07-17 13:08:02.220868
2025-07-17,71499,2025071704021646,AKJCL,Sani Securities Company Ltd.,Nepal Investment And Securities Trading Private Limited,152,213.3,32421.6,2025-07-17 13:08:35.961411
2025-07-17,71127,2025071704021758,AKJCL,Sagarmatha Securities Private Limited,Nepal Investment And Securities Trading Private Limited,120,213.3,25596.0,2025-07-17 13:09:18.264322
2025-07-17,71126,2025071704021759,AKJCL,Sagarmatha Securities Private Limited,Midas Stock Broking Company Private Limited,50,213.3,10665.0,2025-07-17 13:09:18.264648
2025-07-17,70686,2025071704021869,AKJCL,Sri Hari Securities Pvt. Ltd.,Vision Securities Pvt. Ltd,841,213.4,179469.4,2025-07-17 13:10:04.590828
2025-07-17,70685,2025071704021870,AKJCL,Sri Hari Securities Pvt. Ltd.,Siprabi Securities Pvt. Ltd.,159,213.5,33946.5,2025-07-17 13:10:04.591171
2025-07-17,70392,2025071704021954,AKJCL,Trademow Securities Private Limited,Siprabi Securities Pvt. Ltd.,451,213.5,96288.5,2025-07-17 13:10:44.895687
2025-07-17,70391,2025071704021955,AKJCL,Trademow Securities Private Limited,Naasa Securities Co. Ltd.,549,213.5,117211.5,2025-07-17 13:10:44.896088
2025-07-17,70227,2025071704022004,AKJCL,Sagarmatha Securities Private Limited,Naasa Securities Co. Ltd.,30,213.5,6405.0,2025-07-17 13:11:08.418381
2025-07-17,70221,2025071704022007,AKJCL,Aryatara Investment & Securities,Naasa Securities Co. Ltd.,300,213.5,64050.0,2025-07-17 13:11:09.720628
2025-07-17,67782,2025071704022756,AKJCL,Bhrikuti Stock Broking Co. Pvt. Ltd.,Naasa Securities Co. Ltd.,1057,213.5,225669.5,2025-07-17 13:16:15.701251
2025-07-17,67781,2025071704022757,AKJCL,Bhrikuti Stock Broking Co. Pvt. Ltd.,Aakashbhairab Securities Ltd.,118,213.5,25193.0,2025-07-17 13:16:15.701641
2025-07-17,67755,2025071704022767,AKJCL,Sumeru Securities Pvt. Ltd.,J.F. Securites (PVT) Ltd.,25,213.4,5335.0,2025-07-17 13:16:20.155354
2025-07-17,67595,2025071704022820,AKJCL,Trisul Securities & Invt. Ltd.,Aakashbhairab Securities Ltd.,65,213.1,13851.5,2025-07-17 13:16:42.308882
2025-07-17,67594,2025071704022821,AKJCL,Vision Securities Pvt. Ltd,Aakashbhairab Securities Ltd.,475,213.0,101175.0,2025-07-17 13:16:42.309267
2025-07-17,67593,2025071704022822,AKJCL,Sumeru Securities Pvt. Ltd.,Aakashbhairab Securities Ltd.,10,213.0,2130.0,2025-07-17 13:16:42.309523
2025-07-17,67592,2025071704022823,AKJCL,Premier Securities Company Ltd.,Aakashbhairab Securities Ltd.,450,213.0,95850.0,2025-07-17 13:16:42.309749
2025-07-17,67591,2025071704022824,AKJCL,Trishakti Securities Public Limited,Aakashbhairab Securities Ltd.,820,213.0,174660.0,2025-07-17 13:16:42.309954
2025-07-17,67590,2025071704022825,AKJCL,Nepal Stock House (PVT) Ltd.,Aakashbhairab Securities Ltd.,230,213.0,48990.0,2025-07-17 13:16:42.310171
2025-07-17,67589,2025071704022826,AKJCL,Ashutosh Brokerage & Securities (PVT) Ltd.,Aakashbhairab Securities Ltd.,340,213.0,72420.0,2025-07-17 13:16:42.310398
2025-07-17,67299,2025071704022890,AKJCL,Asian Securities Private Ltd.,Aakashbhairab Securities Ltd.,2610,213.0,555930.0,2025-07-17 13:17:17.059056
2025-07-17,66791,2025071704023059,AKJCL,Dynamic Money Managers Securities Pvt. Ltd.,J.F. Securites (PVT) Ltd.,25,213.4,5335.0,2025-07-17 13:18:33.102770
2025-07-17,66790,2025071704023060,AKJCL,Dynamic Money Managers Securities Pvt. Ltd.,Primo Securities (PVT) Ltd.,975,213.4,208065.0,2025-07-17 13:18:33.103601
2025-07-17,66575,2025071704023125,AKJCL,Aryatara Investment & Securities,Primo Securities (PVT) Ltd.,25,213.4,5335.0,2025-07-17 13:18:53.907928
2025-07-17,66574,2025071704023126,AKJCL,Aryatara Investment & Securities,Aakashbhairab Securities Ltd.,1575,213.5,336262.5,2025-07-17 13:18:53.908353
2025-07-17,66210,2025071704023253,AKJCL,Vision Securities Pvt. Ltd,Secured Securities Ltd.,90,213.4,19206.0,2025-07-17 13:19:43.408211
2025-07-17,66209,2025071704023254,AKJCL,Sumeru Securities Pvt. Ltd.,Secured Securities Ltd.,650,213.4,138710.0,2025-07-17 13:19:43.408715
2025-07-17,66095,2025071704023292,AKJCL,Dynamic Money Managers Securities Pvt. Ltd.,Opal Securities Investment (PVT) Ltd.,400,213.0,85200.0,2025-07-17 13:20:00.666257
2025-07-17,65546,2025071704023426,AKJCL,Imperial Securities Company Pvt. Ltd.,Naasa Securities Co. Ltd.,10,213.4,2134.0,2025-07-17 13:21:07.881545
2025-07-17,65477,2025071704023439,AKJCL,Asian Securities Private Ltd.,Naasa Securities Co. Ltd.,40,213.4,8536.0,2025-07-17 13:21:19.214136
2025-07-17,65476,2025071704023440,AKJCL,Asian Securities Private Ltd.,Secured Securities Ltd.,260,213.4,55484.0,2025-07-17 13:21:19.214576
2025-07-17,65066,2025071704023541,AKJCL,Imperial Securities Company Pvt. Ltd.,Aakashbhairab Securities Ltd.,3307,213.5,706044.5,2025-07-17 13:22:15.853676
2025-07-17,65065,2025071704023542,AKJCL,Imperial Securities Company Pvt. Ltd.,Aryatara Investment & Securities,35,213.5,7472.5,2025-07-17 13:22:15.854071
2025-07-17,65064,2025071704023543,AKJCL,Imperial Securities Company Pvt. Ltd.,South Asian Bulls Pvt. Ltd.,158,213.5,33733.0,2025-07-17 13:22:15.854249
2025-07-17,64792,2025071704023632,AKJCL,Trishakti Securities Public Limited,South Asian Bulls Pvt. Ltd.,342,213.5,73017.0,2025-07-17 13:22:56.226549
2025-07-17,64791,2025071704023633,AKJCL,Trishakti Securities Public Limited,ABC Securities Private Limited,200,213.5,42700.0,2025-07-17 13:22:56.226660
2025-07-17,64790,2025071704023634,AKJCL,Trishakti Securities Public Limited,Naasa Securities Co. Ltd.,20,213.6,4272.0,2025-07-17 13:22:56.226755
2025-07-17,64789,2025071704023635,AKJCL,Trishakti Securities Public Limited,Naasa Securities Co. Ltd.,20,213.7,4274.0,2025-07-17 13:22:56.226833
2025-07-17,64788,2025071704023636,AKJCL,Trishakti Securities Public Limited,Sundhara Securities Limited,360,213.7,76932.0,2025-07-17 13:22:56.226906
2025-07-17,64787,2025071704023637,AKJCL,Trishakti Securities Public Limited,Siprabi Securities Pvt. Ltd.,58,213.8,12400.4,2025-07-17 13:22:56.226981
2025-07-17,63616,2025071704023938,AKJCL,Imperial Securities Company Pvt. Ltd.,Dynamic Money Managers Securities Pvt. Ltd.,170,213.3,36261.0,2025-07-17 13:25:24.769854
2025-07-17,63475,2025071704023979,AKJCL,Imperial Securities Company Pvt. Ltd.,Vision Securities Pvt. Ltd,100,213.3,21330.0,2025-07-17 13:25:43.605263
2025-07-17,63093,2025071704024072,AKJCL,BHOLE GANESH SECURITIES LTD,Siprabi Securities Pvt. Ltd.,342,213.8,73119.6,2025-07-17 13:26:39.334144
2025-07-17,63092,2025071704024073,AKJCL,BHOLE GANESH SECURITIES LTD,Naasa Securities Co. Ltd.,658,213.8,140680.4,2025-07-17 13:26:39.334558
2025-07-17,62481,2025071704024216,AKJCL,Imperial Securities Company Pvt. Ltd.,Aryatara Investment & Securities,130,213.3,27729.0,2025-07-17 13:27:58.542607
2025-07-17,62478,2025071704024217,AKJCL,Kohinoor Investment & Securities Pvt. Ltd.,Aryatara Investment & Securities,200,213.3,42660.0,2025-07-17 13:27:58.543054
2025-07-17,62477,2025071704024218,AKJCL,Oxford Securities Pvt. Ltd.,Aryatara Investment & Securities,170,213.3,36261.0,2025-07-17 13:27:58.543378
2025-07-17,61615,2025071704024454,AKJCL,Nagarik Stock Dealer ,Naasa Securities Co. Ltd.,500,213.4,106700.0,2025-07-17 13:29:57.881697
2025-07-17,61520,2025071704024482,AKJCL,Nagarik Stock Dealer ,Aryatara Investment & Securities,100,213.4,21340.0,2025-07-17 13:30:06.479177
2025-07-17,61240,2025071704024587,AKJCL,Nagarik Stock Dealer ,Aakashbhairab Securities Ltd.,400,213.4,85360.0,2025-07-17 13:30:47.801967
2025-07-17,61239,2025071704024588,AKJCL,Oxford Securities Pvt. Ltd.,Aakashbhairab Securities Ltd.,30,213.3,6399.0,2025-07-17 13:30:47.802506
2025-07-17,61238,2025071704024589,AKJCL,Linch Stock Market Ltd.,Aakashbhairab Securities Ltd.,500,213.3,106650.0,2025-07-17 13:30:47.802755
2025-07-17,61237,2025071704024590,AKJCL,Oxford Securities Pvt. Ltd.,Aakashbhairab Securities Ltd.,30,213.3,6399.0,2025-07-17 13:30:47.803026
2025-07-17,61236,2025071704024591,AKJCL,Sumeru Securities Pvt. Ltd.,Aakashbhairab Securities Ltd.,50,213.2,10660.0,2025-07-17 13:30:47.803215
2025-07-17,61235,2025071704024592,AKJCL,Vision Securities Pvt. Ltd,Aakashbhairab Securities Ltd.,200,213.1,42620.0,2025-07-17 13:30:47.803398
2025-07-17,61234,2025071704024593,AKJCL,Dipshikha Dhitopatra Karobar Co. Pvt Ltd.,Aakashbhairab Securities Ltd.,10,213.0,2130.0,2025-07-17 13:30:47.803612
2025-07-17,61233,2025071704024594,AKJCL,Investment Management Nepal Pvt. Ltd.,Aakashbhairab Securities Ltd.,400,213.0,85200.0,2025-07-17 13:30:47.803814
2025-07-17,61232,2025071704024595,AKJCL,Linch Stock Market Ltd.,Aakashbhairab Securities Ltd.,2000,213.0,426000.0,2025-07-17 13:30:47.804021
2025-07-17,60969,2025071704024653,AKJCL,Linch Stock Market Ltd.,Aakashbhairab Securities Ltd.,1380,213.0,293940.0,2025-07-17 13:31:17.368647
2025-07-17,60354,2025071704024851,AKJCL,Asian Securities Private Ltd.,Malla & Malla Stock Broking Company Pvt. Limited,100,213.4,21340.0,2025-07-17 13:32:13.633868
2025-07-17,60288,2025071704024863,AKJCL,Asian Securities Private Ltd.,Investment Management Nepal Pvt. Ltd.,50,213.5,10675.0,2025-07-17 13:32:21.686895
2025-07-17,60136,2025071704024902,AKJCL,Naasa Securities Co. Ltd.,Naasa Securities Co. Ltd.,100,213.8,21380.0,2025-07-17 13:32:42.696558
2025-07-17,58477,2025071704025339,AKJCL,Nepal Stock House (PVT) Ltd.,Dipshikha Dhitopatra Karobar Co. Pvt Ltd.,10,213.5,2135.0,2025-07-17 13:35:53.330398
2025-07-17,58469,2025071704025343,AKJCL,Nepal Stock House (PVT) Ltd.,Nepal Stock House (PVT) Ltd.,130,213.5,27755.0,2025-07-17 13:35:54.592342
2025-07-17,58036,2025071704025456,AKJCL,Naasa Securities Co. Ltd.,Nepal Stock House (PVT) Ltd.,40,213.5,8540.0,2025-07-17 13:36:41.121265
2025-07-17,57032,2025071704025702,AKJCL,Naasa Securities Co. Ltd.,Linch Stock Market Ltd.,50,213.5,10675.0,2025-07-17 13:38:20.094595
2025-07-17,56973,2025071704025710,AKJCL,Naasa Securities Co. Ltd.,J.F. Securites (PVT) Ltd.,450,213.5,96075.0,2025-07-17 13:38:26.732640
2025-07-17,56923,2025071704025720,AKJCL,Sumeru Securities Pvt. Ltd.,Nabil Stock Dealer Ltd.,20,213.2,4264.0,2025-07-17 13:38:32.707514
2025-07-17,56838,2025071704025731,AKJCL,Aryatara Investment & Securities,J.F. Securites (PVT) Ltd.,300,213.5,64050.0,2025-07-17 13:38:45.831065
2025-07-17,56619,2025071704025791,AKJCL,Sumeru Securities Pvt. Ltd.,Primo Securities (PVT) Ltd.,80,213.2,17056.0,2025-07-17 13:39:15.139534
2025-07-17,56434,2025071704025852,AKJCL,Naasa Securities Co. Ltd.,Primo Securities (PVT) Ltd.,20,213.2,4264.0,2025-07-17 13:39:30.239179
2025-07-17,56433,2025071704025853,AKJCL,Naasa Securities Co. Ltd.,J.F. Securites (PVT) Ltd.,250,213.5,53375.0,2025-07-17 13:39:30.239568
2025-07-17,56432,2025071704025854,AKJCL,Naasa Securities Co. Ltd.,Sani Securities Company Ltd.,230,213.5,49105.0,2025-07-17 13:39:30.239775
2025-07-17,56231,2025071704025909,AKJCL,Cristal Kanchanjanga Securites Pvt. Ltd.,Sani Securities Company Ltd.,170,213.5,36295.0,2025-07-17 13:39:51.752122
2025-07-17,56230,2025071704025910,AKJCL,Cristal Kanchanjanga Securites Pvt. Ltd.,Agrawal Securities (PVT) Ltd.,500,213.7,106850.0,2025-07-17 13:39:51.753011
2025-07-17,56229,2025071704025911,AKJCL,Cristal Kanchanjanga Securites Pvt. Ltd.,Sagarmatha Securities Private Limited,1000,213.7,213700.0,2025-07-17 13:39:51.753788
2025-07-17,56056,2025071704025946,AKJCL,Naasa Securities Co. Ltd.,Naasa Securities Co. Ltd.,742,213.8,158639.6,2025-07-17 13:40:10.418496
2025-07-17,56055,2025071704025947,AKJCL,Naasa Securities Co. Ltd.,Primo Securities (PVT) Ltd.,258,213.8,55160.4,2025-07-17 13:40:10.418900
2025-07-17,55580,2025071704026140,AKJCL,Dakshinkali Investment & Securities Pvt. Ltd.,Primo Securities (PVT) Ltd.,120,213.8,25656.0,2025-07-17 13:40:58.164153
2025-07-17,55460,2025071704026170,AKJCL,Cristal Kanchanjanga Securites Pvt. Ltd.,Primo Securities (PVT) Ltd.,122,213.8,26083.6,2025-07-17 13:41:08.192768
2025-07-17,55459,2025071704026171,AKJCL,Cristal Kanchanjanga Securites Pvt. Ltd.,J.F. Securites (PVT) Ltd.,190,213.8,40622.0,2025-07-17 13:41:08.193178
2025-07-17,55458,2025071704026172,AKJCL,Cristal Kanchanjanga Securites Pvt. Ltd.,Primo Securities (PVT) Ltd.,100,213.8,21380.0,2025-07-17 13:41:08.193359
2025-07-17,55457,2025071704026173,AKJCL,Cristal Kanchanjanga Securites Pvt. Ltd.,Thrive Brokerage House Pvt. Ltd,1000,213.8,213800.0,2025-07-17 13:41:08.193523
2025-07-17,55448,2025071704026174,AKJCL,Cristal Kanchanjanga Securites Pvt. Ltd.,South Asian Bulls Pvt. Ltd.,120,213.8,25656.0,2025-07-17 13:41:08.840009
2025-07-17,55447,2025071704026175,AKJCL,Cristal Kanchanjanga Securites Pvt. Ltd.,South Asian Bulls Pvt. Ltd.,180,213.7,38466.0,2025-07-17 13:41:08.840420
2025-07-17,55205,2025071704026258,AKJCL,Midas Stock Broking Company Private Limited,Secured Securities Ltd.,21,213.8,4489.8,2025-07-17 13:41:37.752600
2025-07-17,55204,2025071704026259,AKJCL,Cristal Kanchanjanga Securites Pvt. Ltd.,Secured Securities Ltd.,150,213.7,32055.0,2025-07-17 13:41:37.753011
2025-07-17,55132,2025071704026288,AKJCL,Agrawal Securities (PVT) Ltd.,Secured Securities Ltd.,159,213.7,33978.3,2025-07-17 13:41:45.887920
2025-07-17,55131,2025071704026289,AKJCL,Agrawal Securities (PVT) Ltd.,Bhrikuti Stock Broking Co. Pvt. Ltd.,10,213.9,2139.0,2025-07-17 13:41:45.888353
2025-07-17,55130,2025071704026290,AKJCL,Agrawal Securities (PVT) Ltd.,Vision Securities Pvt. Ltd,500,213.9,106950.0,2025-07-17 13:41:45.888528
2025-07-17,55129,2025071704026291,AKJCL,Agrawal Securities (PVT) Ltd.,J.F. Securites (PVT) Ltd.,500,213.9,106950.0,2025-07-17 13:41:45.888760
2025-07-17,55128,2025071704026292,AKJCL,Agrawal Securities (PVT) Ltd.,Sani Securities Company Ltd.,200,213.9,42780.0,2025-07-17 13:41:45.888978
2025-07-17,55127,2025071704026293,AKJCL,Agrawal Securities (PVT) Ltd.,Nepal Investment And Securities Trading Private Limited,300,213.9,64170.0,2025-07-17 13:41:45.889191
2025-07-17,55126,2025071704026294,AKJCL,Agrawal Securities (PVT) Ltd.,Midas Stock Broking Company Private Limited,50,213.9,10695.0,2025-07-17 13:41:45.889395
2025-07-17,55125,2025071704026295,AKJCL,Agrawal Securities (PVT) Ltd.,Primo Securities (PVT) Ltd.,200,213.9,42780.0,2025-07-17 13:41:45.889580
2025-07-17,55124,2025071704026296,AKJCL,Agrawal Securities (PVT) Ltd.,Imperial Securities Company Pvt. Ltd.,81,213.9,17325.9,2025-07-17 13:41:45.889817
2025-07-17,55116,2025071704026298,AKJCL,Vision Securities Pvt. Ltd,Imperial Securities Company Pvt. Ltd.,569,213.9,121709.1,2025-07-17 13:41:47.848517
2025-07-17,55115,2025071704026299,AKJCL,Vision Securities Pvt. Ltd,Aryatara Investment & Securities,200,214.0,42800.0,2025-07-17 13:41:47.848624
2025-07-17,55114,2025071704026300,AKJCL,Vision Securities Pvt. Ltd,Imperial Securities Company Pvt. Ltd.,518,214.0,110852.0,2025-07-17 13:41:47.848709
2025-07-17,55113,2025071704026301,AKJCL,Vision Securities Pvt. Ltd,Market Securities & Exchange (PVT) Ltd.,100,214.0,21400.0,2025-07-17 13:41:47.848784
2025-07-17,55112,2025071704026302,AKJCL,Vision Securities Pvt. Ltd,Bhrikuti Stock Broking Co. Pvt. Ltd.,500,214.0,107000.0,2025-07-17 13:41:47.848847
2025-07-17,55111,2025071704026303,AKJCL,Vision Securities Pvt. Ltd,Sri Hari Securities Pvt. Ltd.,3113,214.0,666182.0,2025-07-17 13:41:47.848905
2025-07-17,55043,2025071704026329,AKJCL,Oxford Securities Pvt. Ltd.,Sri Hari Securities Pvt. Ltd.,1187,214.0,254018.0,2025-07-17 13:41:53.090202
2025-07-17,55042,2025071704026330,AKJCL,Oxford Securities Pvt. Ltd.,Sewa Securities Pvt. Ltd.,865,214.0,185110.0,2025-07-17 13:41:53.090961
2025-07-17,55041,2025071704026331,AKJCL,Oxford Securities Pvt. Ltd.,Linch Stock Market Ltd.,270,214.0,57780.0,2025-07-17 13:41:53.091487
2025-07-17,55040,2025071704026332,AKJCL,Oxford Securities Pvt. Ltd.,Online Securities Pvt. Ltd.,25,214.0,5350.0,2025-07-17 13:41:53.091985
2025-07-17,55039,2025071704026333,AKJCL,Oxford Securities Pvt. Ltd.,Sani Securities Company Ltd.,25,214.0,5350.0,2025-07-17 13:41:53.092481
2025-07-17,55038,2025071704026334,AKJCL,Oxford Securities Pvt. Ltd.,Neev Securities Pvt. Ltd.,628,214.0,134392.0,2025-07-17 13:41:53.093025
2025-07-17,54946,2025071704026379,AKJCL,Sharepro Securities Private Limited,Aryatara Investment & Securities,100,213.1,21310.0,2025-07-17 13:42:02.792488
2025-07-17,54877,2025071704026394,AKJCL,Imperial Securities Company Pvt. Ltd.,Neev Securities Pvt. Ltd.,100,214.0,21400.0,2025-07-17 13:42:10.528351
2025-07-17,54760,2025071704026428,AKJCL,Sri Hari Securities Pvt. Ltd.,Neev Securities Pvt. Ltd.,3000,214.0,642000.0,2025-07-17 13:42:26.794220
2025-07-17,54750,2025071704026434,AKJCL,Sharepro Securities Private Limited,Neev Securities Pvt. Ltd.,1522,214.0,325708.0,2025-07-17 13:42:29.811383
2025-07-17,54749,2025071704026435,AKJCL,Sharepro Securities Private Limited,Shree Krishna Securities Ltd.,200,214.0,42800.0,2025-07-17 13:42:29.811796
2025-07-17,54748,2025071704026436,AKJCL,Sharepro Securities Private Limited,Dipshikha Dhitopatra Karobar Co. Pvt Ltd.,250,214.0,53500.0,2025-07-17 13:42:29.811963
2025-07-17,54747,2025071704026437,AKJCL,Sharepro Securities Private Limited,Linch Stock Market Ltd.,28,214.0,5992.0,2025-07-17 13:42:29.812123
2025-07-17,54682,2025071704026474,AKJCL,Sri Hari Securities Pvt. Ltd.,Linch Stock Market Ltd.,875,214.0,187250.0,2025-07-17 13:42:35.940633
2025-07-17,54681,2025071704026475,AKJCL,Sri Hari Securities Pvt. Ltd.,Kumari Securities Private Limited,260,214.0,55640.0,2025-07-17 13:42:35.940997
2025-07-17,54680,2025071704026476,AKJCL,Sri Hari Securities Pvt. Ltd.,J.F. Securites (PVT) Ltd.,240,214.0,51360.0,2025-07-17 13:42:35.941186
2025-07-17,54679,2025071704026477,AKJCL,Sri Hari Securities Pvt. Ltd.,SHUBHAKAMANA SECURITIES PVT. LTD,2900,214.0,620600.0,2025-07-17 13:42:35.941379
2025-07-17,54678,2025071704026478,AKJCL,Sri Hari Securities Pvt. Ltd.,Opal Securities Investment (PVT) Ltd.,900,214.0,192600.0,2025-07-17 13:42:35.941551
2025-07-17,54677,2025071704026479,AKJCL,Sri Hari Securities Pvt. Ltd.,Sani Securities Company Ltd.,50,214.0,10700.0,2025-07-17 13:42:35.941721
2025-07-17,54676,2025071704026480,AKJCL,Sri Hari Securities Pvt. Ltd.,Naasa Securities Co. Ltd.,84,214.0,17976.0,2025-07-17 13:42:35.941896
2025-07-17,54675,2025071704026481,AKJCL,Sri Hari Securities Pvt. Ltd.,Trishakti Securities Public Limited,50,214.0,10700.0,2025-07-17 13:42:35.942059
2025-07-17,54576,2025071704026505,AKJCL,Vision Securities Pvt. Ltd,Naasa Securities Co. Ltd.,50,214.1,10705.0,2025-07-17 13:42:49.569022
2025-07-17,54575,2025071704026506,AKJCL,Vision Securities Pvt. Ltd,Online Securities Pvt. Ltd.,400,214.2,85680.0,2025-07-17 13:42:49.569878
2025-07-17,54574,2025071704026507,AKJCL,Vision Securities Pvt. Ltd,Online Securities Pvt. Ltd.,385,214.2,82467.0,2025-07-17 13:42:49.570411
2025-07-17,54573,2025071704026508,AKJCL,Vision Securities Pvt. Ltd,Naasa Securities Co. Ltd.,500,214.2,107100.0,2025-07-17 13:42:49.571143
2025-07-17,54572,2025071704026509,AKJCL,Vision Securities Pvt. Ltd,Opal Securities Investment (PVT) Ltd.,100,214.2,21420.0,2025-07-17 13:42:49.571849
2025-07-17,54519,2025071704026512,AKJCL,Vision Securities Pvt. Ltd,Agrawal Securities (PVT) Ltd.,50,214.2,10710.0,2025-07-17 13:42:51.691956
2025-07-17,54497,2025071704026517,AKJCL,Vision Securities Pvt. Ltd,Kumari Securities Private Limited,100,214.2,21420.0,2025-07-17 13:42:55.614573
2025-07-17,54437,2025071704026534,AKJCL,Vision Securities Pvt. Ltd,Naasa Securities Co. Ltd.,30,214.3,6429.0,2025-07-17 13:43:01.770929
2025-07-17,54436,2025071704026535,AKJCL,Vision Securities Pvt. Ltd,Miyo Securities Pvt Ltd,20,214.5,4290.0,2025-07-17 13:43:01.771743
2025-07-17,54435,2025071704026536,AKJCL,Vision Securities Pvt. Ltd,Dakshinkali Investment & Securities Pvt. Ltd.,125,214.9,26862.5,2025-07-17 13:43:01.772390
2025-07-17,54434,2025071704026537,AKJCL,Vision Securities Pvt. Ltd,Sipla Securities Private Limited,1000,214.9,214900.0,2025-07-17 13:43:01.772881
2025-07-17,54433,2025071704026538,AKJCL,Vision Securities Pvt. Ltd,Aryatara Investment & Securities,100,214.9,21490.0,2025-07-17 13:43:01.773349
2025-07-17,54432,2025071704026539,AKJCL,Vision Securities Pvt. Ltd,Naasa Securities Co. Ltd.,10,215.0,2150.0,2025-07-17 13:43:01.773838
2025-07-17,54431,2025071704026540,AKJCL,Vision Securities Pvt. Ltd,Imperial Securities Company Pvt. Ltd.,100,215.0,21500.0,2025-07-17 13:43:01.774335
2025-07-17,54430,2025071704026541,AKJCL,Vision Securities Pvt. Ltd,Sri Hari Securities Pvt. Ltd.,200,215.0,43000.0,2025-07-17 13:43:01.774793
2025-07-17,54429,2025071704026542,AKJCL,Vision Securities Pvt. Ltd,Imperial Securities Company Pvt. Ltd.,100,215.0,21500.0,2025-07-17 13:43:01.775250
2025-07-17,54428,2025071704026543,AKJCL,Vision Securities Pvt. Ltd,Imperial Securities Company Pvt. Ltd.,100,215.0,21500.0,2025-07-17 13:43:01.775715
2025-07-17,54427,2025071704026544,AKJCL,Vision Securities Pvt. Ltd,Imperial Securities Company Pvt. Ltd.,500,215.0,107500.0,2025-07-17 13:43:01.776180
2025-07-17,54426,2025071704026545,AKJCL,Vision Securities Pvt. Ltd,ABC Securities Private Limited,450,215.0,96750.0,2025-07-17 13:43:01.776642
2025-07-17,54425,2025071704026546,AKJCL,Vision Securities Pvt. Ltd,Neev Securities Pvt. Ltd.,265,215.0,56975.0,2025-07-17 13:43:01.777106
2025-07-17,54412,2025071704026556,AKJCL,Agrawal Securities (PVT) Ltd.,Neev Securities Pvt. Ltd.,235,215.0,50525.0,2025-07-17 13:43:02.824586
2025-07-17,54411,2025071704026557,AKJCL,Agrawal Securities (PVT) Ltd.,Dipshikha Dhitopatra Karobar Co. Pvt Ltd.,500,215.0,107500.0,2025-07-17 13:43:02.824916
2025-07-17,54410,2025071704026558,AKJCL,Agrawal Securities (PVT) Ltd.,Linch Stock Market Ltd.,265,215.0,56975.0,2025-07-17 13:43:02.825089
2025-07-17,54372,2025071704026565,AKJCL,ABC Securities Private Limited,Linch Stock Market Ltd.,735,215.0,158025.0,2025-07-17 13:43:10.306245
2025-07-17,54371,2025071704026566,AKJCL,ABC Securities Private Limited,Vision Securities Pvt. Ltd,100,215.0,21500.0,2025-07-17 13:43:10.306938
2025-07-17,54370,2025071704026567,AKJCL,ABC Securities Private Limited,Naasa Securities Co. Ltd.,10,215.0,2150.0,2025-07-17 13:43:10.307401
2025-07-17,54369,2025071704026568,AKJCL,ABC Securities Private Limited,Sani Securities Company Ltd.,1000,215.0,215000.0,2025-07-17 13:43:10.307819
2025-07-17,54368,2025071704026569,AKJCL,ABC Securities Private Limited,KALASH STOCK MARKET PVT. LTD.,50,215.0,10750.0,2025-07-17 13:43:10.308246
2025-07-17,54367,2025071704026570,AKJCL,ABC Securities Private Limited,Aryatara Investment & Securities,105,215.0,22575.0,2025-07-17 13:43:10.308689
2025-07-17,54365,2025071704026571,AKJCL,Aryatara Investment & Securities,Aryatara Investment & Securities,500,215.0,107500.0,2025-07-17 13:43:10.892587
2025-07-17,54351,2025071704026574,AKJCL,Miyo Securities Pvt Ltd,Aryatara Investment & Securities,1000,215.0,215000.0,2025-07-17 13:43:13.296997
2025-07-17,54279,2025071704026601,AKJCL,Sharepro Securities Private Limited,Aryatara Investment & Securities,195,215.0,41925.0,2025-07-17 13:43:19.109400
2025-07-17,54278,2025071704026602,AKJCL,Sharepro Securities Private Limited,Shree Krishna Securities Ltd.,500,215.0,107500.0,2025-07-17 13:43:19.110039
2025-07-17,54277,2025071704026603,AKJCL,Sharepro Securities Private Limited,Sundhara Securities Limited,305,215.0,65575.0,2025-07-17 13:43:19.110494
2025-07-17,54252,2025071704026605,AKJCL,Agrawal Securities (PVT) Ltd.,Sundhara Securities Limited,50,215.0,10750.0,2025-07-17 13:43:21.078401
2025-07-17,54159,2025071704026623,AKJCL,Agrawal Securities (PVT) Ltd.,Sundhara Securities Limited,645,215.0,138675.0,2025-07-17 13:43:33.210788
2025-07-17,54158,2025071704026624,AKJCL,Agrawal Securities (PVT) Ltd.,Kohinoor Investment & Securities Pvt. Ltd.,355,215.0,76325.0,2025-07-17 13:43:33.211145
