Date,S.N.,Contract ID,Symbol,Buyer Broker,Seller Broker,quantity,rate,amount,transaction_time
2025-07-17,140260,2025071703000209,KSBBL,Trishakti Securities Public Limited,Sani Securities Company Ltd.,310,508.8,157728.0,2025-07-17 11:03:37.256655
2025-07-17,140190,2025071703000220,KSBBL,Vision Securities Pvt. Ltd,Dipshikha Dhitopatra Karobar Co. Pvt Ltd.,100,505.0,50500.0,2025-07-17 11:03:47.528221
2025-07-17,140189,2025071703000221,KSBBL,Vision Securities Pvt. Ltd,Kohinoor Investment & Securities Pvt. Ltd.,400,508.8,203520.0,2025-07-17 11:03:47.528257
2025-07-17,140037,2025071703000247,KSBBL,Trishakti Securities Public Limited,Kohinoor Investment & Securities Pvt. Ltd.,100,508.8,50880.0,2025-07-17 11:04:07.637955
2025-07-17,139737,2025071703000330,KSBBL,Trishakti Securities Public Limited,Imperial Securities Company Pvt. Ltd.,500,508.9,254450.0,2025-07-17 11:04:48.251901
2025-07-17,139321,2025071703000437,KSBBL,Trishakti Securities Public Limited,Imperial Securities Company Pvt. Ltd.,300,508.6,152580.0,2025-07-17 11:05:38.006103
2025-07-17,139121,2025071703000463,KSBBL,SHUBHAKAMANA SECURITIES PVT. LTD,Imperial Securities Company Pvt. Ltd.,500,508.6,254300.0,2025-07-17 11:05:59.604645
2025-07-17,138915,2025071703000488,KSBBL,Linch Stock Market Ltd.,Imperial Securities Company Pvt. Ltd.,200,508.6,101720.0,2025-07-17 11:06:30.820339
2025-07-17,138914,2025071703000489,KSBBL,Linch Stock Market Ltd.,Imperial Securities Company Pvt. Ltd.,50,508.7,25435.0,2025-07-17 11:06:30.820437
2025-07-17,138795,2025071703000517,KSBBL,Naasa Securities Co. Ltd.,Capital Max Securities Ltd,1000,508.6,508600.0,2025-07-17 11:06:44.665515
2025-07-17,138747,2025071703000528,KSBBL,Kalika Securities Pvt. Ltd.,Imperial Securities Company Pvt. Ltd.,30,508.7,15261.0,2025-07-17 11:06:51.343214
2025-07-17,137692,2025071703000668,KSBBL,Naasa Securities Co. Ltd.,Asian Securities Private Ltd.,30,508.0,15240.0,2025-07-17 11:08:45.489992
2025-07-17,137691,2025071703000669,KSBBL,Naasa Securities Co. Ltd.,Midas Stock Broking Company Private Limited,40,508.0,20320.0,2025-07-17 11:08:45.490115
2025-07-17,137088,2025071703000778,KSBBL,Magnet Securities and Investment Company Private Limited,Nepal Stock House (PVT) Ltd.,10,507.2,5072.0,2025-07-17 11:10:03.303618
2025-07-17,136951,2025071703000792,KSBBL,Vision Securities Pvt. Ltd,Bhrikuti Stock Broking Co. Pvt. Ltd.,72,506.2,36446.4,2025-07-17 11:10:15.495791
2025-07-17,136787,2025071703000835,KSBBL,Vision Securities Pvt. Ltd,Sri Hari Securities Pvt. Ltd.,82,506.2,41508.4,2025-07-17 11:10:27.340375
2025-07-17,136764,2025071703000836,KSBBL,Vision Securities Pvt. Ltd,Nepal Stock House (PVT) Ltd.,190,506.2,96178.0,2025-07-17 11:10:28.978267
2025-07-17,136751,2025071703000839,KSBBL,ABC Securities Private Limited,Midas Stock Broking Company Private Limited,36,508.0,18288.0,2025-07-17 11:10:30.007304
2025-07-17,136750,2025071703000840,KSBBL,ABC Securities Private Limited,Investment Management Nepal Pvt. Ltd.,200,508.0,101600.0,2025-07-17 11:10:30.007424
2025-07-17,136749,2025071703000841,KSBBL,ABC Securities Private Limited,Vision Securities Pvt. Ltd,48,508.0,24384.0,2025-07-17 11:10:30.007477
2025-07-17,136748,2025071703000842,KSBBL,ABC Securities Private Limited,Midas Stock Broking Company Private Limited,32,508.0,16256.0,2025-07-17 11:10:30.007518
2025-07-17,136747,2025071703000843,KSBBL,ABC Securities Private Limited,Dynamic Money Managers Securities Pvt. Ltd.,34,508.0,17272.0,2025-07-17 11:10:30.007565
2025-07-17,136404,2025071703000915,KSBBL,ABC Securities Private Limited,Vision Securities Pvt. Ltd,30,506.4,15192.0,2025-07-17 11:11:04.232529
2025-07-17,135541,2025071703001049,KSBBL,Sani Securities Company Ltd.,Vision Securities Pvt. Ltd,50,506.5,25325.0,2025-07-17 11:12:27.155447
2025-07-17,135540,2025071703001050,KSBBL,Sundhara Securities Limited,Vision Securities Pvt. Ltd,300,506.5,151950.0,2025-07-17 11:12:27.155573
2025-07-17,135539,2025071703001051,KSBBL,Trishakti Securities Public Limited,Vision Securities Pvt. Ltd,100,506.4,50640.0,2025-07-17 11:12:27.155637
2025-07-17,135538,2025071703001052,KSBBL,KALASH STOCK MARKET PVT. LTD.,Vision Securities Pvt. Ltd,100,506.4,50640.0,2025-07-17 11:12:27.155683
2025-07-17,135537,2025071703001053,KSBBL,Global IME Securities Limited,Vision Securities Pvt. Ltd,200,506.3,101260.0,2025-07-17 11:12:27.155727
2025-07-17,135536,2025071703001054,KSBBL,Vision Securities Pvt. Ltd,Vision Securities Pvt. Ltd,156,506.2,78967.2,2025-07-17 11:12:27.155770
2025-07-17,135535,2025071703001055,KSBBL,Malla & Malla Stock Broking Company Pvt. Limited,Vision Securities Pvt. Ltd,94,506.1,47573.4,2025-07-17 11:12:27.155816
2025-07-17,135511,2025071703001063,KSBBL,Malla & Malla Stock Broking Company Pvt. Limited,Sharepro Securities Private Limited,206,506.1,104256.6,2025-07-17 11:12:29.333184
2025-07-17,135510,2025071703001064,KSBBL,Sumeru Securities Pvt. Ltd.,Sharepro Securities Private Limited,10,506.0,5060.0,2025-07-17 11:12:29.333234
2025-07-17,135509,2025071703001065,KSBBL,Sewa Securities Pvt. Ltd.,Sharepro Securities Private Limited,50,505.3,25265.0,2025-07-17 11:12:29.333290
2025-07-17,135508,2025071703001066,KSBBL,Nepal Stock House (PVT) Ltd.,Sharepro Securities Private Limited,200,505.2,101040.0,2025-07-17 11:12:29.333331
2025-07-17,135507,2025071703001067,KSBBL,SHUBHAKAMANA SECURITIES PVT. LTD,Sharepro Securities Private Limited,534,505.2,269776.8,2025-07-17 11:12:29.333366
2025-07-17,135364,2025071703001114,KSBBL,SHUBHAKAMANA SECURITIES PVT. LTD,Sharepro Securities Private Limited,1466,505.2,740623.2,2025-07-17 11:12:43.373733
2025-07-17,135363,2025071703001115,KSBBL,Bhrikuti Stock Broking Co. Pvt. Ltd.,Sharepro Securities Private Limited,534,505.0,269670.0,2025-07-17 11:12:43.373788
2025-07-17,135119,2025071703001159,KSBBL,Shree Krishna Securities Ltd.,BHOLE GANESH SECURITIES LTD,50,506.0,25300.0,2025-07-17 11:13:06.501838
2025-07-17,134808,2025071703001242,KSBBL,Shree Krishna Securities Ltd.,Dynamic Money Managers Securities Pvt. Ltd.,26,506.0,13156.0,2025-07-17 11:13:29.881987
2025-07-17,134693,2025071703001271,KSBBL,Shree Krishna Securities Ltd.,BHOLE GANESH SECURITIES LTD,100,506.0,50600.0,2025-07-17 11:13:37.929014
2025-07-17,134627,2025071703001282,KSBBL,Global IME Securities Limited,Dynamic Money Managers Securities Pvt. Ltd.,300,506.1,151830.0,2025-07-17 11:13:45.468525
2025-07-17,134626,2025071703001283,KSBBL,Shree Krishna Securities Ltd.,Dynamic Money Managers Securities Pvt. Ltd.,14,506.0,7084.0,2025-07-17 11:13:45.468649
2025-07-17,134625,2025071703001284,KSBBL,ABC Securities Private Limited,Dynamic Money Managers Securities Pvt. Ltd.,50,506.0,25300.0,2025-07-17 11:13:45.468694
2025-07-17,134624,2025071703001285,KSBBL,Sewa Securities Pvt. Ltd.,Dynamic Money Managers Securities Pvt. Ltd.,50,505.1,25255.0,2025-07-17 11:13:45.468758
2025-07-17,134623,2025071703001286,KSBBL,Naasa Securities Co. Ltd.,Dynamic Money Managers Securities Pvt. Ltd.,100,505.1,50510.0,2025-07-17 11:13:45.468806
2025-07-17,134622,2025071703001287,KSBBL,Bhrikuti Stock Broking Co. Pvt. Ltd.,Dynamic Money Managers Securities Pvt. Ltd.,446,505.0,225230.0,2025-07-17 11:13:45.468853
2025-07-17,134621,2025071703001288,KSBBL,Sewa Securities Pvt. Ltd.,Dynamic Money Managers Securities Pvt. Ltd.,40,505.0,20200.0,2025-07-17 11:13:45.468894
2025-07-17,134253,2025071703001346,KSBBL,Sewa Securities Pvt. Ltd.,Online Securities Pvt. Ltd.,60,505.0,30300.0,2025-07-17 11:14:23.395798
2025-07-17,134147,2025071703001364,KSBBL,Thrive Brokerage House Pvt. Ltd,Online Securities Pvt. Ltd.,50,505.0,25250.0,2025-07-17 11:14:31.987048
2025-07-17,133756,2025071703001430,KSBBL,Blue Chip Securities Ltd,Dynamic Money Managers Securities Pvt. Ltd.,161,502.0,80822.0,2025-07-17 11:15:04.651163
2025-07-17,133595,2025071703001461,KSBBL,Agrawal Securities (PVT) Ltd.,Online Securities Pvt. Ltd.,190,505.0,95950.0,2025-07-17 11:15:24.110263
2025-07-17,133594,2025071703001462,KSBBL,Agrawal Securities (PVT) Ltd.,Deevyaa Securities & Stock House Pvt. Ltd,250,506.9,126725.0,2025-07-17 11:15:24.110363
2025-07-17,133593,2025071703001463,KSBBL,Agrawal Securities (PVT) Ltd.,Vision Securities Pvt. Ltd,60,507.0,30420.0,2025-07-17 11:15:24.110416
2025-07-17,133464,2025071703001489,KSBBL,Agrawal Securities (PVT) Ltd.,Vision Securities Pvt. Ltd,500,507.0,253500.0,2025-07-17 11:15:34.325192
2025-07-17,132739,2025071703001637,KSBBL,Sewa Securities Pvt. Ltd.,Sumeru Securities Pvt. Ltd.,50,503.0,25150.0,2025-07-17 11:16:38.429103
2025-07-17,132565,2025071703001664,KSBBL,Vision Securities Pvt. Ltd,Opal Securities Investment (PVT) Ltd.,400,505.0,202000.0,2025-07-17 11:16:52.483285
2025-07-17,132456,2025071703001688,KSBBL,Sewa Securities Pvt. Ltd.,Imperial Securities Company Pvt. Ltd.,150,503.0,75450.0,2025-07-17 11:17:04.308969
2025-07-17,132455,2025071703001689,KSBBL,ABC Securities Private Limited,Imperial Securities Company Pvt. Ltd.,10,503.0,5030.0,2025-07-17 11:17:04.309070
2025-07-17,131957,2025071703001756,KSBBL,ABC Securities Private Limited,Elite Stock House Limited,11,503.0,5533.0,2025-07-17 11:17:49.019629
2025-07-17,131742,2025071703001802,KSBBL,ABC Securities Private Limited,Sani Securities Company Ltd.,107,503.0,53821.0,2025-07-17 11:18:06.577369
2025-07-17,131608,2025071703001820,KSBBL,Sumeru Securities Pvt. Ltd.,Naasa Securities Co. Ltd.,130,504.0,65520.0,2025-07-17 11:18:20.898620
2025-07-17,130883,2025071703001968,KSBBL,ABC Securities Private Limited,Opal Securities Investment (PVT) Ltd.,42,505.0,21210.0,2025-07-17 11:19:37.586663
2025-07-17,130750,2025071703001995,KSBBL,Kohinoor Investment & Securities Pvt. Ltd.,Opal Securities Investment (PVT) Ltd.,558,505.0,281790.0,2025-07-17 11:19:49.755589
2025-07-17,130749,2025071703001996,KSBBL,Kohinoor Investment & Securities Pvt. Ltd.,Imperial Securities Company Pvt. Ltd.,813,505.0,410565.0,2025-07-17 11:19:49.755700
2025-07-17,130748,2025071703001997,KSBBL,Kohinoor Investment & Securities Pvt. Ltd.,Dynamic Money Managers Securities Pvt. Ltd.,1000,505.0,505000.0,2025-07-17 11:19:49.755760
2025-07-17,130384,2025071703002097,KSBBL,Kohinoor Investment & Securities Pvt. Ltd.,Online Securities Pvt. Ltd.,129,505.0,65145.0,2025-07-17 11:20:29.879707
2025-07-17,130283,2025071703002115,KSBBL,Naasa Securities Co. Ltd.,Online Securities Pvt. Ltd.,90,505.0,45450.0,2025-07-17 11:20:38.248672
2025-07-17,129462,2025071703002297,KSBBL,Thrive Brokerage House Pvt. Ltd,Online Securities Pvt. Ltd.,10,505.0,5050.0,2025-07-17 11:21:47.433441
2025-07-17,128737,2025071703002455,KSBBL,Kohinoor Investment & Securities Pvt. Ltd.,Sri Hari Securities Pvt. Ltd.,300,505.0,151500.0,2025-07-17 11:22:40.421699
2025-07-17,128647,2025071703002477,KSBBL,Kohinoor Investment & Securities Pvt. Ltd.,Sri Hari Securities Pvt. Ltd.,111,505.0,56055.0,2025-07-17 11:22:48.519662
2025-07-17,128578,2025071703002493,KSBBL,Market Securities & Exchange (PVT) Ltd.,Sri Hari Securities Pvt. Ltd.,14,506.0,7084.0,2025-07-17 11:22:56.300484
2025-07-17,128577,2025071703002494,KSBBL,Market Securities & Exchange (PVT) Ltd.,Kohinoor Investment & Securities Pvt. Ltd.,55,506.0,27830.0,2025-07-17 11:22:56.300617
2025-07-17,128576,2025071703002495,KSBBL,Market Securities & Exchange (PVT) Ltd.,Trisul Securities & Invt. Ltd.,100,506.0,50600.0,2025-07-17 11:22:56.300674
2025-07-17,128283,2025071703002558,KSBBL,Thrive Brokerage House Pvt. Ltd,Imperial Securities Company Pvt. Ltd.,50,506.9,25345.0,2025-07-17 11:23:21.791073
2025-07-17,127566,2025071703002681,KSBBL,Kohinoor Investment & Securities Pvt. Ltd.,Investment Management Nepal Pvt. Ltd.,589,505.0,297445.0,2025-07-17 11:24:37.164631
2025-07-17,127565,2025071703002682,KSBBL,Premier Securities Company Ltd.,Investment Management Nepal Pvt. Ltd.,40,505.0,20200.0,2025-07-17 11:24:37.164775
2025-07-17,127564,2025071703002683,KSBBL,Deevyaa Securities & Stock House Pvt. Ltd,Investment Management Nepal Pvt. Ltd.,500,505.0,252500.0,2025-07-17 11:24:37.164837
2025-07-17,127563,2025071703002684,KSBBL,Imperial Securities Company Pvt. Ltd.,Investment Management Nepal Pvt. Ltd.,90,505.0,45450.0,2025-07-17 11:24:37.164889
2025-07-17,127494,2025071703002692,KSBBL,Imperial Securities Company Pvt. Ltd.,Investment Management Nepal Pvt. Ltd.,50,505.0,25250.0,2025-07-17 11:24:44.360455
2025-07-17,127389,2025071703002715,KSBBL,Thrive Brokerage House Pvt. Ltd,Investment Management Nepal Pvt. Ltd.,30,505.0,15150.0,2025-07-17 11:24:58.059066
2025-07-17,127343,2025071703002720,KSBBL,Kohinoor Investment & Securities Pvt. Ltd.,Investment Management Nepal Pvt. Ltd.,700,505.0,353500.0,2025-07-17 11:25:03.688953
2025-07-17,126447,2025071703002896,KSBBL,Kohinoor Investment & Securities Pvt. Ltd.,Naasa Securities Co. Ltd.,53,505.0,26765.0,2025-07-17 11:26:37.614819
2025-07-17,126145,2025071703002950,KSBBL,Aryatara Investment & Securities,Imperial Securities Company Pvt. Ltd.,11,506.8,5574.8,2025-07-17 11:27:10.458371
2025-07-17,126134,2025071703002951,KSBBL,Miyo Securities Pvt Ltd,Imperial Securities Company Pvt. Ltd.,86,506.8,43584.8,2025-07-17 11:27:11.657197
2025-07-17,126133,2025071703002952,KSBBL,Miyo Securities Pvt Ltd,Nepal Stock House (PVT) Ltd.,500,506.8,253400.0,2025-07-17 11:27:11.657464
2025-07-17,126132,2025071703002953,KSBBL,Miyo Securities Pvt Ltd,Imperial Securities Company Pvt. Ltd.,414,506.9,209856.6,2025-07-17 11:27:11.657632
2025-07-17,125642,2025071703003053,KSBBL,Dipshikha Dhitopatra Karobar Co. Pvt Ltd.,SHUBHAKAMANA SECURITIES PVT. LTD,500,506.8,253400.0,2025-07-17 11:27:58.029317
2025-07-17,125474,2025071703003091,KSBBL,Naasa Securities Co. Ltd.,Imperial Securities Company Pvt. Ltd.,456,506.9,231146.4,2025-07-17 11:28:19.415817
2025-07-17,125473,2025071703003092,KSBBL,Naasa Securities Co. Ltd.,Sani Securities Company Ltd.,44,506.9,22303.6,2025-07-17 11:28:19.415948
2025-07-17,125200,2025071703003171,KSBBL,Dynamic Money Managers Securities Pvt. Ltd.,Sani Securities Company Ltd.,100,506.9,50690.0,2025-07-17 11:28:44.388825
2025-07-17,125155,2025071703003174,KSBBL,Nepal Investment And Securities Trading Private Limited,Sani Securities Company Ltd.,79,506.9,40045.1,2025-07-17 11:28:48.660456
2025-07-17,125154,2025071703003175,KSBBL,Nepal Investment And Securities Trading Private Limited,Market Securities & Exchange (PVT) Ltd.,100,506.9,50690.0,2025-07-17 11:28:48.660720
2025-07-17,124722,2025071703003286,KSBBL,Dynamic Money Managers Securities Pvt. Ltd.,Vision Securities Pvt. Ltd,30,507.0,15210.0,2025-07-17 11:29:33.477609
2025-07-17,124517,2025071703003330,KSBBL,Nepal Investment And Securities Trading Private Limited,Imperial Securities Company Pvt. Ltd.,11,506.9,5575.9,2025-07-17 11:29:47.976942
2025-07-17,124229,2025071703003411,KSBBL,Sundhara Securities Limited,Trisul Securities & Invt. Ltd.,90,506.8,45612.0,2025-07-17 11:30:16.493675
2025-07-17,124003,2025071703003459,KSBBL,Dynamic Money Managers Securities Pvt. Ltd.,Naasa Securities Co. Ltd.,20,506.8,10136.0,2025-07-17 11:30:37.922660
2025-07-17,123477,2025071703003550,KSBBL,Dynamic Money Managers Securities Pvt. Ltd.,Naasa Securities Co. Ltd.,10,506.8,5068.0,2025-07-17 11:31:36.981950
2025-07-17,123284,2025071703003579,KSBBL,Sri Hari Securities Pvt. Ltd.,Premier Securities Company Ltd.,19,506.0,9614.0,2025-07-17 11:31:57.480576
2025-07-17,122395,2025071703003766,KSBBL,Sri Hari Securities Pvt. Ltd.,Deevyaa Securities & Stock House Pvt. Ltd,50,506.0,25300.0,2025-07-17 11:33:23.370350
2025-07-17,122137,2025071703003814,KSBBL,Midas Stock Broking Company Private Limited,Trisul Securities & Invt. Ltd.,51,506.7,25841.7,2025-07-17 11:33:50.795251
2025-07-17,121573,2025071703003909,KSBBL,Kohinoor Investment & Securities Pvt. Ltd.,Naasa Securities Co. Ltd.,100,506.5,50650.0,2025-07-17 11:34:48.645141
2025-07-17,121384,2025071703003939,KSBBL,Kohinoor Investment & Securities Pvt. Ltd.,Aryatara Investment & Securities,5000,506.6,2533000.0,2025-07-17 11:35:02.760754
2025-07-17,121356,2025071703003941,KSBBL,Kohinoor Investment & Securities Pvt. Ltd.,Naasa Securities Co. Ltd.,470,506.6,238102.0,2025-07-17 11:35:05.547083
2025-07-17,121302,2025071703003952,KSBBL,Kohinoor Investment & Securities Pvt. Ltd.,Sumeru Securities Pvt. Ltd.,89,506.6,45087.4,2025-07-17 11:35:12.655501
2025-07-17,121260,2025071703003964,KSBBL,Kohinoor Investment & Securities Pvt. Ltd.,South Asian Bulls Pvt. Ltd.,20,506.6,10132.0,2025-07-17 11:35:14.939807
2025-07-17,121088,2025071703004002,KSBBL,Kohinoor Investment & Securities Pvt. Ltd.,Trisul Securities & Invt. Ltd.,68,506.7,34455.6,2025-07-17 11:35:29.551688
2025-07-17,120898,2025071703004026,KSBBL,Miyo Securities Pvt Ltd,Trisul Securities & Invt. Ltd.,81,506.7,41042.7,2025-07-17 11:35:41.769457
2025-07-17,120897,2025071703004027,KSBBL,Miyo Securities Pvt Ltd,Imperial Securities Company Pvt. Ltd.,30,506.9,15207.0,2025-07-17 11:35:41.769602
2025-07-17,120573,2025071703004084,KSBBL,Sri Hari Securities Pvt. Ltd.,Online Securities Pvt. Ltd.,29,506.0,14674.0,2025-07-17 11:36:20.490795
2025-07-17,120534,2025071703004092,KSBBL,KALASH STOCK MARKET PVT. LTD.,Online Securities Pvt. Ltd.,68,506.0,34408.0,2025-07-17 11:36:24.061071
2025-07-17,120494,2025071703004095,KSBBL,KALASH STOCK MARKET PVT. LTD.,Nepal Stock House (PVT) Ltd.,32,506.1,16195.2,2025-07-17 11:36:27.264004
2025-07-17,120493,2025071703004096,KSBBL,Global IME Securities Limited,Nepal Stock House (PVT) Ltd.,200,505.1,101020.0,2025-07-17 11:36:27.264144
2025-07-17,120492,2025071703004097,KSBBL,Deevyaa Securities & Stock House Pvt. Ltd,Nepal Stock House (PVT) Ltd.,78,505.0,39390.0,2025-07-17 11:36:27.264208
2025-07-17,120305,2025071703004115,KSBBL,Deevyaa Securities & Stock House Pvt. Ltd,Asian Securities Private Ltd.,500,505.0,252500.0,2025-07-17 11:36:48.996991
2025-07-17,119961,2025071703004172,KSBBL,Kohinoor Investment & Securities Pvt. Ltd.,Kohinoor Investment & Securities Pvt. Ltd.,137,506.7,69417.9,2025-07-17 11:37:22.818367
2025-07-17,119960,2025071703004173,KSBBL,Kohinoor Investment & Securities Pvt. Ltd.,SUN SECURITIES PVT LTD,500,506.8,253400.0,2025-07-17 11:37:22.818528
2025-07-17,119959,2025071703004174,KSBBL,Kohinoor Investment & Securities Pvt. Ltd.,Imperial Securities Company Pvt. Ltd.,1459,506.9,739567.1,2025-07-17 11:37:22.818596
2025-07-17,119958,2025071703004175,KSBBL,Kohinoor Investment & Securities Pvt. Ltd.,Dynamic Money Managers Securities Pvt. Ltd.,655,506.9,332019.5,2025-07-17 11:37:22.818654
2025-07-17,119957,2025071703004176,KSBBL,Kohinoor Investment & Securities Pvt. Ltd.,Vision Securities Pvt. Ltd,410,507.0,207870.0,2025-07-17 11:37:22.818712
2025-07-17,119956,2025071703004177,KSBBL,Kohinoor Investment & Securities Pvt. Ltd.,Sumeru Securities Pvt. Ltd.,223,507.0,113061.0,2025-07-17 11:37:22.818768
2025-07-17,119955,2025071703004178,KSBBL,Kohinoor Investment & Securities Pvt. Ltd.,Online Securities Pvt. Ltd.,500,507.0,253500.0,2025-07-17 11:37:22.818823
2025-07-17,119954,2025071703004179,KSBBL,Kohinoor Investment & Securities Pvt. Ltd.,Shree Krishna Securities Ltd.,111,507.0,56277.0,2025-07-17 11:37:22.818879
2025-07-17,119953,2025071703004180,KSBBL,Kohinoor Investment & Securities Pvt. Ltd.,Aryatara Investment & Securities,5000,507.0,2535000.0,2025-07-17 11:37:22.818931
2025-07-17,119952,2025071703004181,KSBBL,Kohinoor Investment & Securities Pvt. Ltd.,Dipshikha Dhitopatra Karobar Co. Pvt Ltd.,500,507.0,253500.0,2025-07-17 11:37:22.818986
2025-07-17,119907,2025071703004186,KSBBL,Kohinoor Investment & Securities Pvt. Ltd.,Investment Management Nepal Pvt. Ltd.,40,507.0,20280.0,2025-07-17 11:37:28.226885
2025-07-17,119711,2025071703004217,KSBBL,Kohinoor Investment & Securities Pvt. Ltd.,Linch Stock Market Ltd.,200,507.0,101400.0,2025-07-17 11:37:55.072367
2025-07-17,119518,2025071703004230,KSBBL,Kohinoor Investment & Securities Pvt. Ltd.,Linch Stock Market Ltd.,135,507.0,68445.0,2025-07-17 11:38:14.384207
2025-07-17,118742,2025071703004387,KSBBL,Kohinoor Investment & Securities Pvt. Ltd.,Online Securities Pvt. Ltd.,11,507.0,5577.0,2025-07-17 11:39:32.523013
2025-07-17,118717,2025071703004391,KSBBL,Siprabi Securities Pvt. Ltd.,Sani Securities Company Ltd.,60,508.0,30480.0,2025-07-17 11:39:38.438119
2025-07-17,118177,2025071703004488,KSBBL,South Asian Bulls Pvt. Ltd.,Sani Securities Company Ltd.,10,508.0,5080.0,2025-07-17 11:40:35.697567
2025-07-17,117752,2025071703004560,KSBBL,Bhrikuti Stock Broking Co. Pvt. Ltd.,Sani Securities Company Ltd.,100,508.0,50800.0,2025-07-17 11:41:17.861325
2025-07-17,117729,2025071703004562,KSBBL,Kohinoor Investment & Securities Pvt. Ltd.,Dakshinkali Investment & Securities Pvt. Ltd.,119,507.0,60333.0,2025-07-17 11:41:20.329905
2025-07-17,117728,2025071703004563,KSBBL,Pragyan Securities (PVT) Ltd.,Dakshinkali Investment & Securities Pvt. Ltd.,81,507.0,41067.0,2025-07-17 11:41:20.330060
2025-07-17,117652,2025071703004571,KSBBL,Pragyan Securities (PVT) Ltd.,Dipshikha Dhitopatra Karobar Co. Pvt Ltd.,19,507.0,9633.0,2025-07-17 11:41:26.484290
2025-07-17,117651,2025071703004572,KSBBL,Sweta Securities Private Limited,Dipshikha Dhitopatra Karobar Co. Pvt Ltd.,10,506.0,5060.0,2025-07-17 11:41:26.484343
2025-07-17,117650,2025071703004573,KSBBL,Thrive Brokerage House Pvt. Ltd,Dipshikha Dhitopatra Karobar Co. Pvt Ltd.,100,505.1,50510.0,2025-07-17 11:41:26.484371
2025-07-17,117649,2025071703004574,KSBBL,Deevyaa Securities & Stock House Pvt. Ltd,Dipshikha Dhitopatra Karobar Co. Pvt Ltd.,422,505.0,213110.0,2025-07-17 11:41:26.484397
2025-07-17,117648,2025071703004575,KSBBL,Sani Securities Company Ltd.,Dipshikha Dhitopatra Karobar Co. Pvt Ltd.,500,505.0,252500.0,2025-07-17 11:41:26.484431
2025-07-17,117647,2025071703004576,KSBBL,Midas Stock Broking Company Private Limited,Dipshikha Dhitopatra Karobar Co. Pvt Ltd.,949,505.0,479245.0,2025-07-17 11:41:26.484459
2025-07-17,117563,2025071703004592,KSBBL,Trisul Securities & Invt. Ltd.,Sani Securities Company Ltd.,130,508.0,66040.0,2025-07-17 11:41:34.277882
2025-07-17,117562,2025071703004593,KSBBL,Trisul Securities & Invt. Ltd.,Online Securities Pvt. Ltd.,80,508.0,40640.0,2025-07-17 11:41:34.277924
2025-07-17,117561,2025071703004594,KSBBL,Trisul Securities & Invt. Ltd.,KALASH STOCK MARKET PVT. LTD.,500,508.9,254450.0,2025-07-17 11:41:34.277950
2025-07-17,117560,2025071703004595,KSBBL,Trisul Securities & Invt. Ltd.,Shree Krishna Securities Ltd.,14,509.0,7126.0,2025-07-17 11:41:34.277978
2025-07-17,117559,2025071703004596,KSBBL,Trisul Securities & Invt. Ltd.,ABC Securities Private Limited,100,509.0,50900.0,2025-07-17 11:41:34.278005
2025-07-17,117558,2025071703004597,KSBBL,Trisul Securities & Invt. Ltd.,ABC Securities Private Limited,500,509.0,254500.0,2025-07-17 11:41:34.278036
2025-07-17,117557,2025071703004598,KSBBL,Trisul Securities & Invt. Ltd.,Agrawal Securities (PVT) Ltd.,200,509.0,101800.0,2025-07-17 11:41:34.278059
2025-07-17,117556,2025071703004599,KSBBL,Trisul Securities & Invt. Ltd.,Agrawal Securities (PVT) Ltd.,10,509.9,5099.0,2025-07-17 11:41:34.278093
2025-07-17,117555,2025071703004600,KSBBL,Trisul Securities & Invt. Ltd.,Sri Hari Securities Pvt. Ltd.,100,510.0,51000.0,2025-07-17 11:41:34.278125
2025-07-17,117554,2025071703004601,KSBBL,Trisul Securities & Invt. Ltd.,Dynamic Money Managers Securities Pvt. Ltd.,107,510.0,54570.0,2025-07-17 11:41:34.278151
2025-07-17,117553,2025071703004602,KSBBL,Trisul Securities & Invt. Ltd.,Property Wiard Limited,100,510.0,51000.0,2025-07-17 11:41:34.278174
2025-07-17,117552,2025071703004603,KSBBL,Trisul Securities & Invt. Ltd.,Malla & Malla Stock Broking Company Pvt. Limited,1000,510.0,510000.0,2025-07-17 11:41:34.278198
2025-07-17,117551,2025071703004604,KSBBL,Trisul Securities & Invt. Ltd.,Aryatara Investment & Securities,214,510.0,109140.0,2025-07-17 11:41:34.278220
2025-07-17,117550,2025071703004605,KSBBL,Trisul Securities & Invt. Ltd.,Opal Securities Investment (PVT) Ltd.,1000,510.0,510000.0,2025-07-17 11:41:34.278244
2025-07-17,117549,2025071703004606,KSBBL,Trisul Securities & Invt. Ltd.,Ashutosh Brokerage & Securities (PVT) Ltd.,188,510.0,95880.0,2025-07-17 11:41:34.278266
2025-07-17,117548,2025071703004607,KSBBL,Trisul Securities & Invt. Ltd.,Agrawal Securities (PVT) Ltd.,100,510.0,51000.0,2025-07-17 11:41:34.278290
2025-07-17,117547,2025071703004608,KSBBL,Trisul Securities & Invt. Ltd.,Aryatara Investment & Securities,4657,510.0,2375070.0,2025-07-17 11:41:34.278314
2025-07-17,116180,2025071703004879,KSBBL,Sri Hari Securities Pvt. Ltd.,Dipshikha Dhitopatra Karobar Co. Pvt Ltd.,312,508.1,158527.2,2025-07-17 11:43:54.117545
2025-07-17,116135,2025071703004889,KSBBL,INDEX SECURITIES LIMITED,Naasa Securities Co. Ltd.,50,509.9,25495.0,2025-07-17 11:44:00.437626
2025-07-17,116130,2025071703004890,KSBBL,Agrawal Securities (PVT) Ltd.,Naasa Securities Co. Ltd.,450,509.9,229455.0,2025-07-17 11:44:01.530476
2025-07-17,115417,2025071703004992,KSBBL,Agrawal Securities (PVT) Ltd.,Investment Management Nepal Pvt. Ltd.,50,509.9,25495.0,2025-07-17 11:45:24.875376
2025-07-17,113208,2025071703005402,KSBBL,Naasa Securities Co. Ltd.,Nepal Stock House (PVT) Ltd.,10,509.0,5090.0,2025-07-17 11:49:18.687530
2025-07-17,113207,2025071703005403,KSBBL,Sumeru Securities Pvt. Ltd.,Nepal Stock House (PVT) Ltd.,100,509.0,50900.0,2025-07-17 11:49:18.687693
2025-07-17,112942,2025071703005456,KSBBL,Sri Hari Securities Pvt. Ltd.,Sweta Securities Private Limited,12,508.1,6097.2,2025-07-17 11:49:49.526541
2025-07-17,112846,2025071703005482,KSBBL,Sri Hari Securities Pvt. Ltd.,Vision Securities Pvt. Ltd,13,508.1,6605.3,2025-07-17 11:50:00.060349
2025-07-17,112422,2025071703005545,KSBBL,Sri Hari Securities Pvt. Ltd.,Investment Management Nepal Pvt. Ltd.,100,508.1,50810.0,2025-07-17 11:50:46.796245
2025-07-17,112381,2025071703005549,KSBBL,Online Securities Pvt. Ltd.,Naasa Securities Co. Ltd.,500,508.5,254250.0,2025-07-17 11:50:50.210193
2025-07-17,112380,2025071703005550,KSBBL,Online Securities Pvt. Ltd.,Nepal Stock House (PVT) Ltd.,102,509.0,51918.0,2025-07-17 11:50:50.210374
2025-07-17,112379,2025071703005551,KSBBL,Online Securities Pvt. Ltd.,Naasa Securities Co. Ltd.,200,509.0,101800.0,2025-07-17 11:50:50.210445
2025-07-17,112342,2025071703005568,KSBBL,Online Securities Pvt. Ltd.,ABC Securities Private Limited,10,509.0,5090.0,2025-07-17 11:50:54.490532
2025-07-17,111893,2025071703005667,KSBBL,Online Securities Pvt. Ltd.,Vision Securities Pvt. Ltd,70,509.0,35630.0,2025-07-17 11:51:37.349314
2025-07-17,111787,2025071703005681,KSBBL,Online Securities Pvt. Ltd.,Bhrikuti Stock Broking Co. Pvt. Ltd.,1356,509.0,690204.0,2025-07-17 11:51:50.713165
2025-07-17,111634,2025071703005721,KSBBL,Online Securities Pvt. Ltd.,Nepal Stock House (PVT) Ltd.,1000,509.0,509000.0,2025-07-17 11:52:07.174637
2025-07-17,111442,2025071703005752,KSBBL,Online Securities Pvt. Ltd.,Stoxkarts Securities Limited,500,509.0,254500.0,2025-07-17 11:52:28.608407
2025-07-17,111348,2025071703005776,KSBBL,Online Securities Pvt. Ltd.,Stoxkarts Securities Limited,500,509.0,254500.0,2025-07-17 11:52:40.652086
2025-07-17,111328,2025071703005783,KSBBL,Online Securities Pvt. Ltd.,Deevyaa Securities & Stock House Pvt. Ltd,762,509.0,387858.0,2025-07-17 11:52:43.544644
2025-07-17,110362,2025071703005928,KSBBL,Sri Hari Securities Pvt. Ltd.,Kumari Securities Private Limited,63,508.1,32010.3,2025-07-17 11:54:39.513739
2025-07-17,110361,2025071703005929,KSBBL,Sumeru Securities Pvt. Ltd.,Kumari Securities Private Limited,20,508.0,10160.0,2025-07-17 11:54:39.513947
2025-07-17,109988,2025071703005983,KSBBL,Sumeru Securities Pvt. Ltd.,Kumari Securities Private Limited,10,508.0,5080.0,2025-07-17 11:55:15.803674
2025-07-17,109894,2025071703005998,KSBBL,Sumeru Securities Pvt. Ltd.,Cristal Kanchanjanga Securites Pvt. Ltd.,50,508.0,25400.0,2025-07-17 11:55:22.442694
2025-07-17,109548,2025071703006039,KSBBL,Sumeru Securities Pvt. Ltd.,Infinity Securities Limited,20,508.0,10160.0,2025-07-17 11:56:03.555995
2025-07-17,109547,2025071703006040,KSBBL,Sumeru Securities Pvt. Ltd.,Infinity Securities Limited,100,508.0,50800.0,2025-07-17 11:56:03.556195
2025-07-17,108788,2025071703006182,KSBBL,Kalika Securities Pvt. Ltd.,Naasa Securities Co. Ltd.,60,507.0,30420.0,2025-07-17 11:57:16.935334
2025-07-17,108787,2025071703006183,KSBBL,Sumeru Securities Pvt. Ltd.,Naasa Securities Co. Ltd.,200,507.0,101400.0,2025-07-17 11:57:16.935509
2025-07-17,108786,2025071703006184,KSBBL,Sumeru Securities Pvt. Ltd.,Naasa Securities Co. Ltd.,100,507.0,50700.0,2025-07-17 11:57:16.935591
2025-07-17,108785,2025071703006185,KSBBL,Sani Securities Company Ltd.,Naasa Securities Co. Ltd.,200,507.0,101400.0,2025-07-17 11:57:16.935665
2025-07-17,108753,2025071703006190,KSBBL,Vision Securities Pvt. Ltd,Infinity Securities Limited,100,506.0,50600.0,2025-07-17 11:57:19.795602
2025-07-17,108752,2025071703006191,KSBBL,Online Securities Pvt. Ltd.,Infinity Securities Limited,4920,506.0,2489520.0,2025-07-17 11:57:19.795704
2025-07-17,108671,2025071703006207,KSBBL,Online Securities Pvt. Ltd.,Midas Stock Broking Company Private Limited,80,506.0,40480.0,2025-07-17 11:57:28.852196
2025-07-17,108670,2025071703006208,KSBBL,Sundhara Securities Limited,Midas Stock Broking Company Private Limited,371,506.0,187726.0,2025-07-17 11:57:28.852364
2025-07-17,108535,2025071703006242,KSBBL,Sundhara Securities Limited,Infinity Securities Limited,60,506.0,30360.0,2025-07-17 11:57:38.848151
2025-07-17,107538,2025071703006456,KSBBL,Sundhara Securities Limited,Agrawal Securities (PVT) Ltd.,33,506.0,16698.0,2025-07-17 11:59:09.157476
2025-07-17,107101,2025071703006539,KSBBL,Sri Hari Securities Pvt. Ltd.,Infinity Securities Limited,40,505.4,20216.0,2025-07-17 11:59:45.228940
2025-07-17,107100,2025071703006540,KSBBL,Aryatara Investment & Securities,Infinity Securities Limited,207,505.3,104597.1,2025-07-17 11:59:45.229149
2025-07-17,107071,2025071703006546,KSBBL,Aryatara Investment & Securities,Sri Hari Securities Pvt. Ltd.,200,505.3,101060.0,2025-07-17 11:59:48.309326
2025-07-17,107057,2025071703006549,KSBBL,Aryatara Investment & Securities,Nepal Stock House (PVT) Ltd.,200,505.3,101060.0,2025-07-17 11:59:49.307154
2025-07-17,106950,2025071703006570,KSBBL,Midas Stock Broking Company Private Limited,Sri Hari Securities Pvt. Ltd.,51,505.0,25755.0,2025-07-17 11:59:58.597889
2025-07-17,106949,2025071703006571,KSBBL,Sewa Securities Pvt. Ltd.,Sri Hari Securities Pvt. Ltd.,200,505.0,101000.0,2025-07-17 11:59:58.598078
2025-07-17,106948,2025071703006572,KSBBL,Imperial Securities Company Pvt. Ltd.,Sri Hari Securities Pvt. Ltd.,249,505.0,125745.0,2025-07-17 11:59:58.598157
2025-07-17,106932,2025071703006581,KSBBL,Imperial Securities Company Pvt. Ltd.,Agrawal Securities (PVT) Ltd.,51,505.0,25755.0,2025-07-17 12:00:01.853167
2025-07-17,106931,2025071703006582,KSBBL,Sharepro Securities Private Limited,Agrawal Securities (PVT) Ltd.,300,505.0,151500.0,2025-07-17 12:00:01.853522
2025-07-17,106930,2025071703006583,KSBBL,Imperial Securities Company Pvt. Ltd.,Agrawal Securities (PVT) Ltd.,20,505.0,10100.0,2025-07-17 12:00:01.853748
2025-07-17,106814,2025071703006602,KSBBL,Shree Krishna Securities Ltd.,Kumari Securities Private Limited,50,504.1,25205.0,2025-07-17 12:00:10.357155
2025-07-17,106741,2025071703006619,KSBBL,Shree Krishna Securities Ltd.,Sani Securities Company Ltd.,950,504.1,478895.0,2025-07-17 12:00:17.218137
2025-07-17,106740,2025071703006620,KSBBL,Sumeru Securities Pvt. Ltd.,Sani Securities Company Ltd.,70,504.0,35280.0,2025-07-17 12:00:17.218344
2025-07-17,106739,2025071703006621,KSBBL,Midas Stock Broking Company Private Limited,Sani Securities Company Ltd.,23,504.0,11592.0,2025-07-17 12:00:17.218424
2025-07-17,106738,2025071703006622,KSBBL,Capital Max Securities Ltd,Sani Securities Company Ltd.,100,504.0,50400.0,2025-07-17 12:00:17.218496
2025-07-17,106215,2025071703006734,KSBBL,Sewa Securities Pvt. Ltd.,Sani Securities Company Ltd.,250,504.0,126000.0,2025-07-17 12:00:54.789613
2025-07-17,105779,2025071703006803,KSBBL,Neev Securities Pvt. Ltd.,Bhrikuti Stock Broking Co. Pvt. Ltd.,4,497.9,1991.6,2025-07-17 12:01:28.916896
2025-07-17,104855,2025071703006993,KSBBL,Cristal Kanchanjanga Securites Pvt. Ltd.,Kohinoor Investment & Securities Pvt. Ltd.,10,503.8,5038.0,2025-07-17 12:02:40.066990
2025-07-17,104854,2025071703006994,KSBBL,Cristal Kanchanjanga Securites Pvt. Ltd.,Sani Securities Company Ltd.,607,504.0,305928.0,2025-07-17 12:02:40.067193
2025-07-17,104853,2025071703006995,KSBBL,Cristal Kanchanjanga Securites Pvt. Ltd.,Dipshikha Dhitopatra Karobar Co. Pvt Ltd.,500,504.0,252000.0,2025-07-17 12:02:40.067280
2025-07-17,104852,2025071703006996,KSBBL,Cristal Kanchanjanga Securites Pvt. Ltd.,Dipshikha Dhitopatra Karobar Co. Pvt Ltd.,500,504.0,252000.0,2025-07-17 12:02:40.067357
2025-07-17,104851,2025071703006997,KSBBL,Cristal Kanchanjanga Securites Pvt. Ltd.,Agrawal Securities (PVT) Ltd.,96,505.0,48480.0,2025-07-17 12:02:40.067433
2025-07-17,104850,2025071703006998,KSBBL,Cristal Kanchanjanga Securites Pvt. Ltd.,Dakshinkali Investment & Securities Pvt. Ltd.,200,505.0,101000.0,2025-07-17 12:02:40.067509
2025-07-17,104849,2025071703006999,KSBBL,Cristal Kanchanjanga Securites Pvt. Ltd.,Imperial Securities Company Pvt. Ltd.,325,505.0,164125.0,2025-07-17 12:02:40.067585
2025-07-17,104532,2025071703007073,KSBBL,Cristal Kanchanjanga Securites Pvt. Ltd.,Sani Securities Company Ltd.,100,503.2,50320.0,2025-07-17 12:03:02.761673
2025-07-17,104300,2025071703007106,KSBBL,Cristal Kanchanjanga Securites Pvt. Ltd.,Agrawal Securities (PVT) Ltd.,200,503.2,100640.0,2025-07-17 12:03:17.281255
2025-07-17,103231,2025071703007330,KSBBL,Cristal Kanchanjanga Securites Pvt. Ltd.,Sani Securities Company Ltd.,2462,503.2,1238878.4,2025-07-17 12:05:02.628179
2025-07-17,103230,2025071703007331,KSBBL,Deevyaa Securities & Stock House Pvt. Ltd,Sani Securities Company Ltd.,38,503.2,19121.6,2025-07-17 12:05:02.628352
2025-07-17,102834,2025071703007385,KSBBL,Deevyaa Securities & Stock House Pvt. Ltd,Sri Hari Securities Pvt. Ltd.,200,503.2,100640.0,2025-07-17 12:05:38.654837
2025-07-17,102656,2025071703007415,KSBBL,Deevyaa Securities & Stock House Pvt. Ltd,Creative Securities Pvt Ltd,62,503.2,31198.4,2025-07-17 12:06:00.203472
2025-07-17,102655,2025071703007416,KSBBL,Nepal Stock House (PVT) Ltd.,Creative Securities Pvt Ltd,100,503.1,50310.0,2025-07-17 12:06:00.203651
2025-07-17,102654,2025071703007417,KSBBL,Sri Hari Securities Pvt. Ltd.,Creative Securities Pvt Ltd,86,503.0,43258.0,2025-07-17 12:06:00.203721
2025-07-17,102653,2025071703007418,KSBBL,Sewa Securities Pvt. Ltd.,Creative Securities Pvt Ltd,52,503.0,26156.0,2025-07-17 12:06:00.203795
2025-07-17,102341,2025071703007473,KSBBL,SHUBHAKAMANA SECURITIES PVT. LTD,Imperial Securities Company Pvt. Ltd.,200,503.3,100660.0,2025-07-17 12:06:33.629296
2025-07-17,102146,2025071703007502,KSBBL,Aryatara Investment & Securities,Imperial Securities Company Pvt. Ltd.,200,503.1,100620.0,2025-07-17 12:06:54.146294
2025-07-17,101955,2025071703007536,KSBBL,Naasa Securities Co. Ltd.,Imperial Securities Company Pvt. Ltd.,90,503.3,45297.0,2025-07-17 12:07:15.567808
2025-07-17,101954,2025071703007537,KSBBL,Global IME Securities Limited,Imperial Securities Company Pvt. Ltd.,110,503.2,55352.0,2025-07-17 12:07:15.568002
2025-07-17,101360,2025071703007619,KSBBL,Global IME Securities Limited,Premier Securities Company Ltd.,100,503.2,50320.0,2025-07-17 12:08:16.294524
2025-07-17,100098,2025071703007854,KSBBL,Hatemalo Financial Services Private Limited,Capital Hub P. Ltd,450,504.0,226800.0,2025-07-17 12:11:00.410603
2025-07-17,99973,2025071703007886,KSBBL,Hatemalo Financial Services Private Limited,Himalayan Brokerage Company Limited,500,504.0,252000.0,2025-07-17 12:11:16.074138
2025-07-17,99140,2025071703008059,KSBBL,Premier Securities Company Ltd.,Thrive Brokerage House Pvt. Ltd,30,505.0,15150.0,2025-07-17 12:12:52.805487
2025-07-17,98927,2025071703008094,KSBBL,Online Securities Pvt. Ltd.,Premier Securities Company Ltd.,100,505.7,50570.0,2025-07-17 12:13:17.510622
2025-07-17,98926,2025071703008095,KSBBL,Online Securities Pvt. Ltd.,Imperial Securities Company Pvt. Ltd.,23,505.8,11633.4,2025-07-17 12:13:17.510867
2025-07-17,98925,2025071703008096,KSBBL,Online Securities Pvt. Ltd.,Dakshinkali Investment & Securities Pvt. Ltd.,300,505.8,151740.0,2025-07-17 12:13:17.510999
2025-07-17,98924,2025071703008097,KSBBL,Online Securities Pvt. Ltd.,Midas Stock Broking Company Private Limited,50,506.0,25300.0,2025-07-17 12:13:17.511131
2025-07-17,98923,2025071703008098,KSBBL,Online Securities Pvt. Ltd.,Aryatara Investment & Securities,500,506.0,253000.0,2025-07-17 12:13:17.511246
2025-07-17,98922,2025071703008099,KSBBL,Online Securities Pvt. Ltd.,Sri Hari Securities Pvt. Ltd.,500,506.0,253000.0,2025-07-17 12:13:17.511380
2025-07-17,98921,2025071703008100,KSBBL,Online Securities Pvt. Ltd.,ABC Securities Private Limited,200,507.0,101400.0,2025-07-17 12:13:17.511518
2025-07-17,98920,2025071703008101,KSBBL,Online Securities Pvt. Ltd.,Kumari Securities Private Limited,1700,507.0,861900.0,2025-07-17 12:13:17.511650
2025-07-17,98919,2025071703008102,KSBBL,Online Securities Pvt. Ltd.,Siprabi Securities Pvt. Ltd.,10,507.0,5070.0,2025-07-17 12:13:17.511810
2025-07-17,98918,2025071703008103,KSBBL,Online Securities Pvt. Ltd.,Trishakti Securities Public Limited,500,508.0,254000.0,2025-07-17 12:13:17.511971
2025-07-17,98917,2025071703008104,KSBBL,Online Securities Pvt. Ltd.,Dakshinkali Investment & Securities Pvt. Ltd.,360,508.0,182880.0,2025-07-17 12:13:17.512163
2025-07-17,98916,2025071703008105,KSBBL,Online Securities Pvt. Ltd.,Naasa Securities Co. Ltd.,266,508.0,135128.0,2025-07-17 12:13:17.512318
2025-07-17,98865,2025071703008113,KSBBL,Online Securities Pvt. Ltd.,Capital Hub P. Ltd,491,508.0,249428.0,2025-07-17 12:13:22.809356
2025-07-17,98864,2025071703008114,KSBBL,Shree Krishna Securities Ltd.,Capital Hub P. Ltd,349,506.0,176594.0,2025-07-17 12:13:22.809540
2025-07-17,98468,2025071703008206,KSBBL,Premier Securities Company Ltd.,Stoxkarts Securities Limited,500,509.0,254500.0,2025-07-17 12:14:10.616620
2025-07-17,98467,2025071703008207,KSBBL,Premier Securities Company Ltd.,Imperial Securities Company Pvt. Ltd.,300,509.7,152910.0,2025-07-17 12:14:10.616829
2025-07-17,98150,2025071703008265,KSBBL,Premier Securities Company Ltd.,Imperial Securities Company Pvt. Ltd.,200,509.0,101800.0,2025-07-17 12:14:50.471394
2025-07-17,97153,2025071703008406,KSBBL,Trishakti Securities Public Limited,Vision Securities Pvt. Ltd,30,508.0,15240.0,2025-07-17 12:16:21.205110
2025-07-17,97152,2025071703008407,KSBBL,Trishakti Securities Public Limited,Shree Krishna Securities Ltd.,50,509.0,25450.0,2025-07-17 12:16:21.205483
2025-07-17,97151,2025071703008408,KSBBL,Trishakti Securities Public Limited,Midas Stock Broking Company Private Limited,20,509.8,10196.0,2025-07-17 12:16:21.205735
2025-07-17,96670,2025071703008469,KSBBL,Trishakti Securities Public Limited,Opal Securities Investment (PVT) Ltd.,100,508.0,50800.0,2025-07-17 12:17:16.693836
2025-07-17,96669,2025071703008470,KSBBL,Trishakti Securities Public Limited,Imperial Securities Company Pvt. Ltd.,20,509.7,10194.0,2025-07-17 12:17:16.694086
2025-07-17,96668,2025071703008471,KSBBL,Trishakti Securities Public Limited,Midas Stock Broking Company Private Limited,80,509.8,40784.0,2025-07-17 12:17:16.694204
2025-07-17,96667,2025071703008472,KSBBL,Trishakti Securities Public Limited,Sewa Securities Pvt. Ltd.,300,509.8,152940.0,2025-07-17 12:17:16.694299
2025-07-17,96033,2025071703008552,KSBBL,Trishakti Securities Public Limited,Aryatara Investment & Securities,140,509.7,71358.0,2025-07-17 12:18:28.340947
2025-07-17,95546,2025071703008623,KSBBL,Premier Securities Company Ltd.,Imperial Securities Company Pvt. Ltd.,535,509.7,272689.5,2025-07-17 12:19:29.580632
2025-07-17,95545,2025071703008624,KSBBL,Premier Securities Company Ltd.,Sewa Securities Pvt. Ltd.,265,509.8,135097.0,2025-07-17 12:19:29.580821
2025-07-17,95180,2025071703008674,KSBBL,Premier Securities Company Ltd.,Sewa Securities Pvt. Ltd.,96,509.8,48940.8,2025-07-17 12:20:03.874165
2025-07-17,95179,2025071703008675,KSBBL,Premier Securities Company Ltd.,Aryatara Investment & Securities,404,509.8,205959.2,2025-07-17 12:20:03.874526
2025-07-17,95110,2025071703008684,KSBBL,Sri Hari Securities Pvt. Ltd.,N.M.B. SECURITIES LIMITED,10,507.1,5071.0,2025-07-17 12:20:14.339131
2025-07-17,94988,2025071703008694,KSBBL,Trishakti Securities Public Limited,Dipshikha Dhitopatra Karobar Co. Pvt Ltd.,140,509.7,71358.0,2025-07-17 12:20:28.597830
2025-07-17,94574,2025071703008772,KSBBL,Trishakti Securities Public Limited,Dipshikha Dhitopatra Karobar Co. Pvt Ltd.,860,509.7,438342.0,2025-07-17 12:21:16.000669
2025-07-17,94573,2025071703008773,KSBBL,Trishakti Securities Public Limited,Aryatara Investment & Securities,500,509.7,254850.0,2025-07-17 12:21:16.000895
2025-07-17,94471,2025071703008793,KSBBL,Premier Securities Company Ltd.,Aryatara Investment & Securities,96,509.8,48940.8,2025-07-17 12:21:29.729370
2025-07-17,94470,2025071703008794,KSBBL,Premier Securities Company Ltd.,Cristal Kanchanjanga Securites Pvt. Ltd.,200,509.9,101980.0,2025-07-17 12:21:29.729747
2025-07-17,94469,2025071703008795,KSBBL,Premier Securities Company Ltd.,Online Securities Pvt. Ltd.,11,509.9,5608.9,2025-07-17 12:21:29.730012
2025-07-17,94468,2025071703008796,KSBBL,Premier Securities Company Ltd.,Malla & Malla Stock Broking Company Pvt. Limited,593,509.9,302370.7,2025-07-17 12:21:29.730272
2025-07-17,93959,2025071703008866,KSBBL,Premier Securities Company Ltd.,Cristal Kanchanjanga Securites Pvt. Ltd.,200,509.8,101960.0,2025-07-17 12:22:24.196605
2025-07-17,93650,2025071703008921,KSBBL,Kohinoor Investment & Securities Pvt. Ltd.,Malla & Malla Stock Broking Company Pvt. Limited,68,509.9,34673.2,2025-07-17 12:23:02.846248
2025-07-17,93649,2025071703008922,KSBBL,Kohinoor Investment & Securities Pvt. Ltd.,Deevyaa Securities & Stock House Pvt. Ltd,70,510.0,35700.0,2025-07-17 12:23:02.846446
2025-07-17,93648,2025071703008923,KSBBL,Kohinoor Investment & Securities Pvt. Ltd.,Shree Krishna Securities Ltd.,264,510.0,134640.0,2025-07-17 12:23:02.846528
2025-07-17,93647,2025071703008924,KSBBL,Kohinoor Investment & Securities Pvt. Ltd.,Sumeru Securities Pvt. Ltd.,306,510.0,156060.0,2025-07-17 12:23:02.846606
2025-07-17,93646,2025071703008925,KSBBL,Kohinoor Investment & Securities Pvt. Ltd.,Oxford Securities Pvt. Ltd.,214,510.0,109140.0,2025-07-17 12:23:02.846693
2025-07-17,93645,2025071703008926,KSBBL,Kohinoor Investment & Securities Pvt. Ltd.,Sani Securities Company Ltd.,12,510.0,6120.0,2025-07-17 12:23:02.846770
2025-07-17,93644,2025071703008927,KSBBL,Kohinoor Investment & Securities Pvt. Ltd.,Cristal Kanchanjanga Securites Pvt. Ltd.,20,510.0,10200.0,2025-07-17 12:23:02.846847
2025-07-17,93643,2025071703008928,KSBBL,Kohinoor Investment & Securities Pvt. Ltd.,Aryatara Investment & Securities,343,510.0,174930.0,2025-07-17 12:23:02.846930
2025-07-17,93642,2025071703008929,KSBBL,Kohinoor Investment & Securities Pvt. Ltd.,Dipshikha Dhitopatra Karobar Co. Pvt Ltd.,100,510.0,51000.0,2025-07-17 12:23:02.847019
2025-07-17,93641,2025071703008930,KSBBL,Kohinoor Investment & Securities Pvt. Ltd.,BHOLE GANESH SECURITIES LTD,200,510.0,102000.0,2025-07-17 12:23:02.847108
2025-07-17,93640,2025071703008931,KSBBL,Kohinoor Investment & Securities Pvt. Ltd.,Aryatara Investment & Securities,500,510.0,255000.0,2025-07-17 12:23:02.847185
2025-07-17,93639,2025071703008932,KSBBL,Kohinoor Investment & Securities Pvt. Ltd.,South Asian Bulls Pvt. Ltd.,235,510.0,119850.0,2025-07-17 12:23:02.847266
2025-07-17,93638,2025071703008933,KSBBL,Kohinoor Investment & Securities Pvt. Ltd.,Sewa Securities Pvt. Ltd.,10,510.0,5100.0,2025-07-17 12:23:02.847346
2025-07-17,93637,2025071703008934,KSBBL,Kohinoor Investment & Securities Pvt. Ltd.,Imperial Securities Company Pvt. Ltd.,2658,510.0,1355580.0,2025-07-17 12:23:02.847425
2025-07-17,93535,2025071703008947,KSBBL,Premier Securities Company Ltd.,Deevyaa Securities & Stock House Pvt. Ltd,300,509.8,152940.0,2025-07-17 12:23:19.114141
2025-07-17,93534,2025071703008948,KSBBL,Sumeru Securities Pvt. Ltd.,Deevyaa Securities & Stock House Pvt. Ltd,200,509.8,101960.0,2025-07-17 12:23:19.114333
2025-07-17,93325,2025071703008974,KSBBL,Sumeru Securities Pvt. Ltd.,Investment Management Nepal Pvt. Ltd.,500,509.0,254500.0,2025-07-17 12:23:51.727937
2025-07-17,93219,2025071703008995,KSBBL,Sumeru Securities Pvt. Ltd.,Investment Management Nepal Pvt. Ltd.,500,509.0,254500.0,2025-07-17 12:24:04.990535
2025-07-17,93090,2025071703009008,KSBBL,Kohinoor Investment & Securities Pvt. Ltd.,Investment Management Nepal Pvt. Ltd.,800,509.0,407200.0,2025-07-17 12:24:19.368679
2025-07-17,93075,2025071703009011,KSBBL,Sumeru Securities Pvt. Ltd.,Investment Management Nepal Pvt. Ltd.,500,509.0,254500.0,2025-07-17 12:24:20.128538
2025-07-17,93018,2025071703009024,KSBBL,Kohinoor Investment & Securities Pvt. Ltd.,Investment Management Nepal Pvt. Ltd.,800,509.0,407200.0,2025-07-17 12:24:28.430220
2025-07-17,92920,2025071703009037,KSBBL,Kohinoor Investment & Securities Pvt. Ltd.,Investment Management Nepal Pvt. Ltd.,900,509.0,458100.0,2025-07-17 12:24:37.514650
2025-07-17,92828,2025071703009047,KSBBL,Online Securities Pvt. Ltd.,Imperial Securities Company Pvt. Ltd.,3342,510.0,1704420.0,2025-07-17 12:24:47.015762
2025-07-17,92827,2025071703009048,KSBBL,Online Securities Pvt. Ltd.,Naasa Securities Co. Ltd.,596,510.0,303960.0,2025-07-17 12:24:47.016046
2025-07-17,92826,2025071703009049,KSBBL,Online Securities Pvt. Ltd.,Arun Securities (PVT) Ltd.,100,510.0,51000.0,2025-07-17 12:24:47.016171
2025-07-17,92688,2025071703009066,KSBBL,Online Securities Pvt. Ltd.,ABC Securities Private Limited,50,510.0,25500.0,2025-07-17 12:25:07.600319
2025-07-17,92633,2025071703009072,KSBBL,Sumeru Securities Pvt. Ltd.,Dynamic Money Managers Securities Pvt. Ltd.,100,510.1,51010.0,2025-07-17 12:25:11.739927
2025-07-17,92540,2025071703009078,KSBBL,Premier Securities Company Ltd.,Naasa Securities Co. Ltd.,11,510.4,5614.4,2025-07-17 12:25:27.009383
2025-07-17,92539,2025071703009079,KSBBL,Premier Securities Company Ltd.,South Asian Bulls Pvt. Ltd.,20,510.7,10214.0,2025-07-17 12:25:27.009587
2025-07-17,92538,2025071703009080,KSBBL,Premier Securities Company Ltd.,Oxford Securities Pvt. Ltd.,16,510.7,8171.2,2025-07-17 12:25:27.009668
2025-07-17,92537,2025071703009081,KSBBL,Premier Securities Company Ltd.,Sweta Securities Private Limited,500,511.0,255500.0,2025-07-17 12:25:27.009746
2025-07-17,92479,2025071703009097,KSBBL,Premier Securities Company Ltd.,Aryatara Investment & Securities,253,511.0,129283.0,2025-07-17 12:25:33.910348
2025-07-17,92277,2025071703009109,KSBBL,Nabil Stock Dealer Ltd.,Dynamic Money Managers Securities Pvt. Ltd.,1000,510.9,510900.0,2025-07-17 12:25:54.211890
2025-07-17,92110,2025071703009115,KSBBL,Sri Hari Securities Pvt. Ltd.,Midas Stock Broking Company Private Limited,40,510.1,20404.0,2025-07-17 12:26:12.568521
2025-07-17,92109,2025071703009116,KSBBL,Sumeru Securities Pvt. Ltd.,Midas Stock Broking Company Private Limited,62,510.1,31626.2,2025-07-17 12:26:12.568801
2025-07-17,91954,2025071703009145,KSBBL,Premier Securities Company Ltd.,Aryatara Investment & Securities,247,511.0,126217.0,2025-07-17 12:26:24.448773
2025-07-17,91953,2025071703009146,KSBBL,Premier Securities Company Ltd.,Capital Hub P. Ltd,123,511.0,62853.0,2025-07-17 12:26:24.449167
2025-07-17,91859,2025071703009156,KSBBL,Sumeru Securities Pvt. Ltd.,Imperial Securities Company Pvt. Ltd.,45,510.1,22954.5,2025-07-17 12:26:35.317900
2025-07-17,91858,2025071703009157,KSBBL,Online Securities Pvt. Ltd.,Imperial Securities Company Pvt. Ltd.,255,510.0,130050.0,2025-07-17 12:26:35.318090
2025-07-17,91816,2025071703009170,KSBBL,Sumeru Securities Pvt. Ltd.,Capital Hub P. Ltd,482,511.0,246302.0,2025-07-17 12:26:40.248924
2025-07-17,91613,2025071703009198,KSBBL,Sumeru Securities Pvt. Ltd.,Imperial Securities Company Pvt. Ltd.,18,511.0,9198.0,2025-07-17 12:27:06.837977
2025-07-17,91612,2025071703009199,KSBBL,Online Securities Pvt. Ltd.,Imperial Securities Company Pvt. Ltd.,282,510.0,143820.0,2025-07-17 12:27:06.838228
2025-07-17,91608,2025071703009201,KSBBL,NIMB Stock Markets Limited,Primo Securities (PVT) Ltd.,500,511.6,255800.0,2025-07-17 12:27:08.288087
2025-07-17,91483,2025071703009225,KSBBL,Online Securities Pvt. Ltd.,Naasa Securities Co. Ltd.,214,510.0,109140.0,2025-07-17 12:27:23.552068
2025-07-17,91466,2025071703009230,KSBBL,Online Securities Pvt. Ltd.,Imperial Securities Company Pvt. Ltd.,161,510.0,82110.0,2025-07-17 12:27:27.260493
2025-07-17,91465,2025071703009231,KSBBL,Kohinoor Investment & Securities Pvt. Ltd.,Imperial Securities Company Pvt. Ltd.,139,510.0,70890.0,2025-07-17 12:27:27.260857
2025-07-17,91407,2025071703009239,KSBBL,NIMB Stock Markets Limited,Bhrikuti Stock Broking Co. Pvt. Ltd.,190,512.0,97280.0,2025-07-17 12:27:33.674789
2025-07-17,91406,2025071703009240,KSBBL,NIMB Stock Markets Limited,Market Securities & Exchange (PVT) Ltd.,50,512.0,25600.0,2025-07-17 12:27:33.675210
2025-07-17,91405,2025071703009241,KSBBL,NIMB Stock Markets Limited,Vision Securities Pvt. Ltd,50,512.0,25600.0,2025-07-17 12:27:33.675507
2025-07-17,91404,2025071703009242,KSBBL,NIMB Stock Markets Limited,J.F. Securites (PVT) Ltd.,200,512.0,102400.0,2025-07-17 12:27:33.675809
2025-07-17,91403,2025071703009243,KSBBL,NIMB Stock Markets Limited,Investment Management Nepal Pvt. Ltd.,10,512.0,5120.0,2025-07-17 12:27:33.676153
2025-07-17,91197,2025071703009270,KSBBL,Kohinoor Investment & Securities Pvt. Ltd.,Trisul Securities & Invt. Ltd.,60,510.0,30600.0,2025-07-17 12:27:59.272230
2025-07-17,91112,2025071703009284,KSBBL,Kohinoor Investment & Securities Pvt. Ltd.,Imperial Securities Company Pvt. Ltd.,200,510.0,102000.0,2025-07-17 12:28:08.952619
2025-07-17,90883,2025071703009340,KSBBL,Kohinoor Investment & Securities Pvt. Ltd.,Imperial Securities Company Pvt. Ltd.,200,510.0,102000.0,2025-07-17 12:28:45.713326
2025-07-17,90743,2025071703009361,KSBBL,Kohinoor Investment & Securities Pvt. Ltd.,Imperial Securities Company Pvt. Ltd.,200,510.0,102000.0,2025-07-17 12:29:04.063093
2025-07-17,90590,2025071703009393,KSBBL,Thrive Brokerage House Pvt. Ltd,Premier Securities Company Ltd.,14,511.5,7161.0,2025-07-17 12:29:28.241030
2025-07-17,89832,2025071703009498,KSBBL,Trishakti Securities Public Limited,Trisul Securities & Invt. Ltd.,50,510.1,25505.0,2025-07-17 12:30:46.062120
2025-07-17,89739,2025071703009507,KSBBL,Trishakti Securities Public Limited,Arun Securities (PVT) Ltd.,29,510.1,14792.9,2025-07-17 12:30:55.651750
2025-07-17,89711,2025071703009512,KSBBL,Himalayan Securities Limited,Dynamic Money Managers Securities Pvt. Ltd.,500,511.0,255500.0,2025-07-17 12:30:59.013558
2025-07-17,89702,2025071703009513,KSBBL,Sumeru Securities Pvt. Ltd.,Dynamic Money Managers Securities Pvt. Ltd.,500,511.0,255500.0,2025-07-17 12:30:59.687132
2025-07-17,89333,2025071703009562,KSBBL,Trishakti Securities Public Limited,Kumari Securities Private Limited,23,510.1,11732.3,2025-07-17 12:31:46.110476
2025-07-17,88992,2025071703009617,KSBBL,Dynamic Money Managers Securities Pvt. Ltd.,Imperial Securities Company Pvt. Ltd.,200,510.9,102180.0,2025-07-17 12:32:32.762191
2025-07-17,88991,2025071703009618,KSBBL,Dynamic Money Managers Securities Pvt. Ltd.,Dynamic Money Managers Securities Pvt. Ltd.,1000,511.0,511000.0,2025-07-17 12:32:32.762394
2025-07-17,88703,2025071703009674,KSBBL,Dynamic Money Managers Securities Pvt. Ltd.,Premier Securities Company Ltd.,486,511.5,248589.0,2025-07-17 12:33:04.563858
2025-07-17,88702,2025071703009675,KSBBL,Dynamic Money Managers Securities Pvt. Ltd.,Siprabi Securities Pvt. Ltd.,200,511.5,102300.0,2025-07-17 12:33:04.564079
2025-07-17,88701,2025071703009676,KSBBL,Dynamic Money Managers Securities Pvt. Ltd.,Naasa Securities Co. Ltd.,76,511.9,38904.4,2025-07-17 12:33:04.564178
2025-07-17,88700,2025071703009677,KSBBL,Dynamic Money Managers Securities Pvt. Ltd.,Investment Management Nepal Pvt. Ltd.,50,512.0,25600.0,2025-07-17 12:33:04.564260
2025-07-17,88699,2025071703009678,KSBBL,Dynamic Money Managers Securities Pvt. Ltd.,J.F. Securites (PVT) Ltd.,184,512.0,94208.0,2025-07-17 12:33:04.564363
2025-07-17,88698,2025071703009679,KSBBL,Dynamic Money Managers Securities Pvt. Ltd.,Trishakti Securities Public Limited,260,512.0,133120.0,2025-07-17 12:33:04.564466
2025-07-17,88697,2025071703009680,KSBBL,Dynamic Money Managers Securities Pvt. Ltd.,Aryatara Investment & Securities,500,512.0,256000.0,2025-07-17 12:33:04.564556
2025-07-17,88696,2025071703009681,KSBBL,Dynamic Money Managers Securities Pvt. Ltd.,Arun Securities (PVT) Ltd.,44,512.0,22528.0,2025-07-17 12:33:04.564653
2025-07-17,88507,2025071703009710,KSBBL,Nabil Stock Dealer Ltd.,Dynamic Money Managers Securities Pvt. Ltd.,2000,511.0,1022000.0,2025-07-17 12:33:26.630967
2025-07-17,88141,2025071703009779,KSBBL,Online Securities Pvt. Ltd.,Dynamic Money Managers Securities Pvt. Ltd.,2000,511.5,1023000.0,2025-07-17 12:34:13.467997
2025-07-17,88037,2025071703009813,KSBBL,Naasa Securities Co. Ltd.,Arun Securities (PVT) Ltd.,35,512.0,17920.0,2025-07-17 12:34:24.869300
2025-07-17,88013,2025071703009818,KSBBL,INDEX SECURITIES LIMITED,Arun Securities (PVT) Ltd.,21,512.0,10752.0,2025-07-17 12:34:29.477268
2025-07-17,88012,2025071703009819,KSBBL,INDEX SECURITIES LIMITED,Primo Securities (PVT) Ltd.,29,512.5,14862.5,2025-07-17 12:34:29.477318
2025-07-17,87964,2025071703009827,KSBBL,Sri Hari Securities Pvt. Ltd.,Trishakti Securities Public Limited,10,511.0,5110.0,2025-07-17 12:34:36.490054
2025-07-17,87619,2025071703009853,KSBBL,Dynamic Money Managers Securities Pvt. Ltd.,Trishakti Securities Public Limited,990,511.0,505890.0,2025-07-17 12:35:05.743327
2025-07-17,87398,2025071703009885,KSBBL,Shree Krishna Securities Ltd.,Blue Chip Securities Ltd,500,511.0,255500.0,2025-07-17 12:35:33.450083
2025-07-17,86907,2025071703009928,KSBBL,Kohinoor Investment & Securities Pvt. Ltd.,J.F. Securites (PVT) Ltd.,1,510.0,510.0,2025-07-17 12:36:36.478294
2025-07-17,86765,2025071703009943,KSBBL,Pragyan Securities (PVT) Ltd.,Deevyaa Securities & Stock House Pvt. Ltd,500,511.9,255950.0,2025-07-17 12:36:51.483961
2025-07-17,86572,2025071703009974,KSBBL,Shree Krishna Securities Ltd.,Secured Securities Ltd.,100,511.0,51100.0,2025-07-17 12:37:19.534979
2025-07-17,86420,2025071703010010,KSBBL,Shree Krishna Securities Ltd.,Asian Securities Private Ltd.,150,511.0,76650.0,2025-07-17 12:37:38.170831
2025-07-17,86281,2025071703010031,KSBBL,Sumeru Securities Pvt. Ltd.,Deevyaa Securities & Stock House Pvt. Ltd,500,511.9,255950.0,2025-07-17 12:37:52.255277
2025-07-17,85905,2025071703010103,KSBBL,Shree Krishna Securities Ltd.,Malla & Malla Stock Broking Company Pvt. Limited,65,511.0,33215.0,2025-07-17 12:38:36.078111
2025-07-17,85860,2025071703010111,KSBBL,Midas Stock Broking Company Private Limited,Deevyaa Securities & Stock House Pvt. Ltd,595,511.9,304580.5,2025-07-17 12:38:40.118572
2025-07-17,85755,2025071703010128,KSBBL,Trishakti Securities Public Limited,Dynamic Money Managers Securities Pvt. Ltd.,500,511.9,255950.0,2025-07-17 12:38:56.141524
2025-07-17,85754,2025071703010129,KSBBL,Shree Krishna Securities Ltd.,Dynamic Money Managers Securities Pvt. Ltd.,185,511.0,94535.0,2025-07-17 12:38:56.141773
2025-07-17,85753,2025071703010130,KSBBL,Dynamic Money Managers Securities Pvt. Ltd.,Dynamic Money Managers Securities Pvt. Ltd.,315,510.2,160713.0,2025-07-17 12:38:56.141862
2025-07-17,85132,2025071703010239,KSBBL,Midas Stock Broking Company Private Limited,Capital Max Securities Ltd,130,510.5,66365.0,2025-07-17 12:40:09.097461
2025-07-17,85084,2025071703010250,KSBBL,Secured Securities Ltd.,Dynamic Money Managers Securities Pvt. Ltd.,2000,512.0,1024000.0,2025-07-17 12:40:17.871990
2025-07-17,85083,2025071703010251,KSBBL,Secured Securities Ltd.,Aryatara Investment & Securities,500,512.0,256000.0,2025-07-17 12:40:17.872419
2025-07-17,84952,2025071703010275,KSBBL,Dynamic Money Managers Securities Pvt. Ltd.,Dynamic Money Managers Securities Pvt. Ltd.,2500,512.0,1280000.0,2025-07-17 12:40:34.779504
2025-07-17,84904,2025071703010293,KSBBL,Agrawal Securities (PVT) Ltd.,Primo Securities (PVT) Ltd.,71,512.5,36387.5,2025-07-17 12:40:38.379658
2025-07-17,84903,2025071703010294,KSBBL,Agrawal Securities (PVT) Ltd.,Naasa Securities Co. Ltd.,26,512.9,13335.4,2025-07-17 12:40:38.379703
2025-07-17,84902,2025071703010295,KSBBL,Agrawal Securities (PVT) Ltd.,Trisul Securities & Invt. Ltd.,17,513.0,8721.0,2025-07-17 12:40:38.379756
2025-07-17,84901,2025071703010296,KSBBL,Agrawal Securities (PVT) Ltd.,Aryatara Investment & Securities,500,513.0,256500.0,2025-07-17 12:40:38.379792
2025-07-17,84900,2025071703010297,KSBBL,Agrawal Securities (PVT) Ltd.,Bhrikuti Stock Broking Co. Pvt. Ltd.,100,513.0,51300.0,2025-07-17 12:40:38.379815
2025-07-17,84899,2025071703010298,KSBBL,Agrawal Securities (PVT) Ltd.,Asian Securities Private Ltd.,205,513.0,105165.0,2025-07-17 12:40:38.379840
2025-07-17,84898,2025071703010299,KSBBL,Agrawal Securities (PVT) Ltd.,Agrawal Securities (PVT) Ltd.,23,513.9,11819.7,2025-07-17 12:40:38.379864
2025-07-17,84897,2025071703010300,KSBBL,Agrawal Securities (PVT) Ltd.,Agrawal Securities (PVT) Ltd.,100,514.0,51400.0,2025-07-17 12:40:38.379891
2025-07-17,84896,2025071703010301,KSBBL,Agrawal Securities (PVT) Ltd.,Midas Stock Broking Company Private Limited,950,514.0,488300.0,2025-07-17 12:40:38.379915
2025-07-17,84895,2025071703010302,KSBBL,Agrawal Securities (PVT) Ltd.,Dynamic Money Managers Securities Pvt. Ltd.,100,514.0,51400.0,2025-07-17 12:40:38.379942
2025-07-17,84894,2025071703010303,KSBBL,Agrawal Securities (PVT) Ltd.,Nepal Investment And Securities Trading Private Limited,14,514.0,7196.0,2025-07-17 12:40:38.379965
2025-07-17,84893,2025071703010304,KSBBL,Agrawal Securities (PVT) Ltd.,Imperial Securities Company Pvt. Ltd.,100,514.0,51400.0,2025-07-17 12:40:38.379990
2025-07-17,84892,2025071703010305,KSBBL,Agrawal Securities (PVT) Ltd.,Nepal Stock House (PVT) Ltd.,100,515.0,51500.0,2025-07-17 12:40:38.380019
2025-07-17,84891,2025071703010306,KSBBL,Agrawal Securities (PVT) Ltd.,Siprabi Securities Pvt. Ltd.,40,515.0,20600.0,2025-07-17 12:40:38.380057
2025-07-17,84890,2025071703010307,KSBBL,Agrawal Securities (PVT) Ltd.,Sewa Securities Pvt. Ltd.,200,515.0,103000.0,2025-07-17 12:40:38.380083
2025-07-17,84889,2025071703010308,KSBBL,Agrawal Securities (PVT) Ltd.,Trishakti Securities Public Limited,68,515.0,35020.0,2025-07-17 12:40:38.380111
2025-07-17,84888,2025071703010309,KSBBL,Agrawal Securities (PVT) Ltd.,ABC Securities Private Limited,500,515.0,257500.0,2025-07-17 12:40:38.380134
2025-07-17,84887,2025071703010310,KSBBL,Agrawal Securities (PVT) Ltd.,Cristal Kanchanjanga Securites Pvt. Ltd.,20,515.0,10300.0,2025-07-17 12:40:38.380157
2025-07-17,84886,2025071703010311,KSBBL,Agrawal Securities (PVT) Ltd.,Investment Management Nepal Pvt. Ltd.,400,515.0,206000.0,2025-07-17 12:40:38.380179
2025-07-17,84885,2025071703010312,KSBBL,Agrawal Securities (PVT) Ltd.,Kumari Securities Private Limited,100,515.0,51500.0,2025-07-17 12:40:38.380233
2025-07-17,84884,2025071703010313,KSBBL,Agrawal Securities (PVT) Ltd.,Vision Securities Pvt. Ltd,100,515.0,51500.0,2025-07-17 12:40:38.380258
2025-07-17,84883,2025071703010314,KSBBL,Agrawal Securities (PVT) Ltd.,Sewa Securities Pvt. Ltd.,250,515.0,128750.0,2025-07-17 12:40:38.380282
2025-07-17,84882,2025071703010315,KSBBL,Agrawal Securities (PVT) Ltd.,Sri Hari Securities Pvt. Ltd.,16,515.0,8240.0,2025-07-17 12:40:38.380321
2025-07-17,84660,2025071703010347,KSBBL,Cristal Kanchanjanga Securites Pvt. Ltd.,Dynamic Money Managers Securities Pvt. Ltd.,2500,512.5,1281250.0,2025-07-17 12:41:00.261457
2025-07-17,84656,2025071703010349,KSBBL,Agrawal Securities (PVT) Ltd.,Sri Hari Securities Pvt. Ltd.,34,515.0,17510.0,2025-07-17 12:41:00.581079
2025-07-17,84655,2025071703010350,KSBBL,Agrawal Securities (PVT) Ltd.,Global IME Securities Limited,800,515.0,412000.0,2025-07-17 12:41:00.581126
2025-07-17,84654,2025071703010351,KSBBL,Agrawal Securities (PVT) Ltd.,Global IME Securities Limited,800,515.0,412000.0,2025-07-17 12:41:00.581151
2025-07-17,84653,2025071703010352,KSBBL,Agrawal Securities (PVT) Ltd.,Imperial Securities Company Pvt. Ltd.,100,515.0,51500.0,2025-07-17 12:41:00.581177
2025-07-17,84652,2025071703010353,KSBBL,Agrawal Securities (PVT) Ltd.,Malla & Malla Stock Broking Company Pvt. Limited,300,515.0,154500.0,2025-07-17 12:41:00.581202
2025-07-17,84651,2025071703010354,KSBBL,Agrawal Securities (PVT) Ltd.,Premier Securities Company Ltd.,11,515.0,5665.0,2025-07-17 12:41:00.581239
2025-07-17,84650,2025071703010355,KSBBL,Agrawal Securities (PVT) Ltd.,Aryatara Investment & Securities,100,515.0,51500.0,2025-07-17 12:41:00.581265
2025-07-17,84649,2025071703010356,KSBBL,Agrawal Securities (PVT) Ltd.,J.F. Securites (PVT) Ltd.,100,515.0,51500.0,2025-07-17 12:41:00.581287
2025-07-17,84648,2025071703010357,KSBBL,Agrawal Securities (PVT) Ltd.,Imperial Securities Company Pvt. Ltd.,25,515.0,12875.0,2025-07-17 12:41:00.581314
2025-07-17,84647,2025071703010358,KSBBL,Agrawal Securities (PVT) Ltd.,N.M.B. SECURITIES LIMITED,10,515.0,5150.0,2025-07-17 12:41:00.581337
2025-07-17,84646,2025071703010359,KSBBL,Agrawal Securities (PVT) Ltd.,Linch Stock Market Ltd.,110,515.0,56650.0,2025-07-17 12:41:00.581360
2025-07-17,84645,2025071703010360,KSBBL,Agrawal Securities (PVT) Ltd.,Arun Securities (PVT) Ltd.,100,515.0,51500.0,2025-07-17 12:41:00.581382
2025-07-17,84644,2025071703010361,KSBBL,Agrawal Securities (PVT) Ltd.,Ashutosh Brokerage & Securities (PVT) Ltd.,100,515.0,51500.0,2025-07-17 12:41:00.581405
2025-07-17,84643,2025071703010362,KSBBL,Agrawal Securities (PVT) Ltd.,Primo Securities (PVT) Ltd.,50,515.0,25750.0,2025-07-17 12:41:00.581428
2025-07-17,84642,2025071703010363,KSBBL,Agrawal Securities (PVT) Ltd.,Aryatara Investment & Securities,360,515.0,185400.0,2025-07-17 12:41:00.581457
2025-07-17,84629,2025071703010368,KSBBL,Online Securities Pvt. Ltd.,Aryatara Investment & Securities,1640,515.0,844600.0,2025-07-17 12:41:01.661570
2025-07-17,84628,2025071703010369,KSBBL,Online Securities Pvt. Ltd.,J.F. Securites (PVT) Ltd.,10,515.0,5150.0,2025-07-17 12:41:01.661624
2025-07-17,84627,2025071703010370,KSBBL,Online Securities Pvt. Ltd.,Ashutosh Brokerage & Securities (PVT) Ltd.,39,515.0,20085.0,2025-07-17 12:41:01.661658
2025-07-17,84626,2025071703010371,KSBBL,Online Securities Pvt. Ltd.,Arun Securities (PVT) Ltd.,33,515.0,16995.0,2025-07-17 12:41:01.661698
2025-07-17,84625,2025071703010372,KSBBL,Online Securities Pvt. Ltd.,Dakshinkali Investment & Securities Pvt. Ltd.,100,515.0,51500.0,2025-07-17 12:41:01.661730
2025-07-17,84624,2025071703010373,KSBBL,Online Securities Pvt. Ltd.,Malla & Malla Stock Broking Company Pvt. Limited,50,515.0,25750.0,2025-07-17 12:41:01.661764
2025-07-17,84623,2025071703010374,KSBBL,Online Securities Pvt. Ltd.,Kohinoor Investment & Securities Pvt. Ltd.,100,515.0,51500.0,2025-07-17 12:41:01.661795
2025-07-17,84622,2025071703010375,KSBBL,Online Securities Pvt. Ltd.,Kohinoor Investment & Securities Pvt. Ltd.,100,516.0,51600.0,2025-07-17 12:41:01.661828
2025-07-17,84621,2025071703010376,KSBBL,Online Securities Pvt. Ltd.,South Asian Bulls Pvt. Ltd.,45,516.0,23220.0,2025-07-17 12:41:01.661860
2025-07-17,84620,2025071703010377,KSBBL,Online Securities Pvt. Ltd.,Sani Securities Company Ltd.,100,516.0,51600.0,2025-07-17 12:41:01.661893
2025-07-17,84619,2025071703010378,KSBBL,Online Securities Pvt. Ltd.,Sri Hari Securities Pvt. Ltd.,200,516.0,103200.0,2025-07-17 12:41:01.661925
2025-07-17,84618,2025071703010379,KSBBL,Online Securities Pvt. Ltd.,Cristal Kanchanjanga Securites Pvt. Ltd.,200,516.1,103220.0,2025-07-17 12:41:01.661969
2025-07-17,84617,2025071703010380,KSBBL,Online Securities Pvt. Ltd.,South Asian Bulls Pvt. Ltd.,20,516.5,10330.0,2025-07-17 12:41:01.662001
2025-07-17,84616,2025071703010381,KSBBL,Online Securities Pvt. Ltd.,Capital Max Securities Ltd,100,516.9,51690.0,2025-07-17 12:41:01.662051
2025-07-17,84615,2025071703010382,KSBBL,Online Securities Pvt. Ltd.,Imperial Securities Company Pvt. Ltd.,107,517.0,55319.0,2025-07-17 12:41:01.662097
2025-07-17,84614,2025071703010383,KSBBL,Online Securities Pvt. Ltd.,Sani Securities Company Ltd.,100,517.0,51700.0,2025-07-17 12:41:01.662128
2025-07-17,84613,2025071703010384,KSBBL,Online Securities Pvt. Ltd.,Imperial Securities Company Pvt. Ltd.,100,517.0,51700.0,2025-07-17 12:41:01.662158
2025-07-17,84612,2025071703010385,KSBBL,Online Securities Pvt. Ltd.,Pragyan Securities (PVT) Ltd.,50,517.0,25850.0,2025-07-17 12:41:01.662204
2025-07-17,84611,2025071703010386,KSBBL,Online Securities Pvt. Ltd.,Ashutosh Brokerage & Securities (PVT) Ltd.,400,517.0,206800.0,2025-07-17 12:41:01.662237
2025-07-17,84610,2025071703010387,KSBBL,Online Securities Pvt. Ltd.,Global IME Securities Limited,100,517.0,51700.0,2025-07-17 12:41:01.662267
2025-07-17,84609,2025071703010388,KSBBL,Online Securities Pvt. Ltd.,Online Securities Pvt. Ltd.,200,517.0,103400.0,2025-07-17 12:41:01.662299
2025-07-17,84608,2025071703010389,KSBBL,Online Securities Pvt. Ltd.,Aryatara Investment & Securities,177,517.0,91509.0,2025-07-17 12:41:01.662332
2025-07-17,84607,2025071703010390,KSBBL,Online Securities Pvt. Ltd.,Nepal Stock House (PVT) Ltd.,99,517.2,51202.8,2025-07-17 12:41:01.662367
2025-07-17,84606,2025071703010391,KSBBL,Online Securities Pvt. Ltd.,Online Securities Pvt. Ltd.,212,518.0,109816.0,2025-07-17 12:41:01.662400
2025-07-17,84605,2025071703010392,KSBBL,Online Securities Pvt. Ltd.,Shree Krishna Securities Ltd.,100,518.0,51800.0,2025-07-17 12:41:01.662432
2025-07-17,84604,2025071703010393,KSBBL,Online Securities Pvt. Ltd.,Nepal Stock House (PVT) Ltd.,190,518.0,98420.0,2025-07-17 12:41:01.662463
2025-07-17,84603,2025071703010394,KSBBL,Online Securities Pvt. Ltd.,Naasa Securities Co. Ltd.,10,518.0,5180.0,2025-07-17 12:41:01.662496
2025-07-17,84602,2025071703010395,KSBBL,Online Securities Pvt. Ltd.,Oxford Securities Pvt. Ltd.,300,518.0,155400.0,2025-07-17 12:41:01.662527
2025-07-17,84601,2025071703010396,KSBBL,Online Securities Pvt. Ltd.,Investment Management Nepal Pvt. Ltd.,118,518.0,61124.0,2025-07-17 12:41:01.662556
2025-07-17,84425,2025071703010427,KSBBL,Shree Krishna Securities Ltd.,Investment Management Nepal Pvt. Ltd.,368,518.0,190624.0,2025-07-17 12:41:20.769518
2025-07-17,84424,2025071703010428,KSBBL,Shree Krishna Securities Ltd.,Malla & Malla Stock Broking Company Pvt. Limited,50,518.0,25900.0,2025-07-17 12:41:20.769645
2025-07-17,84423,2025071703010429,KSBBL,Shree Krishna Securities Ltd.,Online Securities Pvt. Ltd.,53,518.0,27454.0,2025-07-17 12:41:20.769746
2025-07-17,84422,2025071703010430,KSBBL,Shree Krishna Securities Ltd.,Cristal Kanchanjanga Securites Pvt. Ltd.,200,518.0,103600.0,2025-07-17 12:41:20.769849
2025-07-17,84421,2025071703010431,KSBBL,Shree Krishna Securities Ltd.,Cristal Kanchanjanga Securites Pvt. Ltd.,200,518.0,103600.0,2025-07-17 12:41:20.769959
2025-07-17,84420,2025071703010432,KSBBL,Shree Krishna Securities Ltd.,Investment Management Nepal Pvt. Ltd.,29,518.0,15022.0,2025-07-17 12:41:20.770090
2025-07-17,83993,2025071703010507,KSBBL,Agrawal Securities (PVT) Ltd.,Aryatara Investment & Securities,58,517.7,30026.6,2025-07-17 12:42:08.549175
2025-07-17,83992,2025071703010508,KSBBL,Agrawal Securities (PVT) Ltd.,ABC Securities Private Limited,106,517.8,54886.8,2025-07-17 12:42:08.549216
2025-07-17,83991,2025071703010509,KSBBL,Agrawal Securities (PVT) Ltd.,Agrawal Securities (PVT) Ltd.,10,517.9,5179.0,2025-07-17 12:42:08.549239
2025-07-17,83990,2025071703010510,KSBBL,Agrawal Securities (PVT) Ltd.,Investment Management Nepal Pvt. Ltd.,71,518.0,36778.0,2025-07-17 12:42:08.549263
2025-07-17,83989,2025071703010511,KSBBL,Agrawal Securities (PVT) Ltd.,Sweta Securities Private Limited,155,518.0,80290.0,2025-07-17 12:42:08.549284
2025-07-17,82464,2025071703010766,KSBBL,Nepal Investment And Securities Trading Private Limited,Kumari Securities Private Limited,1000,515.0,515000.0,2025-07-17 12:45:00.946808
2025-07-17,82241,2025071703010792,KSBBL,Indira securities pvt. ltd,Siprabi Securities Pvt. Ltd.,300,517.0,155100.0,2025-07-17 12:45:29.995409
2025-07-17,80624,2025071703011043,KSBBL,Capital Max Securities Ltd,Asian Securities Private Ltd.,30,515.0,15450.0,2025-07-17 12:48:41.703657
2025-07-17,80380,2025071703011081,KSBBL,Dynamic Money Managers Securities Pvt. Ltd.,Trademow Securities Private Limited,500,514.0,257000.0,2025-07-17 12:49:07.897441
2025-07-17,80306,2025071703011084,KSBBL,Dynamic Money Managers Securities Pvt. Ltd.,Asian Securities Private Ltd.,150,514.0,77100.0,2025-07-17 12:49:17.199595
2025-07-17,80237,2025071703011094,KSBBL,Dynamic Money Managers Securities Pvt. Ltd.,Agrawal Securities (PVT) Ltd.,200,514.0,102800.0,2025-07-17 12:49:26.507051
2025-07-17,79892,2025071703011150,KSBBL,Dynamic Money Managers Securities Pvt. Ltd.,Linch Stock Market Ltd.,150,514.0,77100.0,2025-07-17 12:50:03.211342
2025-07-17,79891,2025071703011151,KSBBL,Cristal Kanchanjanga Securites Pvt. Ltd.,Linch Stock Market Ltd.,385,514.0,197890.0,2025-07-17 12:50:03.211782
2025-07-17,79694,2025071703011177,KSBBL,Midas Stock Broking Company Private Limited,Siprabi Securities Pvt. Ltd.,10,516.7,5167.0,2025-07-17 12:50:32.499759
2025-07-17,79412,2025071703011222,KSBBL,Cristal Kanchanjanga Securites Pvt. Ltd.,Vision Securities Pvt. Ltd,56,514.0,28784.0,2025-07-17 12:51:11.882235
2025-07-17,79303,2025071703011251,KSBBL,Cristal Kanchanjanga Securites Pvt. Ltd.,Aryatara Investment & Securities,14,514.0,7196.0,2025-07-17 12:51:24.972855
2025-07-17,78962,2025071703011311,KSBBL,Cristal Kanchanjanga Securites Pvt. Ltd.,J.F. Securites (PVT) Ltd.,222,514.0,114108.0,2025-07-17 12:52:11.457401
2025-07-17,78924,2025071703011314,KSBBL,Cristal Kanchanjanga Securites Pvt. Ltd.,Naasa Securities Co. Ltd.,250,514.0,128500.0,2025-07-17 12:52:16.577281
2025-07-17,77852,2025071703011441,KSBBL,Midas Stock Broking Company Private Limited,Asian Securities Private Ltd.,10,515.0,5150.0,2025-07-17 12:54:01.821759
2025-07-17,77654,2025071703011494,KSBBL,NIMB Stock Markets Limited,Siprabi Securities Pvt. Ltd.,190,514.9,97831.0,2025-07-17 12:54:26.774679
2025-07-17,77653,2025071703011495,KSBBL,NIMB Stock Markets Limited,Asian Securities Private Ltd.,1061,515.0,546415.0,2025-07-17 12:54:26.774893
2025-07-17,77652,2025071703011496,KSBBL,NIMB Stock Markets Limited,Dynamic Money Managers Securities Pvt. Ltd.,2500,515.0,1287500.0,2025-07-17 12:54:26.774977
2025-07-17,77651,2025071703011497,KSBBL,NIMB Stock Markets Limited,Cristal Kanchanjanga Securites Pvt. Ltd.,200,515.0,103000.0,2025-07-17 12:54:26.775068
2025-07-17,77650,2025071703011498,KSBBL,NIMB Stock Markets Limited,Aryatara Investment & Securities,360,515.0,185400.0,2025-07-17 12:54:26.775149
2025-07-17,77406,2025071703011535,KSBBL,Himalayan Securities Limited,Aryatara Investment & Securities,100,515.0,51500.0,2025-07-17 12:54:55.824767
2025-07-17,76819,2025071703011661,KSBBL,Trademow Securities Private Limited,Aryatara Investment & Securities,40,515.0,20600.0,2025-07-17 12:56:17.853706
2025-07-17,76818,2025071703011662,KSBBL,Trademow Securities Private Limited,Malla & Malla Stock Broking Company Pvt. Limited,40,515.0,20600.0,2025-07-17 12:56:17.853949
2025-07-17,76817,2025071703011663,KSBBL,Trademow Securities Private Limited,Naasa Securities Co. Ltd.,301,515.0,155015.0,2025-07-17 12:56:17.854060
2025-07-17,76816,2025071703011664,KSBBL,Trademow Securities Private Limited,Oxford Securities Pvt. Ltd.,66,515.0,33990.0,2025-07-17 12:56:17.854144
2025-07-17,76705,2025071703011685,KSBBL,Naasa Securities Co. Ltd.,Secured Securities Ltd.,100,516.8,51680.0,2025-07-17 12:56:38.484387
2025-07-17,76677,2025071703011689,KSBBL,Vision Securities Pvt. Ltd,ABC Securities Private Limited,10,515.1,5151.0,2025-07-17 12:56:42.503644
2025-07-17,76676,2025071703011690,KSBBL,Trademow Securities Private Limited,ABC Securities Private Limited,40,515.0,20600.0,2025-07-17 12:56:42.503841
2025-07-17,76606,2025071703011704,KSBBL,Aryatara Investment & Securities,Dynamic Money Managers Securities Pvt. Ltd.,200,515.1,103020.0,2025-07-17 12:56:54.602696
2025-07-17,76452,2025071703011736,KSBBL,NIMB Stock Markets Limited,Dynamic Money Managers Securities Pvt. Ltd.,2300,515.1,1184730.0,2025-07-17 12:57:23.355801
2025-07-17,75880,2025071703011844,KSBBL,Cristal Kanchanjanga Securites Pvt. Ltd.,Deevyaa Securities & Stock House Pvt. Ltd,70,515.1,36057.0,2025-07-17 12:58:41.404252
2025-07-17,75857,2025071703011851,KSBBL,Malla & Malla Stock Broking Company Pvt. Limited,Asian Securities Private Ltd.,20,515.2,10304.0,2025-07-17 12:58:46.455504
2025-07-17,75230,2025071703012007,KSBBL,Investment Management Nepal Pvt. Ltd.,Sumeru Securities Pvt. Ltd.,10,515.4,5154.0,2025-07-17 13:00:01.858730
2025-07-17,75121,2025071703012018,KSBBL,Dynamic Money Managers Securities Pvt. Ltd.,Cristal Kanchanjanga Securites Pvt. Ltd.,25,515.2,12880.0,2025-07-17 13:00:19.358010
2025-07-17,74293,2025071703012165,KSBBL,Kalika Securities Pvt. Ltd.,Dipshikha Dhitopatra Karobar Co. Pvt Ltd.,100,515.3,51530.0,2025-07-17 13:02:07.359178
2025-07-17,74218,2025071703012199,KSBBL,Nepal Investment And Securities Trading Private Limited,Sumeru Securities Pvt. Ltd.,90,515.4,46386.0,2025-07-17 13:02:20.269962
2025-07-17,74217,2025071703012200,KSBBL,Nepal Investment And Securities Trading Private Limited,Asian Securities Private Ltd.,23,515.5,11856.5,2025-07-17 13:02:20.270251
2025-07-17,74079,2025071703012219,KSBBL,Nepal Investment And Securities Trading Private Limited,Vision Securities Pvt. Ltd,10,515.5,5155.0,2025-07-17 13:02:34.117799
2025-07-17,73918,2025071703012248,KSBBL,Nepal Investment And Securities Trading Private Limited,Dipshikha Dhitopatra Karobar Co. Pvt Ltd.,50,515.5,25775.0,2025-07-17 13:03:05.129323
2025-07-17,73760,2025071703012271,KSBBL,Nepal Investment And Securities Trading Private Limited,Pragyan Securities (PVT) Ltd.,351,515.5,180940.5,2025-07-17 13:03:16.162598
2025-07-17,73649,2025071703012285,KSBBL,Nepal Investment And Securities Trading Private Limited,Swarna Laxmi Securities Pvt. Ltd.,100,515.5,51550.0,2025-07-17 13:03:28.360160
2025-07-17,73504,2025071703012328,KSBBL,Sri Hari Securities Pvt. Ltd.,Imperial Securities Company Pvt. Ltd.,111,515.6,57231.6,2025-07-17 13:03:47.339278
2025-07-17,73153,2025071703012386,KSBBL,Nagarik Stock Dealer ,J.F. Securites (PVT) Ltd.,94,515.6,48466.4,2025-07-17 13:04:30.324702
2025-07-17,73151,2025071703012387,KSBBL,Cristal Kanchanjanga Securites Pvt. Ltd.,Asian Securities Private Ltd.,20,515.8,10316.0,2025-07-17 13:04:30.690677
2025-07-17,73150,2025071703012388,KSBBL,Investment Management Nepal Pvt. Ltd.,Asian Securities Private Ltd.,11,516.0,5676.0,2025-07-17 13:04:30.917439
2025-07-17,73069,2025071703012399,KSBBL,Cristal Kanchanjanga Securites Pvt. Ltd.,Vision Securities Pvt. Ltd,50,516.0,25800.0,2025-07-17 13:04:37.738297
2025-07-17,73068,2025071703012400,KSBBL,Cristal Kanchanjanga Securites Pvt. Ltd.,Kumari Securities Private Limited,50,516.0,25800.0,2025-07-17 13:04:37.738338
2025-07-17,72990,2025071703012413,KSBBL,Investment Management Nepal Pvt. Ltd.,Imperial Securities Company Pvt. Ltd.,10,516.5,5165.0,2025-07-17 13:04:47.034267
2025-07-17,72797,2025071703012446,KSBBL,Nagarik Stock Dealer ,Global IME Securities Limited,406,515.6,209333.6,2025-07-17 13:05:24.505630
2025-07-17,72796,2025071703012447,KSBBL,Nepal Investment And Securities Trading Private Limited,Global IME Securities Limited,43,515.5,22166.5,2025-07-17 13:05:24.505897
2025-07-17,72698,2025071703012476,KSBBL,Nepal Investment And Securities Trading Private Limited,South Asian Bulls Pvt. Ltd.,333,515.5,171661.5,2025-07-17 13:05:39.687622
2025-07-17,72697,2025071703012477,KSBBL,Sharepro Securities Private Limited,South Asian Bulls Pvt. Ltd.,200,515.5,103100.0,2025-07-17 13:05:39.688090
2025-07-17,72696,2025071703012478,KSBBL,Sri Hari Securities Pvt. Ltd.,South Asian Bulls Pvt. Ltd.,167,515.3,86055.1,2025-07-17 13:05:39.688384
2025-07-17,72396,2025071703012529,KSBBL,Miyo Securities Pvt Ltd,Online Securities Pvt. Ltd.,10,515.4,5154.0,2025-07-17 13:06:31.962824
2025-07-17,72041,2025071703012592,KSBBL,Miyo Securities Pvt Ltd,Naasa Securities Co. Ltd.,1490,515.4,767946.0,2025-07-17 13:07:21.531939
2025-07-17,72040,2025071703012593,KSBBL,Sri Hari Securities Pvt. Ltd.,Naasa Securities Co. Ltd.,33,515.3,17004.9,2025-07-17 13:07:21.532182
2025-07-17,72039,2025071703012594,KSBBL,Opal Securities Investment (PVT) Ltd.,Naasa Securities Co. Ltd.,200,515.3,103060.0,2025-07-17 13:07:21.532278
2025-07-17,72038,2025071703012595,KSBBL,Dynamic Money Managers Securities Pvt. Ltd.,Naasa Securities Co. Ltd.,975,515.2,502320.0,2025-07-17 13:07:21.532369
2025-07-17,72037,2025071703012596,KSBBL,NIMB Stock Markets Limited,Naasa Securities Co. Ltd.,1000,515.2,515200.0,2025-07-17 13:07:21.532595
2025-07-17,72036,2025071703012597,KSBBL,Capital Hub P. Ltd,Naasa Securities Co. Ltd.,1302,515.1,670660.2,2025-07-17 13:07:21.532955
2025-07-17,71999,2025071703012608,KSBBL,Nepal Investment And Securities Trading Private Limited,Swarna Laxmi Securities Pvt. Ltd.,200,515.7,103140.0,2025-07-17 13:07:27.722007
2025-07-17,71796,2025071703012653,KSBBL,Midas Stock Broking Company Private Limited,Imperial Securities Company Pvt. Ltd.,61,516.5,31506.5,2025-07-17 13:07:56.188716
2025-07-17,71795,2025071703012654,KSBBL,Midas Stock Broking Company Private Limited,Cristal Kanchanjanga Securites Pvt. Ltd.,100,516.9,51690.0,2025-07-17 13:07:56.188823
2025-07-17,71794,2025071703012655,KSBBL,Midas Stock Broking Company Private Limited,Aryatara Investment & Securities,20,516.9,10338.0,2025-07-17 13:07:56.188932
2025-07-17,71793,2025071703012656,KSBBL,Midas Stock Broking Company Private Limited,Asian Securities Private Ltd.,50,516.9,25845.0,2025-07-17 13:07:56.189005
2025-07-17,71792,2025071703012657,KSBBL,Midas Stock Broking Company Private Limited,Aryatara Investment & Securities,500,517.0,258500.0,2025-07-17 13:07:56.189128
2025-07-17,71791,2025071703012658,KSBBL,Midas Stock Broking Company Private Limited,Imperial Securities Company Pvt. Ltd.,200,517.0,103400.0,2025-07-17 13:07:56.189210
2025-07-17,71790,2025071703012659,KSBBL,Midas Stock Broking Company Private Limited,Midas Stock Broking Company Private Limited,69,517.0,35673.0,2025-07-17 13:07:56.189280
2025-07-17,71789,2025071703012660,KSBBL,Midas Stock Broking Company Private Limited,Siprabi Securities Pvt. Ltd.,50,517.0,25850.0,2025-07-17 13:07:56.189356
2025-07-17,71788,2025071703012661,KSBBL,Midas Stock Broking Company Private Limited,Kumari Securities Private Limited,57,517.0,29469.0,2025-07-17 13:07:56.189426
2025-07-17,71787,2025071703012662,KSBBL,Midas Stock Broking Company Private Limited,Midas Stock Broking Company Private Limited,50,517.0,25850.0,2025-07-17 13:07:56.189499
2025-07-17,71786,2025071703012663,KSBBL,Midas Stock Broking Company Private Limited,Shree Krishna Securities Ltd.,30,517.5,15525.0,2025-07-17 13:07:56.189575
2025-07-17,71785,2025071703012664,KSBBL,Midas Stock Broking Company Private Limited,Dipshikha Dhitopatra Karobar Co. Pvt Ltd.,107,517.5,55372.5,2025-07-17 13:07:56.189653
2025-07-17,71784,2025071703012665,KSBBL,Midas Stock Broking Company Private Limited,Aryatara Investment & Securities,500,517.5,258750.0,2025-07-17 13:07:56.189726
2025-07-17,71783,2025071703012666,KSBBL,Midas Stock Broking Company Private Limited,Imperial Securities Company Pvt. Ltd.,100,517.9,51790.0,2025-07-17 13:07:56.189804
2025-07-17,71782,2025071703012667,KSBBL,Midas Stock Broking Company Private Limited,SUN SECURITIES PVT LTD,100,517.9,51790.0,2025-07-17 13:07:56.189879
2025-07-17,71781,2025071703012668,KSBBL,Midas Stock Broking Company Private Limited,Agrawal Securities (PVT) Ltd.,230,517.9,119117.0,2025-07-17 13:07:56.189949
2025-07-17,71780,2025071703012669,KSBBL,Midas Stock Broking Company Private Limited,Asian Securities Private Ltd.,50,517.9,25895.0,2025-07-17 13:07:56.190099
2025-07-17,71779,2025071703012670,KSBBL,Midas Stock Broking Company Private Limited,Sweta Securities Private Limited,245,518.0,126910.0,2025-07-17 13:07:56.190202
2025-07-17,71778,2025071703012671,KSBBL,Midas Stock Broking Company Private Limited,Sweta Securities Private Limited,85,518.0,44030.0,2025-07-17 13:07:56.190278
2025-07-17,71777,2025071703012672,KSBBL,Midas Stock Broking Company Private Limited,Aryatara Investment & Securities,396,518.0,205128.0,2025-07-17 13:07:56.190375
2025-07-17,71124,2025071703012768,KSBBL,Dipshikha Dhitopatra Karobar Co. Pvt Ltd.,Premier Securities Company Ltd.,303,516.9,156620.7,2025-07-17 13:09:18.922415
2025-07-17,71123,2025071703012769,KSBBL,Dipshikha Dhitopatra Karobar Co. Pvt Ltd.,Kalika Securities Pvt. Ltd.,178,517.0,92026.0,2025-07-17 13:09:18.922460
2025-07-17,71122,2025071703012770,KSBBL,Dipshikha Dhitopatra Karobar Co. Pvt Ltd.,Pragyan Securities (PVT) Ltd.,500,517.9,258950.0,2025-07-17 13:09:18.922485
2025-07-17,71121,2025071703012771,KSBBL,Dipshikha Dhitopatra Karobar Co. Pvt Ltd.,Imperial Securities Company Pvt. Ltd.,78,517.9,40396.2,2025-07-17 13:09:18.922508
2025-07-17,71120,2025071703012772,KSBBL,Dipshikha Dhitopatra Karobar Co. Pvt Ltd.,Aryatara Investment & Securities,104,518.0,53872.0,2025-07-17 13:09:18.922541
2025-07-17,71119,2025071703012773,KSBBL,Dipshikha Dhitopatra Karobar Co. Pvt Ltd.,Dipshikha Dhitopatra Karobar Co. Pvt Ltd.,435,518.0,225330.0,2025-07-17 13:09:18.922563
2025-07-17,71118,2025071703012774,KSBBL,Dipshikha Dhitopatra Karobar Co. Pvt Ltd.,Neev Securities Pvt. Ltd.,400,518.0,207200.0,2025-07-17 13:09:18.922582
2025-07-17,71117,2025071703012775,KSBBL,Dipshikha Dhitopatra Karobar Co. Pvt Ltd.,Naasa Securities Co. Ltd.,1999,518.0,1035482.0,2025-07-17 13:09:18.922602
2025-07-17,71116,2025071703012776,KSBBL,Dipshikha Dhitopatra Karobar Co. Pvt Ltd.,Malla & Malla Stock Broking Company Pvt. Limited,42,518.0,21756.0,2025-07-17 13:09:18.922624
2025-07-17,71115,2025071703012777,KSBBL,Dipshikha Dhitopatra Karobar Co. Pvt Ltd.,Kohinoor Investment & Securities Pvt. Ltd.,50,518.0,25900.0,2025-07-17 13:09:18.922643
2025-07-17,71114,2025071703012778,KSBBL,Dipshikha Dhitopatra Karobar Co. Pvt Ltd.,Investment Management Nepal Pvt. Ltd.,100,518.0,51800.0,2025-07-17 13:09:18.922663
2025-07-17,71113,2025071703012779,KSBBL,Dipshikha Dhitopatra Karobar Co. Pvt Ltd.,Asian Securities Private Ltd.,405,518.1,209830.5,2025-07-17 13:09:18.922684
2025-07-17,71112,2025071703012780,KSBBL,Dipshikha Dhitopatra Karobar Co. Pvt Ltd.,Agrawal Securities (PVT) Ltd.,54,518.1,27977.4,2025-07-17 13:09:18.922706
2025-07-17,71111,2025071703012781,KSBBL,Dipshikha Dhitopatra Karobar Co. Pvt Ltd.,Nepal Stock House (PVT) Ltd.,50,518.1,25905.0,2025-07-17 13:09:18.922728
2025-07-17,71110,2025071703012782,KSBBL,Dipshikha Dhitopatra Karobar Co. Pvt Ltd.,Aryatara Investment & Securities,100,518.7,51870.0,2025-07-17 13:09:18.922753
2025-07-17,71109,2025071703012783,KSBBL,Dipshikha Dhitopatra Karobar Co. Pvt Ltd.,Nepal Stock House (PVT) Ltd.,10,519.0,5190.0,2025-07-17 13:09:18.922774
2025-07-17,71108,2025071703012784,KSBBL,Dipshikha Dhitopatra Karobar Co. Pvt Ltd.,Opal Securities Investment (PVT) Ltd.,192,519.0,99648.0,2025-07-17 13:09:18.922794
2025-07-17,70894,2025071703012812,KSBBL,Online Securities Pvt. Ltd.,Opal Securities Investment (PVT) Ltd.,808,519.0,419352.0,2025-07-17 13:09:49.272978
2025-07-17,70893,2025071703012813,KSBBL,Online Securities Pvt. Ltd.,Agrawal Securities (PVT) Ltd.,100,519.0,51900.0,2025-07-17 13:09:49.273031
2025-07-17,70892,2025071703012814,KSBBL,Online Securities Pvt. Ltd.,Deevyaa Securities & Stock House Pvt. Ltd,50,519.0,25950.0,2025-07-17 13:09:49.273052
2025-07-17,70891,2025071703012815,KSBBL,Online Securities Pvt. Ltd.,Premier Securities Company Ltd.,140,519.0,72660.0,2025-07-17 13:09:49.273081
2025-07-17,70890,2025071703012816,KSBBL,Online Securities Pvt. Ltd.,South Asian Bulls Pvt. Ltd.,138,519.0,71622.0,2025-07-17 13:09:49.273104
2025-07-17,70889,2025071703012817,KSBBL,Online Securities Pvt. Ltd.,Vision Securities Pvt. Ltd,200,519.0,103800.0,2025-07-17 13:09:49.273133
2025-07-17,70888,2025071703012818,KSBBL,Online Securities Pvt. Ltd.,Shree Krishna Securities Ltd.,292,519.0,151548.0,2025-07-17 13:09:49.273156
2025-07-17,70887,2025071703012819,KSBBL,Online Securities Pvt. Ltd.,Property Wiard Limited,150,519.0,77850.0,2025-07-17 13:09:49.273180
2025-07-17,70886,2025071703012820,KSBBL,Online Securities Pvt. Ltd.,Aryatara Investment & Securities,2000,519.0,1038000.0,2025-07-17 13:09:49.273202
2025-07-17,70885,2025071703012821,KSBBL,Online Securities Pvt. Ltd.,Imperial Securities Company Pvt. Ltd.,27,519.0,14013.0,2025-07-17 13:09:49.273222
2025-07-17,70884,2025071703012822,KSBBL,Online Securities Pvt. Ltd.,Naasa Securities Co. Ltd.,426,519.9,221477.4,2025-07-17 13:09:49.273248
2025-07-17,70883,2025071703012823,KSBBL,Online Securities Pvt. Ltd.,Imperial Securities Company Pvt. Ltd.,50,520.0,26000.0,2025-07-17 13:09:49.273271
2025-07-17,70882,2025071703012824,KSBBL,Online Securities Pvt. Ltd.,Nepal Stock House (PVT) Ltd.,14,520.0,7280.0,2025-07-17 13:09:49.273294
2025-07-17,70881,2025071703012825,KSBBL,Online Securities Pvt. Ltd.,Creative Securities Pvt Ltd,1000,520.0,520000.0,2025-07-17 13:09:49.273316
2025-07-17,70880,2025071703012826,KSBBL,Online Securities Pvt. Ltd.,Trisul Securities & Invt. Ltd.,17,520.0,8840.0,2025-07-17 13:09:49.273338
2025-07-17,70879,2025071703012827,KSBBL,Online Securities Pvt. Ltd.,Vision Securities Pvt. Ltd,100,520.0,52000.0,2025-07-17 13:09:49.273361
2025-07-17,70878,2025071703012828,KSBBL,Online Securities Pvt. Ltd.,Property Wiard Limited,1000,520.0,520000.0,2025-07-17 13:09:49.273392
2025-07-17,70877,2025071703012829,KSBBL,Online Securities Pvt. Ltd.,Aryatara Investment & Securities,219,520.0,113880.0,2025-07-17 13:09:49.273464
2025-07-17,70876,2025071703012830,KSBBL,Online Securities Pvt. Ltd.,Investment Management Nepal Pvt. Ltd.,500,520.0,260000.0,2025-07-17 13:09:49.273490
2025-07-17,70875,2025071703012831,KSBBL,Online Securities Pvt. Ltd.,Cristal Kanchanjanga Securites Pvt. Ltd.,10,520.0,5200.0,2025-07-17 13:09:49.273512
2025-07-17,70874,2025071703012832,KSBBL,Online Securities Pvt. Ltd.,Trishakti Securities Public Limited,100,520.0,52000.0,2025-07-17 13:09:49.273536
2025-07-17,70873,2025071703012833,KSBBL,Online Securities Pvt. Ltd.,Secured Securities Ltd.,100,520.0,52000.0,2025-07-17 13:09:49.273557
2025-07-17,70872,2025071703012834,KSBBL,Online Securities Pvt. Ltd.,Naasa Securities Co. Ltd.,80,520.0,41600.0,2025-07-17 13:09:49.273578
2025-07-17,70871,2025071703012835,KSBBL,Online Securities Pvt. Ltd.,Global IME Securities Limited,50,520.0,26000.0,2025-07-17 13:09:49.273600
2025-07-17,70870,2025071703012836,KSBBL,Online Securities Pvt. Ltd.,Kohinoor Investment & Securities Pvt. Ltd.,100,520.0,52000.0,2025-07-17 13:09:49.273644
2025-07-17,70869,2025071703012837,KSBBL,Online Securities Pvt. Ltd.,Nepal Stock House (PVT) Ltd.,65,520.0,33800.0,2025-07-17 13:09:49.273673
2025-07-17,70868,2025071703012838,KSBBL,Online Securities Pvt. Ltd.,Naasa Securities Co. Ltd.,10,520.0,5200.0,2025-07-17 13:09:49.273693
2025-07-17,70867,2025071703012839,KSBBL,Online Securities Pvt. Ltd.,Trishakti Securities Public Limited,493,520.0,256360.0,2025-07-17 13:09:49.273737
2025-07-17,70866,2025071703012840,KSBBL,Online Securities Pvt. Ltd.,Sewa Securities Pvt. Ltd.,1500,520.0,780000.0,2025-07-17 13:09:49.273807
2025-07-17,70865,2025071703012841,KSBBL,Online Securities Pvt. Ltd.,Siprabi Securities Pvt. Ltd.,58,520.0,30160.0,2025-07-17 13:09:49.273829
2025-07-17,70864,2025071703012842,KSBBL,Online Securities Pvt. Ltd.,Aryatara Investment & Securities,2000,520.0,1040000.0,2025-07-17 13:09:49.273863
2025-07-17,70863,2025071703012843,KSBBL,Online Securities Pvt. Ltd.,ABC Securities Private Limited,100,520.0,52000.0,2025-07-17 13:09:49.273898
2025-07-17,70862,2025071703012844,KSBBL,Online Securities Pvt. Ltd.,Imperial Securities Company Pvt. Ltd.,300,520.0,156000.0,2025-07-17 13:09:49.273922
2025-07-17,70861,2025071703012845,KSBBL,Online Securities Pvt. Ltd.,Dipshikha Dhitopatra Karobar Co. Pvt Ltd.,30,520.0,15600.0,2025-07-17 13:09:49.273943
2025-07-17,70860,2025071703012846,KSBBL,Online Securities Pvt. Ltd.,Deevyaa Securities & Stock House Pvt. Ltd,595,520.0,309400.0,2025-07-17 13:09:49.273966
2025-07-17,70859,2025071703012847,KSBBL,Online Securities Pvt. Ltd.,Midas Stock Broking Company Private Limited,50,520.0,26000.0,2025-07-17 13:09:49.273988
2025-07-17,70858,2025071703012848,KSBBL,Online Securities Pvt. Ltd.,Vision Securities Pvt. Ltd,119,520.0,61880.0,2025-07-17 13:09:49.274010
2025-07-17,70735,2025071703012863,KSBBL,ABC Securities Private Limited,Asian Securities Private Ltd.,50,519.9,25995.0,2025-07-17 13:10:04.200531
2025-07-17,70734,2025071703012864,KSBBL,ABC Securities Private Limited,SUN SECURITIES PVT LTD,149,520.0,77480.0,2025-07-17 13:10:04.200591
2025-07-17,70733,2025071703012865,KSBBL,ABC Securities Private Limited,Dipshikha Dhitopatra Karobar Co. Pvt Ltd.,100,520.0,52000.0,2025-07-17 13:10:04.200616
2025-07-17,70732,2025071703012866,KSBBL,ABC Securities Private Limited,Naasa Securities Co. Ltd.,100,520.0,52000.0,2025-07-17 13:10:04.200640
2025-07-17,70731,2025071703012867,KSBBL,ABC Securities Private Limited,Dipshikha Dhitopatra Karobar Co. Pvt Ltd.,214,520.0,111280.0,2025-07-17 13:10:04.200663
2025-07-17,70730,2025071703012868,KSBBL,ABC Securities Private Limited,Opal Securities Investment (PVT) Ltd.,200,520.0,104000.0,2025-07-17 13:10:04.200687
2025-07-17,70729,2025071703012869,KSBBL,ABC Securities Private Limited,Dipshikha Dhitopatra Karobar Co. Pvt Ltd.,663,520.0,344760.0,2025-07-17 13:10:04.200728
2025-07-17,70728,2025071703012870,KSBBL,ABC Securities Private Limited,Aryatara Investment & Securities,533,520.2,277266.6,2025-07-17 13:10:04.200753
2025-07-17,70727,2025071703012871,KSBBL,ABC Securities Private Limited,Sumeru Securities Pvt. Ltd.,20,520.2,10404.0,2025-07-17 13:10:04.200779
2025-07-17,70726,2025071703012872,KSBBL,ABC Securities Private Limited,Deevyaa Securities & Stock House Pvt. Ltd,100,520.3,52030.0,2025-07-17 13:10:04.200808
2025-07-17,70725,2025071703012873,KSBBL,ABC Securities Private Limited,Midas Stock Broking Company Private Limited,675,521.0,351675.0,2025-07-17 13:10:04.200836
2025-07-17,70724,2025071703012874,KSBBL,ABC Securities Private Limited,Imperial Securities Company Pvt. Ltd.,19,521.0,9899.0,2025-07-17 13:10:04.200862
2025-07-17,70723,2025071703012875,KSBBL,ABC Securities Private Limited,Dynamic Money Managers Securities Pvt. Ltd.,50,521.0,26050.0,2025-07-17 13:10:04.200886
2025-07-17,70722,2025071703012876,KSBBL,ABC Securities Private Limited,Sani Securities Company Ltd.,171,521.0,89091.0,2025-07-17 13:10:04.200908
2025-07-17,70721,2025071703012877,KSBBL,ABC Securities Private Limited,Sewa Securities Pvt. Ltd.,19,521.0,9899.0,2025-07-17 13:10:04.200932
2025-07-17,70720,2025071703012878,KSBBL,ABC Securities Private Limited,Dipshikha Dhitopatra Karobar Co. Pvt Ltd.,50,521.0,26050.0,2025-07-17 13:10:04.200955
2025-07-17,70719,2025071703012879,KSBBL,ABC Securities Private Limited,Naasa Securities Co. Ltd.,115,521.1,59926.5,2025-07-17 13:10:04.201013
2025-07-17,70718,2025071703012880,KSBBL,ABC Securities Private Limited,Sani Securities Company Ltd.,100,521.2,52120.0,2025-07-17 13:10:04.201049
2025-07-17,70717,2025071703012881,KSBBL,ABC Securities Private Limited,Imperial Securities Company Pvt. Ltd.,200,521.2,104240.0,2025-07-17 13:10:04.201076
2025-07-17,70716,2025071703012882,KSBBL,ABC Securities Private Limited,Ashutosh Brokerage & Securities (PVT) Ltd.,20,521.7,10434.0,2025-07-17 13:10:04.201114
2025-07-17,70715,2025071703012883,KSBBL,ABC Securities Private Limited,Kumari Securities Private Limited,100,522.0,52200.0,2025-07-17 13:10:04.201148
2025-07-17,70714,2025071703012884,KSBBL,ABC Securities Private Limited,Cristal Kanchanjanga Securites Pvt. Ltd.,220,522.0,114840.0,2025-07-17 13:10:04.201172
2025-07-17,70713,2025071703012885,KSBBL,ABC Securities Private Limited,Sweta Securities Private Limited,100,522.0,52200.0,2025-07-17 13:10:04.201197
2025-07-17,70712,2025071703012886,KSBBL,ABC Securities Private Limited,Asian Securities Private Ltd.,230,522.0,120060.0,2025-07-17 13:10:04.201222
2025-07-17,70711,2025071703012887,KSBBL,ABC Securities Private Limited,Linch Stock Market Ltd.,90,522.0,46980.0,2025-07-17 13:10:04.201245
2025-07-17,70710,2025071703012888,KSBBL,ABC Securities Private Limited,Kohinoor Investment & Securities Pvt. Ltd.,168,522.0,87696.0,2025-07-17 13:10:04.201271
2025-07-17,70709,2025071703012889,KSBBL,ABC Securities Private Limited,Online Securities Pvt. Ltd.,188,523.0,98324.0,2025-07-17 13:10:04.201295
2025-07-17,70708,2025071703012890,KSBBL,ABC Securities Private Limited,Vision Securities Pvt. Ltd,100,524.0,52400.0,2025-07-17 13:10:04.201323
2025-07-17,70707,2025071703012891,KSBBL,ABC Securities Private Limited,Malla & Malla Stock Broking Company Pvt. Limited,100,524.0,52400.0,2025-07-17 13:10:04.201346
2025-07-17,70706,2025071703012892,KSBBL,ABC Securities Private Limited,Sani Securities Company Ltd.,10,524.0,5240.0,2025-07-17 13:10:04.201372
2025-07-17,70705,2025071703012893,KSBBL,ABC Securities Private Limited,Naasa Securities Co. Ltd.,13,524.0,6812.0,2025-07-17 13:10:04.201411
2025-07-17,70704,2025071703012894,KSBBL,ABC Securities Private Limited,Dipshikha Dhitopatra Karobar Co. Pvt Ltd.,500,524.0,262000.0,2025-07-17 13:10:04.201435
2025-07-17,70703,2025071703012895,KSBBL,ABC Securities Private Limited,Asian Securities Private Ltd.,500,524.2,262100.0,2025-07-17 13:10:04.201461
2025-07-17,70702,2025071703012896,KSBBL,ABC Securities Private Limited,Vision Securities Pvt. Ltd,137,524.2,71815.4,2025-07-17 13:10:04.201487
2025-07-17,70701,2025071703012897,KSBBL,ABC Securities Private Limited,Imperial Securities Company Pvt. Ltd.,490,525.0,257250.0,2025-07-17 13:10:04.201534
2025-07-17,70700,2025071703012898,KSBBL,ABC Securities Private Limited,Sani Securities Company Ltd.,300,525.0,157500.0,2025-07-17 13:10:04.201559
2025-07-17,70699,2025071703012899,KSBBL,ABC Securities Private Limited,Dipshikha Dhitopatra Karobar Co. Pvt Ltd.,385,525.0,202125.0,2025-07-17 13:10:04.201582
2025-07-17,70698,2025071703012900,KSBBL,ABC Securities Private Limited,Arun Securities (PVT) Ltd.,500,525.0,262500.0,2025-07-17 13:10:04.201606
2025-07-17,70697,2025071703012901,KSBBL,ABC Securities Private Limited,Midas Stock Broking Company Private Limited,950,525.0,498750.0,2025-07-17 13:10:04.201630
2025-07-17,70696,2025071703012902,KSBBL,ABC Securities Private Limited,Imperial Securities Company Pvt. Ltd.,100,525.0,52500.0,2025-07-17 13:10:04.201654
2025-07-17,70695,2025071703012903,KSBBL,ABC Securities Private Limited,Deevyaa Securities & Stock House Pvt. Ltd,100,525.0,52500.0,2025-07-17 13:10:04.201681
2025-07-17,70694,2025071703012904,KSBBL,ABC Securities Private Limited,J.F. Securites (PVT) Ltd.,10,525.0,5250.0,2025-07-17 13:10:04.201705
2025-07-17,70693,2025071703012905,KSBBL,ABC Securities Private Limited,J.F. Securites (PVT) Ltd.,300,525.0,157500.0,2025-07-17 13:10:04.201729
2025-07-17,70692,2025071703012906,KSBBL,ABC Securities Private Limited,Primo Securities (PVT) Ltd.,44,525.0,23100.0,2025-07-17 13:10:04.201760
2025-07-17,70691,2025071703012907,KSBBL,ABC Securities Private Limited,ABC Securities Private Limited,100,525.0,52500.0,2025-07-17 13:10:04.201784
2025-07-17,70690,2025071703012908,KSBBL,ABC Securities Private Limited,Linch Stock Market Ltd.,87,525.0,45675.0,2025-07-17 13:10:04.201809
2025-07-17,70689,2025071703012909,KSBBL,ABC Securities Private Limited,Imperial Securities Company Pvt. Ltd.,20,525.0,10500.0,2025-07-17 13:10:04.201832
2025-07-17,70688,2025071703012910,KSBBL,ABC Securities Private Limited,Vision Securities Pvt. Ltd,200,525.0,105000.0,2025-07-17 13:10:04.201855
2025-07-17,70687,2025071703012911,KSBBL,ABC Securities Private Limited,Sani Securities Company Ltd.,410,525.0,215250.0,2025-07-17 13:10:04.201878
2025-07-17,70124,2025071703013023,KSBBL,Nagarik Stock Dealer ,Vision Securities Pvt. Ltd,1500,520.0,780000.0,2025-07-17 13:11:23.480202
2025-07-17,70066,2025071703013028,KSBBL,Shree Krishna Securities Ltd.,Vision Securities Pvt. Ltd,351,520.0,182520.0,2025-07-17 13:11:34.905097
2025-07-17,69946,2025071703013047,KSBBL,Sharepro Securities Private Limited,Vision Securities Pvt. Ltd,2399,520.0,1247480.0,2025-07-17 13:11:48.805920
2025-07-17,69945,2025071703013048,KSBBL,Sharepro Securities Private Limited,Naasa Securities Co. Ltd.,50,522.0,26100.0,2025-07-17 13:11:48.806248
2025-07-17,69944,2025071703013049,KSBBL,Sharepro Securities Private Limited,ABC Securities Private Limited,100,523.0,52300.0,2025-07-17 13:11:48.806430
2025-07-17,69943,2025071703013050,KSBBL,Sharepro Securities Private Limited,Trisul Securities & Invt. Ltd.,50,524.0,26200.0,2025-07-17 13:11:48.806605
2025-07-17,69942,2025071703013051,KSBBL,Sharepro Securities Private Limited,Creative Securities Pvt Ltd,75,524.0,39300.0,2025-07-17 13:11:48.806773
2025-07-17,69941,2025071703013052,KSBBL,Sharepro Securities Private Limited,Malla & Malla Stock Broking Company Pvt. Limited,750,524.8,393600.0,2025-07-17 13:11:48.806941
2025-07-17,69940,2025071703013053,KSBBL,Sharepro Securities Private Limited,Dynamic Money Managers Securities Pvt. Ltd.,100,524.9,52490.0,2025-07-17 13:11:48.807123
2025-07-17,69939,2025071703013054,KSBBL,Sharepro Securities Private Limited,Asian Securities Private Ltd.,50,524.9,26245.0,2025-07-17 13:11:48.807293
2025-07-17,69938,2025071703013055,KSBBL,Sharepro Securities Private Limited,Midas Stock Broking Company Private Limited,50,525.0,26250.0,2025-07-17 13:11:48.807456
2025-07-17,69937,2025071703013056,KSBBL,Sharepro Securities Private Limited,Sundhara Securities Limited,400,525.0,210000.0,2025-07-17 13:11:48.807620
2025-07-17,69936,2025071703013057,KSBBL,Sharepro Securities Private Limited,Aryatara Investment & Securities,976,525.0,512400.0,2025-07-17 13:11:48.807782
2025-07-17,69795,2025071703013093,KSBBL,Nepal Investment And Securities Trading Private Limited,Cristal Kanchanjanga Securites Pvt. Ltd.,16,520.0,8320.0,2025-07-17 13:12:07.556581
2025-07-17,69461,2025071703013141,KSBBL,Dipshikha Dhitopatra Karobar Co. Pvt Ltd.,Siprabi Securities Pvt. Ltd.,20,524.0,10480.0,2025-07-17 13:12:43.303390
2025-07-17,69460,2025071703013142,KSBBL,Dipshikha Dhitopatra Karobar Co. Pvt Ltd.,Dipshikha Dhitopatra Karobar Co. Pvt Ltd.,229,524.9,120202.1,2025-07-17 13:12:43.303435
2025-07-17,69459,2025071703013143,KSBBL,Dipshikha Dhitopatra Karobar Co. Pvt Ltd.,Aryatara Investment & Securities,24,525.0,12600.0,2025-07-17 13:12:43.303467
2025-07-17,69458,2025071703013144,KSBBL,Dipshikha Dhitopatra Karobar Co. Pvt Ltd.,Nepal Stock House (PVT) Ltd.,66,525.0,34650.0,2025-07-17 13:12:43.303492
2025-07-17,69457,2025071703013145,KSBBL,Dipshikha Dhitopatra Karobar Co. Pvt Ltd.,Primo Securities (PVT) Ltd.,61,525.0,32025.0,2025-07-17 13:12:43.303560
2025-07-17,68401,2025071703013330,KSBBL,Nepal Investment And Securities Trading Private Limited,Thrive Brokerage House Pvt. Ltd,200,520.0,104000.0,2025-07-17 13:14:51.936568
2025-07-17,67987,2025071703013464,KSBBL,Nepal Investment And Securities Trading Private Limited,Online Securities Pvt. Ltd.,784,520.0,407680.0,2025-07-17 13:15:45.517144
2025-07-17,67986,2025071703013465,KSBBL,Sharepro Securities Private Limited,Online Securities Pvt. Ltd.,216,520.0,112320.0,2025-07-17 13:15:45.517442
2025-07-17,67505,2025071703013539,KSBBL,Trademow Securities Private Limited,Aryatara Investment & Securities,285,520.1,148228.5,2025-07-17 13:16:53.235459
2025-07-17,67504,2025071703013540,KSBBL,Trademow Securities Private Limited,Aryatara Investment & Securities,715,520.1,371871.5,2025-07-17 13:16:53.235665
2025-07-17,67321,2025071703013561,KSBBL,Naasa Securities Co. Ltd.,Aryatara Investment & Securities,30,521.0,15630.0,2025-07-17 13:17:13.088677
2025-07-17,67320,2025071703013562,KSBBL,Naasa Securities Co. Ltd.,Agrawal Securities (PVT) Ltd.,20,521.0,10420.0,2025-07-17 13:17:13.088955
2025-07-17,67319,2025071703013563,KSBBL,Naasa Securities Co. Ltd.,Trishakti Securities Public Limited,60,521.9,31314.0,2025-07-17 13:17:13.089170
2025-07-17,67318,2025071703013564,KSBBL,Naasa Securities Co. Ltd.,Thrive Brokerage House Pvt. Ltd,97,522.0,50634.0,2025-07-17 13:17:13.089362
2025-07-17,67317,2025071703013565,KSBBL,Naasa Securities Co. Ltd.,Premier Securities Company Ltd.,293,522.0,152946.0,2025-07-17 13:17:13.089548
