Date,S.N.,contract_id,symbol,buyer_broker,seller_broker,volume,price,amount,transaction_time
2025-07-17,140304,2025071703000198,MNBBL,K.B.L. Securities Limited ,Oxford Securities Pvt. Ltd.,1000,410.0,410000.0,2025-07-17 11:03:29.797437
2025-07-17,139992,2025071703000260,MNBBL,Global IME Securities Limited,Oxford Securities Pvt. Ltd.,21,410.0,8610.0,2025-07-17 11:04:13.748528
2025-07-17,139884,2025071703000287,MNBBL,Oxford Securities Pvt. Ltd.,Oxford Securities Pvt. Ltd.,479,410.0,196390.0,2025-07-17 11:04:26.979980
2025-07-17,139880,2025071703000288,MNBBL,Oxford Securities Pvt. Ltd.,Agrawal Securities (PVT) Ltd.,21,410.0,8610.0,2025-07-17 11:04:27.494226
2025-07-17,139879,2025071703000289,MNBBL,Deevyaa Securities & Stock House Pvt. Ltd,Agrawal Securities (PVT) Ltd.,79,410.0,32390.0,2025-07-17 11:04:27.494349
2025-07-17,139695,2025071703000341,MNBBL,Cristal Kanchanjanga Securites Pvt. Ltd.,Premier Securities Company Ltd.,1000,411.0,411000.0,2025-07-17 11:04:53.127675
2025-07-17,139365,2025071703000422,MNBBL,KALASH STOCK MARKET PVT. LTD.,J.F. Securites (PVT) Ltd.,48,412.9,19819.2,2025-07-17 11:05:33.353604
2025-07-17,139364,2025071703000423,MNBBL,KALASH STOCK MARKET PVT. LTD.,Imperial Securities Company Pvt. Ltd.,52,413.0,21476.0,2025-07-17 11:05:33.353671
2025-07-17,139349,2025071703000427,MNBBL,South Asian Bulls Pvt. Ltd.,Imperial Securities Company Pvt. Ltd.,148,413.0,61124.0,2025-07-17 11:05:35.031817
2025-07-17,139348,2025071703000428,MNBBL,South Asian Bulls Pvt. Ltd.,Asian Securities Private Ltd.,50,414.0,20700.0,2025-07-17 11:05:35.031881
2025-07-17,139347,2025071703000429,MNBBL,South Asian Bulls Pvt. Ltd.,Nepal Stock House (PVT) Ltd.,600,414.0,248400.0,2025-07-17 11:05:35.031918
2025-07-17,139346,2025071703000430,MNBBL,South Asian Bulls Pvt. Ltd.,Naasa Securities Co. Ltd.,166,414.0,68724.0,2025-07-17 11:05:35.031949
2025-07-17,139345,2025071703000431,MNBBL,South Asian Bulls Pvt. Ltd.,Primo Securities (PVT) Ltd.,50,414.0,20700.0,2025-07-17 11:05:35.031977
2025-07-17,139344,2025071703000432,MNBBL,South Asian Bulls Pvt. Ltd.,Prabhu Stock Market Limited,200,414.0,82800.0,2025-07-17 11:05:35.032003
2025-07-17,139343,2025071703000433,MNBBL,South Asian Bulls Pvt. Ltd.,South Asian Bulls Pvt. Ltd.,30,414.0,12420.0,2025-07-17 11:05:35.032039
2025-07-17,139342,2025071703000434,MNBBL,South Asian Bulls Pvt. Ltd.,Naasa Securities Co. Ltd.,170,414.0,70380.0,2025-07-17 11:05:35.032067
2025-07-17,139192,2025071703000450,MNBBL,Thrive Brokerage House Pvt. Ltd,Agrawal Securities (PVT) Ltd.,200,415.0,83000.0,2025-07-17 11:05:51.503069
2025-07-17,139108,2025071703000468,MNBBL,Bhrikuti Stock Broking Co. Pvt. Ltd.,Agrawal Securities (PVT) Ltd.,240,415.0,99600.0,2025-07-17 11:06:01.108449
2025-07-17,139066,2025071703000471,MNBBL,South Asian Bulls Pvt. Ltd.,Kohinoor Investment & Securities Pvt. Ltd.,150,414.0,62100.0,2025-07-17 11:06:08.782736
2025-07-17,139033,2025071703000474,MNBBL,Aryatara Investment & Securities,Agrawal Securities (PVT) Ltd.,100,415.0,41500.0,2025-07-17 11:06:12.791186
2025-07-17,138924,2025071703000484,MNBBL,Cristal Kanchanjanga Securites Pvt. Ltd.,Agrawal Securities (PVT) Ltd.,160,415.0,66400.0,2025-07-17 11:06:29.664712
2025-07-17,138923,2025071703000485,MNBBL,Cristal Kanchanjanga Securites Pvt. Ltd.,Neev Securities Pvt. Ltd.,840,416.0,349440.0,2025-07-17 11:06:29.664767
2025-07-17,138834,2025071703000507,MNBBL,Midas Stock Broking Company Private Limited,Neev Securities Pvt. Ltd.,15,416.0,6240.0,2025-07-17 11:06:39.929141
2025-07-17,138655,2025071703000543,MNBBL,Cristal Kanchanjanga Securites Pvt. Ltd.,Bhrikuti Stock Broking Co. Pvt. Ltd.,10,415.0,4150.0,2025-07-17 11:07:03.927214
2025-07-17,138654,2025071703000544,MNBBL,Cristal Kanchanjanga Securites Pvt. Ltd.,Neev Securities Pvt. Ltd.,145,416.0,60320.0,2025-07-17 11:07:03.927274
2025-07-17,138653,2025071703000545,MNBBL,Cristal Kanchanjanga Securites Pvt. Ltd.,Imperial Securities Company Pvt. Ltd.,45,416.0,18720.0,2025-07-17 11:07:03.927305
2025-07-17,138240,2025071703000599,MNBBL,Deevyaa Securities & Stock House Pvt. Ltd,Trishakti Securities Public Limited,10,414.1,4141.0,2025-07-17 11:07:54.370207
2025-07-17,138137,2025071703000607,MNBBL,Deevyaa Securities & Stock House Pvt. Ltd,Naasa Securities Co. Ltd.,170,414.1,70397.0,2025-07-17 11:08:07.045533
2025-07-17,138136,2025071703000608,MNBBL,Cristal Kanchanjanga Securites Pvt. Ltd.,Naasa Securities Co. Ltd.,200,414.1,82820.0,2025-07-17 11:08:07.045654
2025-07-17,138135,2025071703000609,MNBBL,South Asian Bulls Pvt. Ltd.,Naasa Securities Co. Ltd.,436,414.0,180504.0,2025-07-17 11:08:07.045727
2025-07-17,138134,2025071703000610,MNBBL,Imperial Securities Company Pvt. Ltd.,Naasa Securities Co. Ltd.,194,414.0,80316.0,2025-07-17 11:08:07.045768
2025-07-17,138079,2025071703000619,MNBBL,Sani Securities Company Ltd.,Naasa Securities Co. Ltd.,100,415.0,41500.0,2025-07-17 11:08:15.185726
2025-07-17,137944,2025071703000644,MNBBL,Sani Securities Company Ltd.,Naasa Securities Co. Ltd.,19,415.0,7885.0,2025-07-17 11:08:23.188114
2025-07-17,137943,2025071703000645,MNBBL,Imperial Securities Company Pvt. Ltd.,Naasa Securities Co. Ltd.,906,414.0,375084.0,2025-07-17 11:08:23.188206
2025-07-17,137649,2025071703000674,MNBBL,Dakshinkali Investment & Securities Pvt. Ltd.,Naasa Securities Co. Ltd.,200,412.1,82420.0,2025-07-17 11:08:54.206910
2025-07-17,137374,2025071703000717,MNBBL,Asian Securities Private Ltd.,Naasa Securities Co. Ltd.,300,414.0,124200.0,2025-07-17 11:09:29.658363
2025-07-17,136825,2025071703000831,MNBBL,Himalayan Brokerage Company Limited,Kohinoor Investment & Securities Pvt. Ltd.,62,411.0,25482.0,2025-07-17 11:10:24.360821
2025-07-17,136636,2025071703000866,MNBBL,Asian Securities Private Ltd.,Naasa Securities Co. Ltd.,975,414.0,403650.0,2025-07-17 11:10:40.812750
2025-07-17,136635,2025071703000867,MNBBL,Asian Securities Private Ltd.,Sani Securities Company Ltd.,32,414.0,13248.0,2025-07-17 11:10:40.812844
2025-07-17,136634,2025071703000868,MNBBL,Asian Securities Private Ltd.,Linch Stock Market Ltd.,300,414.0,124200.0,2025-07-17 11:10:40.812902
2025-07-17,136633,2025071703000869,MNBBL,Asian Securities Private Ltd.,Trishakti Securities Public Limited,10,415.0,4150.0,2025-07-17 11:10:40.812948
2025-07-17,136632,2025071703000870,MNBBL,Asian Securities Private Ltd.,Premier Securities Company Ltd.,500,415.0,207500.0,2025-07-17 11:10:40.812986
2025-07-17,136631,2025071703000871,MNBBL,Asian Securities Private Ltd.,Secured Securities Ltd.,73,415.0,30295.0,2025-07-17 11:10:40.813041
2025-07-17,135531,2025071703001057,MNBBL,Imperial Securities Company Pvt. Ltd.,Secured Securities Ltd.,500,414.9,207450.0,2025-07-17 11:12:27.598426
2025-07-17,135530,2025071703001058,MNBBL,Imperial Securities Company Pvt. Ltd.,Nabil Stock Dealer Ltd.,100,415.0,41500.0,2025-07-17 11:12:27.598526
2025-07-17,135529,2025071703001059,MNBBL,Imperial Securities Company Pvt. Ltd.,Sumeru Securities Pvt. Ltd.,400,415.0,166000.0,2025-07-17 11:12:27.598577
2025-07-17,135499,2025071703001068,MNBBL,Sani Securities Company Ltd.,Cristal Kanchanjanga Securites Pvt. Ltd.,50,414.9,20745.0,2025-07-17 11:12:30.381589
2025-07-17,135498,2025071703001069,MNBBL,Sani Securities Company Ltd.,Sumeru Securities Pvt. Ltd.,600,415.0,249000.0,2025-07-17 11:12:30.381717
2025-07-17,135497,2025071703001070,MNBBL,Sani Securities Company Ltd.,Sani Securities Company Ltd.,100,415.5,41550.0,2025-07-17 11:12:30.381792
2025-07-17,135496,2025071703001071,MNBBL,Sani Securities Company Ltd.,Nepal Stock House (PVT) Ltd.,500,415.9,207950.0,2025-07-17 11:12:30.381854
2025-07-17,135495,2025071703001072,MNBBL,Sani Securities Company Ltd.,Shree Krishna Securities Ltd.,400,415.9,166360.0,2025-07-17 11:12:30.381914
2025-07-17,135494,2025071703001073,MNBBL,Sani Securities Company Ltd.,Imperial Securities Company Pvt. Ltd.,55,416.0,22880.0,2025-07-17 11:12:30.381972
2025-07-17,135493,2025071703001074,MNBBL,Sani Securities Company Ltd.,Dipshikha Dhitopatra Karobar Co. Pvt Ltd.,200,416.0,83200.0,2025-07-17 11:12:30.382046
2025-07-17,135492,2025071703001075,MNBBL,Sani Securities Company Ltd.,Vision Securities Pvt. Ltd,17,416.0,7072.0,2025-07-17 11:12:30.382126
2025-07-17,135491,2025071703001076,MNBBL,Sani Securities Company Ltd.,Oxford Securities Pvt. Ltd.,50,416.0,20800.0,2025-07-17 11:12:30.382184
2025-07-17,135123,2025071703001158,MNBBL,Sani Securities Company Ltd.,Dipshikha Dhitopatra Karobar Co. Pvt Ltd.,28,416.0,11648.0,2025-07-17 11:13:06.215188
2025-07-17,134232,2025071703001349,MNBBL,Sundhara Securities Limited,Nepal Stock House (PVT) Ltd.,50,413.0,20650.0,2025-07-17 11:14:26.618267
2025-07-17,134231,2025071703001350,MNBBL,Asian Securities Private Ltd.,Nepal Stock House (PVT) Ltd.,1110,412.0,457320.0,2025-07-17 11:14:26.618379
2025-07-17,134230,2025071703001351,MNBBL,Himalayan Brokerage Company Limited,Nepal Stock House (PVT) Ltd.,440,412.0,181280.0,2025-07-17 11:14:26.618428
2025-07-17,133723,2025071703001438,MNBBL,Himalayan Brokerage Company Limited,Dipshikha Dhitopatra Karobar Co. Pvt Ltd.,60,412.0,24720.0,2025-07-17 11:15:07.571777
2025-07-17,133722,2025071703001439,MNBBL,Naasa Securities Co. Ltd.,Dipshikha Dhitopatra Karobar Co. Pvt Ltd.,52,412.0,21424.0,2025-07-17 11:15:07.571881
2025-07-17,133622,2025071703001457,MNBBL,Deevyaa Securities & Stock House Pvt. Ltd,Sewa Securities Pvt. Ltd.,100,415.0,41500.0,2025-07-17 11:15:20.495203
2025-07-17,133621,2025071703001458,MNBBL,Deevyaa Securities & Stock House Pvt. Ltd,Naasa Securities Co. Ltd.,200,415.0,83000.0,2025-07-17 11:15:20.495320
2025-07-17,132792,2025071703001629,MNBBL,Naasa Securities Co. Ltd.,Naasa Securities Co. Ltd.,24,412.0,9888.0,2025-07-17 11:16:30.287744
2025-07-17,132391,2025071703001696,MNBBL,Kumari Securities Private Limited,Primo Securities (PVT) Ltd.,20,412.0,8240.0,2025-07-17 11:17:11.333525
2025-07-17,131915,2025071703001763,MNBBL,Kumari Securities Private Limited,Investment Management Nepal Pvt. Ltd.,40,412.0,16480.0,2025-07-17 11:17:51.728191
2025-07-17,131914,2025071703001764,MNBBL,Himalayan Brokerage Company Limited,Investment Management Nepal Pvt. Ltd.,400,411.0,164400.0,2025-07-17 11:17:51.728316
2025-07-17,131515,2025071703001831,MNBBL,Himalayan Brokerage Company Limited,Secured Securities Ltd.,38,411.0,15618.0,2025-07-17 11:18:29.506837
2025-07-17,131514,2025071703001832,MNBBL,Sanima Securities Limited,Secured Securities Ltd.,12,411.0,4932.0,2025-07-17 11:18:29.506965
2025-07-17,131171,2025071703001900,MNBBL,Sanima Securities Limited,Nepal Investment And Securities Trading Private Limited,400,411.0,164400.0,2025-07-17 11:19:07.429093
2025-07-17,131161,2025071703001902,MNBBL,Sanima Securities Limited,Trishakti Securities Public Limited,555,411.0,228105.0,2025-07-17 11:19:08.423468
2025-07-17,130937,2025071703001946,MNBBL,Sanima Securities Limited,Elite Stock House Limited,11,411.0,4521.0,2025-07-17 11:19:31.304484
2025-07-17,130322,2025071703002109,MNBBL,Thrive Brokerage House Pvt. Ltd,SUN SECURITIES PVT LTD,500,412.5,206250.0,2025-07-17 11:20:35.251199
2025-07-17,130321,2025071703002110,MNBBL,Thrive Brokerage House Pvt. Ltd,Sweta Securities Private Limited,200,412.9,82580.0,2025-07-17 11:20:35.251331
2025-07-17,130320,2025071703002111,MNBBL,Thrive Brokerage House Pvt. Ltd,Dynamic Money Managers Securities Pvt. Ltd.,300,413.0,123900.0,2025-07-17 11:20:35.251393
2025-07-17,129884,2025071703002220,MNBBL,Aryatara Investment & Securities,Asian Securities Private Ltd.,1000,411.3,411300.0,2025-07-17 11:21:13.372901
2025-07-17,129883,2025071703002221,MNBBL,Sanima Securities Limited,Asian Securities Private Ltd.,963,411.2,395985.6,2025-07-17 11:21:13.372942
2025-07-17,129865,2025071703002224,MNBBL,Sanima Securities Limited,Imperial Securities Company Pvt. Ltd.,43,411.2,17681.6,2025-07-17 11:21:15.462344
2025-07-17,129614,2025071703002291,MNBBL,Deevyaa Securities & Stock House Pvt. Ltd,Himalayan Securities Limited,50,411.9,20595.0,2025-07-17 11:21:38.713183
2025-07-17,129405,2025071703002320,MNBBL,Midas Stock Broking Company Private Limited,Himalayan Securities Limited,50,411.9,20595.0,2025-07-17 11:21:49.914416
2025-07-17,129185,2025071703002352,MNBBL,Deevyaa Securities & Stock House Pvt. Ltd,Dynamic Money Managers Securities Pvt. Ltd.,200,413.0,82600.0,2025-07-17 11:22:01.335055
2025-07-17,129057,2025071703002386,MNBBL,Midas Stock Broking Company Private Limited,Dynamic Money Managers Securities Pvt. Ltd.,51,413.0,21063.0,2025-07-17 11:22:12.130096
2025-07-17,128879,2025071703002431,MNBBL,Sanima Securities Limited,Primo Securities (PVT) Ltd.,50,411.2,20560.0,2025-07-17 11:22:25.049961
2025-07-17,127606,2025071703002671,MNBBL,K.B.L. Securities Limited ,Primo Securities (PVT) Ltd.,10,411.3,4113.0,2025-07-17 11:24:31.496623
2025-07-17,127304,2025071703002733,MNBBL,K.B.L. Securities Limited ,Primo Securities (PVT) Ltd.,10,411.3,4113.0,2025-07-17 11:25:07.680083
2025-07-17,127232,2025071703002750,MNBBL,K.B.L. Securities Limited ,Sani Securities Company Ltd.,50,411.3,20565.0,2025-07-17 11:25:14.571363
2025-07-17,126594,2025071703002859,MNBBL,Deevyaa Securities & Stock House Pvt. Ltd,Shree Krishna Securities Ltd.,50,412.0,20600.0,2025-07-17 11:26:17.350954
2025-07-17,126593,2025071703002860,MNBBL,Deevyaa Securities & Stock House Pvt. Ltd,Sani Securities Company Ltd.,27,412.0,11124.0,2025-07-17 11:26:17.351120
2025-07-17,126356,2025071703002922,MNBBL,Deevyaa Securities & Stock House Pvt. Ltd,Swarna Laxmi Securities Pvt. Ltd.,70,412.9,28903.0,2025-07-17 11:26:47.867992
2025-07-17,126180,2025071703002943,MNBBL,Sanima Securities Limited,Swarna Laxmi Securities Pvt. Ltd.,30,412.9,12387.0,2025-07-17 11:27:06.302863
2025-07-17,126179,2025071703002944,MNBBL,Sanima Securities Limited,Trisul Securities & Invt. Ltd.,50,412.9,20645.0,2025-07-17 11:27:06.303048
2025-07-17,126178,2025071703002945,MNBBL,Sanima Securities Limited,Dynamic Money Managers Securities Pvt. Ltd.,449,413.0,185437.0,2025-07-17 11:27:06.303153
2025-07-17,126177,2025071703002946,MNBBL,Sanima Securities Limited,SUN SECURITIES PVT LTD,471,413.0,194523.0,2025-07-17 11:27:06.303245
2025-07-17,126005,2025071703002989,MNBBL,Sanima Securities Limited,SUN SECURITIES PVT LTD,29,413.0,11977.0,2025-07-17 11:27:22.337670
2025-07-17,126004,2025071703002990,MNBBL,Sanima Securities Limited,Nabil Stock Dealer Ltd.,400,413.0,165200.0,2025-07-17 11:27:22.337820
2025-07-17,126003,2025071703002991,MNBBL,Sanima Securities Limited,Sewa Securities Pvt. Ltd.,10,413.0,4130.0,2025-07-17 11:27:22.337882
2025-07-17,126002,2025071703002992,MNBBL,Sanima Securities Limited,Naasa Securities Co. Ltd.,47,413.0,19411.0,2025-07-17 11:27:22.337946
2025-07-17,126001,2025071703002993,MNBBL,Sanima Securities Limited,South Asian Bulls Pvt. Ltd.,100,413.8,41380.0,2025-07-17 11:27:22.338009
2025-07-17,126000,2025071703002994,MNBBL,Sanima Securities Limited,Linch Stock Market Ltd.,60,413.8,24828.0,2025-07-17 11:27:22.338082
2025-07-17,125999,2025071703002995,MNBBL,Sanima Securities Limited,Deevyaa Securities & Stock House Pvt. Ltd,150,413.9,62085.0,2025-07-17 11:27:22.338145
2025-07-17,125998,2025071703002996,MNBBL,Sanima Securities Limited,Nepal Stock House (PVT) Ltd.,170,414.0,70380.0,2025-07-17 11:27:22.338201
2025-07-17,124885,2025071703003252,MNBBL,Deevyaa Securities & Stock House Pvt. Ltd,Trisul Securities & Invt. Ltd.,100,413.5,41350.0,2025-07-17 11:29:17.502078
2025-07-17,124864,2025071703003253,MNBBL,K.B.L. Securities Limited ,Thrive Brokerage House Pvt. Ltd,130,411.3,53469.0,2025-07-17 11:29:18.930130
2025-07-17,124863,2025071703003254,MNBBL,Dakshinkali Investment & Securities Pvt. Ltd.,Thrive Brokerage House Pvt. Ltd,10,411.3,4113.0,2025-07-17 11:29:18.930280
2025-07-17,124862,2025071703003255,MNBBL,Sumeru Securities Pvt. Ltd.,Thrive Brokerage House Pvt. Ltd,140,411.3,57582.0,2025-07-17 11:29:18.930349
2025-07-17,124861,2025071703003256,MNBBL,Nepal Stock House (PVT) Ltd.,Thrive Brokerage House Pvt. Ltd,200,411.3,82260.0,2025-07-17 11:29:18.930413
2025-07-17,124860,2025071703003257,MNBBL,Sumeru Securities Pvt. Ltd.,Thrive Brokerage House Pvt. Ltd,160,411.3,65808.0,2025-07-17 11:29:18.930475
2025-07-17,124859,2025071703003258,MNBBL,Sani Securities Company Ltd.,Thrive Brokerage House Pvt. Ltd,150,411.0,61650.0,2025-07-17 11:29:18.930540
2025-07-17,124858,2025071703003259,MNBBL,Imperial Securities Company Pvt. Ltd.,Thrive Brokerage House Pvt. Ltd,80,410.0,32800.0,2025-07-17 11:29:18.930606
2025-07-17,124857,2025071703003260,MNBBL,Siprabi Securities Pvt. Ltd.,Thrive Brokerage House Pvt. Ltd,90,410.0,36900.0,2025-07-17 11:29:18.930673
2025-07-17,124856,2025071703003261,MNBBL,Naasa Securities Co. Ltd.,Thrive Brokerage House Pvt. Ltd,10,410.0,4100.0,2025-07-17 11:29:18.930735
2025-07-17,124855,2025071703003262,MNBBL,Siprabi Securities Pvt. Ltd.,Thrive Brokerage House Pvt. Ltd,30,410.0,12300.0,2025-07-17 11:29:18.930794
2025-07-17,122093,2025071703003821,MNBBL,Sri Hari Securities Pvt. Ltd.,Online Securities Pvt. Ltd.,17,412.5,7012.5,2025-07-17 11:33:55.200125
2025-07-17,122092,2025071703003822,MNBBL,K.B.L. Securities Limited ,Online Securities Pvt. Ltd.,133,410.1,54543.3,2025-07-17 11:33:55.200447
2025-07-17,121174,2025071703003977,MNBBL,Online Securities Pvt. Ltd.,Sri Hari Securities Pvt. Ltd.,997,411.0,409767.0,2025-07-17 11:35:21.755173
2025-07-17,121033,2025071703004005,MNBBL,Online Securities Pvt. Ltd.,Sumeru Securities Pvt. Ltd.,42,411.0,17262.0,2025-07-17 11:35:32.814779
2025-07-17,119756,2025071703004211,MNBBL,Online Securities Pvt. Ltd.,Aryatara Investment & Securities,10,411.0,4110.0,2025-07-17 11:37:47.549275
2025-07-17,118956,2025071703004335,MNBBL,Kalika Securities Pvt. Ltd.,Creative Securities Pvt Ltd,10,412.9,4129.0,2025-07-17 11:39:10.000076
2025-07-17,118924,2025071703004345,MNBBL,Online Securities Pvt. Ltd.,Dynamic Money Managers Securities Pvt. Ltd.,1000,413.0,413000.0,2025-07-17 11:39:11.216952
2025-07-17,118464,2025071703004432,MNBBL,Miyo Securities Pvt Ltd,Trisul Securities & Invt. Ltd.,50,413.5,20675.0,2025-07-17 11:40:04.633654
2025-07-17,118463,2025071703004433,MNBBL,Miyo Securities Pvt Ltd,Malla & Malla Stock Broking Company Pvt. Limited,100,413.6,41360.0,2025-07-17 11:40:04.633832
2025-07-17,118462,2025071703004434,MNBBL,Miyo Securities Pvt Ltd,Naasa Securities Co. Ltd.,100,413.8,41380.0,2025-07-17 11:40:04.633914
2025-07-17,118461,2025071703004435,MNBBL,Miyo Securities Pvt Ltd,Sri Hari Securities Pvt. Ltd.,100,413.9,41390.0,2025-07-17 11:40:04.633983
2025-07-17,118460,2025071703004436,MNBBL,Miyo Securities Pvt Ltd,Vision Securities Pvt. Ltd,200,413.9,82780.0,2025-07-17 11:40:04.634062
2025-07-17,118459,2025071703004437,MNBBL,Miyo Securities Pvt Ltd,Kohinoor Investment & Securities Pvt. Ltd.,45,413.9,18625.5,2025-07-17 11:40:04.634134
2025-07-17,118458,2025071703004438,MNBBL,Miyo Securities Pvt Ltd,Nepal Stock House (PVT) Ltd.,1730,414.0,716220.0,2025-07-17 11:40:04.634202
2025-07-17,118457,2025071703004439,MNBBL,Miyo Securities Pvt Ltd,Naasa Securities Co. Ltd.,1000,414.0,414000.0,2025-07-17 11:40:04.634317
2025-07-17,118456,2025071703004440,MNBBL,Miyo Securities Pvt Ltd,Kohinoor Investment & Securities Pvt. Ltd.,25,414.0,10350.0,2025-07-17 11:40:04.634399
2025-07-17,118455,2025071703004441,MNBBL,Miyo Securities Pvt Ltd,Market Securities & Exchange (PVT) Ltd.,500,414.0,207000.0,2025-07-17 11:40:04.634474
2025-07-17,118454,2025071703004442,MNBBL,Miyo Securities Pvt Ltd,Online Securities Pvt. Ltd.,108,414.0,44712.0,2025-07-17 11:40:04.634542
2025-07-17,118453,2025071703004443,MNBBL,Miyo Securities Pvt Ltd,Cristal Kanchanjanga Securites Pvt. Ltd.,50,414.9,20745.0,2025-07-17 11:40:04.634609
2025-07-17,118452,2025071703004444,MNBBL,Miyo Securities Pvt Ltd,Sipla Securities Private Limited,760,415.0,315400.0,2025-07-17 11:40:04.634706
2025-07-17,118451,2025071703004445,MNBBL,Miyo Securities Pvt Ltd,Bhrikuti Stock Broking Co. Pvt. Ltd.,232,415.0,96280.0,2025-07-17 11:40:04.634779
2025-07-17,117302,2025071703004687,MNBBL,Deevyaa Securities & Stock House Pvt. Ltd,Sewa Securities Pvt. Ltd.,471,414.0,194994.0,2025-07-17 11:41:59.380175
2025-07-17,117060,2025071703004737,MNBBL,Oxford Securities Pvt. Ltd.,Premier Securities Company Ltd.,10,413.0,4130.0,2025-07-17 11:42:23.007325
2025-07-17,117059,2025071703004738,MNBBL,K.B.L. Securities Limited ,Premier Securities Company Ltd.,15,411.1,6166.5,2025-07-17 11:42:23.007659
2025-07-17,114221,2025071703005202,MNBBL,Kohinoor Investment & Securities Pvt. Ltd.,Aryatara Investment & Securities,50,413.4,20670.0,2025-07-17 11:47:36.733203
2025-07-17,113896,2025071703005273,MNBBL,S.P.S.A. Securities Limited,Deevyaa Securities & Stock House Pvt. Ltd,68,413.5,28118.0,2025-07-17 11:48:08.618831
2025-07-17,113895,2025071703005274,MNBBL,S.P.S.A. Securities Limited,Sweta Securities Private Limited,242,413.5,100067.0,2025-07-17 11:48:08.618907
2025-07-17,113665,2025071703005307,MNBBL,Nepal Investment And Securities Trading Private Limited,Imperial Securities Company Pvt. Ltd.,70,414.0,28980.0,2025-07-17 11:48:31.085532
2025-07-17,113279,2025071703005390,MNBBL,K.B.L. Securities Limited ,Imperial Securities Company Pvt. Ltd.,100,414.0,41400.0,2025-07-17 11:49:08.885452
2025-07-17,113263,2025071703005393,MNBBL,Dakshinkali Investment & Securities Pvt. Ltd.,ABC Securities Private Limited,50,413.1,20655.0,2025-07-17 11:49:12.522458
2025-07-17,112683,2025071703005506,MNBBL,S.P.S.A. Securities Limited,Aryatara Investment & Securities,36,413.2,14875.2,2025-07-17 11:50:19.247434
2025-07-17,112228,2025071703005585,MNBBL,Oxford Securities Pvt. Ltd.,Imperial Securities Company Pvt. Ltd.,13,414.0,5382.0,2025-07-17 11:51:04.927463
2025-07-17,112227,2025071703005586,MNBBL,Oxford Securities Pvt. Ltd.,Kalika Securities Pvt. Ltd.,87,414.0,36018.0,2025-07-17 11:51:04.927823
2025-07-17,112164,2025071703005596,MNBBL,Naasa Securities Co. Ltd.,Kalika Securities Pvt. Ltd.,103,414.0,42642.0,2025-07-17 11:51:10.657468
2025-07-17,111726,2025071703005695,MNBBL,S.P.S.A. Securities Limited,Dynamic Money Managers Securities Pvt. Ltd.,463,413.2,191311.6,2025-07-17 11:51:55.827184
2025-07-17,111307,2025071703005790,MNBBL,Imperial Securities Company Pvt. Ltd.,Kalika Securities Pvt. Ltd.,810,414.0,335340.0,2025-07-17 11:52:45.604154
2025-07-17,111306,2025071703005791,MNBBL,Imperial Securities Company Pvt. Ltd.,Investment Management Nepal Pvt. Ltd.,190,414.0,78660.0,2025-07-17 11:52:45.604351
2025-07-17,110810,2025071703005864,MNBBL,K.B.L. Securities Limited ,Deevyaa Securities & Stock House Pvt. Ltd,400,413.2,165280.0,2025-07-17 11:53:44.364047
2025-07-17,110809,2025071703005865,MNBBL,Dakshinkali Investment & Securities Pvt. Ltd.,Deevyaa Securities & Stock House Pvt. Ltd,50,413.1,20655.0,2025-07-17 11:53:44.364256
2025-07-17,110808,2025071703005866,MNBBL,Kohinoor Investment & Securities Pvt. Ltd.,Deevyaa Securities & Stock House Pvt. Ltd,100,413.1,41310.0,2025-07-17 11:53:44.364338
2025-07-17,110807,2025071703005867,MNBBL,Kohinoor Investment & Securities Pvt. Ltd.,Deevyaa Securities & Stock House Pvt. Ltd,50,413.0,20650.0,2025-07-17 11:53:44.364418
2025-07-17,110800,2025071703005869,MNBBL,Imperial Securities Company Pvt. Ltd.,Deevyaa Securities & Stock House Pvt. Ltd,200,413.0,82600.0,2025-07-17 11:53:45.497127
2025-07-17,110461,2025071703005919,MNBBL,Kumari Securities Private Limited,Deevyaa Securities & Stock House Pvt. Ltd,40,413.0,16520.0,2025-07-17 11:54:30.303792
2025-07-17,110176,2025071703005961,MNBBL,S.P.S.A. Securities Limited,Deevyaa Securities & Stock House Pvt. Ltd,160,413.0,66080.0,2025-07-17 11:54:58.757617
2025-07-17,110175,2025071703005962,MNBBL,S.P.S.A. Securities Limited,Imperial Securities Company Pvt. Ltd.,50,413.0,20650.0,2025-07-17 11:54:58.757837
2025-07-17,110062,2025071703005972,MNBBL,Sundhara Securities Limited,Cristal Kanchanjanga Securites Pvt. Ltd.,50,413.9,20695.0,2025-07-17 11:55:08.723509
2025-07-17,110061,2025071703005973,MNBBL,Sundhara Securities Limited,Investment Management Nepal Pvt. Ltd.,160,414.0,66240.0,2025-07-17 11:55:08.723635
2025-07-17,109933,2025071703005993,MNBBL,Deevyaa Securities & Stock House Pvt. Ltd,Imperial Securities Company Pvt. Ltd.,20,413.0,8260.0,2025-07-17 11:55:19.294183
2025-07-17,109206,2025071703006096,MNBBL,Sundhara Securities Limited,Trishakti Securities Public Limited,20,413.1,8262.0,2025-07-17 11:56:37.913411
2025-07-17,108004,2025071703006352,MNBBL,Sundhara Securities Limited,Dipshikha Dhitopatra Karobar Co. Pvt Ltd.,270,413.1,111537.0,2025-07-17 11:58:26.839666
2025-07-17,108003,2025071703006353,MNBBL,Deevyaa Securities & Stock House Pvt. Ltd,Dipshikha Dhitopatra Karobar Co. Pvt Ltd.,80,413.0,33040.0,2025-07-17 11:58:26.839702
2025-07-17,108002,2025071703006354,MNBBL,Nepal Investment And Securities Trading Private Limited,Dipshikha Dhitopatra Karobar Co. Pvt Ltd.,50,413.0,20650.0,2025-07-17 11:58:26.839727
2025-07-17,107766,2025071703006406,MNBBL,Nepal Investment And Securities Trading Private Limited,Sundhara Securities Limited,10,413.0,4130.0,2025-07-17 11:58:46.227697
2025-07-17,107406,2025071703006480,MNBBL,Nepal Investment And Securities Trading Private Limited,Primo Securities (PVT) Ltd.,10,413.0,4130.0,2025-07-17 11:59:18.828892
2025-07-17,107405,2025071703006481,MNBBL,Aryatara Investment & Securities,Primo Securities (PVT) Ltd.,160,413.0,66080.0,2025-07-17 11:59:18.829126
2025-07-17,107404,2025071703006482,MNBBL,Kohinoor Investment & Securities Pvt. Ltd.,Primo Securities (PVT) Ltd.,30,413.0,12390.0,2025-07-17 11:59:18.829210
2025-07-17,107209,2025071703006508,MNBBL,Kohinoor Investment & Securities Pvt. Ltd.,Linch Stock Market Ltd.,20,413.0,8260.0,2025-07-17 11:59:34.380913
2025-07-17,106947,2025071703006573,MNBBL,Kohinoor Investment & Securities Pvt. Ltd.,Linch Stock Market Ltd.,80,412.9,33032.0,2025-07-17 11:59:58.629657
2025-07-17,106212,2025071703006735,MNBBL,Kohinoor Investment & Securities Pvt. Ltd.,Linch Stock Market Ltd.,20,412.9,8258.0,2025-07-17 12:00:55.190248
2025-07-17,106211,2025071703006736,MNBBL,S.P.S.A. Securities Limited,Linch Stock Market Ltd.,100,412.8,41280.0,2025-07-17 12:00:55.190644
2025-07-17,105353,2025071703006907,MNBBL,K.B.L. Securities Limited ,Market Securities & Exchange (PVT) Ltd.,152,412.3,62669.6,2025-07-17 12:02:02.860407
2025-07-17,105352,2025071703006908,MNBBL,Deevyaa Securities & Stock House Pvt. Ltd,Market Securities & Exchange (PVT) Ltd.,100,412.0,41200.0,2025-07-17 12:02:02.860618
2025-07-17,105351,2025071703006909,MNBBL,Kohinoor Investment & Securities Pvt. Ltd.,Market Securities & Exchange (PVT) Ltd.,100,412.0,41200.0,2025-07-17 12:02:02.860707
2025-07-17,105350,2025071703006910,MNBBL,Trishakti Securities Public Limited,Market Securities & Exchange (PVT) Ltd.,100,412.0,41200.0,2025-07-17 12:02:02.860803
2025-07-17,104716,2025071703007029,MNBBL,Sundhara Securities Limited,Market Securities & Exchange (PVT) Ltd.,400,412.0,164800.0,2025-07-17 12:02:51.734909
2025-07-17,104390,2025071703007097,MNBBL,Naasa Securities Co. Ltd.,South Asian Bulls Pvt. Ltd.,50,411.5,20575.0,2025-07-17 12:03:11.712994
2025-07-17,104135,2025071703007133,MNBBL,Naasa Securities Co. Ltd.,Asian Securities Private Ltd.,40,411.5,16460.0,2025-07-17 12:03:34.191204
2025-07-17,103975,2025071703007162,MNBBL,Kumari Securities Private Limited,Imperial Securities Company Pvt. Ltd.,350,411.1,143885.0,2025-07-17 12:03:50.320999
2025-07-17,103108,2025071703007350,MNBBL,Kumari Securities Private Limited,Dynamic Money Managers Securities Pvt. Ltd.,150,411.1,61665.0,2025-07-17 12:05:12.024660
2025-07-17,102827,2025071703007386,MNBBL,Kumari Securities Private Limited,Kohinoor Investment & Securities Pvt. Ltd.,42,411.1,17266.2,2025-07-17 12:05:39.479163
2025-07-17,102796,2025071703007389,MNBBL,Kumari Securities Private Limited,Asian Securities Private Ltd.,10,411.1,4111.0,2025-07-17 12:05:45.804588
2025-07-17,101158,2025071703007674,MNBBL,Kumari Securities Private Limited,Thrive Brokerage House Pvt. Ltd,100,411.1,41110.0,2025-07-17 12:08:39.537623
2025-07-17,101095,2025071703007685,MNBBL,Kumari Securities Private Limited,Dipshikha Dhitopatra Karobar Co. Pvt Ltd.,60,411.1,24666.0,2025-07-17 12:08:45.631559
2025-07-17,100544,2025071703007765,MNBBL,Kumari Securities Private Limited,Sewa Securities Pvt. Ltd.,13,411.1,5344.3,2025-07-17 12:09:57.838646
2025-07-17,100543,2025071703007766,MNBBL,Trishakti Securities Public Limited,Sewa Securities Pvt. Ltd.,133,411.1,54676.3,2025-07-17 12:09:57.838899
2025-07-17,100458,2025071703007780,MNBBL,S.P.S.A. Securities Limited,Naasa Securities Co. Ltd.,10,411.9,4119.0,2025-07-17 12:10:08.364411
2025-07-17,100205,2025071703007820,MNBBL,Naasa Securities Co. Ltd.,Market Securities & Exchange (PVT) Ltd.,27,412.0,11124.0,2025-07-17 12:10:47.467463
2025-07-17,100204,2025071703007821,MNBBL,Naasa Securities Co. Ltd.,Dakshinkali Investment & Securities Pvt. Ltd.,500,412.0,206000.0,2025-07-17 12:10:47.467665
2025-07-17,100203,2025071703007822,MNBBL,Naasa Securities Co. Ltd.,Primo Securities (PVT) Ltd.,100,412.0,41200.0,2025-07-17 12:10:47.467759
2025-07-17,99968,2025071703007887,MNBBL,Naasa Securities Co. Ltd.,Aryatara Investment & Securities,10,412.0,4120.0,2025-07-17 12:11:17.046693
2025-07-17,99934,2025071703007896,MNBBL,Nepal Stock House (PVT) Ltd.,Sumeru Securities Pvt. Ltd.,500,412.1,206050.0,2025-07-17 12:11:22.333800
2025-07-17,99423,2025071703007984,MNBBL,Nepal Stock House (PVT) Ltd.,Sani Securities Company Ltd.,500,412.1,206050.0,2025-07-17 12:12:13.987787
2025-07-17,99315,2025071703008006,MNBBL,Naasa Securities Co. Ltd.,Linch Stock Market Ltd.,80,412.8,33024.0,2025-07-17 12:12:29.015287
2025-07-17,99314,2025071703008007,MNBBL,Naasa Securities Co. Ltd.,Nepal Investment And Securities Trading Private Limited,229,412.9,94554.1,2025-07-17 12:12:29.015515
2025-07-17,99313,2025071703008008,MNBBL,Naasa Securities Co. Ltd.,Malla & Malla Stock Broking Company Pvt. Limited,50,413.0,20650.0,2025-07-17 12:12:29.015609
2025-07-17,99312,2025071703008009,MNBBL,Naasa Securities Co. Ltd.,Malla & Malla Stock Broking Company Pvt. Limited,1235,413.0,510055.0,2025-07-17 12:12:29.015699
2025-07-17,99311,2025071703008010,MNBBL,Naasa Securities Co. Ltd.,Neev Securities Pvt. Ltd.,30,413.0,12390.0,2025-07-17 12:12:29.015788
2025-07-17,99310,2025071703008011,MNBBL,Naasa Securities Co. Ltd.,Investment Management Nepal Pvt. Ltd.,150,414.0,62100.0,2025-07-17 12:12:29.015882
2025-07-17,99309,2025071703008012,MNBBL,Naasa Securities Co. Ltd.,Dynamic Money Managers Securities Pvt. Ltd.,1500,414.0,621000.0,2025-07-17 12:12:29.015971
2025-07-17,99308,2025071703008013,MNBBL,Naasa Securities Co. Ltd.,Secured Securities Ltd.,500,414.0,207000.0,2025-07-17 12:12:29.016064
2025-07-17,99307,2025071703008014,MNBBL,Naasa Securities Co. Ltd.,Malla & Malla Stock Broking Company Pvt. Limited,1000,414.5,414500.0,2025-07-17 12:12:29.016158
2025-07-17,99306,2025071703008015,MNBBL,Naasa Securities Co. Ltd.,Nepal Investment And Securities Trading Private Limited,30,414.5,12435.0,2025-07-17 12:12:29.016240
2025-07-17,99305,2025071703008016,MNBBL,Naasa Securities Co. Ltd.,ABC Securities Private Limited,50,415.0,20750.0,2025-07-17 12:12:29.016332
2025-07-17,99304,2025071703008017,MNBBL,Naasa Securities Co. Ltd.,Vision Securities Pvt. Ltd,124,415.0,51460.0,2025-07-17 12:12:29.016426
2025-07-17,99303,2025071703008018,MNBBL,Naasa Securities Co. Ltd.,Malla & Malla Stock Broking Company Pvt. Limited,80,415.0,33200.0,2025-07-17 12:12:29.016517
2025-07-17,99302,2025071703008019,MNBBL,Naasa Securities Co. Ltd.,Swarna Laxmi Securities Pvt. Ltd.,100,415.0,41500.0,2025-07-17 12:12:29.016622
2025-07-17,99301,2025071703008020,MNBBL,Naasa Securities Co. Ltd.,Sani Securities Company Ltd.,50,415.0,20750.0,2025-07-17 12:12:29.016707
2025-07-17,99300,2025071703008021,MNBBL,Naasa Securities Co. Ltd.,Online Securities Pvt. Ltd.,100,415.0,41500.0,2025-07-17 12:12:29.016802
2025-07-17,99299,2025071703008022,MNBBL,Naasa Securities Co. Ltd.,Sewa Securities Pvt. Ltd.,703,415.0,291745.0,2025-07-17 12:12:29.016920
2025-07-17,99298,2025071703008023,MNBBL,Naasa Securities Co. Ltd.,Oxford Securities Pvt. Ltd.,500,415.0,207500.0,2025-07-17 12:12:29.017046
2025-07-17,99297,2025071703008024,MNBBL,Naasa Securities Co. Ltd.,Kumari Securities Private Limited,200,415.0,83000.0,2025-07-17 12:12:29.017164
2025-07-17,99296,2025071703008025,MNBBL,Naasa Securities Co. Ltd.,Investment Management Nepal Pvt. Ltd.,1000,415.0,415000.0,2025-07-17 12:12:29.017278
2025-07-17,99295,2025071703008026,MNBBL,Naasa Securities Co. Ltd.,SHUBHAKAMANA SECURITIES PVT. LTD,189,415.0,78435.0,2025-07-17 12:12:29.017364
2025-07-17,99294,2025071703008027,MNBBL,Naasa Securities Co. Ltd.,Cristal Kanchanjanga Securites Pvt. Ltd.,50,415.0,20750.0,2025-07-17 12:12:29.017455
2025-07-17,99293,2025071703008028,MNBBL,Naasa Securities Co. Ltd.,Imperial Securities Company Pvt. Ltd.,100,415.0,41500.0,2025-07-17 12:12:29.017536
2025-07-17,99292,2025071703008029,MNBBL,Naasa Securities Co. Ltd.,Dipshikha Dhitopatra Karobar Co. Pvt Ltd.,20,415.0,8300.0,2025-07-17 12:12:29.017614
2025-07-17,99291,2025071703008030,MNBBL,Naasa Securities Co. Ltd.,Linch Stock Market Ltd.,150,415.0,62250.0,2025-07-17 12:12:29.017698
2025-07-17,99290,2025071703008031,MNBBL,Naasa Securities Co. Ltd.,Aryatara Investment & Securities,146,415.0,60590.0,2025-07-17 12:12:29.017779
2025-07-17,99289,2025071703008032,MNBBL,Naasa Securities Co. Ltd.,Premier Securities Company Ltd.,224,415.0,92960.0,2025-07-17 12:12:29.017885
2025-07-17,99288,2025071703008033,MNBBL,Naasa Securities Co. Ltd.,Imperial Securities Company Pvt. Ltd.,50,415.0,20750.0,2025-07-17 12:12:29.017991
2025-07-17,99136,2025071703008061,MNBBL,Naasa Securities Co. Ltd.,Primo Securities (PVT) Ltd.,50,415.0,20750.0,2025-07-17 12:12:53.354959
2025-07-17,99135,2025071703008062,MNBBL,Naasa Securities Co. Ltd.,Sumeru Securities Pvt. Ltd.,1000,415.0,415000.0,2025-07-17 12:12:53.845561
2025-07-17,98842,2025071703008119,MNBBL,Nepal Stock House (PVT) Ltd.,Dipshikha Dhitopatra Karobar Co. Pvt Ltd.,50,412.1,20605.0,2025-07-17 12:13:26.332363
2025-07-17,97285,2025071703008386,MNBBL,Elite Stock House Limited,Kohinoor Investment & Securities Pvt. Ltd.,15,414.8,6222.0,2025-07-17 12:16:04.549932
2025-07-17,97284,2025071703008387,MNBBL,Elite Stock House Limited,Midas Stock Broking Company Private Limited,86,415.0,35690.0,2025-07-17 12:16:04.550144
2025-07-17,97283,2025071703008388,MNBBL,Elite Stock House Limited,Investment Management Nepal Pvt. Ltd.,299,415.0,124085.0,2025-07-17 12:16:04.550240
2025-07-17,96026,2025071703008555,MNBBL,Naasa Securities Co. Ltd.,Primo Securities (PVT) Ltd.,100,415.0,41500.0,2025-07-17 12:18:29.458919
2025-07-17,93879,2025071703008870,MNBBL,Naasa Securities Co. Ltd.,Primo Securities (PVT) Ltd.,10,415.0,4150.0,2025-07-17 12:22:34.671279
2025-07-17,93878,2025071703008871,MNBBL,Naasa Securities Co. Ltd.,Malla & Malla Stock Broking Company Pvt. Limited,150,415.6,62340.0,2025-07-17 12:22:34.671487
2025-07-17,93877,2025071703008872,MNBBL,Naasa Securities Co. Ltd.,J.F. Securites (PVT) Ltd.,500,415.7,207850.0,2025-07-17 12:22:34.671582
2025-07-17,93876,2025071703008873,MNBBL,Naasa Securities Co. Ltd.,ABC Securities Private Limited,20,415.7,8314.0,2025-07-17 12:22:34.671677
2025-07-17,93875,2025071703008874,MNBBL,Naasa Securities Co. Ltd.,Midas Stock Broking Company Private Limited,485,415.9,201711.5,2025-07-17 12:22:34.671767
2025-07-17,93874,2025071703008875,MNBBL,Naasa Securities Co. Ltd.,Sweta Securities Private Limited,50,415.9,20795.0,2025-07-17 12:22:34.671851
2025-07-17,93873,2025071703008876,MNBBL,Naasa Securities Co. Ltd.,Opal Securities Investment (PVT) Ltd.,109,416.0,45344.0,2025-07-17 12:22:34.671938
2025-07-17,93872,2025071703008877,MNBBL,Naasa Securities Co. Ltd.,ABC Securities Private Limited,50,416.0,20800.0,2025-07-17 12:22:34.672022
2025-07-17,93871,2025071703008878,MNBBL,Naasa Securities Co. Ltd.,Online Securities Pvt. Ltd.,270,416.0,112320.0,2025-07-17 12:22:34.672120
2025-07-17,93870,2025071703008879,MNBBL,Naasa Securities Co. Ltd.,Market Securities & Exchange (PVT) Ltd.,50,416.0,20800.0,2025-07-17 12:22:34.672205
2025-07-17,93869,2025071703008880,MNBBL,Naasa Securities Co. Ltd.,Opal Securities Investment (PVT) Ltd.,1000,416.0,416000.0,2025-07-17 12:22:34.672285
2025-07-17,93868,2025071703008881,MNBBL,Naasa Securities Co. Ltd.,Aryatara Investment & Securities,100,416.0,41600.0,2025-07-17 12:22:34.672367
2025-07-17,93867,2025071703008882,MNBBL,Naasa Securities Co. Ltd.,Asian Securities Private Ltd.,50,416.0,20800.0,2025-07-17 12:22:34.672455
2025-07-17,93866,2025071703008883,MNBBL,Naasa Securities Co. Ltd.,Neev Securities Pvt. Ltd.,100,416.0,41600.0,2025-07-17 12:22:34.672538
2025-07-17,93865,2025071703008884,MNBBL,Naasa Securities Co. Ltd.,Malla & Malla Stock Broking Company Pvt. Limited,50,416.0,20800.0,2025-07-17 12:22:34.672628
2025-07-17,93864,2025071703008885,MNBBL,Naasa Securities Co. Ltd.,Vision Securities Pvt. Ltd,25,416.0,10400.0,2025-07-17 12:22:34.672715
2025-07-17,93863,2025071703008886,MNBBL,Naasa Securities Co. Ltd.,Kalika Securities Pvt. Ltd.,43,416.0,17888.0,2025-07-17 12:22:34.672799
2025-07-17,93862,2025071703008887,MNBBL,Naasa Securities Co. Ltd.,Primo Securities (PVT) Ltd.,100,416.0,41600.0,2025-07-17 12:22:34.672880
2025-07-17,93861,2025071703008888,MNBBL,Naasa Securities Co. Ltd.,Imperial Securities Company Pvt. Ltd.,140,416.0,58240.0,2025-07-17 12:22:34.672962
2025-07-17,93582,2025071703008941,MNBBL,Naasa Securities Co. Ltd.,Himalayan Securities Limited,25,416.0,10400.0,2025-07-17 12:23:11.308044
2025-07-17,92915,2025071703009041,MNBBL,Naasa Securities Co. Ltd.,Bhrikuti Stock Broking Co. Pvt. Ltd.,1600,416.0,665600.0,2025-07-17 12:24:37.832148
2025-07-17,91552,2025071703009209,MNBBL,Naasa Securities Co. Ltd.,KALASH STOCK MARKET PVT. LTD.,73,416.0,30368.0,2025-07-17 12:27:16.651457
2025-07-17,91551,2025071703009210,MNBBL,Siprabi Securities Pvt. Ltd.,KALASH STOCK MARKET PVT. LTD.,24,416.0,9984.0,2025-07-17 12:27:16.651896
2025-07-17,91550,2025071703009211,MNBBL,ABC Securities Private Limited,KALASH STOCK MARKET PVT. LTD.,50,415.0,20750.0,2025-07-17 12:27:16.652343
2025-07-17,91549,2025071703009212,MNBBL,Naasa Securities Co. Ltd.,KALASH STOCK MARKET PVT. LTD.,153,415.0,63495.0,2025-07-17 12:27:16.652726
2025-07-17,90656,2025071703009373,MNBBL,Naasa Securities Co. Ltd.,Vision Securities Pvt. Ltd,47,415.0,19505.0,2025-07-17 12:29:16.398269
2025-07-17,90655,2025071703009374,MNBBL,Naasa Securities Co. Ltd.,Vision Securities Pvt. Ltd,953,415.0,395495.0,2025-07-17 12:29:16.398482
2025-07-17,90632,2025071703009386,MNBBL,Naasa Securities Co. Ltd.,Bhrikuti Stock Broking Co. Pvt. Ltd.,2047,415.0,849505.0,2025-07-17 12:29:21.832726
2025-07-17,90477,2025071703009407,MNBBL,Naasa Securities Co. Ltd.,Bhrikuti Stock Broking Co. Pvt. Ltd.,953,415.0,395495.0,2025-07-17 12:29:39.053877
2025-07-17,90070,2025071703009463,MNBBL,Naasa Securities Co. Ltd.,Deevyaa Securities & Stock House Pvt. Ltd,500,415.0,207500.0,2025-07-17 12:30:22.864905
2025-07-17,90011,2025071703009480,MNBBL,Hatemalo Financial Services Private Limited,Shree Krishna Securities Ltd.,200,415.9,83180.0,2025-07-17 12:30:30.982352
2025-07-17,90010,2025071703009481,MNBBL,Hatemalo Financial Services Private Limited,Sundhara Securities Limited,1000,415.9,415900.0,2025-07-17 12:30:30.982558
2025-07-17,89064,2025071703009596,MNBBL,Hatemalo Financial Services Private Limited,Secured Securities Ltd.,900,415.9,374310.0,2025-07-17 12:32:21.111560
2025-07-17,89005,2025071703009609,MNBBL,Miyo Securities Pvt Ltd,Primo Securities (PVT) Ltd.,10,416.4,4164.0,2025-07-17 12:32:32.127762
2025-07-17,89004,2025071703009610,MNBBL,Miyo Securities Pvt Ltd,Shree Krishna Securities Ltd.,300,416.4,124920.0,2025-07-17 12:32:32.128204
2025-07-17,89003,2025071703009611,MNBBL,Miyo Securities Pvt Ltd,Imperial Securities Company Pvt. Ltd.,300,416.5,124950.0,2025-07-17 12:32:32.128507
2025-07-17,89002,2025071703009612,MNBBL,Miyo Securities Pvt Ltd,Trisul Securities & Invt. Ltd.,75,416.5,31237.5,2025-07-17 12:32:32.128801
2025-07-17,89001,2025071703009613,MNBBL,Miyo Securities Pvt Ltd,Sumeru Securities Pvt. Ltd.,200,416.7,83340.0,2025-07-17 12:32:32.129088
2025-07-17,89000,2025071703009614,MNBBL,Miyo Securities Pvt Ltd,Himalayan Securities Limited,25,416.8,10420.0,2025-07-17 12:32:32.129357
2025-07-17,88999,2025071703009615,MNBBL,Miyo Securities Pvt Ltd,Premier Securities Company Ltd.,30,416.9,12507.0,2025-07-17 12:32:32.129627
2025-07-17,88998,2025071703009616,MNBBL,Miyo Securities Pvt Ltd,Deevyaa Securities & Stock House Pvt. Ltd,60,416.9,25014.0,2025-07-17 12:32:32.129889
2025-07-17,88931,2025071703009634,MNBBL,Kalika Securities Pvt. Ltd.,Linch Stock Market Ltd.,5,412.9,2064.5,2025-07-17 12:32:38.785886
2025-07-17,88912,2025071703009638,MNBBL,Miyo Securities Pvt Ltd,Deevyaa Securities & Stock House Pvt. Ltd,492,416.9,205114.8,2025-07-17 12:32:42.181178
2025-07-17,88911,2025071703009639,MNBBL,Miyo Securities Pvt Ltd,Imperial Securities Company Pvt. Ltd.,125,417.0,52125.0,2025-07-17 12:32:42.181423
2025-07-17,88910,2025071703009640,MNBBL,Miyo Securities Pvt Ltd,Secured Securities Ltd.,883,417.0,368211.0,2025-07-17 12:32:42.181521
2025-07-17,88628,2025071703009693,MNBBL,Hatemalo Financial Services Private Limited,Vision Securities Pvt. Ltd,100,415.9,41590.0,2025-07-17 12:33:13.780471
2025-07-17,88346,2025071703009744,MNBBL,Naasa Securities Co. Ltd.,Nepal Investment And Securities Trading Private Limited,418,415.0,173470.0,2025-07-17 12:33:49.225532
2025-07-17,88026,2025071703009815,MNBBL,Naasa Securities Co. Ltd.,Vision Securities Pvt. Ltd,400,415.0,166000.0,2025-07-17 12:34:26.832273
2025-07-17,87839,2025071703009828,MNBBL,Market Securities & Exchange (PVT) Ltd.,ABC Securities Private Limited,300,415.9,124770.0,2025-07-17 12:34:45.668082
2025-07-17,87681,2025071703009847,MNBBL,Naasa Securities Co. Ltd.,Bhrikuti Stock Broking Co. Pvt. Ltd.,199,415.0,82585.0,2025-07-17 12:35:02.899656
2025-07-17,87524,2025071703009866,MNBBL,Naasa Securities Co. Ltd.,Kumari Securities Private Limited,530,415.0,219950.0,2025-07-17 12:35:20.456968
2025-07-17,87523,2025071703009867,MNBBL,Imperial Securities Company Pvt. Ltd.,Kumari Securities Private Limited,150,415.0,62250.0,2025-07-17 12:35:20.457425
2025-07-17,87522,2025071703009868,MNBBL,Dipshikha Dhitopatra Karobar Co. Pvt Ltd.,Kumari Securities Private Limited,120,415.0,49800.0,2025-07-17 12:35:20.457735
2025-07-17,87264,2025071703009897,MNBBL,Oxford Securities Pvt. Ltd.,Bhrikuti Stock Broking Co. Pvt. Ltd.,10,414.0,4140.0,2025-07-17 12:35:55.215936
2025-07-17,87221,2025071703009901,MNBBL,Naasa Securities Co. Ltd.,Sri Hari Securities Pvt. Ltd.,100,414.9,41490.0,2025-07-17 12:35:59.848897
2025-07-17,87220,2025071703009902,MNBBL,Naasa Securities Co. Ltd.,Kumari Securities Private Limited,1308,415.0,542820.0,2025-07-17 12:35:59.849121
2025-07-17,86834,2025071703009940,MNBBL,Naasa Securities Co. Ltd.,Sumeru Securities Pvt. Ltd.,1000,415.0,415000.0,2025-07-17 12:36:45.688569
2025-07-17,86055,2025071703010063,MNBBL,KALASH STOCK MARKET PVT. LTD.,Market Securities & Exchange (PVT) Ltd.,20,415.5,8310.0,2025-07-17 12:38:20.569972
2025-07-17,85952,2025071703010087,MNBBL,KALASH STOCK MARKET PVT. LTD.,Sri Hari Securities Pvt. Ltd.,80,415.5,33240.0,2025-07-17 12:38:27.380573
2025-07-17,84943,2025071703010278,MNBBL,Naasa Securities Co. Ltd.,Sumeru Securities Pvt. Ltd.,500,415.0,207500.0,2025-07-17 12:40:36.040385
2025-07-17,84920,2025071703010286,MNBBL,S.P.S.A. Securities Limited,Asian Securities Private Ltd.,75,415.4,31155.0,2025-07-17 12:40:37.636532
2025-07-17,84720,2025071703010337,MNBBL,Naasa Securities Co. Ltd.,Opal Securities Investment (PVT) Ltd.,50,415.0,20750.0,2025-07-17 12:40:53.874162
2025-07-17,84348,2025071703010444,MNBBL,Naasa Securities Co. Ltd.,Capital Hub P. Ltd,42,415.0,17430.0,2025-07-17 12:41:23.404351
2025-07-17,84347,2025071703010445,MNBBL,Trishakti Securities Public Limited,Capital Hub P. Ltd,65,415.0,26975.0,2025-07-17 12:41:23.404591
2025-07-17,84274,2025071703010453,MNBBL,Shree Krishna Securities Ltd.,Trishakti Securities Public Limited,152,415.5,63156.0,2025-07-17 12:41:30.846783
2025-07-17,83300,2025071703010609,MNBBL,Naasa Securities Co. Ltd.,Trishakti Securities Public Limited,48,415.5,19944.0,2025-07-17 12:43:17.398270
2025-07-17,83299,2025071703010610,MNBBL,Naasa Securities Co. Ltd.,Trishakti Securities Public Limited,67,415.5,27838.5,2025-07-17 12:43:17.398511
2025-07-17,83091,2025071703010644,MNBBL,Trishakti Securities Public Limited,ABC Securities Private Limited,10,415.0,4150.0,2025-07-17 12:43:46.178599
2025-07-17,83026,2025071703010654,MNBBL,Trishakti Securities Public Limited,ABC Securities Private Limited,10,415.0,4150.0,2025-07-17 12:43:56.277883
2025-07-17,82344,2025071703010775,MNBBL,Trishakti Securities Public Limited,Siprabi Securities Pvt. Ltd.,100,415.0,41500.0,2025-07-17 12:45:15.653533
2025-07-17,82026,2025071703010817,MNBBL,Trishakti Securities Public Limited,Linch Stock Market Ltd.,100,415.0,41500.0,2025-07-17 12:45:51.592953
2025-07-17,81558,2025071703010898,MNBBL,Aryatara Investment & Securities,Aryatara Investment & Securities,500,415.1,207550.0,2025-07-17 12:46:56.946300
2025-07-17,81200,2025071703010944,MNBBL,S.P.S.A. Securities Limited,Vision Securities Pvt. Ltd,40,415.1,16604.0,2025-07-17 12:47:34.838665
2025-07-17,81043,2025071703010959,MNBBL,Trishakti Securities Public Limited,Opal Securities Investment (PVT) Ltd.,30,415.0,12450.0,2025-07-17 12:47:57.929769
2025-07-17,80864,2025071703011004,MNBBL,Trishakti Securities Public Limited,Kohinoor Investment & Securities Pvt. Ltd.,85,415.0,35275.0,2025-07-17 12:48:14.415214
2025-07-17,80863,2025071703011005,MNBBL,Naasa Securities Co. Ltd.,Kohinoor Investment & Securities Pvt. Ltd.,15,415.0,6225.0,2025-07-17 12:48:14.415473
2025-07-17,80442,2025071703011071,MNBBL,Naasa Securities Co. Ltd.,Sani Securities Company Ltd.,200,415.0,83000.0,2025-07-17 12:49:00.764580
2025-07-17,80082,2025071703011120,MNBBL,Naasa Securities Co. Ltd.,Aryatara Investment & Securities,20,415.0,8300.0,2025-07-17 12:49:41.061941
2025-07-17,79830,2025071703011160,MNBBL,S.P.S.A. Securities Limited,Oxford Securities Pvt. Ltd.,30,415.3,12459.0,2025-07-17 12:50:10.294825
2025-07-17,79747,2025071703011168,MNBBL,S.P.S.A. Securities Limited,Oxford Securities Pvt. Ltd.,20,415.3,8306.0,2025-07-17 12:50:22.329359
2025-07-17,79714,2025071703011173,MNBBL,Naasa Securities Co. Ltd.,Shree Krishna Securities Ltd.,22,415.0,9130.0,2025-07-17 12:50:29.603813
2025-07-17,79518,2025071703011208,MNBBL,Naasa Securities Co. Ltd.,Capital Max Securities Ltd,490,415.0,203350.0,2025-07-17 12:50:53.770291
2025-07-17,79101,2025071703011284,MNBBL,Naasa Securities Co. Ltd.,Imperial Securities Company Pvt. Ltd.,80,415.0,33200.0,2025-07-17 12:51:50.228575
2025-07-17,78927,2025071703011313,MNBBL,Naasa Securities Co. Ltd.,Dynamic Money Managers Securities Pvt. Ltd.,100,415.0,41500.0,2025-07-17 12:52:15.865848
2025-07-17,78827,2025071703011327,MNBBL,Capital Max Securities Ltd,Trishakti Securities Public Limited,79,415.5,32824.5,2025-07-17 12:52:29.286198
2025-07-17,78826,2025071703011328,MNBBL,Capital Max Securities Ltd,Agrawal Securities (PVT) Ltd.,200,415.5,83100.0,2025-07-17 12:52:29.286298
2025-07-17,78825,2025071703011329,MNBBL,Capital Max Securities Ltd,Dynamic Money Managers Securities Pvt. Ltd.,100,415.5,41550.0,2025-07-17 12:52:29.286373
2025-07-17,78824,2025071703011330,MNBBL,Capital Max Securities Ltd,Sundhara Securities Limited,1000,415.9,415900.0,2025-07-17 12:52:29.286447
2025-07-17,78823,2025071703011331,MNBBL,Capital Max Securities Ltd,Vision Securities Pvt. Ltd,25,416.0,10400.0,2025-07-17 12:52:29.286525
2025-07-17,78822,2025071703011332,MNBBL,Capital Max Securities Ltd,ABC Securities Private Limited,201,416.0,83616.0,2025-07-17 12:52:29.286600
2025-07-17,78821,2025071703011333,MNBBL,Capital Max Securities Ltd,Dipshikha Dhitopatra Karobar Co. Pvt Ltd.,70,416.0,29120.0,2025-07-17 12:52:29.286672
2025-07-17,78820,2025071703011334,MNBBL,Capital Max Securities Ltd,Kalika Securities Pvt. Ltd.,1103,416.0,458848.0,2025-07-17 12:52:29.286741
2025-07-17,78819,2025071703011335,MNBBL,Capital Max Securities Ltd,Agrawal Securities (PVT) Ltd.,100,416.0,41600.0,2025-07-17 12:52:29.286813
2025-07-17,78818,2025071703011336,MNBBL,Capital Max Securities Ltd,Linch Stock Market Ltd.,122,416.0,50752.0,2025-07-17 12:52:29.286892
2025-07-17,78010,2025071703011418,MNBBL,Imperial Securities Company Pvt. Ltd.,Linch Stock Market Ltd.,10,416.0,4160.0,2025-07-17 12:53:43.050115
2025-07-17,77583,2025071703011508,MNBBL,Naasa Securities Co. Ltd.,Aryatara Investment & Securities,100,415.0,41500.0,2025-07-17 12:54:35.396795
2025-07-17,77317,2025071703011545,MNBBL,Capital Max Securities Ltd,Linch Stock Market Ltd.,368,416.0,153088.0,2025-07-17 12:55:10.298647
2025-07-17,77316,2025071703011546,MNBBL,Capital Max Securities Ltd,Trishakti Securities Public Limited,20,416.0,8320.0,2025-07-17 12:55:10.298902
2025-07-17,77315,2025071703011547,MNBBL,Capital Max Securities Ltd,Thrive Brokerage House Pvt. Ltd,140,416.0,58240.0,2025-07-17 12:55:10.299006
2025-07-17,77314,2025071703011548,MNBBL,Capital Max Securities Ltd,Arun Securities (PVT) Ltd.,50,416.0,20800.0,2025-07-17 12:55:10.299343
2025-07-17,77313,2025071703011549,MNBBL,Capital Max Securities Ltd,Imperial Securities Company Pvt. Ltd.,422,416.0,175552.0,2025-07-17 12:55:10.299644
2025-07-17,75841,2025071703011859,MNBBL,Midas Stock Broking Company Private Limited,Imperial Securities Company Pvt. Ltd.,70,416.0,29120.0,2025-07-17 12:58:48.673538
2025-07-17,75794,2025071703011861,MNBBL,Naasa Securities Co. Ltd.,Naasa Securities Co. Ltd.,50,415.0,20750.0,2025-07-17 12:58:55.235735
2025-07-17,75630,2025071703011895,MNBBL,Naasa Securities Co. Ltd.,Online Securities Pvt. Ltd.,30,415.0,12450.0,2025-07-17 12:59:17.081182
2025-07-17,75579,2025071703011897,MNBBL,Aryatara Investment & Securities,ABC Securities Private Limited,54,416.0,22464.0,2025-07-17 12:59:21.578832
2025-07-17,75578,2025071703011898,MNBBL,Aryatara Investment & Securities,Citizens Share Broker Limited,110,416.0,45760.0,2025-07-17 12:59:21.579099
2025-07-17,75577,2025071703011899,MNBBL,Aryatara Investment & Securities,Naasa Securities Co. Ltd.,100,416.4,41640.0,2025-07-17 12:59:21.579241
2025-07-17,75576,2025071703011900,MNBBL,Aryatara Investment & Securities,Sri Hari Securities Pvt. Ltd.,500,416.5,208250.0,2025-07-17 12:59:21.579369
2025-07-17,75575,2025071703011901,MNBBL,Aryatara Investment & Securities,Imperial Securities Company Pvt. Ltd.,150,416.9,62535.0,2025-07-17 12:59:21.579505
2025-07-17,75574,2025071703011902,MNBBL,Aryatara Investment & Securities,Naasa Securities Co. Ltd.,21,416.9,8754.9,2025-07-17 12:59:21.579629
2025-07-17,75573,2025071703011903,MNBBL,Aryatara Investment & Securities,Vision Securities Pvt. Ltd,300,417.0,125100.0,2025-07-17 12:59:21.579753
2025-07-17,75572,2025071703011904,MNBBL,Aryatara Investment & Securities,Primo Securities (PVT) Ltd.,100,417.0,41700.0,2025-07-17 12:59:21.579881
2025-07-17,75571,2025071703011905,MNBBL,Aryatara Investment & Securities,Malla & Malla Stock Broking Company Pvt. Limited,50,417.0,20850.0,2025-07-17 12:59:21.580003
2025-07-17,75570,2025071703011906,MNBBL,Aryatara Investment & Securities,Bhrikuti Stock Broking Co. Pvt. Ltd.,203,417.0,84651.0,2025-07-17 12:59:21.580140
2025-07-17,75569,2025071703011907,MNBBL,Aryatara Investment & Securities,Market Securities & Exchange (PVT) Ltd.,50,417.0,20850.0,2025-07-17 12:59:21.580267
2025-07-17,75568,2025071703011908,MNBBL,Aryatara Investment & Securities,Midas Stock Broking Company Private Limited,200,417.0,83400.0,2025-07-17 12:59:21.580391
2025-07-17,75567,2025071703011909,MNBBL,Aryatara Investment & Securities,Market Securities & Exchange (PVT) Ltd.,100,417.0,41700.0,2025-07-17 12:59:21.580516
2025-07-17,75566,2025071703011910,MNBBL,Aryatara Investment & Securities,Aryatara Investment & Securities,200,417.0,83400.0,2025-07-17 12:59:21.580634
2025-07-17,75519,2025071703011916,MNBBL,Aryatara Investment & Securities,Imperial Securities Company Pvt. Ltd.,235,417.0,97995.0,2025-07-17 12:59:28.811596
2025-07-17,75507,2025071703011919,MNBBL,Aryatara Investment & Securities,Aryatara Investment & Securities,1170,417.0,487890.0,2025-07-17 12:59:30.724311
2025-07-17,75399,2025071703011948,MNBBL,Aryatara Investment & Securities,MILKY WAY SHARE BROKER COMPANY LTD ,457,417.0,190569.0,2025-07-17 12:59:42.736108
2025-07-17,72791,2025071703012448,MNBBL,Aryatara Investment & Securities,Premier Securities Company Ltd.,143,415.5,59416.5,2025-07-17 13:05:25.000396
2025-07-17,72790,2025071703012449,MNBBL,Naasa Securities Co. Ltd.,Premier Securities Company Ltd.,54,415.5,22437.0,2025-07-17 13:05:25.000687
2025-07-17,72789,2025071703012450,MNBBL,Naasa Securities Co. Ltd.,Premier Securities Company Ltd.,303,415.0,125745.0,2025-07-17 13:05:25.000883
2025-07-17,71925,2025071703012625,MNBBL,Naasa Securities Co. Ltd.,MILKY WAY SHARE BROKER COMPANY LTD ,23,415.7,9561.1,2025-07-17 13:07:41.797631
2025-07-17,71399,2025071703012738,MNBBL,Trisul Securities & Invt. Ltd.,MILKY WAY SHARE BROKER COMPANY LTD ,120,415.7,49884.0,2025-07-17 13:08:50.109915
2025-07-17,71398,2025071703012739,MNBBL,Trisul Securities & Invt. Ltd.,Infinity Securities Limited,400,416.0,166400.0,2025-07-17 13:08:50.110194
2025-07-17,71277,2025071703012747,MNBBL,Trisul Securities & Invt. Ltd.,Opal Securities Investment (PVT) Ltd.,30,416.0,12480.0,2025-07-17 13:09:02.646076
2025-07-17,70819,2025071703012853,MNBBL,Trisul Securities & Invt. Ltd.,Cristal Kanchanjanga Securites Pvt. Ltd.,50,415.1,20755.0,2025-07-17 13:09:55.309574
2025-07-17,70818,2025071703012854,MNBBL,Naasa Securities Co. Ltd.,Cristal Kanchanjanga Securites Pvt. Ltd.,321,415.0,133215.0,2025-07-17 13:09:55.309824
2025-07-17,70222,2025071703013000,MNBBL,Global IME Securities Limited,Opal Securities Investment (PVT) Ltd.,20,416.0,8320.0,2025-07-17 13:11:09.526984
2025-07-17,68617,2025071703013291,MNBBL,Midas Stock Broking Company Private Limited,Online Securities Pvt. Ltd.,120,415.5,49860.0,2025-07-17 13:14:27.046953
2025-07-17,68616,2025071703013292,MNBBL,Neev Securities Pvt. Ltd.,Online Securities Pvt. Ltd.,400,415.1,166040.0,2025-07-17 13:14:27.047473
2025-07-17,68615,2025071703013293,MNBBL,Trisul Securities & Invt. Ltd.,Online Securities Pvt. Ltd.,1000,415.1,415100.0,2025-07-17 13:14:27.047808
2025-07-17,68614,2025071703013294,MNBBL,Naasa Securities Co. Ltd.,Online Securities Pvt. Ltd.,269,415.0,111635.0,2025-07-17 13:14:27.048147
2025-07-17,68613,2025071703013295,MNBBL,Sani Securities Company Ltd.,Online Securities Pvt. Ltd.,265,415.0,109975.0,2025-07-17 13:14:27.048468
2025-07-17,68612,2025071703013296,MNBBL,Thrive Brokerage House Pvt. Ltd,Online Securities Pvt. Ltd.,1000,415.0,415000.0,2025-07-17 13:14:27.048791
2025-07-17,68611,2025071703013297,MNBBL,KALASH STOCK MARKET PVT. LTD.,Online Securities Pvt. Ltd.,100,415.0,41500.0,2025-07-17 13:14:27.049108
2025-07-17,68610,2025071703013298,MNBBL,Naasa Securities Co. Ltd.,Online Securities Pvt. Ltd.,1846,415.0,766090.0,2025-07-17 13:14:27.049440
2025-07-17,68392,2025071703013333,MNBBL,Naasa Securities Co. Ltd.,Trishakti Securities Public Limited,30,415.0,12450.0,2025-07-17 13:14:52.683235
2025-07-17,68313,2025071703013356,MNBBL,Naasa Securities Co. Ltd.,Online Securities Pvt. Ltd.,2330,415.0,966950.0,2025-07-17 13:15:05.719890
2025-07-17,67902,2025071703013476,MNBBL,Trisul Securities & Invt. Ltd.,Kohinoor Investment & Securities Pvt. Ltd.,100,416.0,41600.0,2025-07-17 13:15:58.710425
2025-07-17,67901,2025071703013477,MNBBL,Trisul Securities & Invt. Ltd.,Linch Stock Market Ltd.,400,416.0,166400.0,2025-07-17 13:15:58.710735
2025-07-17,67322,2025071703013560,MNBBL,Naasa Securities Co. Ltd.,Asian Securities Private Ltd.,81,415.0,33615.0,2025-07-17 13:17:13.036429
2025-07-17,67222,2025071703013589,MNBBL,Aryatara Investment & Securities,Oxford Securities Pvt. Ltd.,1,408.7,408.7,2025-07-17 13:17:31.124669
2025-07-17,67128,2025071703013607,MNBBL,Premier Securities Company Ltd.,Trishakti Securities Public Limited,10,415.5,4155.0,2025-07-17 13:17:44.218824
2025-07-17,65888,2025071703013821,MNBBL,Premier Securities Company Ltd.,MILKY WAY SHARE BROKER COMPANY LTD ,50,415.5,20775.0,2025-07-17 13:20:22.745663
2025-07-17,65719,2025071703013876,MNBBL,Premier Securities Company Ltd.,Secured Securities Ltd.,16,415.5,6648.0,2025-07-17 13:20:44.260330
2025-07-17,65525,2025071703013913,MNBBL,Naasa Securities Co. Ltd.,Sumeru Securities Pvt. Ltd.,500,415.0,207500.0,2025-07-17 13:21:12.906685
2025-07-17,65057,2025071703013998,MNBBL,Naasa Securities Co. Ltd.,Secured Securities Ltd.,213,415.0,88395.0,2025-07-17 13:22:17.832158
2025-07-17,65056,2025071703013999,MNBBL,Naasa Securities Co. Ltd.,Secured Securities Ltd.,937,415.0,388855.0,2025-07-17 13:22:17.832434
2025-07-17,63997,2025071703014213,MNBBL,Sweta Securities Private Limited,Secured Securities Ltd.,10,415.5,4155.0,2025-07-17 13:24:32.278534
2025-07-17,63676,2025071703014289,MNBBL,Naasa Securities Co. Ltd.,Secured Securities Ltd.,1124,415.5,467022.0,2025-07-17 13:25:16.622302
2025-07-17,63675,2025071703014290,MNBBL,Naasa Securities Co. Ltd.,Linch Stock Market Ltd.,100,416.0,41600.0,2025-07-17 13:25:16.622568
2025-07-17,63674,2025071703014291,MNBBL,Naasa Securities Co. Ltd.,Trishakti Securities Public Limited,10,416.0,4160.0,2025-07-17 13:25:16.622685
2025-07-17,63673,2025071703014292,MNBBL,Naasa Securities Co. Ltd.,Agrawal Securities (PVT) Ltd.,100,416.9,41690.0,2025-07-17 13:25:16.622795
2025-07-17,63672,2025071703014293,MNBBL,Naasa Securities Co. Ltd.,Imperial Securities Company Pvt. Ltd.,50,417.0,20850.0,2025-07-17 13:25:16.622908
2025-07-17,63671,2025071703014294,MNBBL,Naasa Securities Co. Ltd.,Neev Securities Pvt. Ltd.,24,417.0,10008.0,2025-07-17 13:25:16.623053
2025-07-17,63670,2025071703014295,MNBBL,Naasa Securities Co. Ltd.,Imperial Securities Company Pvt. Ltd.,100,417.0,41700.0,2025-07-17 13:25:16.623184
2025-07-17,63669,2025071703014296,MNBBL,Naasa Securities Co. Ltd.,ABC Securities Private Limited,500,417.0,208500.0,2025-07-17 13:25:16.623298
2025-07-17,63668,2025071703014297,MNBBL,Naasa Securities Co. Ltd.,Secured Securities Ltd.,1150,417.0,479550.0,2025-07-17 13:25:16.623411
2025-07-17,63667,2025071703014298,MNBBL,Naasa Securities Co. Ltd.,Secured Securities Ltd.,259,417.0,108003.0,2025-07-17 13:25:16.623540
2025-07-17,63666,2025071703014299,MNBBL,Naasa Securities Co. Ltd.,Market Securities & Exchange (PVT) Ltd.,50,417.0,20850.0,2025-07-17 13:25:16.623654
2025-07-17,63665,2025071703014300,MNBBL,Naasa Securities Co. Ltd.,Agrawal Securities (PVT) Ltd.,200,417.0,83400.0,2025-07-17 13:25:16.623766
2025-07-17,62154,2025071703014721,MNBBL,Naasa Securities Co. Ltd.,Bhrikuti Stock Broking Co. Pvt. Ltd.,20,417.0,8340.0,2025-07-17 13:28:46.119142
2025-07-17,61569,2025071703014861,MNBBL,Naasa Securities Co. Ltd.,Bhrikuti Stock Broking Co. Pvt. Ltd.,126,415.0,52290.0,2025-07-17 13:30:02.795629
2025-07-17,59771,2025071703015400,MNBBL,Vision Securities Pvt. Ltd,Trishakti Securities Public Limited,200,415.1,83020.0,2025-07-17 13:33:23.859671
2025-07-17,59568,2025071703015442,MNBBL,Naasa Securities Co. Ltd.,Kumari Securities Private Limited,159,415.0,65985.0,2025-07-17 13:33:47.451218
2025-07-17,59320,2025071703015531,MNBBL,Naasa Securities Co. Ltd.,Trishakti Securities Public Limited,300,415.0,124500.0,2025-07-17 13:34:13.225910
2025-07-17,59029,2025071703015566,MNBBL,Naasa Securities Co. Ltd.,Secured Securities Ltd.,220,415.0,91300.0,2025-07-17 13:34:48.678476
2025-07-17,58281,2025071703015760,MNBBL,Trishakti Securities Public Limited,Imperial Securities Company Pvt. Ltd.,10,415.9,4159.0,2025-07-17 13:36:18.375585
2025-07-17,58279,2025071703015761,MNBBL,Trishakti Securities Public Limited,Imperial Securities Company Pvt. Ltd.,50,417.0,20850.0,2025-07-17 13:36:18.375941
2025-07-17,58278,2025071703015762,MNBBL,Trishakti Securities Public Limited,Kalika Securities Pvt. Ltd.,100,417.0,41700.0,2025-07-17 13:36:18.376119
2025-07-17,58277,2025071703015763,MNBBL,Trishakti Securities Public Limited,Vision Securities Pvt. Ltd,100,417.3,41730.0,2025-07-17 13:36:18.376274
2025-07-17,58276,2025071703015764,MNBBL,Trishakti Securities Public Limited,Sri Hari Securities Pvt. Ltd.,65,417.4,27131.0,2025-07-17 13:36:18.376455
2025-07-17,58275,2025071703015765,MNBBL,Trishakti Securities Public Limited,Agrawal Securities (PVT) Ltd.,100,417.5,41750.0,2025-07-17 13:36:18.376634
2025-07-17,58274,2025071703015766,MNBBL,Trishakti Securities Public Limited,Naasa Securities Co. Ltd.,100,417.7,41770.0,2025-07-17 13:36:18.376780
2025-07-17,58273,2025071703015767,MNBBL,Trishakti Securities Public Limited,Nepal Stock House (PVT) Ltd.,60,417.7,25062.0,2025-07-17 13:36:18.376918
2025-07-17,58272,2025071703015768,MNBBL,Trishakti Securities Public Limited,Shree Krishna Securities Ltd.,200,417.8,83560.0,2025-07-17 13:36:18.377095
2025-07-17,58271,2025071703015769,MNBBL,Trishakti Securities Public Limited,Agrawal Securities (PVT) Ltd.,500,417.9,208950.0,2025-07-17 13:36:18.377281
2025-07-17,58270,2025071703015770,MNBBL,Trishakti Securities Public Limited,Premier Securities Company Ltd.,50,418.0,20900.0,2025-07-17 13:36:18.377462
2025-07-17,58269,2025071703015771,MNBBL,Trishakti Securities Public Limited,Neev Securities Pvt. Ltd.,10,418.0,4180.0,2025-07-17 13:36:18.377629
2025-07-17,58268,2025071703015772,MNBBL,Trishakti Securities Public Limited,Sani Securities Company Ltd.,333,418.0,139194.0,2025-07-17 13:36:18.377777
2025-07-17,58267,2025071703015773,MNBBL,Trishakti Securities Public Limited,Imperial Securities Company Pvt. Ltd.,100,418.0,41800.0,2025-07-17 13:36:18.377948
2025-07-17,58266,2025071703015774,MNBBL,Trishakti Securities Public Limited,Sumeru Securities Pvt. Ltd.,500,418.0,209000.0,2025-07-17 13:36:18.378102
2025-07-17,58265,2025071703015775,MNBBL,Trishakti Securities Public Limited,Linch Stock Market Ltd.,100,418.0,41800.0,2025-07-17 13:36:18.378260
2025-07-17,58264,2025071703015776,MNBBL,Trishakti Securities Public Limited,Thrive Brokerage House Pvt. Ltd,150,418.0,62700.0,2025-07-17 13:36:18.378428
2025-07-17,58263,2025071703015777,MNBBL,Trishakti Securities Public Limited,ABC Securities Private Limited,200,418.0,83600.0,2025-07-17 13:36:18.378598
2025-07-17,58262,2025071703015778,MNBBL,Trishakti Securities Public Limited,Malla & Malla Stock Broking Company Pvt. Limited,258,418.0,107844.0,2025-07-17 13:36:18.378749
2025-07-17,58261,2025071703015779,MNBBL,Trishakti Securities Public Limited,Opal Securities Investment (PVT) Ltd.,100,418.0,41800.0,2025-07-17 13:36:18.378912
2025-07-17,58260,2025071703015780,MNBBL,Trishakti Securities Public Limited,Sewa Securities Pvt. Ltd.,10,418.0,4180.0,2025-07-17 13:36:18.379073
2025-07-17,58259,2025071703015781,MNBBL,Trishakti Securities Public Limited,Opal Securities Investment (PVT) Ltd.,350,418.0,146300.0,2025-07-17 13:36:18.379237
2025-07-17,58258,2025071703015782,MNBBL,Trishakti Securities Public Limited,Nepal Stock House (PVT) Ltd.,109,418.0,45562.0,2025-07-17 13:36:18.379384
2025-07-17,58257,2025071703015783,MNBBL,Trishakti Securities Public Limited,Imperial Securities Company Pvt. Ltd.,50,418.0,20900.0,2025-07-17 13:36:18.379528
2025-07-17,58256,2025071703015784,MNBBL,Trishakti Securities Public Limited,Bhrikuti Stock Broking Co. Pvt. Ltd.,25,418.0,10450.0,2025-07-17 13:36:18.379687
2025-07-17,58255,2025071703015785,MNBBL,Trishakti Securities Public Limited,Naasa Securities Co. Ltd.,150,418.0,62700.0,2025-07-17 13:36:18.379850
2025-07-17,58019,2025071703015869,MNBBL,Trishakti Securities Public Limited,Imperial Securities Company Pvt. Ltd.,100,418.2,41820.0,2025-07-17 13:36:43.672167
2025-07-17,58018,2025071703015870,MNBBL,Trishakti Securities Public Limited,Kumari Securities Private Limited,40,419.0,16760.0,2025-07-17 13:36:43.672420
2025-07-17,58017,2025071703015871,MNBBL,Trishakti Securities Public Limited,Property Wiard Limited,250,419.0,104750.0,2025-07-17 13:36:43.672534
2025-07-17,58016,2025071703015872,MNBBL,Trishakti Securities Public Limited,Premier Securities Company Ltd.,500,419.0,209500.0,2025-07-17 13:36:43.672639
2025-07-17,58015,2025071703015873,MNBBL,Trishakti Securities Public Limited,Sani Securities Company Ltd.,150,419.0,62850.0,2025-07-17 13:36:43.672742
2025-07-17,58014,2025071703015874,MNBBL,Trishakti Securities Public Limited,Sundhara Securities Limited,146,419.0,61174.0,2025-07-17 13:36:43.672850
2025-07-17,58013,2025071703015875,MNBBL,Trishakti Securities Public Limited,Sumeru Securities Pvt. Ltd.,80,419.0,33520.0,2025-07-17 13:36:43.672954
2025-07-17,58012,2025071703015876,MNBBL,Trishakti Securities Public Limited,Cristal Kanchanjanga Securites Pvt. Ltd.,10,419.0,4190.0,2025-07-17 13:36:43.673064
2025-07-17,58011,2025071703015877,MNBBL,Trishakti Securities Public Limited,Siprabi Securities Pvt. Ltd.,50,419.0,20950.0,2025-07-17 13:36:43.673169
2025-07-17,58010,2025071703015878,MNBBL,Trishakti Securities Public Limited,Midas Stock Broking Company Private Limited,50,419.0,20950.0,2025-07-17 13:36:43.673275
2025-07-17,58009,2025071703015879,MNBBL,Trishakti Securities Public Limited,Opal Securities Investment (PVT) Ltd.,50,419.0,20950.0,2025-07-17 13:36:43.673378
2025-07-17,57866,2025071703015912,MNBBL,Naasa Securities Co. Ltd.,Pragyan Securities (PVT) Ltd.,1000,419.2,419200.0,2025-07-17 13:37:02.523528
2025-07-17,57865,2025071703015913,MNBBL,Naasa Securities Co. Ltd.,ABC Securities Private Limited,100,419.2,41920.0,2025-07-17 13:37:02.523794
2025-07-17,57864,2025071703015914,MNBBL,Naasa Securities Co. Ltd.,Bhrikuti Stock Broking Co. Pvt. Ltd.,10,419.3,4193.0,2025-07-17 13:37:02.523910
2025-07-17,57863,2025071703015915,MNBBL,Naasa Securities Co. Ltd.,South Asian Bulls Pvt. Ltd.,300,419.3,125790.0,2025-07-17 13:37:02.524104
2025-07-17,57862,2025071703015916,MNBBL,Naasa Securities Co. Ltd.,Sundhara Securities Limited,100,419.3,41930.0,2025-07-17 13:37:02.524258
2025-07-17,57861,2025071703015917,MNBBL,Naasa Securities Co. Ltd.,Naasa Securities Co. Ltd.,10,419.4,4194.0,2025-07-17 13:37:02.524399
2025-07-17,57860,2025071703015918,MNBBL,Naasa Securities Co. Ltd.,Premier Securities Company Ltd.,25,419.9,10497.5,2025-07-17 13:37:02.524550
2025-07-17,57859,2025071703015919,MNBBL,Naasa Securities Co. Ltd.,Naasa Securities Co. Ltd.,50,419.9,20995.0,2025-07-17 13:37:02.524683
2025-07-17,57858,2025071703015920,MNBBL,Naasa Securities Co. Ltd.,South Asian Bulls Pvt. Ltd.,100,419.9,41990.0,2025-07-17 13:37:02.524837
2025-07-17,57857,2025071703015921,MNBBL,Naasa Securities Co. Ltd.,Sweta Securities Private Limited,75,420.0,31500.0,2025-07-17 13:37:02.524984
2025-07-17,57856,2025071703015922,MNBBL,Naasa Securities Co. Ltd.,Sani Securities Company Ltd.,274,420.0,115080.0,2025-07-17 13:37:02.525143
2025-07-17,57855,2025071703015923,MNBBL,Naasa Securities Co. Ltd.,Thrive Brokerage House Pvt. Ltd,100,420.0,42000.0,2025-07-17 13:37:02.525289
2025-07-17,57854,2025071703015924,MNBBL,Naasa Securities Co. Ltd.,Kalika Securities Pvt. Ltd.,250,420.0,105000.0,2025-07-17 13:37:02.525434
2025-07-17,57853,2025071703015925,MNBBL,Naasa Securities Co. Ltd.,Imperial Securities Company Pvt. Ltd.,100,420.0,42000.0,2025-07-17 13:37:02.525550
2025-07-17,57852,2025071703015926,MNBBL,Naasa Securities Co. Ltd.,Primo Securities (PVT) Ltd.,100,420.0,42000.0,2025-07-17 13:37:02.525688
2025-07-17,57851,2025071703015927,MNBBL,Naasa Securities Co. Ltd.,Imperial Securities Company Pvt. Ltd.,150,420.0,63000.0,2025-07-17 13:37:02.525821
2025-07-17,57850,2025071703015928,MNBBL,Naasa Securities Co. Ltd.,Sharepro Securities Private Limited,250,420.0,105000.0,2025-07-17 13:37:02.525966
2025-07-17,57849,2025071703015929,MNBBL,Naasa Securities Co. Ltd.,Ashutosh Brokerage & Securities (PVT) Ltd.,1000,420.0,420000.0,2025-07-17 13:37:02.526104
2025-07-17,57848,2025071703015930,MNBBL,Naasa Securities Co. Ltd.,Ashutosh Brokerage & Securities (PVT) Ltd.,1000,420.0,420000.0,2025-07-17 13:37:02.526255
2025-07-17,57847,2025071703015931,MNBBL,Naasa Securities Co. Ltd.,Ashutosh Brokerage & Securities (PVT) Ltd.,1000,420.0,420000.0,2025-07-17 13:37:02.526386
2025-07-17,57846,2025071703015932,MNBBL,Naasa Securities Co. Ltd.,Ashutosh Brokerage & Securities (PVT) Ltd.,1000,420.0,420000.0,2025-07-17 13:37:02.526521
2025-07-17,57845,2025071703015933,MNBBL,Naasa Securities Co. Ltd.,Naasa Securities Co. Ltd.,200,420.0,84000.0,2025-07-17 13:37:02.526657
2025-07-17,57844,2025071703015934,MNBBL,Naasa Securities Co. Ltd.,Ashutosh Brokerage & Securities (PVT) Ltd.,393,420.0,165060.0,2025-07-17 13:37:02.526788
2025-07-17,57843,2025071703015935,MNBBL,Naasa Securities Co. Ltd.,Sewa Securities Pvt. Ltd.,100,420.0,42000.0,2025-07-17 13:37:02.526912
2025-07-17,57842,2025071703015936,MNBBL,Naasa Securities Co. Ltd.,Sweta Securities Private Limited,200,420.0,84000.0,2025-07-17 13:37:02.527044
2025-07-17,57841,2025071703015937,MNBBL,Naasa Securities Co. Ltd.,Online Securities Pvt. Ltd.,200,420.0,84000.0,2025-07-17 13:37:02.527180
2025-07-17,57840,2025071703015938,MNBBL,Naasa Securities Co. Ltd.,Kumari Securities Private Limited,25,420.0,10500.0,2025-07-17 13:37:02.527309
2025-07-17,57839,2025071703015939,MNBBL,Naasa Securities Co. Ltd.,Primo Securities (PVT) Ltd.,260,420.0,109200.0,2025-07-17 13:37:02.527440
2025-07-17,57838,2025071703015940,MNBBL,Naasa Securities Co. Ltd.,Sipla Securities Private Limited,85,420.0,35700.0,2025-07-17 13:37:02.527550
2025-07-17,57837,2025071703015941,MNBBL,Naasa Securities Co. Ltd.,Aryatara Investment & Securities,10,420.0,4200.0,2025-07-17 13:37:02.527644
2025-07-17,57836,2025071703015942,MNBBL,Naasa Securities Co. Ltd.,Market Securities & Exchange (PVT) Ltd.,50,420.0,21000.0,2025-07-17 13:37:02.527756
2025-07-17,57835,2025071703015943,MNBBL,Naasa Securities Co. Ltd.,Trademow Securities Private Limited,300,420.0,126000.0,2025-07-17 13:37:02.527885
2025-07-17,57834,2025071703015944,MNBBL,Naasa Securities Co. Ltd.,Linch Stock Market Ltd.,11,420.0,4620.0,2025-07-17 13:37:02.528014
2025-07-17,57833,2025071703015945,MNBBL,Naasa Securities Co. Ltd.,Online Securities Pvt. Ltd.,50,420.0,21000.0,2025-07-17 13:37:02.528136
2025-07-17,57832,2025071703015946,MNBBL,Naasa Securities Co. Ltd.,Arun Securities (PVT) Ltd.,500,420.0,210000.0,2025-07-17 13:37:02.528241
2025-07-17,57831,2025071703015947,MNBBL,Naasa Securities Co. Ltd.,Sundhara Securities Limited,250,420.0,105000.0,2025-07-17 13:37:02.528354
2025-07-17,57830,2025071703015948,MNBBL,Naasa Securities Co. Ltd.,Vision Securities Pvt. Ltd,100,420.0,42000.0,2025-07-17 13:37:02.528459
2025-07-17,57829,2025071703015949,MNBBL,Naasa Securities Co. Ltd.,Aakashbhairab Securities Ltd.,50,420.0,21000.0,2025-07-17 13:37:02.528565
2025-07-17,57828,2025071703015950,MNBBL,Naasa Securities Co. Ltd.,Sani Securities Company Ltd.,600,420.0,252000.0,2025-07-17 13:37:02.528687
2025-07-17,57827,2025071703015951,MNBBL,Naasa Securities Co. Ltd.,Kohinoor Investment & Securities Pvt. Ltd.,35,420.0,14700.0,2025-07-17 13:37:02.528791
2025-07-17,57826,2025071703015952,MNBBL,Naasa Securities Co. Ltd.,Secured Securities Ltd.,325,420.0,136500.0,2025-07-17 13:37:02.528907
2025-07-17,57825,2025071703015953,MNBBL,Naasa Securities Co. Ltd.,Secured Securities Ltd.,100,420.0,42000.0,2025-07-17 13:37:02.528994
2025-07-17,57824,2025071703015954,MNBBL,Naasa Securities Co. Ltd.,Trisul Securities & Invt. Ltd.,1000,420.0,420000.0,2025-07-17 13:37:02.529114
2025-07-17,57823,2025071703015955,MNBBL,Naasa Securities Co. Ltd.,Vision Securities Pvt. Ltd,500,420.0,210000.0,2025-07-17 13:37:02.529223
2025-07-17,57822,2025071703015956,MNBBL,Naasa Securities Co. Ltd.,Creative Securities Pvt Ltd,200,420.0,84000.0,2025-07-17 13:37:02.529331
2025-07-17,57821,2025071703015957,MNBBL,Naasa Securities Co. Ltd.,Miyo Securities Pvt Ltd,350,420.0,147000.0,2025-07-17 13:37:02.529442
2025-07-17,57820,2025071703015958,MNBBL,Naasa Securities Co. Ltd.,Premier Securities Company Ltd.,500,420.0,210000.0,2025-07-17 13:37:02.529548
2025-07-17,57819,2025071703015959,MNBBL,Naasa Securities Co. Ltd.,Creative Securities Pvt Ltd,1100,420.0,462000.0,2025-07-17 13:37:02.529666
2025-07-17,57818,2025071703015960,MNBBL,Naasa Securities Co. Ltd.,Neev Securities Pvt. Ltd.,10,420.0,4200.0,2025-07-17 13:37:02.529766
2025-07-17,57817,2025071703015961,MNBBL,Naasa Securities Co. Ltd.,Arun Securities (PVT) Ltd.,200,420.0,84000.0,2025-07-17 13:37:02.529876
2025-07-17,57816,2025071703015962,MNBBL,Naasa Securities Co. Ltd.,Malla & Malla Stock Broking Company Pvt. Limited,50,420.0,21000.0,2025-07-17 13:37:02.529991
2025-07-17,57815,2025071703015963,MNBBL,Naasa Securities Co. Ltd.,Naasa Securities Co. Ltd.,10,420.0,4200.0,2025-07-17 13:37:02.530085
2025-07-17,57814,2025071703015964,MNBBL,Naasa Securities Co. Ltd.,SUN SECURITIES PVT LTD,10,420.0,4200.0,2025-07-17 13:37:02.530172
2025-07-17,57813,2025071703015965,MNBBL,Naasa Securities Co. Ltd.,Investment Management Nepal Pvt. Ltd.,100,420.0,42000.0,2025-07-17 13:37:02.530277
2025-07-17,57812,2025071703015966,MNBBL,Naasa Securities Co. Ltd.,Asian Securities Private Ltd.,80,420.0,33600.0,2025-07-17 13:37:02.530369
2025-07-17,57811,2025071703015967,MNBBL,Naasa Securities Co. Ltd.,Thrive Brokerage House Pvt. Ltd,52,420.0,21840.0,2025-07-17 13:37:02.530473
2025-07-17,57774,2025071703015984,MNBBL,Trishakti Securities Public Limited,Naasa Securities Co. Ltd.,794,419.0,332686.0,2025-07-17 13:37:06.722839
2025-07-17,56698,2025071703016210,MNBBL,K.B.L. Securities Limited ,Opal Securities Investment (PVT) Ltd.,400,417.0,166800.0,2025-07-17 13:39:05.832651
2025-07-17,56119,2025071703016360,MNBBL,Arun Securities (PVT) Ltd.,Trishakti Securities Public Limited,10,418.0,4180.0,2025-07-17 13:40:02.653571
2025-07-17,55230,2025071703016498,MNBBL,Sagarmatha Securities Private Limited,Midas Stock Broking Company Private Limited,100,418.0,41800.0,2025-07-17 13:41:34.314951
2025-07-17,55229,2025071703016499,MNBBL,Magnet Securities and Investment Company Private Limited,Midas Stock Broking Company Private Limited,185,417.1,77163.5,2025-07-17 13:41:34.315156
2025-07-17,54936,2025071703016529,MNBBL,Magnet Securities and Investment Company Private Limited,Imperial Securities Company Pvt. Ltd.,315,417.1,131386.5,2025-07-17 13:42:04.433147
2025-07-17,54935,2025071703016530,MNBBL,K.B.L. Securities Limited ,Imperial Securities Company Pvt. Ltd.,51,417.0,21267.0,2025-07-17 13:42:04.433350
2025-07-17,54812,2025071703016556,MNBBL,K.B.L. Securities Limited ,Sundhara Securities Limited,49,417.0,20433.0,2025-07-17 13:42:20.333419
2025-07-17,54212,2025071703016689,MNBBL,K.B.L. Securities Limited ,Aryatara Investment & Securities,300,416.0,124800.0,2025-07-17 13:43:23.068601
2025-07-17,53125,2025071703016868,MNBBL,Naasa Securities Co. Ltd.,Sundhara Securities Limited,451,417.0,188067.0,2025-07-17 13:45:13.618006
2025-07-17,53124,2025071703016869,MNBBL,Naasa Securities Co. Ltd.,Opal Securities Investment (PVT) Ltd.,400,417.0,166800.0,2025-07-17 13:45:13.618268
2025-07-17,52209,2025071703017024,MNBBL,Imperial Securities Company Pvt. Ltd.,Secured Securities Ltd.,150,418.0,62700.0,2025-07-17 13:46:51.036328
2025-07-17,52208,2025071703017025,MNBBL,Imperial Securities Company Pvt. Ltd.,Opal Securities Investment (PVT) Ltd.,300,418.0,125400.0,2025-07-17 13:46:51.036576
2025-07-17,52207,2025071703017026,MNBBL,Imperial Securities Company Pvt. Ltd.,Oxford Securities Pvt. Ltd.,50,418.0,20900.0,2025-07-17 13:46:51.036665
2025-07-17,51908,2025071703017096,MNBBL,Aryatara Investment & Securities,Oxford Securities Pvt. Ltd.,20,418.0,8360.0,2025-07-17 13:47:22.605695
2025-07-17,51746,2025071703017124,MNBBL,Magnet Securities and Investment Company Private Limited,Vision Securities Pvt. Ltd,500,417.1,208550.0,2025-07-17 13:47:38.782087
2025-07-17,51745,2025071703017125,MNBBL,Naasa Securities Co. Ltd.,Vision Securities Pvt. Ltd,2695,417.0,1123815.0,2025-07-17 13:47:38.782305
2025-07-17,50515,2025071703017329,MNBBL,Ashutosh Brokerage & Securities (PVT) Ltd.,Dipshikha Dhitopatra Karobar Co. Pvt Ltd.,90,417.5,37575.0,2025-07-17 13:49:31.908731
2025-07-17,50514,2025071703017330,MNBBL,Ashutosh Brokerage & Securities (PVT) Ltd.,Cristal Kanchanjanga Securites Pvt. Ltd.,100,417.9,41790.0,2025-07-17 13:49:31.908957
2025-07-17,50513,2025071703017331,MNBBL,Ashutosh Brokerage & Securities (PVT) Ltd.,Oxford Securities Pvt. Ltd.,39,418.0,16302.0,2025-07-17 13:49:31.909052
2025-07-17,50512,2025071703017332,MNBBL,Ashutosh Brokerage & Securities (PVT) Ltd.,Investment Management Nepal Pvt. Ltd.,1871,418.0,782078.0,2025-07-17 13:49:31.909134
2025-07-17,50381,2025071703017351,MNBBL,Online Securities Pvt. Ltd.,Investment Management Nepal Pvt. Ltd.,2129,418.0,889922.0,2025-07-17 13:49:46.233228
2025-07-17,48231,2025071703017764,MNBBL,Online Securities Pvt. Ltd.,Agrawal Securities (PVT) Ltd.,23,418.0,9614.0,2025-07-17 13:53:00.279903
2025-07-17,47562,2025071703017870,MNBBL,Online Securities Pvt. Ltd.,Dipshikha Dhitopatra Karobar Co. Pvt Ltd.,48,418.0,20064.0,2025-07-17 13:54:14.817555
2025-07-17,46726,2025071703017994,MNBBL,R.B.B. Securities Company Ltd,J.F. Securites (PVT) Ltd.,1000,417.1,417100.0,2025-07-17 13:55:41.371822
2025-07-17,46725,2025071703017995,MNBBL,Naasa Securities Co. Ltd.,J.F. Securites (PVT) Ltd.,2000,417.0,834000.0,2025-07-17 13:55:41.372064
2025-07-17,46514,2025071703018059,MNBBL,Himalayan Brokerage Company Limited,Cristal Kanchanjanga Securites Pvt. Ltd.,100,418.9,41890.0,2025-07-17 13:56:01.857057
2025-07-17,46513,2025071703018060,MNBBL,Himalayan Brokerage Company Limited,Primo Securities (PVT) Ltd.,50,418.9,20945.0,2025-07-17 13:56:01.857486
2025-07-17,46512,2025071703018061,MNBBL,Himalayan Brokerage Company Limited,Kohinoor Investment & Securities Pvt. Ltd.,100,419.0,41900.0,2025-07-17 13:56:01.857730
2025-07-17,44388,2025071703018447,MNBBL,Bhrikuti Stock Broking Co. Pvt. Ltd.,J.F. Securites (PVT) Ltd.,100,419.4,41940.0,2025-07-17 13:59:12.124261
2025-07-17,44387,2025071703018448,MNBBL,Bhrikuti Stock Broking Co. Pvt. Ltd.,Primo Securities (PVT) Ltd.,10,419.5,4195.0,2025-07-17 13:59:12.124485
2025-07-17,44386,2025071703018449,MNBBL,Bhrikuti Stock Broking Co. Pvt. Ltd.,Naasa Securities Co. Ltd.,100,419.8,41980.0,2025-07-17 13:59:12.124575
2025-07-17,44385,2025071703018450,MNBBL,Bhrikuti Stock Broking Co. Pvt. Ltd.,Naasa Securities Co. Ltd.,100,419.8,41980.0,2025-07-17 13:59:12.124658
2025-07-17,44384,2025071703018451,MNBBL,Bhrikuti Stock Broking Co. Pvt. Ltd.,Shree Krishna Securities Ltd.,300,419.9,125970.0,2025-07-17 13:59:12.124741
2025-07-17,44383,2025071703018452,MNBBL,Bhrikuti Stock Broking Co. Pvt. Ltd.,Agrawal Securities (PVT) Ltd.,46,419.9,19315.4,2025-07-17 13:59:12.124860
2025-07-17,44382,2025071703018453,MNBBL,Bhrikuti Stock Broking Co. Pvt. Ltd.,Cristal Kanchanjanga Securites Pvt. Ltd.,100,419.9,41990.0,2025-07-17 13:59:12.124977
2025-07-17,44381,2025071703018454,MNBBL,Bhrikuti Stock Broking Co. Pvt. Ltd.,Thrive Brokerage House Pvt. Ltd,48,420.0,20160.0,2025-07-17 13:59:12.125082
2025-07-17,44380,2025071703018455,MNBBL,Bhrikuti Stock Broking Co. Pvt. Ltd.,Kumari Securities Private Limited,500,420.0,210000.0,2025-07-17 13:59:12.125178
2025-07-17,44379,2025071703018456,MNBBL,Bhrikuti Stock Broking Co. Pvt. Ltd.,Ashutosh Brokerage & Securities (PVT) Ltd.,100,420.0,42000.0,2025-07-17 13:59:12.125285
2025-07-17,44378,2025071703018457,MNBBL,Bhrikuti Stock Broking Co. Pvt. Ltd.,Sani Securities Company Ltd.,100,420.0,42000.0,2025-07-17 13:59:12.125388
2025-07-17,44377,2025071703018458,MNBBL,Bhrikuti Stock Broking Co. Pvt. Ltd.,Secured Securities Ltd.,200,420.0,84000.0,2025-07-17 13:59:12.125484
2025-07-17,44376,2025071703018459,MNBBL,Bhrikuti Stock Broking Co. Pvt. Ltd.,Opal Securities Investment (PVT) Ltd.,100,420.0,42000.0,2025-07-17 13:59:12.125586
2025-07-17,44375,2025071703018460,MNBBL,Bhrikuti Stock Broking Co. Pvt. Ltd.,Opal Securities Investment (PVT) Ltd.,696,420.0,292320.0,2025-07-17 13:59:12.125708
2025-07-17,42720,2025071703018882,MNBBL,Sani Securities Company Ltd.,Cristal Kanchanjanga Securites Pvt. Ltd.,100,419.0,41900.0,2025-07-17 14:02:21.292735
2025-07-17,42692,2025071703018885,MNBBL,Sajilo Broker Limited,Cristal Kanchanjanga Securites Pvt. Ltd.,10,419.0,4190.0,2025-07-17 14:02:25.620996
2025-07-17,42622,2025071703018907,MNBBL,Trishakti Securities Public Limited,Aakashbhairab Securities Ltd.,100,418.0,41800.0,2025-07-17 14:02:34.882189
2025-07-17,42482,2025071703018918,MNBBL,Arun Securities (PVT) Ltd.,Aakashbhairab Securities Ltd.,100,418.0,41800.0,2025-07-17 14:02:41.128695
2025-07-17,41886,2025071703019034,MNBBL,Sajilo Broker Limited,Aakashbhairab Securities Ltd.,10,418.0,4180.0,2025-07-17 14:03:44.916950
2025-07-17,40650,2025071703019288,MNBBL,Thrive Brokerage House Pvt. Ltd,Aakashbhairab Securities Ltd.,91,418.0,38038.0,2025-07-17 14:05:43.256222
2025-07-17,40649,2025071703019289,MNBBL,Thrive Brokerage House Pvt. Ltd,Cristal Kanchanjanga Securites Pvt. Ltd.,90,419.0,37710.0,2025-07-17 14:05:43.256446
2025-07-17,40648,2025071703019290,MNBBL,Thrive Brokerage House Pvt. Ltd,Midas Stock Broking Company Private Limited,230,419.0,96370.0,2025-07-17 14:05:43.256535
2025-07-17,40647,2025071703019291,MNBBL,Thrive Brokerage House Pvt. Ltd,Naasa Securities Co. Ltd.,89,419.9,37371.1,2025-07-17 14:05:43.256619
2025-07-17,40010,2025071703019456,MNBBL,J.F. Securites (PVT) Ltd.,Trishakti Securities Public Limited,35,417.9,14626.5,2025-07-17 14:06:35.165285
2025-07-17,38364,2025071703019797,MNBBL,Sundhara Securities Limited,Shree Krishna Securities Ltd.,249,418.0,104082.0,2025-07-17 14:09:03.469673
2025-07-17,38169,2025071703019833,MNBBL,Naasa Securities Co. Ltd.,Naasa Securities Co. Ltd.,11,419.9,4618.9,2025-07-17 14:09:25.243041
2025-07-17,38168,2025071703019834,MNBBL,Naasa Securities Co. Ltd.,Naasa Securities Co. Ltd.,100,419.9,41990.0,2025-07-17 14:09:25.243303
2025-07-17,38167,2025071703019835,MNBBL,Naasa Securities Co. Ltd.,Opal Securities Investment (PVT) Ltd.,54,420.0,22680.0,2025-07-17 14:09:25.243398
2025-07-17,38166,2025071703019836,MNBBL,Naasa Securities Co. Ltd.,Imperial Securities Company Pvt. Ltd.,100,420.0,42000.0,2025-07-17 14:09:25.243504
2025-07-17,38165,2025071703019837,MNBBL,Naasa Securities Co. Ltd.,Oxford Securities Pvt. Ltd.,500,420.0,210000.0,2025-07-17 14:09:25.243597
2025-07-17,38164,2025071703019838,MNBBL,Naasa Securities Co. Ltd.,Imperial Securities Company Pvt. Ltd.,50,420.0,21000.0,2025-07-17 14:09:25.243699
2025-07-17,38163,2025071703019839,MNBBL,Naasa Securities Co. Ltd.,Asian Securities Private Ltd.,50,420.0,21000.0,2025-07-17 14:09:25.243809
2025-07-17,38162,2025071703019840,MNBBL,Naasa Securities Co. Ltd.,Opal Securities Investment (PVT) Ltd.,100,420.0,42000.0,2025-07-17 14:09:25.243907
2025-07-17,38161,2025071703019841,MNBBL,Naasa Securities Co. Ltd.,Kumari Securities Private Limited,580,420.0,243600.0,2025-07-17 14:09:25.244008
2025-07-17,38160,2025071703019842,MNBBL,Naasa Securities Co. Ltd.,Premier Securities Company Ltd.,500,420.0,210000.0,2025-07-17 14:09:25.244097
2025-07-17,38159,2025071703019843,MNBBL,Naasa Securities Co. Ltd.,Asian Securities Private Ltd.,100,420.0,42000.0,2025-07-17 14:09:25.244215
2025-07-17,38158,2025071703019844,MNBBL,Naasa Securities Co. Ltd.,Trisul Securities & Invt. Ltd.,500,420.0,210000.0,2025-07-17 14:09:25.244321
2025-07-17,38157,2025071703019845,MNBBL,Naasa Securities Co. Ltd.,Thrive Brokerage House Pvt. Ltd,150,420.0,63000.0,2025-07-17 14:09:25.244435
2025-07-17,38156,2025071703019846,MNBBL,Naasa Securities Co. Ltd.,Capital Hub P. Ltd,100,420.0,42000.0,2025-07-17 14:09:25.244536
2025-07-17,38155,2025071703019847,MNBBL,Naasa Securities Co. Ltd.,Kohinoor Investment & Securities Pvt. Ltd.,850,420.2,357170.0,2025-07-17 14:09:25.244621
2025-07-17,38154,2025071703019848,MNBBL,Naasa Securities Co. Ltd.,Sani Securities Company Ltd.,1000,421.0,421000.0,2025-07-17 14:09:25.244713
2025-07-17,38153,2025071703019849,MNBBL,Naasa Securities Co. Ltd.,Trishakti Securities Public Limited,255,421.0,107355.0,2025-07-17 14:09:25.244795
2025-07-17,38033,2025071703019864,MNBBL,Naasa Securities Co. Ltd.,Trishakti Securities Public Limited,245,421.0,103145.0,2025-07-17 14:09:34.409134
2025-07-17,38032,2025071703019865,MNBBL,Naasa Securities Co. Ltd.,Kohinoor Investment & Securities Pvt. Ltd.,27,421.0,11367.0,2025-07-17 14:09:34.409177
2025-07-17,38031,2025071703019866,MNBBL,Naasa Securities Co. Ltd.,Market Securities & Exchange (PVT) Ltd.,50,421.0,21050.0,2025-07-17 14:09:34.409203
2025-07-17,38030,2025071703019867,MNBBL,Naasa Securities Co. Ltd.,Neev Securities Pvt. Ltd.,85,421.0,35785.0,2025-07-17 14:09:34.409237
2025-07-17,38029,2025071703019868,MNBBL,Naasa Securities Co. Ltd.,Vision Securities Pvt. Ltd,24,421.0,10104.0,2025-07-17 14:09:34.409261
2025-07-17,38028,2025071703019869,MNBBL,Naasa Securities Co. Ltd.,Imperial Securities Company Pvt. Ltd.,100,421.0,42100.0,2025-07-17 14:09:34.409282
2025-07-17,38027,2025071703019870,MNBBL,Naasa Securities Co. Ltd.,Imperial Securities Company Pvt. Ltd.,100,421.0,42100.0,2025-07-17 14:09:34.409308
2025-07-17,38026,2025071703019871,MNBBL,Naasa Securities Co. Ltd.,Neev Securities Pvt. Ltd.,50,421.0,21050.0,2025-07-17 14:09:34.409331
2025-07-17,38025,2025071703019872,MNBBL,Naasa Securities Co. Ltd.,Thrive Brokerage House Pvt. Ltd,68,421.0,28628.0,2025-07-17 14:09:34.409357
2025-07-17,38024,2025071703019873,MNBBL,Naasa Securities Co. Ltd.,Premier Securities Company Ltd.,300,421.0,126300.0,2025-07-17 14:09:34.409382
2025-07-17,38023,2025071703019874,MNBBL,Naasa Securities Co. Ltd.,Imperial Securities Company Pvt. Ltd.,100,421.0,42100.0,2025-07-17 14:09:34.409406
2025-07-17,38022,2025071703019875,MNBBL,Naasa Securities Co. Ltd.,Vision Securities Pvt. Ltd,40,421.0,16840.0,2025-07-17 14:09:34.409429
2025-07-17,38021,2025071703019876,MNBBL,Naasa Securities Co. Ltd.,ABC Securities Private Limited,311,421.2,130993.2,2025-07-17 14:09:34.409466
2025-07-17,37499,2025071703019990,MNBBL,Imperial Securities Company Pvt. Ltd.,Online Securities Pvt. Ltd.,10,420.0,4200.0,2025-07-17 14:10:24.584079
2025-07-17,36799,2025071703020135,MNBBL,Bhrikuti Stock Broking Co. Pvt. Ltd.,Sanima Securities Limited,1000,419.9,419900.0,2025-07-17 14:11:38.483427
2025-07-17,36798,2025071703020136,MNBBL,Bhrikuti Stock Broking Co. Pvt. Ltd.,Naasa Securities Co. Ltd.,20,420.0,8400.0,2025-07-17 14:11:38.483636
2025-07-17,36797,2025071703020137,MNBBL,Bhrikuti Stock Broking Co. Pvt. Ltd.,Sani Securities Company Ltd.,11,420.0,4620.0,2025-07-17 14:11:38.483721
2025-07-17,36796,2025071703020138,MNBBL,Bhrikuti Stock Broking Co. Pvt. Ltd.,J.F. Securites (PVT) Ltd.,51,421.0,21471.0,2025-07-17 14:11:38.483804
2025-07-17,36795,2025071703020139,MNBBL,Bhrikuti Stock Broking Co. Pvt. Ltd.,ABC Securities Private Limited,189,421.2,79606.8,2025-07-17 14:11:38.483882
2025-07-17,36794,2025071703020140,MNBBL,Bhrikuti Stock Broking Co. Pvt. Ltd.,Naasa Securities Co. Ltd.,100,421.2,42120.0,2025-07-17 14:11:38.483965
2025-07-17,36793,2025071703020141,MNBBL,Bhrikuti Stock Broking Co. Pvt. Ltd.,Cristal Kanchanjanga Securites Pvt. Ltd.,629,421.3,264997.7,2025-07-17 14:11:38.484052
2025-07-17,35961,2025071703020332,MNBBL,Linch Stock Market Ltd.,ABC Securities Private Limited,10,420.0,4200.0,2025-07-17 14:13:06.966473
2025-07-17,35615,2025071703020396,MNBBL,Premier Securities Company Ltd.,Midas Stock Broking Company Private Limited,500,418.1,209050.0,2025-07-17 14:13:35.230414
2025-07-17,35614,2025071703020397,MNBBL,Online Securities Pvt. Ltd.,Midas Stock Broking Company Private Limited,191,418.1,79857.1,2025-07-17 14:13:35.230815
2025-07-17,33691,2025071703020875,MNBBL,Naasa Securities Co. Ltd.,Prabhu Stock Market Limited,200,420.0,84000.0,2025-07-17 14:17:26.675492
2025-07-17,33682,2025071703020876,MNBBL,Oxford Securities Pvt. Ltd.,KALASH STOCK MARKET PVT. LTD.,10,420.7,4207.0,2025-07-17 14:17:27.350759
2025-07-17,33681,2025071703020877,MNBBL,Oxford Securities Pvt. Ltd.,Trishakti Securities Public Limited,990,420.8,416592.0,2025-07-17 14:17:27.350818
2025-07-17,33642,2025071703020895,MNBBL,Naasa Securities Co. Ltd.,Linch Stock Market Ltd.,50,420.0,21000.0,2025-07-17 14:17:32.954255
2025-07-17,33461,2025071703020927,MNBBL,Naasa Securities Co. Ltd.,Prabhu Stock Market Limited,300,420.0,126000.0,2025-07-17 14:17:52.758825
2025-07-17,33192,2025071703020987,MNBBL,Naasa Securities Co. Ltd.,Malla & Malla Stock Broking Company Pvt. Limited,500,420.0,210000.0,2025-07-17 14:18:14.358020
2025-07-17,32521,2025071703021104,MNBBL,Trishakti Securities Public Limited,Linch Stock Market Ltd.,200,420.2,84040.0,2025-07-17 14:19:16.000074
2025-07-17,32501,2025071703021107,MNBBL,Trishakti Securities Public Limited,Dynamic Money Managers Securities Pvt. Ltd.,200,420.2,84040.0,2025-07-17 14:19:18.481310
2025-07-17,32375,2025071703021120,MNBBL,Trishakti Securities Public Limited,Secured Securities Ltd.,100,420.2,42020.0,2025-07-17 14:19:32.219201
2025-07-17,32074,2025071703021189,MNBBL,Trishakti Securities Public Limited,Sundhara Securities Limited,500,420.2,210100.0,2025-07-17 14:20:05.308767
2025-07-17,32018,2025071703021198,MNBBL,Trishakti Securities Public Limited,Opal Securities Investment (PVT) Ltd.,450,420.2,189090.0,2025-07-17 14:20:11.049167
2025-07-17,31295,2025071703021370,MNBBL,Trishakti Securities Public Limited,Secured Securities Ltd.,117,420.2,49163.4,2025-07-17 14:21:41.875261
2025-07-17,31041,2025071703021424,MNBBL,Trishakti Securities Public Limited,Trishakti Securities Public Limited,433,420.2,181946.6,2025-07-17 14:22:06.931056
2025-07-17,31040,2025071703021425,MNBBL,Naasa Securities Co. Ltd.,Trishakti Securities Public Limited,567,420.0,238140.0,2025-07-17 14:22:06.931291
2025-07-17,30946,2025071703021444,MNBBL,Online Securities Pvt. Ltd.,ABC Securities Private Limited,70,420.5,29435.0,2025-07-17 14:22:13.215740
2025-07-17,30945,2025071703021445,MNBBL,Online Securities Pvt. Ltd.,Secured Securities Ltd.,100,420.5,42050.0,2025-07-17 14:22:13.215967
2025-07-17,30944,2025071703021446,MNBBL,Online Securities Pvt. Ltd.,Naasa Securities Co. Ltd.,100,420.9,42090.0,2025-07-17 14:22:13.216074
2025-07-17,30943,2025071703021447,MNBBL,Online Securities Pvt. Ltd.,Naasa Securities Co. Ltd.,50,420.9,21045.0,2025-07-17 14:22:13.216164
2025-07-17,30942,2025071703021448,MNBBL,Online Securities Pvt. Ltd.,Premier Securities Company Ltd.,50,421.0,21050.0,2025-07-17 14:22:13.216264
2025-07-17,30941,2025071703021449,MNBBL,Online Securities Pvt. Ltd.,Cristal Kanchanjanga Securites Pvt. Ltd.,100,421.0,42100.0,2025-07-17 14:22:13.216376
2025-07-17,30940,2025071703021450,MNBBL,Online Securities Pvt. Ltd.,Deevyaa Securities & Stock House Pvt. Ltd,240,421.0,101040.0,2025-07-17 14:22:13.216485
2025-07-17,30939,2025071703021451,MNBBL,Online Securities Pvt. Ltd.,Oxford Securities Pvt. Ltd.,1290,421.0,543090.0,2025-07-17 14:22:13.216584
2025-07-17,30529,2025071703021525,MNBBL,R.B.B. Securities Company Ltd,Aryatara Investment & Securities,25,420.5,10512.5,2025-07-17 14:22:52.268244
2025-07-17,30412,2025071703021548,MNBBL,R.B.B. Securities Company Ltd,Imperial Securities Company Pvt. Ltd.,10,420.5,4205.0,2025-07-17 14:23:05.304079
2025-07-17,30387,2025071703021550,MNBBL,Naasa Securities Co. Ltd.,Sani Securities Company Ltd.,1000,420.0,420000.0,2025-07-17 14:23:07.964629
2025-07-17,30191,2025071703021611,MNBBL,Investment Management Nepal Pvt. Ltd.,Oxford Securities Pvt. Ltd.,500,421.0,210500.0,2025-07-17 14:23:31.181072
2025-07-17,29906,2025071703021649,MNBBL,Naasa Securities Co. Ltd.,Sani Securities Company Ltd.,400,420.0,168000.0,2025-07-17 14:23:56.116926
2025-07-17,28904,2025071703021839,MNBBL,Trishakti Securities Public Limited,Trishakti Securities Public Limited,10,420.1,4201.0,2025-07-17 14:25:52.320192
2025-07-17,28260,2025071703021932,MNBBL,Trishakti Securities Public Limited,Vision Securities Pvt. Ltd,130,420.1,54613.0,2025-07-17 14:27:04.226793
2025-07-17,28259,2025071703021933,MNBBL,Trishakti Securities Public Limited,Vision Securities Pvt. Ltd,10,420.1,4201.0,2025-07-17 14:27:04.227033
2025-07-17,28258,2025071703021934,MNBBL,Trishakti Securities Public Limited,Vision Securities Pvt. Ltd,20,420.1,8402.0,2025-07-17 14:27:04.227125
2025-07-17,28257,2025071703021935,MNBBL,Naasa Securities Co. Ltd.,Vision Securities Pvt. Ltd,90,420.0,37800.0,2025-07-17 14:27:04.227220
2025-07-17,28180,2025071703021947,MNBBL,Naasa Securities Co. Ltd.,Nepal Stock House (PVT) Ltd.,43,420.0,18060.0,2025-07-17 14:27:10.761778
2025-07-17,27996,2025071703021973,MNBBL,Naasa Securities Co. Ltd.,Premier Securities Company Ltd.,100,420.0,42000.0,2025-07-17 14:27:32.787294
2025-07-17,27807,2025071703022005,MNBBL,Naasa Securities Co. Ltd.,Premier Securities Company Ltd.,200,420.0,84000.0,2025-07-17 14:27:55.081482
2025-07-17,27717,2025071703022017,MNBBL,Naasa Securities Co. Ltd.,ABC Securities Private Limited,10,420.0,4200.0,2025-07-17 14:28:04.794990
2025-07-17,27712,2025071703022018,MNBBL,Naasa Securities Co. Ltd.,Dipshikha Dhitopatra Karobar Co. Pvt Ltd.,100,420.0,42000.0,2025-07-17 14:28:05.466410
2025-07-17,27576,2025071703022051,MNBBL,Naasa Securities Co. Ltd.,Premier Securities Company Ltd.,200,420.0,84000.0,2025-07-17 14:28:19.327108
2025-07-17,27537,2025071703022057,MNBBL,Naasa Securities Co. Ltd.,Oxford Securities Pvt. Ltd.,510,420.0,214200.0,2025-07-17 14:28:25.269566
2025-07-17,27531,2025071703022058,MNBBL,Naasa Securities Co. Ltd.,Opal Securities Investment (PVT) Ltd.,1050,420.0,441000.0,2025-07-17 14:28:25.874154
2025-07-17,27424,2025071703022067,MNBBL,Naasa Securities Co. Ltd.,Trishakti Securities Public Limited,10,420.0,4200.0,2025-07-17 14:28:37.379777
2025-07-17,27421,2025071703022070,MNBBL,Naasa Securities Co. Ltd.,Naasa Securities Co. Ltd.,101,420.0,42420.0,2025-07-17 14:28:37.714432
2025-07-17,27193,2025071703022114,MNBBL,Naasa Securities Co. Ltd.,Bhrikuti Stock Broking Co. Pvt. Ltd.,100,420.0,42000.0,2025-07-17 14:28:58.061805
2025-07-17,27178,2025071703022120,MNBBL,Naasa Securities Co. Ltd.,Agrawal Securities (PVT) Ltd.,1000,420.0,420000.0,2025-07-17 14:29:00.277913
2025-07-17,27015,2025071703022134,MNBBL,Naasa Securities Co. Ltd.,Premier Securities Company Ltd.,200,420.0,84000.0,2025-07-17 14:29:13.952766
2025-07-17,27011,2025071703022135,MNBBL,Sipla Securities Private Limited,Oxford Securities Pvt. Ltd.,25,420.2,10505.0,2025-07-17 14:29:14.651075
2025-07-17,27010,2025071703022136,MNBBL,Sipla Securities Private Limited,Bhrikuti Stock Broking Co. Pvt. Ltd.,10,420.8,4208.0,2025-07-17 14:29:14.651330
2025-07-17,27009,2025071703022137,MNBBL,Sipla Securities Private Limited,Naasa Securities Co. Ltd.,100,420.8,42080.0,2025-07-17 14:29:14.651430
2025-07-17,27008,2025071703022138,MNBBL,Sipla Securities Private Limited,Nepal Stock House (PVT) Ltd.,1000,420.9,420900.0,2025-07-17 14:29:14.651526
2025-07-17,27007,2025071703022139,MNBBL,Sipla Securities Private Limited,Online Securities Pvt. Ltd.,80,421.0,33680.0,2025-07-17 14:29:14.651621
2025-07-17,27006,2025071703022140,MNBBL,Sipla Securities Private Limited,Dynamic Money Managers Securities Pvt. Ltd.,250,421.0,105250.0,2025-07-17 14:29:14.651725
2025-07-17,27005,2025071703022141,MNBBL,Sipla Securities Private Limited,Imperial Securities Company Pvt. Ltd.,50,421.0,21050.0,2025-07-17 14:29:14.651842
2025-07-17,26978,2025071703022146,MNBBL,Sipla Securities Private Limited,Trishakti Securities Public Limited,200,421.0,84200.0,2025-07-17 14:29:16.827852
2025-07-17,26788,2025071703022180,MNBBL,Sipla Securities Private Limited,Oxford Securities Pvt. Ltd.,30,421.0,12630.0,2025-07-17 14:29:33.847561
2025-07-17,26341,2025071703022292,MNBBL,Sipla Securities Private Limited,Online Securities Pvt. Ltd.,200,421.0,84200.0,2025-07-17 14:30:15.237325
2025-07-17,26337,2025071703022293,MNBBL,Sipla Securities Private Limited,Cristal Kanchanjanga Securites Pvt. Ltd.,55,421.0,23155.0,2025-07-17 14:30:15.420254
2025-07-17,26017,2025071703022372,MNBBL,Naasa Securities Co. Ltd.,Creative Securities Pvt Ltd,3269,420.0,1372980.0,2025-07-17 14:30:38.260087
2025-07-17,26016,2025071703022373,MNBBL,Naasa Securities Co. Ltd.,Creative Securities Pvt Ltd,1231,420.0,517020.0,2025-07-17 14:30:38.260131
2025-07-17,25859,2025071703022406,MNBBL,Thrive Brokerage House Pvt. Ltd,Cristal Kanchanjanga Securites Pvt. Ltd.,200,421.0,84200.0,2025-07-17 14:30:51.809103
2025-07-17,25858,2025071703022407,MNBBL,Thrive Brokerage House Pvt. Ltd,Online Securities Pvt. Ltd.,250,421.0,105250.0,2025-07-17 14:30:51.809334
2025-07-17,25857,2025071703022408,MNBBL,Thrive Brokerage House Pvt. Ltd,Deevyaa Securities & Stock House Pvt. Ltd,50,421.0,21050.0,2025-07-17 14:30:51.809426
2025-07-17,25643,2025071703022448,MNBBL,Dipshikha Dhitopatra Karobar Co. Pvt Ltd.,Deevyaa Securities & Stock House Pvt. Ltd,50,421.0,21050.0,2025-07-17 14:31:10.090175
2025-07-17,25642,2025071703022449,MNBBL,Dipshikha Dhitopatra Karobar Co. Pvt Ltd.,Dipshikha Dhitopatra Karobar Co. Pvt Ltd.,30,421.0,12630.0,2025-07-17 14:31:10.090407
2025-07-17,25587,2025071703022468,MNBBL,Naasa Securities Co. Ltd.,Thrive Brokerage House Pvt. Ltd,100,420.0,42000.0,2025-07-17 14:31:14.957767
2025-07-17,25031,2025071703022581,MNBBL,Naasa Securities Co. Ltd.,Dipshikha Dhitopatra Karobar Co. Pvt Ltd.,75,420.0,31500.0,2025-07-17 14:31:55.725252
2025-07-17,24861,2025071703022615,MNBBL,Thrive Brokerage House Pvt. Ltd,Dipshikha Dhitopatra Karobar Co. Pvt Ltd.,270,421.0,113670.0,2025-07-17 14:32:08.313959
2025-07-17,24860,2025071703022616,MNBBL,Thrive Brokerage House Pvt. Ltd,Sani Securities Company Ltd.,124,421.0,52204.0,2025-07-17 14:32:08.314195
2025-07-17,24859,2025071703022617,MNBBL,Thrive Brokerage House Pvt. Ltd,Trishakti Securities Public Limited,106,421.0,44626.0,2025-07-17 14:32:08.314289
2025-07-17,24692,2025071703022640,MNBBL,Naasa Securities Co. Ltd.,Agrawal Securities (PVT) Ltd.,374,420.0,157080.0,2025-07-17 14:32:15.444245
2025-07-17,24560,2025071703022658,MNBBL,Naasa Securities Co. Ltd.,Linch Stock Market Ltd.,400,420.0,168000.0,2025-07-17 14:32:24.661714
2025-07-17,24494,2025071703022671,MNBBL,Naasa Securities Co. Ltd.,Nepal Stock House (PVT) Ltd.,38,420.0,15960.0,2025-07-17 14:32:30.012912
2025-07-17,24241,2025071703022708,MNBBL,Naasa Securities Co. Ltd.,Sani Securities Company Ltd.,100,420.0,42000.0,2025-07-17 14:32:53.252294
2025-07-17,23734,2025071703022779,MNBBL,Naasa Securities Co. Ltd.,Secured Securities Ltd.,300,420.0,126000.0,2025-07-17 14:33:32.261465
2025-07-17,23500,2025071703022810,MNBBL,Naasa Securities Co. Ltd.,Market Securities & Exchange (PVT) Ltd.,50,420.0,21000.0,2025-07-17 14:33:52.016637
2025-07-17,23389,2025071703022831,MNBBL,Naasa Securities Co. Ltd.,Imperial Securities Company Pvt. Ltd.,65,420.0,27300.0,2025-07-17 14:34:02.168978
2025-07-17,22948,2025071703022913,MNBBL,Hatemalo Financial Services Private Limited,Dakshinkali Investment & Securities Pvt. Ltd.,210,420.1,88221.0,2025-07-17 14:34:36.264495
2025-07-17,22780,2025071703022945,MNBBL,Hatemalo Financial Services Private Limited,Kohinoor Investment & Securities Pvt. Ltd.,50,420.1,21005.0,2025-07-17 14:34:51.734199
2025-07-17,22585,2025071703023019,MNBBL,Hatemalo Financial Services Private Limited,Agrawal Securities (PVT) Ltd.,190,420.1,79819.0,2025-07-17 14:35:04.720072
2025-07-17,22429,2025071703023049,MNBBL,Hatemalo Financial Services Private Limited,Midas Stock Broking Company Private Limited,100,420.1,42010.0,2025-07-17 14:35:18.288093
2025-07-17,22405,2025071703023059,MNBBL,Hatemalo Financial Services Private Limited,Asian Securities Private Ltd.,450,420.1,189045.0,2025-07-17 14:35:20.480385
2025-07-17,22404,2025071703023060,MNBBL,Naasa Securities Co. Ltd.,Asian Securities Private Ltd.,50,420.0,21000.0,2025-07-17 14:35:20.480483
2025-07-17,22213,2025071703023094,MNBBL,Naasa Securities Co. Ltd.,Premier Securities Company Ltd.,500,420.0,210000.0,2025-07-17 14:35:33.973578
2025-07-17,22049,2025071703023130,MNBBL,Midas Stock Broking Company Private Limited,Trishakti Securities Public Limited,200,420.1,84020.0,2025-07-17 14:35:47.606114
2025-07-17,21992,2025071703023142,MNBBL,Midas Stock Broking Company Private Limited,Agrawal Securities (PVT) Ltd.,35,420.1,14703.5,2025-07-17 14:35:51.896984
2025-07-17,21991,2025071703023143,MNBBL,Naasa Securities Co. Ltd.,Agrawal Securities (PVT) Ltd.,265,420.0,111300.0,2025-07-17 14:35:51.897243
2025-07-17,21707,2025071703023202,MNBBL,Naasa Securities Co. Ltd.,Premier Securities Company Ltd.,100,420.0,42000.0,2025-07-17 14:36:16.445550
