Date,S.N.,Contract ID,Symbol,Buyer Broker,Seller Broker,quantity,rate,amount,transaction_time
2025-07-17,141392,2025071703000011,MPFL,Sani Securities Company Ltd.,Swarna Laxmi Securities Pvt. Ltd.,10,629.4,6294.0,2025-07-17 10:46:00.054561
2025-07-17,140195,2025071703000219,MPFL,Cristal Kanchanjanga Securites Pvt. Ltd.,Secured Securities Ltd.,10,641.9,6419.0,2025-07-17 11:03:46.728150
2025-07-17,137888,2025071703000652,MPFL,Naasa Securities Co. Ltd.,Secured Securities Ltd.,10,654.7,6547.0,2025-07-17 11:08:30.046496
2025-07-17,137704,2025071703000665,MPFL,Indira securities pvt. ltd,Secured Securities Ltd.,380,654.7,248786.0,2025-07-17 11:08:44.182668
2025-07-17,137142,2025071703000769,MPFL,Opal Securities Investment (PVT) Ltd.,Online Securities Pvt. Ltd.,10,660.0,6600.0,2025-07-17 11:09:58.548274
2025-07-17,136522,2025071703000886,MPFL,Siprabi Securities Pvt. Ltd.,Online Securities Pvt. Ltd.,40,660.0,26400.0,2025-07-17 11:10:49.654869
2025-07-17,136521,2025071703000887,MPFL,Siprabi Securities Pvt. Ltd.,Dakshinkali Investment & Securities Pvt. Ltd.,50,660.0,33000.0,2025-07-17 11:10:49.654957
2025-07-17,136520,2025071703000888,MPFL,Siprabi Securities Pvt. Ltd.,Premier Securities Company Ltd.,25,663.9,16597.5,2025-07-17 11:10:49.655010
2025-07-17,136519,2025071703000889,MPFL,Siprabi Securities Pvt. Ltd.,South Asian Bulls Pvt. Ltd.,50,664.0,33200.0,2025-07-17 11:10:49.655069
2025-07-17,136518,2025071703000890,MPFL,Siprabi Securities Pvt. Ltd.,Dakshinkali Investment & Securities Pvt. Ltd.,250,664.9,166225.0,2025-07-17 11:10:49.655103
2025-07-17,136517,2025071703000891,MPFL,Siprabi Securities Pvt. Ltd.,Naasa Securities Co. Ltd.,19,665.0,12635.0,2025-07-17 11:10:49.655139
2025-07-17,136516,2025071703000892,MPFL,Siprabi Securities Pvt. Ltd.,Sani Securities Company Ltd.,66,665.0,43890.0,2025-07-17 11:10:49.655172
2025-07-17,132750,2025071703001635,MPFL,SUN SECURITIES PVT LTD,Prabhu Stock Market Limited,100,654.0,65400.0,2025-07-17 11:16:37.452003
2025-07-17,132749,2025071703001636,MPFL,Himalayan Brokerage Company Limited,Prabhu Stock Market Limited,290,653.0,189370.0,2025-07-17 11:16:37.452115
2025-07-17,131982,2025071703001747,MPFL,Himalayan Brokerage Company Limited,Nepal Stock House (PVT) Ltd.,25,653.0,16325.0,2025-07-17 11:17:46.366811
2025-07-17,130323,2025071703002108,MPFL,Cristal Kanchanjanga Securites Pvt. Ltd.,Nepal Stock House (PVT) Ltd.,50,651.9,32595.0,2025-07-17 11:20:34.867166
2025-07-17,130273,2025071703002116,MPFL,Bhrikuti Stock Broking Co. Pvt. Ltd.,Nepal Stock House (PVT) Ltd.,50,655.0,32750.0,2025-07-17 11:20:38.915904
2025-07-17,130272,2025071703002117,MPFL,Bhrikuti Stock Broking Co. Pvt. Ltd.,Online Securities Pvt. Ltd.,100,655.0,65500.0,2025-07-17 11:20:38.916030
2025-07-17,130271,2025071703002118,MPFL,Bhrikuti Stock Broking Co. Pvt. Ltd.,Primo Securities (PVT) Ltd.,200,658.0,131600.0,2025-07-17 11:20:38.916082
2025-07-17,130270,2025071703002119,MPFL,Bhrikuti Stock Broking Co. Pvt. Ltd.,Sumeru Securities Pvt. Ltd.,500,660.0,330000.0,2025-07-17 11:20:38.916157
2025-07-17,130269,2025071703002120,MPFL,Bhrikuti Stock Broking Co. Pvt. Ltd.,Nepal Stock House (PVT) Ltd.,50,660.0,33000.0,2025-07-17 11:20:38.916203
2025-07-17,130268,2025071703002121,MPFL,Bhrikuti Stock Broking Co. Pvt. Ltd.,Primo Securities (PVT) Ltd.,150,660.0,99000.0,2025-07-17 11:20:38.916247
2025-07-17,128997,2025071703002400,MPFL,Vision Securities Pvt. Ltd,Online Securities Pvt. Ltd.,61,659.0,40199.0,2025-07-17 11:22:16.401179
2025-07-17,128996,2025071703002401,MPFL,Vision Securities Pvt. Ltd,Primo Securities (PVT) Ltd.,139,660.0,91740.0,2025-07-17 11:22:16.401296
2025-07-17,128995,2025071703002402,MPFL,Naasa Securities Co. Ltd.,Siprabi Securities Pvt. Ltd.,40,652.0,26080.0,2025-07-17 11:22:16.460935
2025-07-17,128994,2025071703002403,MPFL,Cristal Kanchanjanga Securites Pvt. Ltd.,Siprabi Securities Pvt. Ltd.,250,651.9,162975.0,2025-07-17 11:22:16.461153
2025-07-17,128993,2025071703002404,MPFL,Cristal Kanchanjanga Securites Pvt. Ltd.,Siprabi Securities Pvt. Ltd.,50,651.9,32595.0,2025-07-17 11:22:16.461307
2025-07-17,128992,2025071703002405,MPFL,Thrive Brokerage House Pvt. Ltd,Siprabi Securities Pvt. Ltd.,100,651.8,65180.0,2025-07-17 11:22:16.461442
2025-07-17,128991,2025071703002406,MPFL,Capital Max Securities Ltd,Siprabi Securities Pvt. Ltd.,500,651.7,325850.0,2025-07-17 11:22:16.461578
2025-07-17,128990,2025071703002407,MPFL,Sani Securities Company Ltd.,Siprabi Securities Pvt. Ltd.,10,651.7,6517.0,2025-07-17 11:22:16.461740
2025-07-17,127124,2025071703002779,MPFL,Naasa Securities Co. Ltd.,MILKY WAY SHARE BROKER COMPANY LTD ,200,654.0,130800.0,2025-07-17 11:25:26.928395
2025-07-17,126982,2025071703002804,MPFL,Naasa Securities Co. Ltd.,Sani Securities Company Ltd.,200,654.0,130800.0,2025-07-17 11:25:40.884127
2025-07-17,123886,2025071703003486,MPFL,Himalayan Brokerage Company Limited,Sri Hari Securities Pvt. Ltd.,80,659.8,52784.0,2025-07-17 11:30:56.255260
2025-07-17,122203,2025071703003794,MPFL,Siprabi Securities Pvt. Ltd.,Sri Hari Securities Pvt. Ltd.,20,659.8,13196.0,2025-07-17 11:33:44.021505
2025-07-17,122202,2025071703003795,MPFL,Siprabi Securities Pvt. Ltd.,Linch Stock Market Ltd.,100,659.9,65990.0,2025-07-17 11:33:44.021744
2025-07-17,122201,2025071703003796,MPFL,Siprabi Securities Pvt. Ltd.,Dipshikha Dhitopatra Karobar Co. Pvt Ltd.,380,659.9,250762.0,2025-07-17 11:33:44.021896
2025-07-17,121853,2025071703003858,MPFL,Linch Stock Market Ltd.,Primo Securities (PVT) Ltd.,500,657.8,328900.0,2025-07-17 11:34:16.127104
2025-07-17,121852,2025071703003859,MPFL,Naasa Securities Co. Ltd.,Primo Securities (PVT) Ltd.,50,657.5,32875.0,2025-07-17 11:34:16.127232
2025-07-17,121851,2025071703003860,MPFL,Bhrikuti Stock Broking Co. Pvt. Ltd.,Primo Securities (PVT) Ltd.,100,657.0,65700.0,2025-07-17 11:34:16.127301
2025-07-17,121850,2025071703003861,MPFL,Naasa Securities Co. Ltd.,Primo Securities (PVT) Ltd.,100,657.0,65700.0,2025-07-17 11:34:16.127357
2025-07-17,121849,2025071703003862,MPFL,Sani Securities Company Ltd.,Primo Securities (PVT) Ltd.,250,656.6,164150.0,2025-07-17 11:34:16.127426
2025-07-17,121796,2025071703003873,MPFL,South Asian Bulls Pvt. Ltd.,Dipshikha Dhitopatra Karobar Co. Pvt Ltd.,120,659.9,79188.0,2025-07-17 11:34:20.934039
2025-07-17,121795,2025071703003874,MPFL,South Asian Bulls Pvt. Ltd.,Primo Securities (PVT) Ltd.,211,660.0,139260.0,2025-07-17 11:34:20.934164
2025-07-17,121794,2025071703003875,MPFL,South Asian Bulls Pvt. Ltd.,Primo Securities (PVT) Ltd.,169,660.0,111540.0,2025-07-17 11:34:20.934216
2025-07-17,121124,2025071703003994,MPFL,South Asian Bulls Pvt. Ltd.,Primo Securities (PVT) Ltd.,331,660.0,218460.0,2025-07-17 11:35:27.013493
2025-07-17,121123,2025071703003995,MPFL,South Asian Bulls Pvt. Ltd.,Agrawal Securities (PVT) Ltd.,110,660.0,72600.0,2025-07-17 11:35:27.013640
2025-07-17,121122,2025071703003996,MPFL,South Asian Bulls Pvt. Ltd.,Kumari Securities Private Limited,189,660.0,124740.0,2025-07-17 11:35:27.013704
2025-07-17,120880,2025071703004032,MPFL,South Asian Bulls Pvt. Ltd.,Primo Securities (PVT) Ltd.,370,660.0,244200.0,2025-07-17 11:35:44.642455
2025-07-17,120486,2025071703004098,MPFL,Ashutosh Brokerage & Securities (PVT) Ltd.,Primo Securities (PVT) Ltd.,200,656.7,131340.0,2025-07-17 11:36:27.903465
2025-07-17,120485,2025071703004099,MPFL,Sani Securities Company Ltd.,Primo Securities (PVT) Ltd.,550,656.6,361130.0,2025-07-17 11:36:27.903626
2025-07-17,120390,2025071703004105,MPFL,Sani Securities Company Ltd.,Primo Securities (PVT) Ltd.,100,656.6,65660.0,2025-07-17 11:36:39.007003
2025-07-17,120389,2025071703004106,MPFL,Sharepro Securities Private Limited,Primo Securities (PVT) Ltd.,30,656.0,19680.0,2025-07-17 11:36:39.007142
2025-07-17,118543,2025071703004415,MPFL,Sharepro Securities Private Limited,Primo Securities (PVT) Ltd.,20,656.0,13120.0,2025-07-17 11:39:57.987364
2025-07-17,118542,2025071703004416,MPFL,Bhrikuti Stock Broking Co. Pvt. Ltd.,Primo Securities (PVT) Ltd.,100,655.0,65500.0,2025-07-17 11:39:57.987616
2025-07-17,118541,2025071703004417,MPFL,Naasa Securities Co. Ltd.,Primo Securities (PVT) Ltd.,580,654.0,379320.0,2025-07-17 11:39:57.987776
2025-07-17,117132,2025071703004726,MPFL,Bhrikuti Stock Broking Co. Pvt. Ltd.,Market Securities & Exchange (PVT) Ltd.,200,655.0,131000.0,2025-07-17 11:42:14.854492
2025-07-17,115781,2025071703004940,MPFL,Naasa Securities Co. Ltd.,Primo Securities (PVT) Ltd.,20,654.0,13080.0,2025-07-17 11:44:43.830915
2025-07-17,115780,2025071703004941,MPFL,Naasa Securities Co. Ltd.,Primo Securities (PVT) Ltd.,50,653.3,32665.0,2025-07-17 11:44:43.831213
2025-07-17,115779,2025071703004942,MPFL,Thrive Brokerage House Pvt. Ltd,Primo Securities (PVT) Ltd.,100,653.2,65320.0,2025-07-17 11:44:43.831389
2025-07-17,115778,2025071703004943,MPFL,Thrive Brokerage House Pvt. Ltd,Primo Securities (PVT) Ltd.,100,653.1,65310.0,2025-07-17 11:44:43.831547
2025-07-17,115777,2025071703004944,MPFL,Thrive Brokerage House Pvt. Ltd,Primo Securities (PVT) Ltd.,530,653.1,346143.0,2025-07-17 11:44:43.831693
2025-07-17,115240,2025071703005019,MPFL,Dynamic Money Managers Securities Pvt. Ltd.,Ashutosh Brokerage & Securities (PVT) Ltd.,150,658.0,98700.0,2025-07-17 11:45:42.907803
2025-07-17,113925,2025071703005267,MPFL,Online Securities Pvt. Ltd.,Primo Securities (PVT) Ltd.,200,654.1,130820.0,2025-07-17 11:48:03.040809
2025-07-17,113924,2025071703005268,MPFL,Naasa Securities Co. Ltd.,Primo Securities (PVT) Ltd.,800,654.0,523200.0,2025-07-17 11:48:03.040943
2025-07-17,113788,2025071703005284,MPFL,Naasa Securities Co. Ltd.,Primo Securities (PVT) Ltd.,200,654.0,130800.0,2025-07-17 11:48:19.132163
2025-07-17,113787,2025071703005285,MPFL,Ashutosh Brokerage & Securities (PVT) Ltd.,Primo Securities (PVT) Ltd.,50,653.2,32660.0,2025-07-17 11:48:19.132221
2025-07-17,112756,2025071703005498,MPFL,Sani Securities Company Ltd.,Sani Securities Company Ltd.,30,654.0,19620.0,2025-07-17 11:50:09.983784
2025-07-17,110216,2025071703005957,MPFL,Naasa Securities Co. Ltd.,Primo Securities (PVT) Ltd.,1000,654.0,654000.0,2025-07-17 11:54:55.281617
2025-07-17,108819,2025071703006167,MPFL,South Asian Bulls Pvt. Ltd.,Market Securities & Exchange (PVT) Ltd.,10,657.9,6579.0,2025-07-17 11:57:13.222553
2025-07-17,107672,2025071703006425,MPFL,Vision Securities Pvt. Ltd,Sewa Securities Pvt. Ltd.,50,656.5,32825.0,2025-07-17 11:58:54.719377
2025-07-17,107671,2025071703006426,MPFL,Vision Securities Pvt. Ltd,Creative Securities Pvt Ltd,70,657.0,45990.0,2025-07-17 11:58:54.719657
2025-07-17,107460,2025071703006465,MPFL,ABC Securities Private Limited,Kohinoor Investment & Securities Pvt. Ltd.,220,657.8,144716.0,2025-07-17 11:59:14.626403
2025-07-17,107459,2025071703006466,MPFL,ABC Securities Private Limited,Market Securities & Exchange (PVT) Ltd.,90,657.9,59211.0,2025-07-17 11:59:14.626544
2025-07-17,107458,2025071703006467,MPFL,ABC Securities Private Limited,Ashutosh Brokerage & Securities (PVT) Ltd.,190,658.0,125020.0,2025-07-17 11:59:14.626599
2025-07-17,106507,2025071703006686,MPFL,Sani Securities Company Ltd.,Ashutosh Brokerage & Securities (PVT) Ltd.,10,658.0,6580.0,2025-07-17 12:00:36.798664
2025-07-17,104801,2025071703007008,MPFL,Sewa Securities Pvt. Ltd.,BHOLE GANESH SECURITIES LTD,50,654.5,32725.0,2025-07-17 12:02:44.707832
2025-07-17,104800,2025071703007009,MPFL,Vision Securities Pvt. Ltd,BHOLE GANESH SECURITIES LTD,50,653.9,32695.0,2025-07-17 12:02:44.708004
2025-07-17,102809,2025071703007387,MPFL,Vision Securities Pvt. Ltd,Dipshikha Dhitopatra Karobar Co. Pvt Ltd.,200,653.9,130780.0,2025-07-17 12:05:42.846570
2025-07-17,102457,2025071703007454,MPFL,Trishakti Securities Public Limited,Sani Securities Company Ltd.,1000,654.0,654000.0,2025-07-17 12:06:19.589307
2025-07-17,102126,2025071703007505,MPFL,Vision Securities Pvt. Ltd,Sweta Securities Private Limited,80,653.9,52312.0,2025-07-17 12:06:56.466616
2025-07-17,102125,2025071703007506,MPFL,Vision Securities Pvt. Ltd,Sweta Securities Private Limited,220,653.8,143836.0,2025-07-17 12:06:56.466926
2025-07-17,102124,2025071703007507,MPFL,Thrive Brokerage House Pvt. Ltd,Sweta Securities Private Limited,70,653.6,45752.0,2025-07-17 12:06:56.467123
2025-07-17,102123,2025071703007508,MPFL,Agrawal Securities (PVT) Ltd.,Sweta Securities Private Limited,100,653.5,65350.0,2025-07-17 12:06:56.467290
2025-07-17,102122,2025071703007509,MPFL,Ashutosh Brokerage & Securities (PVT) Ltd.,Sweta Securities Private Limited,40,653.2,26128.0,2025-07-17 12:06:56.467481
2025-07-17,101349,2025071703007622,MPFL,Ashutosh Brokerage & Securities (PVT) Ltd.,Sani Securities Company Ltd.,110,653.2,71852.0,2025-07-17 12:08:18.547986
2025-07-17,101348,2025071703007623,MPFL,Premier Securities Company Ltd.,Sani Securities Company Ltd.,500,653.0,326500.0,2025-07-17 12:08:18.548155
2025-07-17,101347,2025071703007624,MPFL,Midas Stock Broking Company Private Limited,Sani Securities Company Ltd.,300,653.0,195900.0,2025-07-17 12:08:18.548217
2025-07-17,101346,2025071703007625,MPFL,Naasa Securities Co. Ltd.,Sani Securities Company Ltd.,50,653.0,32650.0,2025-07-17 12:08:18.548272
2025-07-17,101345,2025071703007626,MPFL,ABC Securities Private Limited,Sani Securities Company Ltd.,500,653.0,326500.0,2025-07-17 12:08:18.548328
2025-07-17,101344,2025071703007627,MPFL,Nagarik Stock Dealer ,Sani Securities Company Ltd.,39,653.0,25467.0,2025-07-17 12:08:18.548381
2025-07-17,97920,2025071703008290,MPFL,Premier Securities Company Ltd.,Sani Securities Company Ltd.,150,653.1,97965.0,2025-07-17 12:15:05.643251
2025-07-17,97919,2025071703008291,MPFL,Nagarik Stock Dealer ,Sani Securities Company Ltd.,461,653.0,301033.0,2025-07-17 12:15:05.643393
2025-07-17,97918,2025071703008292,MPFL,Primo Securities (PVT) Ltd.,Sani Securities Company Ltd.,89,653.0,58117.0,2025-07-17 12:15:05.643450
2025-07-17,94695,2025071703008753,MPFL,Primo Securities (PVT) Ltd.,Secured Securities Ltd.,156,653.0,101868.0,2025-07-17 12:21:03.687101
2025-07-17,94270,2025071703008831,MPFL,Primo Securities (PVT) Ltd.,Secured Securities Ltd.,10,653.0,6530.0,2025-07-17 12:21:50.475992
2025-07-17,93779,2025071703008897,MPFL,Dynamic Money Managers Securities Pvt. Ltd.,Cristal Kanchanjanga Securites Pvt. Ltd.,30,655.5,19665.0,2025-07-17 12:22:46.632109
2025-07-17,93743,2025071703008899,MPFL,Dynamic Money Managers Securities Pvt. Ltd.,BHOLE GANESH SECURITIES LTD,270,655.5,176985.0,2025-07-17 12:22:47.960174
2025-07-17,93742,2025071703008900,MPFL,Sani Securities Company Ltd.,BHOLE GANESH SECURITIES LTD,80,654.0,52320.0,2025-07-17 12:22:47.960217
2025-07-17,93741,2025071703008901,MPFL,Primo Securities (PVT) Ltd.,BHOLE GANESH SECURITIES LTD,650,653.0,424450.0,2025-07-17 12:22:47.960243
2025-07-17,93008,2025071703009025,MPFL,Bhrikuti Stock Broking Co. Pvt. Ltd.,Naasa Securities Co. Ltd.,150,655.0,98250.0,2025-07-17 12:24:28.748004
2025-07-17,92608,2025071703009075,MPFL,Kohinoor Investment & Securities Pvt. Ltd.,Linch Stock Market Ltd.,100,654.0,65400.0,2025-07-17 12:25:17.749543
2025-07-17,91812,2025071703009172,MPFL,Kohinoor Investment & Securities Pvt. Ltd.,J.F. Securites (PVT) Ltd.,50,654.0,32700.0,2025-07-17 12:26:41.519903
2025-07-17,91811,2025071703009173,MPFL,Primo Securities (PVT) Ltd.,J.F. Securites (PVT) Ltd.,95,653.0,62035.0,2025-07-17 12:26:41.520125
2025-07-17,91810,2025071703009174,MPFL,Sani Securities Company Ltd.,J.F. Securites (PVT) Ltd.,200,653.0,130600.0,2025-07-17 12:26:41.520200
2025-07-17,91809,2025071703009175,MPFL,ABC Securities Private Limited,J.F. Securites (PVT) Ltd.,10,653.0,6530.0,2025-07-17 12:26:41.520283
2025-07-17,91808,2025071703009176,MPFL,Online Securities Pvt. Ltd.,J.F. Securites (PVT) Ltd.,170,653.0,111010.0,2025-07-17 12:26:41.520340
2025-07-17,91807,2025071703009177,MPFL,Sani Securities Company Ltd.,J.F. Securites (PVT) Ltd.,190,653.0,124070.0,2025-07-17 12:26:41.520394
2025-07-17,91621,2025071703009196,MPFL,Naasa Securities Co. Ltd.,Primo Securities (PVT) Ltd.,20,652.5,13050.0,2025-07-17 12:27:05.760101
2025-07-17,91620,2025071703009197,MPFL,ABC Securities Private Limited,Primo Securities (PVT) Ltd.,480,652.0,312960.0,2025-07-17 12:27:05.760241
2025-07-17,91304,2025071703009248,MPFL,ABC Securities Private Limited,Primo Securities (PVT) Ltd.,172,652.0,112144.0,2025-07-17 12:27:44.177018
2025-07-17,91303,2025071703009249,MPFL,Imperial Securities Company Pvt. Ltd.,Primo Securities (PVT) Ltd.,40,652.0,26080.0,2025-07-17 12:27:44.177332
2025-07-17,91302,2025071703009250,MPFL,Naasa Securities Co. Ltd.,Primo Securities (PVT) Ltd.,100,651.0,65100.0,2025-07-17 12:27:44.177514
2025-07-17,91301,2025071703009251,MPFL,Cristal Kanchanjanga Securites Pvt. Ltd.,Primo Securities (PVT) Ltd.,300,650.0,195000.0,2025-07-17 12:27:44.177684
2025-07-17,91300,2025071703009252,MPFL,Aryatara Investment & Securities,Primo Securities (PVT) Ltd.,100,650.0,65000.0,2025-07-17 12:27:44.177845
2025-07-17,91299,2025071703009253,MPFL,Naasa Securities Co. Ltd.,Primo Securities (PVT) Ltd.,50,650.0,32500.0,2025-07-17 12:27:44.178005
2025-07-17,91298,2025071703009254,MPFL,South Asian Bulls Pvt. Ltd.,Primo Securities (PVT) Ltd.,238,650.0,154700.0,2025-07-17 12:27:44.178177
2025-07-17,90742,2025071703009362,MPFL,Sundhara Securities Limited,J.F. Securites (PVT) Ltd.,100,653.0,65300.0,2025-07-17 12:29:04.625738
2025-07-17,90530,2025071703009399,MPFL,Bhrikuti Stock Broking Co. Pvt. Ltd.,J.F. Securites (PVT) Ltd.,185,653.0,120805.0,2025-07-17 12:29:33.929146
2025-07-17,88167,2025071703009775,MPFL,Bhrikuti Stock Broking Co. Pvt. Ltd.,Market Securities & Exchange (PVT) Ltd.,30,655.0,19650.0,2025-07-17 12:34:11.360216
2025-07-17,87680,2025071703009848,MPFL,Bhrikuti Stock Broking Co. Pvt. Ltd.,Primo Securities (PVT) Ltd.,500,656.0,328000.0,2025-07-17 12:35:02.911239
2025-07-17,84857,2025071703010321,MPFL,Pragyan Securities (PVT) Ltd.,Neev Securities Pvt. Ltd.,100,655.9,65590.0,2025-07-17 12:40:39.559449
2025-07-17,84533,2025071703010404,MPFL,Pragyan Securities (PVT) Ltd.,Primo Securities (PVT) Ltd.,400,655.9,262360.0,2025-07-17 12:41:09.464037
2025-07-17,84232,2025071703010460,MPFL,Pragyan Securities (PVT) Ltd.,Sani Securities Company Ltd.,20,657.0,13140.0,2025-07-17 12:41:36.875254
2025-07-17,84231,2025071703010461,MPFL,Pragyan Securities (PVT) Ltd.,Ashutosh Brokerage & Securities (PVT) Ltd.,150,658.0,98700.0,2025-07-17 12:41:36.875402
2025-07-17,84230,2025071703010462,MPFL,Pragyan Securities (PVT) Ltd.,SUN SECURITIES PVT LTD,50,658.0,32900.0,2025-07-17 12:41:36.875466
2025-07-17,83280,2025071703010613,MPFL,Sani Securities Company Ltd.,Primo Securities (PVT) Ltd.,10,651.0,6510.0,2025-07-17 12:43:21.453705
2025-07-17,82694,2025071703010727,MPFL,Nepal Stock House (PVT) Ltd.,Premier Securities Company Ltd.,100,658.0,65800.0,2025-07-17 12:44:29.005484
2025-07-17,82693,2025071703010728,MPFL,Nepal Stock House (PVT) Ltd.,Aryatara Investment & Securities,150,659.0,98850.0,2025-07-17 12:44:29.005745
2025-07-17,82489,2025071703010764,MPFL,Nepal Stock House (PVT) Ltd.,Sundhara Securities Limited,50,659.0,32950.0,2025-07-17 12:44:56.099851
2025-07-17,82153,2025071703010794,MPFL,Nepal Stock House (PVT) Ltd.,Primo Securities (PVT) Ltd.,100,659.0,65900.0,2025-07-17 12:45:36.266522
2025-07-17,71259,2025071703012754,MPFL,Imperial Securities Company Pvt. Ltd.,Primo Securities (PVT) Ltd.,300,655.1,196530.0,2025-07-17 13:09:05.187440
2025-07-17,71258,2025071703012755,MPFL,Nepal Investment And Securities Trading Private Limited,Primo Securities (PVT) Ltd.,100,655.0,65500.0,2025-07-17 13:09:05.187585
2025-07-17,67754,2025071703013499,MPFL,Aryatara Investment & Securities,Primo Securities (PVT) Ltd.,400,651.3,260520.0,2025-07-17 13:16:20.966103
2025-07-17,67753,2025071703013500,MPFL,Cristal Kanchanjanga Securites Pvt. Ltd.,Primo Securities (PVT) Ltd.,101,651.2,65771.2,2025-07-17 13:16:20.966317
2025-07-17,67752,2025071703013501,MPFL,Premier Securities Company Ltd.,Primo Securities (PVT) Ltd.,100,651.2,65120.0,2025-07-17 13:16:20.966388
2025-07-17,67751,2025071703013502,MPFL,Bhrikuti Stock Broking Co. Pvt. Ltd.,Primo Securities (PVT) Ltd.,199,651.1,129568.9,2025-07-17 13:16:20.966462
2025-07-17,66905,2025071703013647,MPFL,Sani Securities Company Ltd.,Primo Securities (PVT) Ltd.,10,651.0,6510.0,2025-07-17 13:18:16.875391
2025-07-17,66904,2025071703013648,MPFL,Sani Securities Company Ltd.,Primo Securities (PVT) Ltd.,30,651.0,19530.0,2025-07-17 13:18:16.875486
2025-07-17,66903,2025071703013649,MPFL,Bhrikuti Stock Broking Co. Pvt. Ltd.,Primo Securities (PVT) Ltd.,200,650.1,130020.0,2025-07-17 13:18:16.875568
2025-07-17,66902,2025071703013650,MPFL,South Asian Bulls Pvt. Ltd.,Primo Securities (PVT) Ltd.,262,650.0,170300.0,2025-07-17 13:18:16.875649
2025-07-17,66901,2025071703013651,MPFL,Bhrikuti Stock Broking Co. Pvt. Ltd.,Primo Securities (PVT) Ltd.,100,650.0,65000.0,2025-07-17 13:18:16.875721
2025-07-17,66900,2025071703013652,MPFL,Cristal Kanchanjanga Securites Pvt. Ltd.,Primo Securities (PVT) Ltd.,200,650.0,130000.0,2025-07-17 13:18:16.875791
2025-07-17,66899,2025071703013653,MPFL,Thrive Brokerage House Pvt. Ltd,Primo Securities (PVT) Ltd.,88,650.0,57200.0,2025-07-17 13:18:16.875857
2025-07-17,63204,2025071703014417,MPFL,Linch Stock Market Ltd.,Sani Securities Company Ltd.,50,655.0,32750.0,2025-07-17 13:26:20.949422
2025-07-17,60954,2025071703015006,MPFL,Aryatara Investment & Securities,SHUBHAKAMANA SECURITIES PVT. LTD,15,651.2,9768.0,2025-07-17 13:31:19.032093
2025-07-17,60556,2025071703015115,MPFL,Online Securities Pvt. Ltd.,Naasa Securities Co. Ltd.,10,651.3,6513.0,2025-07-17 13:31:55.374439
2025-07-17,58249,2025071703015786,MPFL,K.B.L. Securities Limited ,Sani Securities Company Ltd.,15,655.0,9825.0,2025-07-17 13:36:20.546471
2025-07-17,57708,2025071703015987,MPFL,Dipshikha Dhitopatra Karobar Co. Pvt Ltd.,Sani Securities Company Ltd.,10,655.0,6550.0,2025-07-17 13:37:10.250880
2025-07-17,54468,2025071703016628,MPFL,Sundhara Securities Limited,Sani Securities Company Ltd.,75,655.0,49125.0,2025-07-17 13:42:57.557304
2025-07-17,54145,2025071703016703,MPFL,Indira securities pvt. ltd,Dynamic Money Managers Securities Pvt. Ltd.,473,658.9,311659.7,2025-07-17 13:43:35.668093
2025-07-17,54144,2025071703016704,MPFL,Indira securities pvt. ltd,Vision Securities Pvt. Ltd,10,659.0,6590.0,2025-07-17 13:43:35.668298
2025-07-17,54143,2025071703016705,MPFL,Indira securities pvt. ltd,Pragyan Securities (PVT) Ltd.,10,659.0,6590.0,2025-07-17 13:43:35.668363
2025-07-17,54142,2025071703016706,MPFL,Indira securities pvt. ltd,Sanima Securities Limited,15,659.0,9885.0,2025-07-17 13:43:35.668438
2025-07-17,54141,2025071703016707,MPFL,Indira securities pvt. ltd,Creative Securities Pvt Ltd,192,659.0,126528.0,2025-07-17 13:43:35.668501
2025-07-17,54051,2025071703016712,MPFL,Indira securities pvt. ltd,Creative Securities Pvt Ltd,238,659.0,156842.0,2025-07-17 13:43:41.691217
2025-07-17,54050,2025071703016713,MPFL,Indira securities pvt. ltd,Imperial Securities Company Pvt. Ltd.,150,659.0,98850.0,2025-07-17 13:43:41.691396
2025-07-17,54049,2025071703016714,MPFL,Indira securities pvt. ltd,Sumeru Securities Pvt. Ltd.,200,659.0,131800.0,2025-07-17 13:43:41.691462
2025-07-17,53912,2025071703016737,MPFL,Indira securities pvt. ltd,Sani Securities Company Ltd.,160,659.0,105440.0,2025-07-17 13:43:58.877618
2025-07-17,53900,2025071703016745,MPFL,Indira securities pvt. ltd,Linch Stock Market Ltd.,500,659.3,329650.0,2025-07-17 13:43:59.746903
2025-07-17,53899,2025071703016746,MPFL,Indira securities pvt. ltd,Sumeru Securities Pvt. Ltd.,200,659.5,131900.0,2025-07-17 13:43:59.747087
2025-07-17,53534,2025071703016809,MPFL,Indira securities pvt. ltd,Dakshinkali Investment & Securities Pvt. Ltd.,100,659.5,65950.0,2025-07-17 13:44:41.890871
2025-07-17,53533,2025071703016810,MPFL,Indira securities pvt. ltd,Secured Securities Ltd.,440,659.5,290180.0,2025-07-17 13:44:41.891190
2025-07-17,53532,2025071703016811,MPFL,Indira securities pvt. ltd,Linch Stock Market Ltd.,100,659.9,65990.0,2025-07-17 13:44:41.891385
2025-07-17,53279,2025071703016845,MPFL,Indira securities pvt. ltd,Imperial Securities Company Pvt. Ltd.,15,660.0,9900.0,2025-07-17 13:45:01.957896
2025-07-17,53278,2025071703016846,MPFL,Indira securities pvt. ltd,Premier Securities Company Ltd.,500,660.0,330000.0,2025-07-17 13:45:01.958100
2025-07-17,53277,2025071703016847,MPFL,Indira securities pvt. ltd,Sani Securities Company Ltd.,16,660.0,10560.0,2025-07-17 13:45:01.958169
2025-07-17,53276,2025071703016848,MPFL,Indira securities pvt. ltd,Dynamic Money Managers Securities Pvt. Ltd.,40,660.0,26400.0,2025-07-17 13:45:01.958228
2025-07-17,53275,2025071703016849,MPFL,Indira securities pvt. ltd,Dynamic Money Managers Securities Pvt. Ltd.,25,660.0,16500.0,2025-07-17 13:45:01.958285
2025-07-17,53274,2025071703016850,MPFL,Indira securities pvt. ltd,Sanima Securities Limited,15,660.0,9900.0,2025-07-17 13:45:01.958340
2025-07-17,53273,2025071703016851,MPFL,Indira securities pvt. ltd,SUN SECURITIES PVT LTD,70,660.0,46200.0,2025-07-17 13:45:01.958398
2025-07-17,53272,2025071703016852,MPFL,Indira securities pvt. ltd,Sri Hari Securities Pvt. Ltd.,19,660.0,12540.0,2025-07-17 13:45:01.958456
2025-07-17,53190,2025071703016859,MPFL,Indira securities pvt. ltd,Sri Hari Securities Pvt. Ltd.,320,660.0,211200.0,2025-07-17 13:45:10.005301
2025-07-17,53189,2025071703016860,MPFL,Indira securities pvt. ltd,Dynamic Money Managers Securities Pvt. Ltd.,50,660.0,33000.0,2025-07-17 13:45:10.005439
2025-07-17,53188,2025071703016861,MPFL,Indira securities pvt. ltd,Vision Securities Pvt. Ltd,30,660.0,19800.0,2025-07-17 13:45:10.005496
2025-07-17,50971,2025071703017231,MPFL,Asian Securities Private Ltd.,Vision Securities Pvt. Ltd,20,660.0,13200.0,2025-07-17 13:48:47.535318
2025-07-17,50970,2025071703017232,MPFL,Asian Securities Private Ltd.,Dakshinkali Investment & Securities Pvt. Ltd.,100,660.0,66000.0,2025-07-17 13:48:47.535492
2025-07-17,50818,2025071703017262,MPFL,Asian Securities Private Ltd.,Primo Securities (PVT) Ltd.,200,661.0,132200.0,2025-07-17 13:49:01.638368
2025-07-17,50211,2025071703017391,MPFL,Asian Securities Private Ltd.,Secured Securities Ltd.,50,662.0,33100.0,2025-07-17 13:50:03.044408
2025-07-17,50210,2025071703017392,MPFL,Asian Securities Private Ltd.,Dynamic Money Managers Securities Pvt. Ltd.,25,662.0,16550.0,2025-07-17 13:50:03.044589
2025-07-17,49406,2025071703017518,MPFL,Dipshikha Dhitopatra Karobar Co. Pvt Ltd.,Midas Stock Broking Company Private Limited,75,662.9,49717.5,2025-07-17 13:51:06.498011
2025-07-17,49405,2025071703017519,MPFL,Dipshikha Dhitopatra Karobar Co. Pvt Ltd.,Nepal Stock House (PVT) Ltd.,50,663.0,33150.0,2025-07-17 13:51:06.498337
2025-07-17,49404,2025071703017520,MPFL,Dipshikha Dhitopatra Karobar Co. Pvt Ltd.,Vision Securities Pvt. Ltd,591,663.0,391833.0,2025-07-17 13:51:06.498494
2025-07-17,49403,2025071703017521,MPFL,Dipshikha Dhitopatra Karobar Co. Pvt Ltd.,Kalika Securities Pvt. Ltd.,50,663.0,33150.0,2025-07-17 13:51:06.498677
2025-07-17,49283,2025071703017540,MPFL,Dipshikha Dhitopatra Karobar Co. Pvt Ltd.,Arun Securities (PVT) Ltd.,50,663.0,33150.0,2025-07-17 13:51:18.525915
2025-07-17,49028,2025071703017570,MPFL,SUN SECURITIES PVT LTD,Naasa Securities Co. Ltd.,50,663.9,33195.0,2025-07-17 13:51:38.193072
2025-07-17,48863,2025071703017613,MPFL,Infinity Securities Limited,Naasa Securities Co. Ltd.,150,663.9,99585.0,2025-07-17 13:51:51.684448
2025-07-17,48862,2025071703017614,MPFL,Infinity Securities Limited,Dakshinkali Investment & Securities Pvt. Ltd.,50,664.0,33200.0,2025-07-17 13:51:51.684499
2025-07-17,48861,2025071703017615,MPFL,Infinity Securities Limited,Premier Securities Company Ltd.,300,664.1,199230.0,2025-07-17 13:51:51.684529
2025-07-17,48784,2025071703017634,MPFL,Infinity Securities Limited,Premier Securities Company Ltd.,200,664.1,132820.0,2025-07-17 13:52:01.725771
2025-07-17,48783,2025071703017635,MPFL,Infinity Securities Limited,Premier Securities Company Ltd.,100,664.2,66420.0,2025-07-17 13:52:01.725822
2025-07-17,48782,2025071703017636,MPFL,Infinity Securities Limited,Siprabi Securities Pvt. Ltd.,160,665.0,106400.0,2025-07-17 13:52:01.725865
2025-07-17,48781,2025071703017637,MPFL,Infinity Securities Limited,Imperial Securities Company Pvt. Ltd.,40,665.0,26600.0,2025-07-17 13:52:01.725904
2025-07-17,48610,2025071703017671,MPFL,Infinity Securities Limited,Imperial Securities Company Pvt. Ltd.,16,665.0,10640.0,2025-07-17 13:52:16.783721
2025-07-17,48609,2025071703017672,MPFL,Infinity Securities Limited,Creative Securities Pvt Ltd,484,665.0,321860.0,2025-07-17 13:52:16.783767
2025-07-17,48538,2025071703017689,MPFL,Infinity Securities Limited,Creative Securities Pvt Ltd,16,665.0,10640.0,2025-07-17 13:52:23.812399
2025-07-17,48537,2025071703017690,MPFL,Infinity Securities Limited,Naasa Securities Co. Ltd.,484,665.0,321860.0,2025-07-17 13:52:23.812444
2025-07-17,48449,2025071703017703,MPFL,Infinity Securities Limited,Naasa Securities Co. Ltd.,16,665.0,10640.0,2025-07-17 13:52:29.831764
2025-07-17,48448,2025071703017704,MPFL,Infinity Securities Limited,Dynamic Money Managers Securities Pvt. Ltd.,45,665.0,29925.0,2025-07-17 13:52:29.831858
2025-07-17,48447,2025071703017705,MPFL,Infinity Securities Limited,Aakashbhairab Securities Ltd.,25,665.0,16625.0,2025-07-17 13:52:29.831938
2025-07-17,48446,2025071703017706,MPFL,Infinity Securities Limited,Trisul Securities & Invt. Ltd.,190,665.0,126350.0,2025-07-17 13:52:29.832011
2025-07-17,48445,2025071703017707,MPFL,Infinity Securities Limited,Online Securities Pvt. Ltd.,200,665.0,133000.0,2025-07-17 13:52:29.832108
2025-07-17,48444,2025071703017708,MPFL,Infinity Securities Limited,Nepal Stock House (PVT) Ltd.,24,666.0,15984.0,2025-07-17 13:52:29.832179
2025-07-17,48390,2025071703017723,MPFL,KALASH STOCK MARKET PVT. LTD.,Nepal Stock House (PVT) Ltd.,150,666.0,99900.0,2025-07-17 13:52:35.818829
2025-07-17,48336,2025071703017734,MPFL,Premier Securities Company Ltd.,Nepal Stock House (PVT) Ltd.,50,666.0,33300.0,2025-07-17 13:52:43.328364
2025-07-17,48268,2025071703017754,MPFL,Infinity Securities Limited,Nepal Stock House (PVT) Ltd.,261,666.0,173826.0,2025-07-17 13:52:53.907881
2025-07-17,48267,2025071703017755,MPFL,Infinity Securities Limited,Dakshinkali Investment & Securities Pvt. Ltd.,39,666.0,25974.0,2025-07-17 13:52:53.907922
2025-07-17,48248,2025071703017760,MPFL,Asian Securities Private Ltd.,Dakshinkali Investment & Securities Pvt. Ltd.,11,666.0,7326.0,2025-07-17 13:52:56.916538
2025-07-17,48247,2025071703017761,MPFL,Asian Securities Private Ltd.,Aryatara Investment & Securities,100,666.0,66600.0,2025-07-17 13:52:56.916670
2025-07-17,48233,2025071703017763,MPFL,Midas Stock Broking Company Private Limited,Premier Securities Company Ltd.,300,666.8,200040.0,2025-07-17 13:52:59.985952
2025-07-17,48099,2025071703017787,MPFL,Premier Securities Company Ltd.,Oxford Securities Pvt. Ltd.,500,666.9,333450.0,2025-07-17 13:53:13.691409
2025-07-17,48098,2025071703017788,MPFL,Premier Securities Company Ltd.,Naasa Securities Co. Ltd.,100,667.0,66700.0,2025-07-17 13:53:13.691660
2025-07-17,48097,2025071703017789,MPFL,Premier Securities Company Ltd.,Oxford Securities Pvt. Ltd.,100,667.0,66700.0,2025-07-17 13:53:13.691820
2025-07-17,47987,2025071703017809,MPFL,Vision Securities Pvt. Ltd,Sani Securities Company Ltd.,75,668.0,50100.0,2025-07-17 13:53:27.850482
2025-07-17,47986,2025071703017810,MPFL,Vision Securities Pvt. Ltd,Creative Securities Pvt Ltd,100,668.0,66800.0,2025-07-17 13:53:27.850526
2025-07-17,47985,2025071703017811,MPFL,Vision Securities Pvt. Ltd,Nepal Investment And Securities Trading Private Limited,65,668.0,43420.0,2025-07-17 13:53:27.850559
2025-07-17,47984,2025071703017812,MPFL,Vision Securities Pvt. Ltd,Nepal Investment And Securities Trading Private Limited,100,668.0,66800.0,2025-07-17 13:53:27.850589
2025-07-17,47983,2025071703017813,MPFL,Vision Securities Pvt. Ltd,Online Securities Pvt. Ltd.,55,668.0,36740.0,2025-07-17 13:53:27.850647
2025-07-17,47982,2025071703017814,MPFL,Vision Securities Pvt. Ltd,Sani Securities Company Ltd.,10,668.0,6680.0,2025-07-17 13:53:27.850686
2025-07-17,47981,2025071703017815,MPFL,Vision Securities Pvt. Ltd,South Asian Bulls Pvt. Ltd.,95,669.0,63555.0,2025-07-17 13:53:27.850714
2025-07-17,47872,2025071703017833,MPFL,Asian Securities Private Ltd.,Sharepro Securities Private Limited,300,669.0,200700.0,2025-07-17 13:53:41.250259
2025-07-17,47732,2025071703017846,MPFL,Midas Stock Broking Company Private Limited,Imperial Securities Company Pvt. Ltd.,50,669.1,33455.0,2025-07-17 13:53:54.493498
2025-07-17,47731,2025071703017847,MPFL,Midas Stock Broking Company Private Limited,Magnet Securities and Investment Company Private Limited,150,670.0,100500.0,2025-07-17 13:53:54.493631
2025-07-17,47727,2025071703017848,MPFL,Asian Securities Private Ltd.,Sumeru Securities Pvt. Ltd.,294,669.0,196686.0,2025-07-17 13:53:55.890278
2025-07-17,47628,2025071703017860,MPFL,Midas Stock Broking Company Private Limited,Magnet Securities and Investment Company Private Limited,500,670.0,335000.0,2025-07-17 13:54:04.578823
2025-07-17,47314,2025071703017909,MPFL,Indira securities pvt. ltd,South Asian Bulls Pvt. Ltd.,10,668.0,6680.0,2025-07-17 13:54:38.699786
2025-07-17,46926,2025071703017965,MPFL,Indira securities pvt. ltd,Premier Securities Company Ltd.,490,668.0,327320.0,2025-07-17 13:55:21.051420
2025-07-17,46472,2025071703018075,MPFL,Infinity Securities Limited,Premier Securities Company Ltd.,10,668.0,6680.0,2025-07-17 13:56:06.512285
2025-07-17,46471,2025071703018076,MPFL,Infinity Securities Limited,Magnet Securities and Investment Company Private Limited,50,670.0,33500.0,2025-07-17 13:56:06.512336
2025-07-17,46470,2025071703018077,MPFL,Infinity Securities Limited,Agrawal Securities (PVT) Ltd.,20,670.0,13400.0,2025-07-17 13:56:06.512371
2025-07-17,46469,2025071703018078,MPFL,Infinity Securities Limited,Dynamic Money Managers Securities Pvt. Ltd.,35,670.0,23450.0,2025-07-17 13:56:06.512408
2025-07-17,46468,2025071703018079,MPFL,Infinity Securities Limited,J.F. Securites (PVT) Ltd.,10,671.0,6710.0,2025-07-17 13:56:06.512452
2025-07-17,46467,2025071703018080,MPFL,Infinity Securities Limited,Sani Securities Company Ltd.,20,671.0,13420.0,2025-07-17 13:56:06.512491
2025-07-17,46466,2025071703018081,MPFL,Infinity Securities Limited,Siprabi Securities Pvt. Ltd.,32,671.0,21472.0,2025-07-17 13:56:06.512527
2025-07-17,46465,2025071703018082,MPFL,Infinity Securities Limited,Premier Securities Company Ltd.,200,671.0,134200.0,2025-07-17 13:56:06.512562
2025-07-17,46464,2025071703018083,MPFL,Infinity Securities Limited,Asian Securities Private Ltd.,123,671.5,82594.5,2025-07-17 13:56:06.512598
2025-07-17,46087,2025071703018167,MPFL,Asian Securities Private Ltd.,Premier Securities Company Ltd.,200,667.2,133440.0,2025-07-17 13:56:40.806079
2025-07-17,44756,2025071703018400,MPFL,Asian Securities Private Ltd.,BHOLE GANESH SECURITIES LTD,92,667.2,61382.4,2025-07-17 13:58:45.229175
2025-07-17,43213,2025071703018756,MPFL,Asian Securities Private Ltd.,Sanima Securities Limited,25,667.2,16680.0,2025-07-17 14:01:33.610171
2025-07-17,42371,2025071703018947,MPFL,Asian Securities Private Ltd.,Sharepro Securities Private Limited,500,667.2,333600.0,2025-07-17 14:02:53.493833
2025-07-17,41534,2025071703019107,MPFL,Asian Securities Private Ltd.,Nepal Stock House (PVT) Ltd.,100,670.0,67000.0,2025-07-17 14:04:18.980884
2025-07-17,41533,2025071703019108,MPFL,Asian Securities Private Ltd.,Pragyan Securities (PVT) Ltd.,10,670.0,6700.0,2025-07-17 14:04:18.980919
2025-07-17,41532,2025071703019109,MPFL,Asian Securities Private Ltd.,Secured Securities Ltd.,20,671.0,13420.0,2025-07-17 14:04:18.980943
2025-07-17,41531,2025071703019110,MPFL,Asian Securities Private Ltd.,Premier Securities Company Ltd.,200,671.0,134200.0,2025-07-17 14:04:18.980971
2025-07-17,41530,2025071703019111,MPFL,Asian Securities Private Ltd.,Asian Securities Private Ltd.,165,671.5,110797.5,2025-07-17 14:04:18.981006
2025-07-17,41529,2025071703019112,MPFL,Asian Securities Private Ltd.,Online Securities Pvt. Ltd.,150,672.0,100800.0,2025-07-17 14:04:18.981038
2025-07-17,41528,2025071703019113,MPFL,Asian Securities Private Ltd.,Naasa Securities Co. Ltd.,50,672.0,33600.0,2025-07-17 14:04:18.981063
2025-07-17,41527,2025071703019114,MPFL,Asian Securities Private Ltd.,Neev Securities Pvt. Ltd.,100,672.9,67290.0,2025-07-17 14:04:18.981089
2025-07-17,41526,2025071703019115,MPFL,Asian Securities Private Ltd.,Primo Securities (PVT) Ltd.,110,673.0,74030.0,2025-07-17 14:04:18.981119
2025-07-17,41525,2025071703019116,MPFL,Asian Securities Private Ltd.,Online Securities Pvt. Ltd.,200,673.0,134600.0,2025-07-17 14:04:18.981143
2025-07-17,41524,2025071703019117,MPFL,Asian Securities Private Ltd.,Primo Securities (PVT) Ltd.,500,673.2,336600.0,2025-07-17 14:04:18.981166
2025-07-17,41523,2025071703019118,MPFL,Asian Securities Private Ltd.,Online Securities Pvt. Ltd.,100,673.2,67320.0,2025-07-17 14:04:18.981190
2025-07-17,41522,2025071703019119,MPFL,Asian Securities Private Ltd.,Agrawal Securities (PVT) Ltd.,50,675.0,33750.0,2025-07-17 14:04:18.981214
2025-07-17,41521,2025071703019120,MPFL,Asian Securities Private Ltd.,Kohinoor Investment & Securities Pvt. Ltd.,46,675.0,31050.0,2025-07-17 14:04:18.981238
2025-07-17,41520,2025071703019121,MPFL,Asian Securities Private Ltd.,Aakashbhairab Securities Ltd.,25,675.0,16875.0,2025-07-17 14:04:18.981263
2025-07-17,41519,2025071703019122,MPFL,Asian Securities Private Ltd.,Online Securities Pvt. Ltd.,115,675.0,77625.0,2025-07-17 14:04:18.981286
2025-07-17,41518,2025071703019123,MPFL,Asian Securities Private Ltd.,Sumeru Securities Pvt. Ltd.,306,675.0,206550.0,2025-07-17 14:04:18.981309
2025-07-17,41517,2025071703019124,MPFL,Asian Securities Private Ltd.,Bhrikuti Stock Broking Co. Pvt. Ltd.,200,678.0,135600.0,2025-07-17 14:04:18.981353
2025-07-17,41516,2025071703019125,MPFL,Asian Securities Private Ltd.,Naasa Securities Co. Ltd.,100,678.3,67830.0,2025-07-17 14:04:18.981374
2025-07-17,41515,2025071703019126,MPFL,Asian Securities Private Ltd.,J.F. Securites (PVT) Ltd.,10,678.3,6783.0,2025-07-17 14:04:18.981394
2025-07-17,41514,2025071703019127,MPFL,Asian Securities Private Ltd.,Indira securities pvt. ltd,100,678.3,67830.0,2025-07-17 14:04:18.981436
2025-07-17,41513,2025071703019128,MPFL,Asian Securities Private Ltd.,Naasa Securities Co. Ltd.,50,678.3,33915.0,2025-07-17 14:04:18.981456
2025-07-17,41512,2025071703019129,MPFL,Asian Securities Private Ltd.,Naasa Securities Co. Ltd.,100,678.3,67830.0,2025-07-17 14:04:18.981478
2025-07-17,41511,2025071703019130,MPFL,Asian Securities Private Ltd.,Trisul Securities & Invt. Ltd.,20,679.0,13580.0,2025-07-17 14:04:18.981499
2025-07-17,41510,2025071703019131,MPFL,Asian Securities Private Ltd.,Siprabi Securities Pvt. Ltd.,10,679.0,6790.0,2025-07-17 14:04:18.981520
2025-07-17,41509,2025071703019132,MPFL,Asian Securities Private Ltd.,Premier Securities Company Ltd.,25,679.9,16997.5,2025-07-17 14:04:18.981544
2025-07-17,41508,2025071703019133,MPFL,Asian Securities Private Ltd.,Shree Krishna Securities Ltd.,50,680.0,34000.0,2025-07-17 14:04:18.981569
2025-07-17,41507,2025071703019134,MPFL,Asian Securities Private Ltd.,Vision Securities Pvt. Ltd,100,680.0,68000.0,2025-07-17 14:04:18.981591
2025-07-17,41506,2025071703019135,MPFL,Asian Securities Private Ltd.,Ashutosh Brokerage & Securities (PVT) Ltd.,250,680.0,170000.0,2025-07-17 14:04:18.981613
2025-07-17,41505,2025071703019136,MPFL,Asian Securities Private Ltd.,Kalika Securities Pvt. Ltd.,200,680.0,136000.0,2025-07-17 14:04:18.981637
2025-07-17,41504,2025071703019137,MPFL,Asian Securities Private Ltd.,Online Securities Pvt. Ltd.,150,680.0,102000.0,2025-07-17 14:04:18.981667
2025-07-17,41503,2025071703019138,MPFL,Asian Securities Private Ltd.,Aryatara Investment & Securities,500,680.0,340000.0,2025-07-17 14:04:18.981705
2025-07-17,41502,2025071703019139,MPFL,Asian Securities Private Ltd.,Cristal Kanchanjanga Securites Pvt. Ltd.,50,680.0,34000.0,2025-07-17 14:04:18.981727
2025-07-17,41501,2025071703019140,MPFL,Asian Securities Private Ltd.,Premier Securities Company Ltd.,1000,680.5,680500.0,2025-07-17 14:04:18.981750
2025-07-17,41500,2025071703019141,MPFL,Asian Securities Private Ltd.,South Asian Bulls Pvt. Ltd.,105,680.5,71452.5,2025-07-17 14:04:18.981779
2025-07-17,41499,2025071703019142,MPFL,Asian Securities Private Ltd.,Kumari Securities Private Limited,350,681.0,238350.0,2025-07-17 14:04:18.981819
2025-07-17,41498,2025071703019143,MPFL,Asian Securities Private Ltd.,Premier Securities Company Ltd.,11,681.0,7491.0,2025-07-17 14:04:18.981846
2025-07-17,41497,2025071703019144,MPFL,Asian Securities Private Ltd.,Imperial Securities Company Pvt. Ltd.,11,681.3,7494.3,2025-07-17 14:04:18.981867
2025-07-17,41496,2025071703019145,MPFL,Asian Securities Private Ltd.,Primo Securities (PVT) Ltd.,100,681.3,68130.0,2025-07-17 14:04:18.981894
2025-07-17,41495,2025071703019146,MPFL,Asian Securities Private Ltd.,Premier Securities Company Ltd.,25,682.0,17050.0,2025-07-17 14:04:18.981924
2025-07-17,41494,2025071703019147,MPFL,Asian Securities Private Ltd.,Oxford Securities Pvt. Ltd.,430,683.0,293690.0,2025-07-17 14:04:18.981954
2025-07-17,40978,2025071703019230,MPFL,Online Securities Pvt. Ltd.,Ashutosh Brokerage & Securities (PVT) Ltd.,40,670.0,26800.0,2025-07-17 14:05:15.025836
2025-07-17,40921,2025071703019251,MPFL,Vision Securities Pvt. Ltd,Ashutosh Brokerage & Securities (PVT) Ltd.,425,670.0,284750.0,2025-07-17 14:05:19.893604
2025-07-17,36187,2025071703020291,MPFL,Thrive Brokerage House Pvt. Ltd,Nepal Stock House (PVT) Ltd.,50,675.0,33750.0,2025-07-17 14:12:42.338260
2025-07-17,35167,2025071703020537,MPFL,Naasa Securities Co. Ltd.,Nepal Stock House (PVT) Ltd.,50,676.0,33800.0,2025-07-17 14:14:30.309012
2025-07-17,34627,2025071703020624,MPFL,Vision Securities Pvt. Ltd,Linch Stock Market Ltd.,100,679.9,67990.0,2025-07-17 14:15:35.763935
2025-07-17,34626,2025071703020625,MPFL,Vision Securities Pvt. Ltd,Dakshinkali Investment & Securities Pvt. Ltd.,10,680.0,6800.0,2025-07-17 14:15:35.764058
2025-07-17,34625,2025071703020626,MPFL,Vision Securities Pvt. Ltd,Nepal Stock House (PVT) Ltd.,50,680.0,34000.0,2025-07-17 14:15:35.764119
2025-07-17,34624,2025071703020627,MPFL,Vision Securities Pvt. Ltd,Opal Securities Investment (PVT) Ltd.,140,680.0,95200.0,2025-07-17 14:15:35.764166
2025-07-17,34470,2025071703020647,MPFL,Thrive Brokerage House Pvt. Ltd,Opal Securities Investment (PVT) Ltd.,60,680.0,40800.0,2025-07-17 14:15:47.516907
2025-07-17,34469,2025071703020648,MPFL,Thrive Brokerage House Pvt. Ltd,Dakshinkali Investment & Securities Pvt. Ltd.,40,680.0,27200.0,2025-07-17 14:15:47.517144
2025-07-17,34065,2025071703020760,MPFL,Naasa Securities Co. Ltd.,Sanima Securities Limited,25,676.0,16900.0,2025-07-17 14:16:38.237117
2025-07-17,33983,2025071703020791,MPFL,Sweta Securities Private Limited,Dakshinkali Investment & Securities Pvt. Ltd.,60,680.0,40800.0,2025-07-17 14:16:47.452339
2025-07-17,33982,2025071703020792,MPFL,Sweta Securities Private Limited,Sanima Securities Limited,25,680.0,17000.0,2025-07-17 14:16:47.452444
2025-07-17,33813,2025071703020851,MPFL,Sweta Securities Private Limited,Thrive Brokerage House Pvt. Ltd,115,680.0,78200.0,2025-07-17 14:17:13.191796
2025-07-17,33637,2025071703020896,MPFL,Vision Securities Pvt. Ltd,Nepal Stock House (PVT) Ltd.,100,682.0,68200.0,2025-07-17 14:17:33.747124
2025-07-17,33636,2025071703020897,MPFL,Vision Securities Pvt. Ltd,Vision Securities Pvt. Ltd,10,683.0,6830.0,2025-07-17 14:17:33.747234
2025-07-17,33635,2025071703020898,MPFL,Vision Securities Pvt. Ltd,Dipshikha Dhitopatra Karobar Co. Pvt Ltd.,97,683.0,66251.0,2025-07-17 14:17:33.747290
2025-07-17,33634,2025071703020899,MPFL,Vision Securities Pvt. Ltd,Bhrikuti Stock Broking Co. Pvt. Ltd.,56,683.0,38248.0,2025-07-17 14:17:33.747391
2025-07-17,33633,2025071703020900,MPFL,Vision Securities Pvt. Ltd,Sumeru Securities Pvt. Ltd.,137,683.0,93571.0,2025-07-17 14:17:33.747512
2025-07-17,33229,2025071703020981,MPFL,Vision Securities Pvt. Ltd,Sumeru Securities Pvt. Ltd.,63,683.0,43029.0,2025-07-17 14:18:08.198328
2025-07-17,33228,2025071703020982,MPFL,Vision Securities Pvt. Ltd,Cristal Kanchanjanga Securites Pvt. Ltd.,20,683.0,13660.0,2025-07-17 14:18:08.198550
2025-07-17,33227,2025071703020983,MPFL,Vision Securities Pvt. Ltd,Dakshinkali Investment & Securities Pvt. Ltd.,17,683.0,11611.0,2025-07-17 14:18:08.198682
2025-07-17,32409,2025071703021114,MPFL,Pragyan Securities (PVT) Ltd.,Trisul Securities & Invt. Ltd.,100,683.0,68300.0,2025-07-17 14:19:28.552365
2025-07-17,32198,2025071703021154,MPFL,Pragyan Securities (PVT) Ltd.,Thrive Brokerage House Pvt. Ltd,83,683.0,56689.0,2025-07-17 14:19:52.364283
2025-07-17,30913,2025071703021457,MPFL,Sundhara Securities Limited,Premier Securities Company Ltd.,10,682.0,6820.0,2025-07-17 14:22:15.142225
2025-07-17,30269,2025071703021587,MPFL,Vision Securities Pvt. Ltd,Nepal Investment And Securities Trading Private Limited,10,676.1,6761.0,2025-07-17 14:23:21.677689
2025-07-17,30134,2025071703021616,MPFL,Vision Securities Pvt. Ltd,Vision Securities Pvt. Ltd,50,676.1,33805.0,2025-07-17 14:23:35.603193
2025-07-17,29231,2025071703021786,MPFL,Vision Securities Pvt. Ltd,Market Securities & Exchange (PVT) Ltd.,200,676.1,135220.0,2025-07-17 14:25:11.690092
2025-07-17,28865,2025071703021850,MPFL,Vision Securities Pvt. Ltd,Trademow Securities Private Limited,100,676.3,67630.0,2025-07-17 14:25:56.848272
2025-07-17,27834,2025071703021997,MPFL,Vision Securities Pvt. Ltd,S.P.S.A. Securities Limited,50,676.3,33815.0,2025-07-17 14:27:51.868048
2025-07-17,27231,2025071703022100,MPFL,Vision Securities Pvt. Ltd,Siprabi Securities Pvt. Ltd.,70,676.3,47341.0,2025-07-17 14:28:54.708350
2025-07-17,26938,2025071703022160,MPFL,Vision Securities Pvt. Ltd,Beni Securities Pvt.Ltd.,20,676.3,13526.0,2025-07-17 14:29:21.293733
2025-07-17,26937,2025071703022161,MPFL,Dipshikha Dhitopatra Karobar Co. Pvt Ltd.,Beni Securities Pvt.Ltd.,500,676.3,338150.0,2025-07-17 14:29:21.293865
2025-07-17,26936,2025071703022162,MPFL,Aryatara Investment & Securities,Beni Securities Pvt.Ltd.,80,676.2,54096.0,2025-07-17 14:29:21.293924
2025-07-17,25713,2025071703022436,MPFL,Aryatara Investment & Securities,Sri Hari Securities Pvt. Ltd.,120,676.2,81144.0,2025-07-17 14:31:03.197951
2025-07-17,25638,2025071703022451,MPFL,Naasa Securities Co. Ltd.,Dipshikha Dhitopatra Karobar Co. Pvt Ltd.,125,676.0,84500.0,2025-07-17 14:31:11.104044
2025-07-17,25637,2025071703022452,MPFL,Sweta Securities Private Limited,Dipshikha Dhitopatra Karobar Co. Pvt Ltd.,50,676.0,33800.0,2025-07-17 14:31:11.104185
2025-07-17,25636,2025071703022453,MPFL,Sweta Securities Private Limited,Dipshikha Dhitopatra Karobar Co. Pvt Ltd.,50,676.0,33800.0,2025-07-17 14:31:11.104261
2025-07-17,25635,2025071703022454,MPFL,Magnet Securities and Investment Company Private Limited,Dipshikha Dhitopatra Karobar Co. Pvt Ltd.,500,672.0,336000.0,2025-07-17 14:31:11.104314
2025-07-17,25634,2025071703022455,MPFL,Vision Securities Pvt. Ltd,Dipshikha Dhitopatra Karobar Co. Pvt Ltd.,75,670.0,50250.0,2025-07-17 14:31:11.104365
2025-07-17,25633,2025071703022456,MPFL,Imperial Securities Company Pvt. Ltd.,Dipshikha Dhitopatra Karobar Co. Pvt Ltd.,150,670.0,100500.0,2025-07-17 14:31:11.104414
2025-07-17,25156,2025071703022556,MPFL,Sani Securities Company Ltd.,Dipshikha Dhitopatra Karobar Co. Pvt Ltd.,25,670.0,16750.0,2025-07-17 14:31:47.435909
2025-07-17,22552,2025071703023031,MPFL,Vision Securities Pvt. Ltd,J.F. Securites (PVT) Ltd.,180,667.1,120078.0,2025-07-17 14:35:08.304961
2025-07-17,22350,2025071703023067,MPFL,Vision Securities Pvt. Ltd,Beni Securities Pvt.Ltd.,120,667.1,80052.0,2025-07-17 14:35:24.230573
2025-07-17,22349,2025071703023068,MPFL,Premier Securities Company Ltd.,Beni Securities Pvt.Ltd.,100,667.0,66700.0,2025-07-17 14:35:24.230707
2025-07-17,22348,2025071703023069,MPFL,Dynamic Money Managers Securities Pvt. Ltd.,Beni Securities Pvt.Ltd.,280,667.0,186760.0,2025-07-17 14:35:24.230766
2025-07-17,21924,2025071703023167,MPFL,Dynamic Money Managers Securities Pvt. Ltd.,Beni Securities Pvt.Ltd.,500,667.0,333500.0,2025-07-17 14:35:56.854848
2025-07-17,20791,2025071703023389,MPFL,Indira securities pvt. ltd,Trademow Securities Private Limited,200,667.1,133420.0,2025-07-17 14:37:27.542470
2025-07-17,18704,2025071703023881,MPFL,Dynamic Money Managers Securities Pvt. Ltd.,J.F. Securites (PVT) Ltd.,200,667.5,133500.0,2025-07-17 14:40:09.034767
2025-07-17,18519,2025071703023930,MPFL,Dynamic Money Managers Securities Pvt. Ltd.,Beni Securities Pvt.Ltd.,20,667.5,13350.0,2025-07-17 14:40:29.630794
2025-07-17,18518,2025071703023931,MPFL,Indira securities pvt. ltd,Beni Securities Pvt.Ltd.,480,667.2,320256.0,2025-07-17 14:40:29.630926
2025-07-17,18346,2025071703023964,MPFL,Indira securities pvt. ltd,Imperial Securities Company Pvt. Ltd.,22,668.0,14696.0,2025-07-17 14:40:46.736018
2025-07-17,18345,2025071703023965,MPFL,Indira securities pvt. ltd,Secured Securities Ltd.,125,669.0,83625.0,2025-07-17 14:40:46.736142
2025-07-17,18344,2025071703023966,MPFL,Indira securities pvt. ltd,Aryatara Investment & Securities,10,669.0,6690.0,2025-07-17 14:40:46.736218
2025-07-17,18343,2025071703023967,MPFL,Indira securities pvt. ltd,Dipshikha Dhitopatra Karobar Co. Pvt Ltd.,25,670.0,16750.0,2025-07-17 14:40:46.736292
2025-07-17,18342,2025071703023968,MPFL,Indira securities pvt. ltd,Naasa Securities Co. Ltd.,318,670.0,213060.0,2025-07-17 14:40:46.736381
2025-07-17,18112,2025071703024011,MPFL,Indira securities pvt. ltd,Naasa Securities Co. Ltd.,82,670.0,54940.0,2025-07-17 14:41:10.823800
2025-07-17,18111,2025071703024012,MPFL,Indira securities pvt. ltd,Imperial Securities Company Pvt. Ltd.,218,670.0,146060.0,2025-07-17 14:41:10.823838
2025-07-17,17850,2025071703024055,MPFL,K.B.L. Securities Limited ,Sewa Securities Pvt. Ltd.,15,666.0,9990.0,2025-07-17 14:41:39.394549
2025-07-17,17736,2025071703024087,MPFL,Dynamic Money Managers Securities Pvt. Ltd.,Beni Securities Pvt.Ltd.,100,663.0,66300.0,2025-07-17 14:41:54.296325
2025-07-17,17735,2025071703024088,MPFL,Nepal Investment And Securities Trading Private Limited,Beni Securities Pvt.Ltd.,50,660.0,33000.0,2025-07-17 14:41:54.296559
2025-07-17,17734,2025071703024089,MPFL,Magnet Securities and Investment Company Private Limited,Beni Securities Pvt.Ltd.,470,660.0,310200.0,2025-07-17 14:41:54.296704
2025-07-17,16157,2025071703024516,MPFL,Indira securities pvt. ltd,Sewa Securities Pvt. Ltd.,50,663.4,33170.0,2025-07-17 14:44:10.786625
2025-07-17,14417,2025071703024989,MPFL,Bhrikuti Stock Broking Co. Pvt. Ltd.,Naasa Securities Co. Ltd.,10,669.0,6690.0,2025-07-17 14:46:27.050653
2025-07-17,14416,2025071703024990,MPFL,Bhrikuti Stock Broking Co. Pvt. Ltd.,Imperial Securities Company Pvt. Ltd.,40,670.0,26800.0,2025-07-17 14:46:27.050798
2025-07-17,13327,2025071703025214,MPFL,Pragyan Securities (PVT) Ltd.,Imperial Securities Company Pvt. Ltd.,42,670.0,28140.0,2025-07-17 14:47:55.406984
2025-07-17,13229,2025071703025243,MPFL,Asian Securities Private Ltd.,Premier Securities Company Ltd.,189,674.0,127386.0,2025-07-17 14:48:04.292246
2025-07-17,7140,2025071703026401,MPFL,Indira securities pvt. ltd,Premier Securities Company Ltd.,11,672.9,7401.9,2025-07-17 14:55:39.925137
2025-07-17,7139,2025071703026402,MPFL,Indira securities pvt. ltd,Opal Securities Investment (PVT) Ltd.,289,673.0,194497.0,2025-07-17 14:55:39.925240
2025-07-17,4112,2025071703026949,MPFL,Pragyan Securities (PVT) Ltd.,Premier Securities Company Ltd.,28,670.0,18760.0,2025-07-17 14:58:14.007359
2025-07-17,4111,2025071703026950,MPFL,Malla & Malla Stock Broking Company Pvt. Limited,Premier Securities Company Ltd.,30,670.0,20100.0,2025-07-17 14:58:14.007488
2025-07-17,3543,2025071703027086,MPFL,Imperial Securities Company Pvt. Ltd.,Premier Securities Company Ltd.,142,670.0,95140.0,2025-07-17 14:58:38.215209
2025-07-17,2738,2025071703027266,MPFL,Investment Management Nepal Pvt. Ltd.,Sewa Securities Pvt. Ltd.,10,673.0,6730.0,2025-07-17 14:59:04.749397
2025-07-17,2055,2025071703027398,MPFL,Imperial Securities Company Pvt. Ltd.,Sewa Securities Pvt. Ltd.,250,673.0,168250.0,2025-07-17 14:59:23.707698
2025-07-17,2054,2025071703027399,MPFL,Imperial Securities Company Pvt. Ltd.,SUN SECURITIES PVT LTD,30,673.0,20190.0,2025-07-17 14:59:23.707827
2025-07-17,2053,2025071703027400,MPFL,Imperial Securities Company Pvt. Ltd.,Imperial Securities Company Pvt. Ltd.,31,673.0,20863.0,2025-07-17 14:59:23.707888
2025-07-17,2052,2025071703027401,MPFL,Imperial Securities Company Pvt. Ltd.,Trishakti Securities Public Limited,189,673.0,127197.0,2025-07-17 14:59:23.707947
2025-07-17,1331,2025071703027564,MPFL,Aryatara Investment & Securities,Trishakti Securities Public Limited,111,673.0,74703.0,2025-07-17 14:59:39.069310
2025-07-17,1172,2025071703027643,MPFL,Aryatara Investment & Securities,Aryatara Investment & Securities,389,673.0,261797.0,2025-07-17 14:59:41.110827
2025-07-17,1171,2025071703027644,MPFL,Opal Securities Investment (PVT) Ltd.,Aryatara Investment & Securities,111,672.0,74592.0,2025-07-17 14:59:41.110868
2025-07-17,400,2025071703027775,MPFL,Opal Securities Investment (PVT) Ltd.,Kohinoor Investment & Securities Pvt. Ltd.,20,672.0,13440.0,2025-07-17 14:59:54.824693
