Date,S.N.,Contract ID,Symbol,Buyer Broker,Seller Broker,volume,rate,amount,transaction_time
2025-07-17,140485,2025071705000116,NIFRA,Vision Securities Pvt. Ltd,Bhrikuti Stock Broking Co. Pvt. Ltd.,300,285.0,85500.0,2025-07-17 11:02:58.242796
2025-07-17,140484,2025071705000117,NIFRA,Vision Securities Pvt. Ltd,Sri Hari Securities Pvt. Ltd.,200,285.0,57000.0,2025-07-17 11:02:58.242914
2025-07-17,140419,2025071705000133,NIFRA,Dipshikha Dhitopatra Karobar Co. Pvt Ltd.,Sri Hari Securities Pvt. Ltd.,300,285.0,85500.0,2025-07-17 11:03:10.298675
2025-07-17,140418,2025071705000134,NIFRA,Dipshikha Dhitopatra Karobar Co. Pvt Ltd.,Investment Management Nepal Pvt. Ltd.,1500,285.9,428850.0,2025-07-17 11:03:10.298763
2025-07-17,140417,2025071705000135,NIFRA,Dipshikha Dhitopatra Karobar Co. Pvt Ltd.,Aryatara Investment & Securities,54,286.0,15444.0,2025-07-17 11:03:10.298808
2025-07-17,140416,2025071705000136,NIFRA,Dipshikha Dhitopatra Karobar Co. Pvt Ltd.,Bhrikuti Stock Broking Co. Pvt. Ltd.,300,286.0,85800.0,2025-07-17 11:03:10.298865
2025-07-17,140415,2025071705000137,NIFRA,Dipshikha Dhitopatra Karobar Co. Pvt Ltd.,Vision Securities Pvt. Ltd,300,286.0,85800.0,2025-07-17 11:03:10.298908
2025-07-17,140414,2025071705000138,NIFRA,Dipshikha Dhitopatra Karobar Co. Pvt Ltd.,Aakashbhairab Securities Ltd.,108,287.0,30996.0,2025-07-17 11:03:10.298949
2025-07-17,140413,2025071705000139,NIFRA,Dipshikha Dhitopatra Karobar Co. Pvt Ltd.,Bhrikuti Stock Broking Co. Pvt. Ltd.,400,287.0,114800.0,2025-07-17 11:03:10.299003
2025-07-17,140412,2025071705000140,NIFRA,Dipshikha Dhitopatra Karobar Co. Pvt Ltd.,Online Securities Pvt. Ltd.,32,287.0,9184.0,2025-07-17 11:03:10.299041
2025-07-17,140411,2025071705000141,NIFRA,Dipshikha Dhitopatra Karobar Co. Pvt Ltd.,J.F. Securites (PVT) Ltd.,100,287.1,28710.0,2025-07-17 11:03:10.299080
2025-07-17,140410,2025071705000142,NIFRA,Dipshikha Dhitopatra Karobar Co. Pvt Ltd.,Premier Securities Company Ltd.,1000,287.2,287200.0,2025-07-17 11:03:10.299116
2025-07-17,140409,2025071705000143,NIFRA,Dipshikha Dhitopatra Karobar Co. Pvt Ltd.,Cristal Kanchanjanga Securites Pvt. Ltd.,10,287.2,2872.0,2025-07-17 11:03:10.299160
2025-07-17,140408,2025071705000144,NIFRA,Dipshikha Dhitopatra Karobar Co. Pvt Ltd.,Neev Securities Pvt. Ltd.,200,287.2,57440.0,2025-07-17 11:03:10.299197
2025-07-17,140407,2025071705000145,NIFRA,Dipshikha Dhitopatra Karobar Co. Pvt Ltd.,Cristal Kanchanjanga Securites Pvt. Ltd.,500,287.2,143600.0,2025-07-17 11:03:10.299233
2025-07-17,140406,2025071705000146,NIFRA,Dipshikha Dhitopatra Karobar Co. Pvt Ltd.,Nepal Investment And Securities Trading Private Limited,1000,287.2,287200.0,2025-07-17 11:03:10.299269
2025-07-17,140397,2025071705000151,NIFRA,Dipshikha Dhitopatra Karobar Co. Pvt Ltd.,Sri Hari Securities Pvt. Ltd.,196,287.2,56291.2,2025-07-17 11:03:11.355208
2025-07-17,140303,2025071705000161,NIFRA,South Asian Bulls Pvt. Ltd.,Sri Hari Securities Pvt. Ltd.,804,285.0,229140.0,2025-07-17 11:03:29.844058
2025-07-17,140302,2025071705000162,NIFRA,South Asian Bulls Pvt. Ltd.,Dynamic Money Managers Securities Pvt. Ltd.,64,285.0,18240.0,2025-07-17 11:03:29.844244
2025-07-17,140004,2025071705000217,NIFRA,Dipshikha Dhitopatra Karobar Co. Pvt Ltd.,Dipshikha Dhitopatra Karobar Co. Pvt Ltd.,10,290.0,2900.0,2025-07-17 11:04:12.187563
2025-07-17,139528,2025071705000282,NIFRA,Sundhara Securities Limited,Vision Securities Pvt. Ltd,200,288.9,57780.0,2025-07-17 11:05:13.335005
2025-07-17,139504,2025071705000286,NIFRA,SUN SECURITIES PVT LTD,Secured Securities Ltd.,32,287.0,9184.0,2025-07-17 11:05:16.590429
2025-07-17,139318,2025071705000322,NIFRA,Dipshikha Dhitopatra Karobar Co. Pvt Ltd.,Aryatara Investment & Securities,10,288.8,2888.0,2025-07-17 11:05:39.137473
2025-07-17,139032,2025071705000350,NIFRA,Sri Hari Securities Pvt. Ltd.,Creative Securities Pvt Ltd,300,288.0,86400.0,2025-07-17 11:06:12.827764
2025-07-17,139031,2025071705000351,NIFRA,Midas Stock Broking Company Private Limited,Creative Securities Pvt Ltd,500,286.1,143050.0,2025-07-17 11:06:12.827830
2025-07-17,139030,2025071705000352,NIFRA,Aryatara Investment & Securities,Creative Securities Pvt Ltd,100,286.1,28610.0,2025-07-17 11:06:12.827861
2025-07-17,139029,2025071705000353,NIFRA,Sharepro Securities Private Limited,Creative Securities Pvt Ltd,2300,286.0,657800.0,2025-07-17 11:06:12.827885
2025-07-17,139028,2025071705000354,NIFRA,Linch Stock Market Ltd.,Creative Securities Pvt Ltd,200,286.0,57200.0,2025-07-17 11:06:12.827914
2025-07-17,138951,2025071705000375,NIFRA,Dipshikha Dhitopatra Karobar Co. Pvt Ltd.,Vision Securities Pvt. Ltd,10,288.5,2885.0,2025-07-17 11:06:27.608049
2025-07-17,138652,2025071705000439,NIFRA,Dipshikha Dhitopatra Karobar Co. Pvt Ltd.,Kumari Securities Private Limited,50,288.4,14420.0,2025-07-17 11:07:03.940623
2025-07-17,138651,2025071705000440,NIFRA,Dipshikha Dhitopatra Karobar Co. Pvt Ltd.,Dipshikha Dhitopatra Karobar Co. Pvt Ltd.,10,288.4,2884.0,2025-07-17 11:07:03.940806
2025-07-17,138650,2025071705000441,NIFRA,Dipshikha Dhitopatra Karobar Co. Pvt Ltd.,Vision Securities Pvt. Ltd,130,288.5,37505.0,2025-07-17 11:07:03.940867
2025-07-17,138354,2025071705000517,NIFRA,Aryatara Investment & Securities,Creative Securities Pvt Ltd,300,288.2,86460.0,2025-07-17 11:07:35.929866
2025-07-17,138353,2025071705000518,NIFRA,Aryatara Investment & Securities,Bhrikuti Stock Broking Co. Pvt. Ltd.,700,288.4,201880.0,2025-07-17 11:07:35.930132
2025-07-17,138298,2025071705000528,NIFRA,Dipshikha Dhitopatra Karobar Co. Pvt Ltd.,Bhrikuti Stock Broking Co. Pvt. Ltd.,110,288.4,31724.0,2025-07-17 11:07:44.258865
2025-07-17,138166,2025071705000553,NIFRA,Secured Securities Ltd.,Vision Securities Pvt. Ltd,60,288.3,17298.0,2025-07-17 11:08:05.784850
2025-07-17,138165,2025071705000554,NIFRA,Secured Securities Ltd.,Trishakti Securities Public Limited,200,288.3,57660.0,2025-07-17 11:08:05.785023
2025-07-17,138164,2025071705000555,NIFRA,Secured Securities Ltd.,Creative Securities Pvt Ltd,200,288.3,57660.0,2025-07-17 11:08:05.785089
2025-07-17,138163,2025071705000556,NIFRA,Secured Securities Ltd.,Bhrikuti Stock Broking Co. Pvt. Ltd.,190,288.4,54796.0,2025-07-17 11:08:05.785154
2025-07-17,138162,2025071705000557,NIFRA,Secured Securities Ltd.,Aryatara Investment & Securities,500,288.4,144200.0,2025-07-17 11:08:05.785217
2025-07-17,138161,2025071705000558,NIFRA,Secured Securities Ltd.,ABC Securities Private Limited,1850,288.4,533540.0,2025-07-17 11:08:05.785277
2025-07-17,138113,2025071705000576,NIFRA,Trishakti Securities Public Limited,Vision Securities Pvt. Ltd,300,286.6,85980.0,2025-07-17 11:08:10.497288
2025-07-17,137886,2025071705000609,NIFRA,K.B.L. Securities Limited ,Dipshikha Dhitopatra Karobar Co. Pvt Ltd.,10,288.1,2881.0,2025-07-17 11:08:30.579297
2025-07-17,137885,2025071705000610,NIFRA,K.B.L. Securities Limited ,Deevyaa Securities & Stock House Pvt. Ltd,634,288.2,182718.8,2025-07-17 11:08:30.579351
2025-07-17,137884,2025071705000611,NIFRA,K.B.L. Securities Limited ,ABC Securities Private Limited,2450,288.4,706580.0,2025-07-17 11:08:30.579374
2025-07-17,137883,2025071705000612,NIFRA,K.B.L. Securities Limited ,Sri Hari Securities Pvt. Ltd.,1000,288.5,288500.0,2025-07-17 11:08:30.579394
2025-07-17,137882,2025071705000613,NIFRA,K.B.L. Securities Limited ,Investment Management Nepal Pvt. Ltd.,906,288.6,261471.6,2025-07-17 11:08:30.579418
2025-07-17,137213,2025071705000691,NIFRA,Sundhara Securities Limited,Nepal Stock House (PVT) Ltd.,45,287.1,12919.5,2025-07-17 11:09:49.099494
2025-07-17,137130,2025071705000705,NIFRA,Vision Securities Pvt. Ltd,Shree Krishna Securities Ltd.,10,287.8,2878.0,2025-07-17 11:09:59.768118
2025-07-17,137129,2025071705000706,NIFRA,Vision Securities Pvt. Ltd,Sharepro Securities Private Limited,990,288.0,285120.0,2025-07-17 11:09:59.768302
2025-07-17,137056,2025071705000724,NIFRA,NIMB Stock Markets Limited,Investment Management Nepal Pvt. Ltd.,594,288.6,171428.4,2025-07-17 11:10:05.834454
2025-07-17,137055,2025071705000725,NIFRA,NIMB Stock Markets Limited,Dipshikha Dhitopatra Karobar Co. Pvt Ltd.,12,288.6,3463.2,2025-07-17 11:10:05.834679
2025-07-17,137054,2025071705000726,NIFRA,NIMB Stock Markets Limited,Aryatara Investment & Securities,30,288.8,8664.0,2025-07-17 11:10:05.834758
2025-07-17,137053,2025071705000727,NIFRA,NIMB Stock Markets Limited,Nepal Stock House (PVT) Ltd.,50,288.8,14440.0,2025-07-17 11:10:05.834824
2025-07-17,137052,2025071705000728,NIFRA,NIMB Stock Markets Limited,Sumeru Securities Pvt. Ltd.,200,289.0,57800.0,2025-07-17 11:10:05.834891
2025-07-17,137051,2025071705000729,NIFRA,NIMB Stock Markets Limited,Online Securities Pvt. Ltd.,100,289.0,28900.0,2025-07-17 11:10:05.834958
2025-07-17,137050,2025071705000730,NIFRA,NIMB Stock Markets Limited,Nepal Stock House (PVT) Ltd.,400,289.0,115600.0,2025-07-17 11:10:05.835024
2025-07-17,137028,2025071705000736,NIFRA,NIMB Stock Markets Limited,Sri Hari Securities Pvt. Ltd.,1000,289.0,289000.0,2025-07-17 11:10:08.732280
2025-07-17,136947,2025071705000752,NIFRA,Trishakti Securities Public Limited,Nepal Stock House (PVT) Ltd.,50,289.8,14490.0,2025-07-17 11:10:16.065223
2025-07-17,136946,2025071705000753,NIFRA,Trishakti Securities Public Limited,Creative Securities Pvt Ltd,300,289.8,86940.0,2025-07-17 11:10:16.065445
2025-07-17,136945,2025071705000754,NIFRA,Trishakti Securities Public Limited,ABC Securities Private Limited,500,289.9,144950.0,2025-07-17 11:10:16.065515
2025-07-17,136944,2025071705000755,NIFRA,Trishakti Securities Public Limited,Creative Securities Pvt Ltd,1000,289.9,289900.0,2025-07-17 11:10:16.065582
2025-07-17,136850,2025071705000765,NIFRA,Trishakti Securities Public Limited,Sharepro Securities Private Limited,150,289.9,43485.0,2025-07-17 11:10:22.622358
2025-07-17,136849,2025071705000766,NIFRA,NIMB Stock Markets Limited,Sharepro Securities Private Limited,2450,289.0,708050.0,2025-07-17 11:10:22.622573
2025-07-17,136822,2025071705000778,NIFRA,Dipshikha Dhitopatra Karobar Co. Pvt Ltd.,Dipshikha Dhitopatra Karobar Co. Pvt Ltd.,10,290.0,2900.0,2025-07-17 11:10:24.378183
2025-07-17,136821,2025071705000779,NIFRA,Dipshikha Dhitopatra Karobar Co. Pvt Ltd.,Dipshikha Dhitopatra Karobar Co. Pvt Ltd.,30,290.0,8700.0,2025-07-17 11:10:24.378348
2025-07-17,136820,2025071705000780,NIFRA,Dipshikha Dhitopatra Karobar Co. Pvt Ltd.,Hatemalo Financial Services Private Limited,500,290.0,145000.0,2025-07-17 11:10:24.378434
2025-07-17,136819,2025071705000781,NIFRA,Dipshikha Dhitopatra Karobar Co. Pvt Ltd.,Trisul Securities & Invt. Ltd.,2400,290.0,696000.0,2025-07-17 11:10:24.378583
2025-07-17,136818,2025071705000782,NIFRA,Dipshikha Dhitopatra Karobar Co. Pvt Ltd.,Kohinoor Investment & Securities Pvt. Ltd.,500,290.0,145000.0,2025-07-17 11:10:24.378653
2025-07-17,136817,2025071705000783,NIFRA,Dipshikha Dhitopatra Karobar Co. Pvt Ltd.,Vision Securities Pvt. Ltd,400,290.0,116000.0,2025-07-17 11:10:24.378744
2025-07-17,136816,2025071705000784,NIFRA,Dipshikha Dhitopatra Karobar Co. Pvt Ltd.,Naasa Securities Co. Ltd.,1000,290.0,290000.0,2025-07-17 11:10:24.378810
2025-07-17,136815,2025071705000785,NIFRA,Dipshikha Dhitopatra Karobar Co. Pvt Ltd.,Shree Krishna Securities Ltd.,100,290.0,29000.0,2025-07-17 11:10:24.378873
2025-07-17,136814,2025071705000786,NIFRA,Dipshikha Dhitopatra Karobar Co. Pvt Ltd.,Online Securities Pvt. Ltd.,64,290.0,18560.0,2025-07-17 11:10:24.378936
2025-07-17,136813,2025071705000787,NIFRA,Dipshikha Dhitopatra Karobar Co. Pvt Ltd.,Sani Securities Company Ltd.,54,290.0,15660.0,2025-07-17 11:10:24.379003
2025-07-17,136812,2025071705000788,NIFRA,Dipshikha Dhitopatra Karobar Co. Pvt Ltd.,Secured Securities Ltd.,54,290.0,15660.0,2025-07-17 11:10:24.379073
2025-07-17,136811,2025071705000789,NIFRA,Dipshikha Dhitopatra Karobar Co. Pvt Ltd.,Swarna Laxmi Securities Pvt. Ltd.,333,290.0,96570.0,2025-07-17 11:10:24.379135
2025-07-17,136810,2025071705000790,NIFRA,Dipshikha Dhitopatra Karobar Co. Pvt Ltd.,Online Securities Pvt. Ltd.,64,290.0,18560.0,2025-07-17 11:10:24.379196
2025-07-17,136809,2025071705000791,NIFRA,Dipshikha Dhitopatra Karobar Co. Pvt Ltd.,Opal Securities Investment (PVT) Ltd.,300,290.0,87000.0,2025-07-17 11:10:24.379255
2025-07-17,136808,2025071705000792,NIFRA,Dipshikha Dhitopatra Karobar Co. Pvt Ltd.,Nepal Investment And Securities Trading Private Limited,105,290.0,30450.0,2025-07-17 11:10:24.379326
2025-07-17,136807,2025071705000793,NIFRA,Dipshikha Dhitopatra Karobar Co. Pvt Ltd.,Nepal Stock House (PVT) Ltd.,50,290.0,14500.0,2025-07-17 11:10:24.379393
2025-07-17,136806,2025071705000794,NIFRA,Dipshikha Dhitopatra Karobar Co. Pvt Ltd.,Trishakti Securities Public Limited,500,290.0,145000.0,2025-07-17 11:10:24.379453
2025-07-17,136699,2025071705000822,NIFRA,Sani Securities Company Ltd.,Midas Stock Broking Company Private Limited,43,290.0,12470.0,2025-07-17 11:10:35.245240
2025-07-17,136691,2025071705000824,NIFRA,Sani Securities Company Ltd.,Sharepro Securities Private Limited,957,290.0,277530.0,2025-07-17 11:10:36.719325
2025-07-17,136513,2025071705000854,NIFRA,Secured Securities Ltd.,Sharepro Securities Private Limited,2543,290.0,737470.0,2025-07-17 11:10:50.134211
2025-07-17,136479,2025071705000859,NIFRA,Secured Securities Ltd.,Sri Hari Securities Pvt. Ltd.,64,290.0,18560.0,2025-07-17 11:10:53.670817
2025-07-17,136431,2025071705000866,NIFRA,Secured Securities Ltd.,Dynamic Money Managers Securities Pvt. Ltd.,393,290.0,113970.0,2025-07-17 11:11:00.929521
2025-07-17,136430,2025071705000867,NIFRA,Dipshikha Dhitopatra Karobar Co. Pvt Ltd.,Dynamic Money Managers Securities Pvt. Ltd.,200,290.0,58000.0,2025-07-17 11:11:00.929695
2025-07-17,136066,2025071705000940,NIFRA,NIMB Stock Markets Limited,Linch Stock Market Ltd.,150,289.0,43350.0,2025-07-17 11:11:40.644954
2025-07-17,135880,2025071705000972,NIFRA,Dipshikha Dhitopatra Karobar Co. Pvt Ltd.,Sharepro Securities Private Limited,10,289.7,2897.0,2025-07-17 11:11:59.456824
2025-07-17,135858,2025071705000975,NIFRA,NIMB Stock Markets Limited,Dipshikha Dhitopatra Karobar Co. Pvt Ltd.,14,289.0,4046.0,2025-07-17 11:12:01.489868
2025-07-17,135696,2025071705000997,NIFRA,J.F. Securites (PVT) Ltd.,Sharepro Securities Private Limited,240,288.5,69240.0,2025-07-17 11:12:13.262085
2025-07-17,135615,2025071705001010,NIFRA,Kohinoor Investment & Securities Pvt. Ltd.,Dipshikha Dhitopatra Karobar Co. Pvt Ltd.,10,289.0,2890.0,2025-07-17 11:12:21.100938
2025-07-17,135602,2025071705001015,NIFRA,J.F. Securites (PVT) Ltd.,Capital Max Securities Ltd,110,288.5,31735.0,2025-07-17 11:12:21.710077
2025-07-17,135601,2025071705001016,NIFRA,Kumari Securities Private Limited,Capital Max Securities Ltd,100,287.8,28780.0,2025-07-17 11:12:21.710237
2025-07-17,135600,2025071705001017,NIFRA,Aryatara Investment & Securities,Capital Max Securities Ltd,700,287.2,201040.0,2025-07-17 11:12:21.710330
2025-07-17,135599,2025071705001018,NIFRA,Dipshikha Dhitopatra Karobar Co. Pvt Ltd.,Capital Max Securities Ltd,3536,287.2,1015539.2,2025-07-17 11:12:21.710404
2025-07-17,135598,2025071705001019,NIFRA,Sundhara Securities Limited,Capital Max Securities Ltd,1455,287.1,417730.5,2025-07-17 11:12:21.710476
2025-07-17,135597,2025071705001020,NIFRA,SUN SECURITIES PVT LTD,Capital Max Securities Ltd,68,287.0,19516.0,2025-07-17 11:12:21.710554
2025-07-17,135596,2025071705001021,NIFRA,Capital Max Securities Ltd,Capital Max Securities Ltd,531,287.0,152397.0,2025-07-17 11:12:21.710623
2025-07-17,135502,2025071705001035,NIFRA,Dipshikha Dhitopatra Karobar Co. Pvt Ltd.,Dynamic Money Managers Securities Pvt. Ltd.,400,288.0,115200.0,2025-07-17 11:12:29.895425
2025-07-17,135501,2025071705001036,NIFRA,Capital Max Securities Ltd,Dynamic Money Managers Securities Pvt. Ltd.,269,287.0,77203.0,2025-07-17 11:12:29.895848
2025-07-17,135452,2025071705001044,NIFRA,Dipshikha Dhitopatra Karobar Co. Pvt Ltd.,Dynamic Money Managers Securities Pvt. Ltd.,10,287.0,2870.0,2025-07-17 11:12:35.903454
2025-07-17,135394,2025071705001047,NIFRA,Kohinoor Investment & Securities Pvt. Ltd.,Dynamic Money Managers Securities Pvt. Ltd.,10,287.0,2870.0,2025-07-17 11:12:41.242961
2025-07-17,135309,2025071705001062,NIFRA,Sundhara Securities Limited,Dynamic Money Managers Securities Pvt. Ltd.,50,287.0,14350.0,2025-07-17 11:12:47.528457
2025-07-17,135278,2025071705001071,NIFRA,Trishakti Securities Public Limited,Nepal Investment And Securities Trading Private Limited,54,286.6,15476.4,2025-07-17 11:12:49.401830
2025-07-17,134939,2025071705001112,NIFRA,Vision Securities Pvt. Ltd,Primo Securities (PVT) Ltd.,500,286.9,143450.0,2025-07-17 11:13:21.783089
2025-07-17,134938,2025071705001113,NIFRA,Vision Securities Pvt. Ltd,Dynamic Money Managers Securities Pvt. Ltd.,500,287.0,143500.0,2025-07-17 11:13:21.783291
2025-07-17,134904,2025071705001127,NIFRA,Kohinoor Investment & Securities Pvt. Ltd.,Asian Securities Private Ltd.,10,286.7,2867.0,2025-07-17 11:13:23.553189
2025-07-17,134848,2025071705001155,NIFRA,Dipshikha Dhitopatra Karobar Co. Pvt Ltd.,Asian Securities Private Ltd.,44,286.7,12614.8,2025-07-17 11:13:26.415089
2025-07-17,134665,2025071705001176,NIFRA,Oxford Securities Pvt. Ltd.,Dynamic Money Managers Securities Pvt. Ltd.,6038,287.0,1732906.0,2025-07-17 11:13:40.936417
2025-07-17,134423,2025071705001198,NIFRA,Dipshikha Dhitopatra Karobar Co. Pvt Ltd.,Investment Management Nepal Pvt. Ltd.,10,288.9,2889.0,2025-07-17 11:14:06.889916
2025-07-17,134356,2025071705001215,NIFRA,Vision Securities Pvt. Ltd,Dipshikha Dhitopatra Karobar Co. Pvt Ltd.,300,287.3,86190.0,2025-07-17 11:14:12.997867
2025-07-17,133934,2025071705001286,NIFRA,Vision Securities Pvt. Ltd,Trishakti Securities Public Limited,100,288.5,28850.0,2025-07-17 11:14:52.878547
2025-07-17,133933,2025071705001287,NIFRA,Vision Securities Pvt. Ltd,J.F. Securites (PVT) Ltd.,10,288.7,2887.0,2025-07-17 11:14:52.878937
2025-07-17,133932,2025071705001288,NIFRA,Vision Securities Pvt. Ltd,Primo Securities (PVT) Ltd.,100,288.8,28880.0,2025-07-17 11:14:52.879195
2025-07-17,133931,2025071705001289,NIFRA,Vision Securities Pvt. Ltd,Investment Management Nepal Pvt. Ltd.,790,288.9,228231.0,2025-07-17 11:14:52.879471
2025-07-17,133828,2025071705001295,NIFRA,Oxford Securities Pvt. Ltd.,Investment Management Nepal Pvt. Ltd.,700,288.9,202230.0,2025-07-17 11:14:59.535205
2025-07-17,133827,2025071705001296,NIFRA,Oxford Securities Pvt. Ltd.,Dipshikha Dhitopatra Karobar Co. Pvt Ltd.,476,289.0,137564.0,2025-07-17 11:14:59.535440
2025-07-17,133826,2025071705001297,NIFRA,Oxford Securities Pvt. Ltd.,Primo Securities (PVT) Ltd.,1000,289.0,289000.0,2025-07-17 11:14:59.535537
2025-07-17,133825,2025071705001298,NIFRA,Oxford Securities Pvt. Ltd.,Siprabi Securities Pvt. Ltd.,350,289.0,101150.0,2025-07-17 11:14:59.535623
2025-07-17,133735,2025071705001311,NIFRA,NIMB Stock Markets Limited,Dipshikha Dhitopatra Karobar Co. Pvt Ltd.,10,289.7,2897.0,2025-07-17 11:15:07.156304
2025-07-17,133734,2025071705001312,NIFRA,NIMB Stock Markets Limited,Cristal Kanchanjanga Securites Pvt. Ltd.,50,289.7,14485.0,2025-07-17 11:15:07.156512
2025-07-17,133733,2025071705001313,NIFRA,NIMB Stock Markets Limited,Investment Management Nepal Pvt. Ltd.,1050,289.9,304395.0,2025-07-17 11:15:07.156608
2025-07-17,133732,2025071705001314,NIFRA,NIMB Stock Markets Limited,Linch Stock Market Ltd.,800,290.0,232000.0,2025-07-17 11:15:07.156696
2025-07-17,133731,2025071705001315,NIFRA,NIMB Stock Markets Limited,Sri Hari Securities Pvt. Ltd.,64,290.0,18560.0,2025-07-17 11:15:07.156779
2025-07-17,133730,2025071705001316,NIFRA,NIMB Stock Markets Limited,Naasa Securities Co. Ltd.,1345,290.0,390050.0,2025-07-17 11:15:07.156861
2025-07-17,133729,2025071705001317,NIFRA,NIMB Stock Markets Limited,Sweta Securities Private Limited,30,290.0,8700.0,2025-07-17 11:15:07.156940
2025-07-17,133728,2025071705001318,NIFRA,NIMB Stock Markets Limited,Linch Stock Market Ltd.,200,290.0,58000.0,2025-07-17 11:15:07.157027
2025-07-17,133727,2025071705001319,NIFRA,NIMB Stock Markets Limited,Trisul Securities & Invt. Ltd.,1000,290.0,290000.0,2025-07-17 11:15:07.157105
2025-07-17,133726,2025071705001320,NIFRA,NIMB Stock Markets Limited,South Asian Bulls Pvt. Ltd.,50,290.0,14500.0,2025-07-17 11:15:07.157192
2025-07-17,133725,2025071705001321,NIFRA,NIMB Stock Markets Limited,Thrive Brokerage House Pvt. Ltd,401,290.0,116290.0,2025-07-17 11:15:07.157270
2025-07-17,133656,2025071705001330,NIFRA,Oxford Securities Pvt. Ltd.,Nepal Investment And Securities Trading Private Limited,200,289.0,57800.0,2025-07-17 11:15:17.315336
2025-07-17,133640,2025071705001335,NIFRA,Vision Securities Pvt. Ltd,Bhrikuti Stock Broking Co. Pvt. Ltd.,64,290.0,18560.0,2025-07-17 11:15:19.252765
2025-07-17,133639,2025071705001336,NIFRA,Vision Securities Pvt. Ltd,ABC Securities Private Limited,54,290.0,15660.0,2025-07-17 11:15:19.252816
2025-07-17,133638,2025071705001337,NIFRA,Vision Securities Pvt. Ltd,Siprabi Securities Pvt. Ltd.,64,290.0,18560.0,2025-07-17 11:15:19.252844
2025-07-17,133637,2025071705001338,NIFRA,Vision Securities Pvt. Ltd,Midas Stock Broking Company Private Limited,518,290.0,150220.0,2025-07-17 11:15:19.252877
2025-07-17,133618,2025071705001342,NIFRA,Dipshikha Dhitopatra Karobar Co. Pvt Ltd.,Midas Stock Broking Company Private Limited,482,290.0,139780.0,2025-07-17 11:15:21.671652
2025-07-17,133617,2025071705001343,NIFRA,Dipshikha Dhitopatra Karobar Co. Pvt Ltd.,Dakshinkali Investment & Securities Pvt. Ltd.,1010,290.0,292900.0,2025-07-17 11:15:21.671870
2025-07-17,133616,2025071705001344,NIFRA,Dipshikha Dhitopatra Karobar Co. Pvt Ltd.,Kumari Securities Private Limited,20,290.0,5800.0,2025-07-17 11:15:21.671956
2025-07-17,133615,2025071705001345,NIFRA,Dipshikha Dhitopatra Karobar Co. Pvt Ltd.,Sundhara Securities Limited,188,290.0,54520.0,2025-07-17 11:15:21.672052
2025-07-17,133610,2025071705001346,NIFRA,Sumeru Securities Pvt. Ltd.,Sundhara Securities Limited,166,290.0,48140.0,2025-07-17 11:15:22.110615
2025-07-17,133571,2025071705001350,NIFRA,Sumeru Securities Pvt. Ltd.,Vision Securities Pvt. Ltd,834,290.0,241860.0,2025-07-17 11:15:25.302665
2025-07-17,133492,2025071705001356,NIFRA,Sani Securities Company Ltd.,KALASH STOCK MARKET PVT. LTD.,750,289.9,217425.0,2025-07-17 11:15:30.746644
2025-07-17,133433,2025071705001366,NIFRA,Nepal Investment And Securities Trading Private Limited,Vision Securities Pvt. Ltd,167,290.0,48430.0,2025-07-17 11:15:37.458939
2025-07-17,133432,2025071705001367,NIFRA,Nepal Investment And Securities Trading Private Limited,Trishakti Securities Public Limited,400,290.0,116000.0,2025-07-17 11:15:37.459126
2025-07-17,133368,2025071705001372,NIFRA,Aryatara Investment & Securities,Vision Securities Pvt. Ltd,500,290.1,145050.0,2025-07-17 11:15:44.871632
2025-07-17,133274,2025071705001411,NIFRA,Market Securities & Exchange (PVT) Ltd.,Dynamic Money Managers Securities Pvt. Ltd.,500,291.0,145500.0,2025-07-17 11:15:52.420646
2025-07-17,133226,2025071705001416,NIFRA,Vision Securities Pvt. Ltd,Kohinoor Investment & Securities Pvt. Ltd.,500,291.0,145500.0,2025-07-17 11:15:55.713668
2025-07-17,133220,2025071705001418,NIFRA,Nepal Investment And Securities Trading Private Limited,Imperial Securities Company Pvt. Ltd.,26,290.0,7540.0,2025-07-17 11:15:56.855141
2025-07-17,133180,2025071705001426,NIFRA,Dipshikha Dhitopatra Karobar Co. Pvt Ltd.,Kohinoor Investment & Securities Pvt. Ltd.,10,291.0,2910.0,2025-07-17 11:15:57.959826
2025-07-17,132886,2025071705001468,NIFRA,Oxford Securities Pvt. Ltd.,Kohinoor Investment & Securities Pvt. Ltd.,90,291.0,26190.0,2025-07-17 11:16:24.030862
2025-07-17,132885,2025071705001469,NIFRA,Oxford Securities Pvt. Ltd.,Kalika Securities Pvt. Ltd.,54,291.0,15714.0,2025-07-17 11:16:24.031046
2025-07-17,132884,2025071705001470,NIFRA,Oxford Securities Pvt. Ltd.,Trisul Securities & Invt. Ltd.,1000,291.0,291000.0,2025-07-17 11:16:24.031143
2025-07-17,132790,2025071705001476,NIFRA,Oxford Securities Pvt. Ltd.,Online Securities Pvt. Ltd.,64,291.0,18624.0,2025-07-17 11:16:30.826245
2025-07-17,132756,2025071705001481,NIFRA,Oxford Securities Pvt. Ltd.,Kumari Securities Private Limited,28,291.0,8148.0,2025-07-17 11:16:36.807086
2025-07-17,132755,2025071705001482,NIFRA,Nepal Investment And Securities Trading Private Limited,Kumari Securities Private Limited,472,291.0,137352.0,2025-07-17 11:16:36.807488
2025-07-17,132729,2025071705001491,NIFRA,Nepal Investment And Securities Trading Private Limited,Kalika Securities Pvt. Ltd.,300,291.0,87300.0,2025-07-17 11:16:39.725565
2025-07-17,132648,2025071705001506,NIFRA,Nepal Investment And Securities Trading Private Limited,Premier Securities Company Ltd.,358,291.7,104428.6,2025-07-17 11:16:46.267321
2025-07-17,132647,2025071705001507,NIFRA,Nepal Investment And Securities Trading Private Limited,Trishakti Securities Public Limited,300,291.8,87540.0,2025-07-17 11:16:46.267507
2025-07-17,132646,2025071705001508,NIFRA,Nepal Investment And Securities Trading Private Limited,Sharepro Securities Private Limited,900,291.9,262710.0,2025-07-17 11:16:46.267597
2025-07-17,132645,2025071705001509,NIFRA,Nepal Investment And Securities Trading Private Limited,Creative Securities Pvt Ltd,400,291.9,116760.0,2025-07-17 11:16:46.267687
2025-07-17,132511,2025071705001525,NIFRA,Nepal Investment And Securities Trading Private Limited,Premier Securities Company Ltd.,54,291.9,15762.6,2025-07-17 11:16:57.471658
2025-07-17,132465,2025071705001527,NIFRA,Cristal Kanchanjanga Securites Pvt. Ltd.,Sewa Securities Pvt. Ltd.,200,292.0,58400.0,2025-07-17 11:17:03.463800
2025-07-17,132464,2025071705001528,NIFRA,Cristal Kanchanjanga Securites Pvt. Ltd.,Online Securities Pvt. Ltd.,300,292.0,87600.0,2025-07-17 11:17:03.464031
2025-07-17,132437,2025071705001532,NIFRA,Nepal Investment And Securities Trading Private Limited,Linch Stock Market Ltd.,150,291.9,43785.0,2025-07-17 11:17:04.711883
2025-07-17,132345,2025071705001554,NIFRA,Nepal Investment And Securities Trading Private Limited,Aryatara Investment & Securities,506,291.9,147701.4,2025-07-17 11:17:15.039747
2025-07-17,132300,2025071705001559,NIFRA,Nepal Investment And Securities Trading Private Limited,Kalika Securities Pvt. Ltd.,300,291.9,87570.0,2025-07-17 11:17:18.933384
2025-07-17,132234,2025071705001582,NIFRA,Nepal Investment And Securities Trading Private Limited,J.F. Securites (PVT) Ltd.,200,291.9,58380.0,2025-07-17 11:17:24.729157
2025-07-17,132190,2025071705001591,NIFRA,Nepal Investment And Securities Trading Private Limited,Creative Securities Pvt Ltd,467,291.9,136317.3,2025-07-17 11:17:29.285100
2025-07-17,132189,2025071705001592,NIFRA,Dipshikha Dhitopatra Karobar Co. Pvt Ltd.,Creative Securities Pvt Ltd,533,291.9,155582.7,2025-07-17 11:17:29.285303
2025-07-17,132186,2025071705001593,NIFRA,Dipshikha Dhitopatra Karobar Co. Pvt Ltd.,Cristal Kanchanjanga Securites Pvt. Ltd.,54,291.9,15762.6,2025-07-17 11:17:29.602017
2025-07-17,132185,2025071705001594,NIFRA,Dipshikha Dhitopatra Karobar Co. Pvt Ltd.,Cristal Kanchanjanga Securites Pvt. Ltd.,50,291.9,14595.0,2025-07-17 11:17:29.604784
2025-07-17,132171,2025071705001596,NIFRA,Dipshikha Dhitopatra Karobar Co. Pvt Ltd.,Trishakti Securities Public Limited,1000,291.9,291900.0,2025-07-17 11:17:32.360161
2025-07-17,132127,2025071705001598,NIFRA,Dipshikha Dhitopatra Karobar Co. Pvt Ltd.,Imperial Securities Company Pvt. Ltd.,54,291.9,15762.6,2025-07-17 11:17:34.677981
2025-07-17,132103,2025071705001601,NIFRA,Dipshikha Dhitopatra Karobar Co. Pvt Ltd.,Primo Securities (PVT) Ltd.,100,291.9,29190.0,2025-07-17 11:17:35.413031
2025-07-17,132091,2025071705001604,NIFRA,Linch Stock Market Ltd.,Online Securities Pvt. Ltd.,700,292.0,204400.0,2025-07-17 11:17:37.324777
2025-07-17,132090,2025071705001605,NIFRA,Linch Stock Market Ltd.,Aryatara Investment & Securities,900,292.0,262800.0,2025-07-17 11:17:37.325012
2025-07-17,132089,2025071705001606,NIFRA,Linch Stock Market Ltd.,Online Securities Pvt. Ltd.,400,292.0,116800.0,2025-07-17 11:17:37.325099
2025-07-17,132060,2025071705001609,NIFRA,Capital Max Securities Ltd,Online Securities Pvt. Ltd.,600,292.0,175200.0,2025-07-17 11:17:38.842398
2025-07-17,132059,2025071705001610,NIFRA,Capital Max Securities Ltd,ABC Securities Private Limited,327,292.0,95484.0,2025-07-17 11:17:38.842629
2025-07-17,132058,2025071705001611,NIFRA,Capital Max Securities Ltd,Sajilo Broker Limited,73,292.0,21316.0,2025-07-17 11:17:38.842759
2025-07-17,132047,2025071705001616,NIFRA,Dipshikha Dhitopatra Karobar Co. Pvt Ltd.,Online Securities Pvt. Ltd.,50,291.9,14595.0,2025-07-17 11:17:39.653061
2025-07-17,132046,2025071705001617,NIFRA,Dipshikha Dhitopatra Karobar Co. Pvt Ltd.,Investment Management Nepal Pvt. Ltd.,159,291.9,46412.1,2025-07-17 11:17:39.670355
2025-07-17,131983,2025071705001633,NIFRA,Investment Management Nepal Pvt. Ltd.,Sani Securities Company Ltd.,100,291.0,29100.0,2025-07-17 11:17:46.353874
2025-07-17,131960,2025071705001634,NIFRA,Investment Management Nepal Pvt. Ltd.,Imperial Securities Company Pvt. Ltd.,64,291.0,18624.0,2025-07-17 11:17:48.892576
2025-07-17,131810,2025071705001672,NIFRA,J.F. Securites (PVT) Ltd.,Investment Management Nepal Pvt. Ltd.,500,291.9,145950.0,2025-07-17 11:18:00.918346
2025-07-17,131793,2025071705001674,NIFRA,Investment Management Nepal Pvt. Ltd.,Malla & Malla Stock Broking Company Pvt. Limited,336,291.0,97776.0,2025-07-17 11:18:02.909146
2025-07-17,131753,2025071705001685,NIFRA,Online Securities Pvt. Ltd.,Malla & Malla Stock Broking Company Pvt. Limited,50,291.0,14550.0,2025-07-17 11:18:06.188053
2025-07-17,131668,2025071705001693,NIFRA,K.B.L. Securities Limited ,Cristal Kanchanjanga Securites Pvt. Ltd.,3000,290.1,870300.0,2025-07-17 11:18:15.759151
2025-07-17,131623,2025071705001703,NIFRA,Dipshikha Dhitopatra Karobar Co. Pvt Ltd.,Cristal Kanchanjanga Securites Pvt. Ltd.,1300,290.1,377130.0,2025-07-17 11:18:19.361143
2025-07-17,131554,2025071705001725,NIFRA,Kumari Securities Private Limited,Vision Securities Pvt. Ltd,1000,290.0,290000.0,2025-07-17 11:18:27.488365
2025-07-17,131553,2025071705001726,NIFRA,Trishakti Securities Public Limited,Vision Securities Pvt. Ltd,500,290.0,145000.0,2025-07-17 11:18:27.488444
2025-07-17,131552,2025071705001727,NIFRA,Imperial Securities Company Pvt. Ltd.,Vision Securities Pvt. Ltd,348,290.0,100920.0,2025-07-17 11:18:27.488470
2025-07-17,131551,2025071705001728,NIFRA,Sani Securities Company Ltd.,Vision Securities Pvt. Ltd,250,289.9,72475.0,2025-07-17 11:18:27.488499
2025-07-17,131550,2025071705001729,NIFRA,Premier Securities Company Ltd.,Vision Securities Pvt. Ltd,70,289.1,20237.0,2025-07-17 11:18:27.488526
2025-07-17,131549,2025071705001730,NIFRA,Dipshikha Dhitopatra Karobar Co. Pvt Ltd.,Vision Securities Pvt. Ltd,10,288.5,2885.0,2025-07-17 11:18:27.488550
2025-07-17,131548,2025071705001731,NIFRA,Bhrikuti Stock Broking Co. Pvt. Ltd.,Vision Securities Pvt. Ltd,25,288.0,7200.0,2025-07-17 11:18:27.488574
2025-07-17,131547,2025071705001732,NIFRA,Trishakti Securities Public Limited,Vision Securities Pvt. Ltd,1000,287.5,287500.0,2025-07-17 11:18:27.488600
2025-07-17,131546,2025071705001733,NIFRA,Cristal Kanchanjanga Securites Pvt. Ltd.,Vision Securities Pvt. Ltd,500,287.4,143700.0,2025-07-17 11:18:27.488660
2025-07-17,131545,2025071705001734,NIFRA,Kohinoor Investment & Securities Pvt. Ltd.,Vision Securities Pvt. Ltd,10,287.1,2871.0,2025-07-17 11:18:27.488700
2025-07-17,131544,2025071705001735,NIFRA,Sri Hari Securities Pvt. Ltd.,Vision Securities Pvt. Ltd,10,287.0,2870.0,2025-07-17 11:18:27.488727
2025-07-17,131543,2025071705001736,NIFRA,Sani Securities Company Ltd.,Vision Securities Pvt. Ltd,277,287.0,79499.0,2025-07-17 11:18:27.488758
2025-07-17,131434,2025071705001741,NIFRA,Sani Securities Company Ltd.,Imperial Securities Company Pvt. Ltd.,64,287.0,18368.0,2025-07-17 11:18:35.406518
2025-07-17,131408,2025071705001747,NIFRA,Sani Securities Company Ltd.,Asian Securities Private Ltd.,100,290.0,29000.0,2025-07-17 11:18:41.193861
2025-07-17,131296,2025071705001765,NIFRA,Sani Securities Company Ltd.,Capital Max Securities Ltd,208,287.0,59696.0,2025-07-17 11:18:51.123964
2025-07-17,131147,2025071705001781,NIFRA,Dipshikha Dhitopatra Karobar Co. Pvt Ltd.,Sundhara Securities Limited,10,289.0,2890.0,2025-07-17 11:19:09.723061
2025-07-17,131032,2025071705001805,NIFRA,J.F. Securites (PVT) Ltd.,Sundhara Securities Limited,50,289.0,14450.0,2025-07-17 11:19:19.553101
2025-07-17,131001,2025071705001807,NIFRA,Capital Max Securities Ltd,Sani Securities Company Ltd.,14,287.5,4025.0,2025-07-17 11:19:23.702502
2025-07-17,130969,2025071705001818,NIFRA,Sani Securities Company Ltd.,Sundhara Securities Limited,100,289.0,28900.0,2025-07-17 11:19:25.726274
2025-07-17,130903,2025071705001825,NIFRA,Naasa Securities Co. Ltd.,Sundhara Securities Limited,10,289.0,2890.0,2025-07-17 11:19:35.073659
2025-07-17,130895,2025071705001827,NIFRA,Naasa Securities Co. Ltd.,Premier Securities Company Ltd.,54,288.0,15552.0,2025-07-17 11:19:36.565583
2025-07-17,130854,2025071705001835,NIFRA,Vision Securities Pvt. Ltd,Sundhara Securities Limited,130,289.0,37570.0,2025-07-17 11:19:40.394890
2025-07-17,130853,2025071705001836,NIFRA,Vision Securities Pvt. Ltd,Shree Krishna Securities Ltd.,150,289.9,43485.0,2025-07-17 11:19:40.395344
2025-07-17,130852,2025071705001837,NIFRA,Vision Securities Pvt. Ltd,Asian Securities Private Ltd.,37,290.0,10730.0,2025-07-17 11:19:40.395660
2025-07-17,130851,2025071705001838,NIFRA,Vision Securities Pvt. Ltd,Online Securities Pvt. Ltd.,54,290.0,15660.0,2025-07-17 11:19:40.395948
2025-07-17,130850,2025071705001839,NIFRA,Vision Securities Pvt. Ltd,ABC Securities Private Limited,20,290.0,5800.0,2025-07-17 11:19:40.396273
2025-07-17,130849,2025071705001840,NIFRA,Vision Securities Pvt. Ltd,Kalika Securities Pvt. Ltd.,200,290.0,58000.0,2025-07-17 11:19:40.396570
2025-07-17,130848,2025071705001841,NIFRA,Vision Securities Pvt. Ltd,Infinity Securities Limited,409,290.0,118610.0,2025-07-17 11:19:40.396853
2025-07-17,130699,2025071705001870,NIFRA,Capital Max Securities Ltd,Sundhara Securities Limited,370,289.9,107263.0,2025-07-17 11:19:53.457078
2025-07-17,130288,2025071705001935,NIFRA,Market Securities & Exchange (PVT) Ltd.,Shree Krishna Securities Ltd.,200,289.7,57940.0,2025-07-17 11:20:37.817498
2025-07-17,130098,2025071705001945,NIFRA,Imperial Securities Company Pvt. Ltd.,Shree Krishna Securities Ltd.,100,289.7,28970.0,2025-07-17 11:20:49.011744
2025-07-17,129963,2025071705001961,NIFRA,Kohinoor Investment & Securities Pvt. Ltd.,Shree Krishna Securities Ltd.,200,289.7,57940.0,2025-07-17 11:21:04.428270
2025-07-17,129840,2025071705001991,NIFRA,J.F. Securites (PVT) Ltd.,Investment Management Nepal Pvt. Ltd.,50,289.8,14490.0,2025-07-17 11:21:19.331880
2025-07-17,129694,2025071705002009,NIFRA,Kohinoor Investment & Securities Pvt. Ltd.,Bhrikuti Stock Broking Co. Pvt. Ltd.,64,289.7,18540.8,2025-07-17 11:21:31.551253
2025-07-17,129691,2025071705002010,NIFRA,Kohinoor Investment & Securities Pvt. Ltd.,Siprabi Securities Pvt. Ltd.,36,289.7,10429.2,2025-07-17 11:21:31.823137
2025-07-17,129690,2025071705002011,NIFRA,Kohinoor Investment & Securities Pvt. Ltd.,Siprabi Securities Pvt. Ltd.,50,288.2,14410.0,2025-07-17 11:21:31.823207
2025-07-17,129689,2025071705002012,NIFRA,Sundhara Securities Limited,Siprabi Securities Pvt. Ltd.,30,288.2,8646.0,2025-07-17 11:21:31.823234
2025-07-17,129639,2025071705002015,NIFRA,Linch Stock Market Ltd.,Investment Management Nepal Pvt. Ltd.,200,289.8,57960.0,2025-07-17 11:21:36.073272
2025-07-17,129636,2025071705002017,NIFRA,Dakshinkali Investment & Securities Pvt. Ltd.,Investment Management Nepal Pvt. Ltd.,591,289.8,171271.8,2025-07-17 11:21:36.912139
2025-07-17,129635,2025071705002018,NIFRA,Dakshinkali Investment & Securities Pvt. Ltd.,Swarna Laxmi Securities Pvt. Ltd.,90,289.8,26082.0,2025-07-17 11:21:36.912416
2025-07-17,129464,2025071705002025,NIFRA,Dakshinkali Investment & Securities Pvt. Ltd.,Dipshikha Dhitopatra Karobar Co. Pvt Ltd.,100,289.8,28980.0,2025-07-17 11:21:47.247586
2025-07-17,129188,2025071705002056,NIFRA,Kohinoor Investment & Securities Pvt. Ltd.,Sundhara Securities Limited,1000,289.9,289900.0,2025-07-17 11:22:00.972270
2025-07-17,129187,2025071705002057,NIFRA,Dakshinkali Investment & Securities Pvt. Ltd.,Kohinoor Investment & Securities Pvt. Ltd.,170,289.8,49266.0,2025-07-17 11:22:00.979971
2025-07-17,129150,2025071705002069,NIFRA,Dakshinkali Investment & Securities Pvt. Ltd.,Aryatara Investment & Securities,49,289.8,14200.2,2025-07-17 11:22:04.718246
2025-07-17,129043,2025071705002079,NIFRA,Vision Securities Pvt. Ltd,J.F. Securites (PVT) Ltd.,64,288.2,18444.8,2025-07-17 11:22:13.921019
2025-07-17,128830,2025071705002104,NIFRA,Vision Securities Pvt. Ltd,Aryatara Investment & Securities,11,289.0,3179.0,2025-07-17 11:22:30.438229
2025-07-17,128708,2025071705002115,NIFRA,Dipshikha Dhitopatra Karobar Co. Pvt Ltd.,J.F. Securites (PVT) Ltd.,219,289.8,63466.2,2025-07-17 11:22:44.198198
2025-07-17,128707,2025071705002116,NIFRA,Dipshikha Dhitopatra Karobar Co. Pvt Ltd.,Sundhara Securities Limited,130,289.9,37687.0,2025-07-17 11:22:44.198494
2025-07-17,128706,2025071705002117,NIFRA,Dipshikha Dhitopatra Karobar Co. Pvt Ltd.,Sri Hari Securities Pvt. Ltd.,651,289.9,188724.9,2025-07-17 11:22:44.198691
2025-07-17,128437,2025071705002166,NIFRA,Dipshikha Dhitopatra Karobar Co. Pvt Ltd.,Sri Hari Securities Pvt. Ltd.,1349,289.9,391075.1,2025-07-17 11:23:06.441710
2025-07-17,128436,2025071705002167,NIFRA,Dipshikha Dhitopatra Karobar Co. Pvt Ltd.,Trisul Securities & Invt. Ltd.,651,289.9,188724.9,2025-07-17 11:23:06.441990
2025-07-17,128338,2025071705002175,NIFRA,Dipshikha Dhitopatra Karobar Co. Pvt Ltd.,Cristal Kanchanjanga Securites Pvt. Ltd.,200,289.8,57960.0,2025-07-17 11:23:15.004042
2025-07-17,128337,2025071705002176,NIFRA,Opal Securities Investment (PVT) Ltd.,Cristal Kanchanjanga Securites Pvt. Ltd.,11,289.8,3187.8,2025-07-17 11:23:15.004318
2025-07-17,128336,2025071705002177,NIFRA,Dakshinkali Investment & Securities Pvt. Ltd.,Cristal Kanchanjanga Securites Pvt. Ltd.,189,289.2,54658.8,2025-07-17 11:23:15.004442
2025-07-17,128299,2025071705002180,NIFRA,Hatemalo Financial Services Private Limited,Trisul Securities & Invt. Ltd.,349,289.9,101175.1,2025-07-17 11:23:20.981580
2025-07-17,128298,2025071705002181,NIFRA,Hatemalo Financial Services Private Limited,Infinity Securities Limited,151,290.0,43790.0,2025-07-17 11:23:20.981864
2025-07-17,128297,2025071705002182,NIFRA,Hatemalo Financial Services Private Limited,Neev Securities Pvt. Ltd.,31,290.0,8990.0,2025-07-17 11:23:20.982006
2025-07-17,128296,2025071705002183,NIFRA,Hatemalo Financial Services Private Limited,Malla & Malla Stock Broking Company Pvt. Limited,469,290.0,136010.0,2025-07-17 11:23:20.982162
2025-07-17,128165,2025071705002203,NIFRA,Kohinoor Investment & Securities Pvt. Ltd.,Sharepro Securities Private Limited,200,289.9,57980.0,2025-07-17 11:23:29.814522
2025-07-17,128164,2025071705002204,NIFRA,Dakshinkali Investment & Securities Pvt. Ltd.,Sharepro Securities Private Limited,111,289.2,32101.2,2025-07-17 11:23:29.815098
2025-07-17,128159,2025071705002205,NIFRA,KALASH STOCK MARKET PVT. LTD.,Malla & Malla Stock Broking Company Pvt. Limited,31,290.0,8990.0,2025-07-17 11:23:30.557943
2025-07-17,128158,2025071705002206,NIFRA,KALASH STOCK MARKET PVT. LTD.,Trisul Securities & Invt. Ltd.,469,290.0,136010.0,2025-07-17 11:23:30.558228
2025-07-17,128022,2025071705002224,NIFRA,Dynamic Money Managers Securities Pvt. Ltd.,Sharepro Securities Private Limited,200,289.9,57980.0,2025-07-17 11:23:41.865884
2025-07-17,127967,2025071705002241,NIFRA,Dakshinkali Investment & Securities Pvt. Ltd.,Sharepro Securities Private Limited,200,289.2,57840.0,2025-07-17 11:23:49.900739
2025-07-17,127952,2025071705002244,NIFRA,Nagarik Stock Dealer ,Cristal Kanchanjanga Securites Pvt. Ltd.,500,289.9,144950.0,2025-07-17 11:23:53.014785
2025-07-17,127614,2025071705002284,NIFRA,Dynamic Money Managers Securities Pvt. Ltd.,Cristal Kanchanjanga Securites Pvt. Ltd.,150,289.1,43365.0,2025-07-17 11:24:31.292359
2025-07-17,127613,2025071705002285,NIFRA,Vision Securities Pvt. Ltd,Cristal Kanchanjanga Securites Pvt. Ltd.,189,289.0,54621.0,2025-07-17 11:24:31.292695
2025-07-17,127612,2025071705002286,NIFRA,Naasa Securities Co. Ltd.,Cristal Kanchanjanga Securites Pvt. Ltd.,106,289.0,30634.0,2025-07-17 11:24:31.292846
2025-07-17,127441,2025071705002314,NIFRA,Opal Securities Investment (PVT) Ltd.,Cristal Kanchanjanga Securites Pvt. Ltd.,200,289.0,57800.0,2025-07-17 11:24:54.036560
2025-07-17,126603,2025071705002437,NIFRA,Vision Securities Pvt. Ltd,Imperial Securities Company Pvt. Ltd.,64,288.2,18444.8,2025-07-17 11:26:16.214483
2025-07-17,126590,2025071705002440,NIFRA,Vision Securities Pvt. Ltd,Opal Securities Investment (PVT) Ltd.,150,288.2,43230.0,2025-07-17 11:26:18.393477
2025-07-17,126584,2025071705002441,NIFRA,Nagarik Stock Dealer ,Garima Securities Limited,848,288.9,244987.2,2025-07-17 11:26:19.381236
2025-07-17,126583,2025071705002442,NIFRA,Nagarik Stock Dealer ,Cristal Kanchanjanga Securites Pvt. Ltd.,9152,289.0,2644928.0,2025-07-17 11:26:19.381559
2025-07-17,126318,2025071705002481,NIFRA,Vision Securities Pvt. Ltd,Imperial Securities Company Pvt. Ltd.,22,288.2,6340.4,2025-07-17 11:26:48.875123
2025-07-17,126317,2025071705002482,NIFRA,Nagarik Stock Dealer ,Imperial Securities Company Pvt. Ltd.,42,288.2,12104.4,2025-07-17 11:26:48.875458
2025-07-17,126288,2025071705002493,NIFRA,Aryatara Investment & Securities,Vision Securities Pvt. Ltd,13,289.0,3757.0,2025-07-17 11:26:53.084507
2025-07-17,126122,2025071705002513,NIFRA,Vision Securities Pvt. Ltd,Vision Securities Pvt. Ltd,27,289.0,7803.0,2025-07-17 11:27:12.772439
2025-07-17,126121,2025071705002514,NIFRA,Vision Securities Pvt. Ltd,SUN SECURITIES PVT LTD,900,289.0,260100.0,2025-07-17 11:27:12.772739
2025-07-17,126120,2025071705002515,NIFRA,Vision Securities Pvt. Ltd,Trishakti Securities Public Limited,12,289.0,3468.0,2025-07-17 11:27:12.772869
2025-07-17,125905,2025071705002529,NIFRA,Primo Securities (PVT) Ltd.,Cristal Kanchanjanga Securites Pvt. Ltd.,50,289.5,14475.0,2025-07-17 11:27:30.220922
2025-07-17,125761,2025071705002540,NIFRA,Premier Securities Company Ltd.,Sewa Securities Pvt. Ltd.,271,289.0,78319.0,2025-07-17 11:27:43.678887
2025-07-17,125575,2025071705002567,NIFRA,Premier Securities Company Ltd.,Thrive Brokerage House Pvt. Ltd,58,289.0,16762.0,2025-07-17 11:28:04.708599
2025-07-17,125565,2025071705002569,NIFRA,Imperial Securities Company Pvt. Ltd.,Aryatara Investment & Securities,64,289.6,18534.4,2025-07-17 11:28:06.690082
2025-07-17,125564,2025071705002570,NIFRA,Imperial Securities Company Pvt. Ltd.,Kumari Securities Private Limited,36,289.6,10425.6,2025-07-17 11:28:06.690176
2025-07-17,125425,2025071705002581,NIFRA,Sajilo Broker Limited,Kumari Securities Private Limited,100,289.6,28960.0,2025-07-17 11:28:25.103184
2025-07-17,125392,2025071705002584,NIFRA,Premier Securities Company Ltd.,Vision Securities Pvt. Ltd,10,289.0,2890.0,2025-07-17 11:28:27.408481
2025-07-17,125357,2025071705002589,NIFRA,Premier Securities Company Ltd.,Naasa Securities Co. Ltd.,64,289.0,18496.0,2025-07-17 11:28:31.321009
2025-07-17,125356,2025071705002590,NIFRA,Premier Securities Company Ltd.,Nepal Stock House (PVT) Ltd.,94,289.0,27166.0,2025-07-17 11:28:31.347241
2025-07-17,125160,2025071705002629,NIFRA,Primo Securities (PVT) Ltd.,Kumari Securities Private Limited,40,289.6,11584.0,2025-07-17 11:28:46.953917
2025-07-17,125159,2025071705002630,NIFRA,Imperial Securities Company Pvt. Ltd.,Kumari Securities Private Limited,60,289.6,17376.0,2025-07-17 11:28:47.110558
2025-07-17,124800,2025071705002660,NIFRA,Siprabi Securities Pvt. Ltd.,Dynamic Money Managers Securities Pvt. Ltd.,100,289.0,28900.0,2025-07-17 11:29:25.817522
2025-07-17,124799,2025071705002661,NIFRA,Sri Hari Securities Pvt. Ltd.,Dynamic Money Managers Securities Pvt. Ltd.,10,289.0,2890.0,2025-07-17 11:29:25.818031
2025-07-17,124798,2025071705002662,NIFRA,Aryatara Investment & Securities,Dynamic Money Managers Securities Pvt. Ltd.,10,289.0,2890.0,2025-07-17 11:29:25.818345
2025-07-17,124797,2025071705002663,NIFRA,Aryatara Investment & Securities,Dynamic Money Managers Securities Pvt. Ltd.,250,289.0,72250.0,2025-07-17 11:29:25.818648
2025-07-17,124603,2025071705002770,NIFRA,Hatemalo Financial Services Private Limited,Secured Securities Ltd.,54,288.3,15568.2,2025-07-17 11:29:37.753055
2025-07-17,124587,2025071705002773,NIFRA,Hatemalo Financial Services Private Limited,Dipshikha Dhitopatra Karobar Co. Pvt Ltd.,946,288.3,272731.8,2025-07-17 11:29:39.328206
2025-07-17,124582,2025071705002774,NIFRA,Sundhara Securities Limited,Dipshikha Dhitopatra Karobar Co. Pvt Ltd.,54,288.3,15568.2,2025-07-17 11:29:40.391359
2025-07-17,124581,2025071705002775,NIFRA,Sundhara Securities Limited,Dynamic Money Managers Securities Pvt. Ltd.,1446,289.0,417894.0,2025-07-17 11:29:40.391696
2025-07-17,124497,2025071705002787,NIFRA,Vision Securities Pvt. Ltd,Naasa Securities Co. Ltd.,27,288.1,7778.7,2025-07-17 11:29:49.684710
2025-07-17,124154,2025071705002848,NIFRA,Vision Securities Pvt. Ltd,Garima Securities Limited,64,288.1,18438.4,2025-07-17 11:30:23.196805
2025-07-17,124130,2025071705002852,NIFRA,Aakashbhairab Securities Ltd.,Naasa Securities Co. Ltd.,10,288.1,2881.0,2025-07-17 11:30:24.844419
2025-07-17,124120,2025071705002853,NIFRA,Naasa Securities Co. Ltd.,Naasa Securities Co. Ltd.,4,288.0,1152.0,2025-07-17 11:30:26.121715
2025-07-17,123980,2025071705002876,NIFRA,Aakashbhairab Securities Ltd.,Dynamic Money Managers Securities Pvt. Ltd.,64,288.1,18438.4,2025-07-17 11:30:41.476373
2025-07-17,123970,2025071705002879,NIFRA,South Asian Bulls Pvt. Ltd.,Cristal Kanchanjanga Securites Pvt. Ltd.,393,288.9,113537.7,2025-07-17 11:30:42.845373
2025-07-17,123969,2025071705002880,NIFRA,South Asian Bulls Pvt. Ltd.,Dynamic Money Managers Securities Pvt. Ltd.,607,289.0,175423.0,2025-07-17 11:30:42.845711
2025-07-17,123967,2025071705002881,NIFRA,Thrive Brokerage House Pvt. Ltd,Dynamic Money Managers Securities Pvt. Ltd.,1000,289.0,289000.0,2025-07-17 11:30:43.174727
2025-07-17,123754,2025071705002907,NIFRA,Magnet Securities and Investment Company Private Limited,Dynamic Money Managers Securities Pvt. Ltd.,1000,289.0,289000.0,2025-07-17 11:31:08.705466
2025-07-17,123728,2025071705002915,NIFRA,Aryatara Investment & Securities,Dynamic Money Managers Securities Pvt. Ltd.,1000,289.0,289000.0,2025-07-17 11:31:11.454517
2025-07-17,123588,2025071705002958,NIFRA,Imperial Securities Company Pvt. Ltd.,Dynamic Money Managers Securities Pvt. Ltd.,200,289.0,57800.0,2025-07-17 11:31:23.255561
2025-07-17,123532,2025071705002970,NIFRA,Sumeru Securities Pvt. Ltd.,Dynamic Money Managers Securities Pvt. Ltd.,1500,289.0,433500.0,2025-07-17 11:31:29.321446
2025-07-17,123511,2025071705002971,NIFRA,Market Securities & Exchange (PVT) Ltd.,Dynamic Money Managers Securities Pvt. Ltd.,500,289.0,144500.0,2025-07-17 11:31:31.939499
2025-07-17,123476,2025071705002973,NIFRA,Aakashbhairab Securities Ltd.,Secured Securities Ltd.,569,288.1,163928.9,2025-07-17 11:31:37.325366
2025-07-17,123468,2025071705002974,NIFRA,Bhrikuti Stock Broking Co. Pvt. Ltd.,Dynamic Money Managers Securities Pvt. Ltd.,500,289.0,144500.0,2025-07-17 11:31:38.625028
2025-07-17,123343,2025071705002999,NIFRA,Dynamic Money Managers Securities Pvt. Ltd.,Dipshikha Dhitopatra Karobar Co. Pvt Ltd.,500,288.5,144250.0,2025-07-17 11:31:53.734543
2025-07-17,123321,2025071705003001,NIFRA,Opal Securities Investment (PVT) Ltd.,Dynamic Money Managers Securities Pvt. Ltd.,235,289.0,67915.0,2025-07-17 11:31:55.807519
2025-07-17,123266,2025071705003003,NIFRA,Sumeru Securities Pvt. Ltd.,Dynamic Money Managers Securities Pvt. Ltd.,700,289.0,202300.0,2025-07-17 11:31:59.457257
2025-07-17,123101,2025071705003074,NIFRA,Cristal Kanchanjanga Securites Pvt. Ltd.,Dynamic Money Managers Securities Pvt. Ltd.,500,289.0,144500.0,2025-07-17 11:32:10.945834
2025-07-17,122751,2025071705003133,NIFRA,Creative Securities Pvt Ltd,Market Securities & Exchange (PVT) Ltd.,80,288.9,23112.0,2025-07-17 11:32:42.732866
2025-07-17,122750,2025071705003134,NIFRA,Magnet Securities and Investment Company Private Limited,Market Securities & Exchange (PVT) Ltd.,100,288.9,28890.0,2025-07-17 11:32:42.878063
2025-07-17,122612,2025071705003156,NIFRA,Imperial Securities Company Pvt. Ltd.,Market Securities & Exchange (PVT) Ltd.,20,288.9,5778.0,2025-07-17 11:33:00.619050
2025-07-17,122611,2025071705003157,NIFRA,Imperial Securities Company Pvt. Ltd.,Imperial Securities Company Pvt. Ltd.,54,288.9,15600.6,2025-07-17 11:33:00.623605
2025-07-17,122208,2025071705003229,NIFRA,Imperial Securities Company Pvt. Ltd.,Dynamic Money Managers Securities Pvt. Ltd.,100,289.0,28900.0,2025-07-17 11:33:43.105194
2025-07-17,122207,2025071705003230,NIFRA,Aakashbhairab Securities Ltd.,Dynamic Money Managers Securities Pvt. Ltd.,342,289.0,98838.0,2025-07-17 11:33:43.355368
2025-07-17,122206,2025071705003231,NIFRA,Aakashbhairab Securities Ltd.,Vision Securities Pvt. Ltd,15,289.0,4335.0,2025-07-17 11:33:43.355688
2025-07-17,122175,2025071705003237,NIFRA,Imperial Securities Company Pvt. Ltd.,Ashutosh Brokerage & Securities (PVT) Ltd.,26,288.9,7511.4,2025-07-17 11:33:48.447757
2025-07-17,121884,2025071705003278,NIFRA,Trishakti Securities Public Limited,Oxford Securities Pvt. Ltd.,241,288.5,69528.5,2025-07-17 11:34:13.351678
2025-07-17,121868,2025071705003281,NIFRA,Creative Securities Pvt Ltd,Garima Securities Limited,500,288.9,144450.0,2025-07-17 11:34:15.488517
2025-07-17,121867,2025071705003282,NIFRA,Creative Securities Pvt Ltd,Vision Securities Pvt. Ltd,500,289.0,144500.0,2025-07-17 11:34:15.488845
2025-07-17,121848,2025071705003283,NIFRA,Trishakti Securities Public Limited,Sani Securities Company Ltd.,54,288.5,15579.0,2025-07-17 11:34:16.938565
2025-07-17,121837,2025071705003284,NIFRA,Sri Hari Securities Pvt. Ltd.,Vision Securities Pvt. Ltd,485,289.0,140165.0,2025-07-17 11:34:17.263808
2025-07-17,121836,2025071705003285,NIFRA,Sri Hari Securities Pvt. Ltd.,Bhrikuti Stock Broking Co. Pvt. Ltd.,54,289.0,15606.0,2025-07-17 11:34:17.264164
2025-07-17,121835,2025071705003286,NIFRA,Sri Hari Securities Pvt. Ltd.,Dipshikha Dhitopatra Karobar Co. Pvt Ltd.,243,289.0,70227.0,2025-07-17 11:34:17.264343
2025-07-17,121834,2025071705003287,NIFRA,Sri Hari Securities Pvt. Ltd.,Trishakti Securities Public Limited,1000,289.0,289000.0,2025-07-17 11:34:17.264495
2025-07-17,121833,2025071705003288,NIFRA,Sri Hari Securities Pvt. Ltd.,Vision Securities Pvt. Ltd,50,289.0,14450.0,2025-07-17 11:34:17.264652
2025-07-17,121832,2025071705003289,NIFRA,Sri Hari Securities Pvt. Ltd.,Sri Hari Securities Pvt. Ltd.,54,289.0,15606.0,2025-07-17 11:34:17.264799
2025-07-17,121726,2025071705003299,NIFRA,Sri Hari Securities Pvt. Ltd.,Primo Securities (PVT) Ltd.,500,289.0,144500.0,2025-07-17 11:34:28.162600
2025-07-17,121431,2025071705003354,NIFRA,Secured Securities Ltd.,Nepal Investment And Securities Trading Private Limited,200,289.4,57880.0,2025-07-17 11:34:58.816907
2025-07-17,121047,2025071705003445,NIFRA,ABC Securities Private Limited,South Asian Bulls Pvt. Ltd.,40,289.5,11580.0,2025-07-17 11:35:30.523343
2025-07-17,121046,2025071705003446,NIFRA,ABC Securities Private Limited,Nepal Investment And Securities Trading Private Limited,10,289.5,2895.0,2025-07-17 11:35:30.524140
2025-07-17,121022,2025071705003451,NIFRA,Secured Securities Ltd.,Nepal Investment And Securities Trading Private Limited,190,289.5,55005.0,2025-07-17 11:35:33.701774
2025-07-17,121021,2025071705003452,NIFRA,Secured Securities Ltd.,Kumari Securities Private Limited,14,289.6,4054.4,2025-07-17 11:35:33.702485
2025-07-17,121020,2025071705003453,NIFRA,Secured Securities Ltd.,J.F. Securites (PVT) Ltd.,596,289.6,172601.6,2025-07-17 11:35:33.702986
2025-07-17,120502,2025071705003523,NIFRA,Imperial Securities Company Pvt. Ltd.,Linch Stock Market Ltd.,54,288.7,15589.8,2025-07-17 11:36:26.159468
2025-07-17,120089,2025071705003579,NIFRA,Sewa Securities Pvt. Ltd.,Bhrikuti Stock Broking Co. Pvt. Ltd.,21,289.0,6069.0,2025-07-17 11:37:07.182909
2025-07-17,120088,2025071705003580,NIFRA,Sewa Securities Pvt. Ltd.,Naasa Securities Co. Ltd.,289,289.4,83636.6,2025-07-17 11:37:07.183639
2025-07-17,120028,2025071705003592,NIFRA,Capital Max Securities Ltd,Kohinoor Investment & Securities Pvt. Ltd.,32,288.7,9238.4,2025-07-17 11:37:16.752934
2025-07-17,119789,2025071705003632,NIFRA,Capital Max Securities Ltd,Naasa Securities Co. Ltd.,10,288.7,2887.0,2025-07-17 11:37:43.555978
2025-07-17,119779,2025071705003639,NIFRA,Capital Max Securities Ltd,R.B.B. Securities Company Ltd,21,288.7,6062.7,2025-07-17 11:37:44.252779
2025-07-17,119334,2025071705003713,NIFRA,Capital Max Securities Ltd,Dipshikha Dhitopatra Karobar Co. Pvt Ltd.,64,288.9,18489.6,2025-07-17 11:38:33.738938
2025-07-17,119187,2025071705003744,NIFRA,Midas Stock Broking Company Private Limited,Creative Securities Pvt Ltd,64,289.0,18496.0,2025-07-17 11:38:47.698220
2025-07-17,119057,2025071705003758,NIFRA,Midas Stock Broking Company Private Limited,Sumeru Securities Pvt. Ltd.,100,289.3,28930.0,2025-07-17 11:39:02.819123
2025-07-17,118595,2025071705003832,NIFRA,Naasa Securities Co. Ltd.,Online Securities Pvt. Ltd.,11,289.3,3182.3,2025-07-17 11:39:50.243115
2025-07-17,118556,2025071705003841,NIFRA,Dynamic Money Managers Securities Pvt. Ltd.,Online Securities Pvt. Ltd.,189,289.3,54677.7,2025-07-17 11:39:55.972425
2025-07-17,118555,2025071705003842,NIFRA,Dynamic Money Managers Securities Pvt. Ltd.,Naasa Securities Co. Ltd.,11,289.4,3183.4,2025-07-17 11:39:55.972820
2025-07-17,118554,2025071705003843,NIFRA,Dynamic Money Managers Securities Pvt. Ltd.,Naasa Securities Co. Ltd.,300,289.4,86820.0,2025-07-17 11:39:55.972994
2025-07-17,118553,2025071705003844,NIFRA,Dynamic Money Managers Securities Pvt. Ltd.,Siprabi Securities Pvt. Ltd.,300,289.5,86850.0,2025-07-17 11:39:55.973181
2025-07-17,118520,2025071705003846,NIFRA,Bhrikuti Stock Broking Co. Pvt. Ltd.,Dynamic Money Managers Securities Pvt. Ltd.,200,289.0,57800.0,2025-07-17 11:39:59.526813
2025-07-17,118433,2025071705003857,NIFRA,Capital Max Securities Ltd,Vision Securities Pvt. Ltd,36,288.9,10400.4,2025-07-17 11:40:07.579367
2025-07-17,118432,2025071705003858,NIFRA,Capital Max Securities Ltd,Vision Securities Pvt. Ltd,100,288.8,28880.0,2025-07-17 11:40:07.579421
2025-07-17,118431,2025071705003859,NIFRA,Aryatara Investment & Securities,Vision Securities Pvt. Ltd,100,288.8,28880.0,2025-07-17 11:40:07.579446
2025-07-17,118430,2025071705003860,NIFRA,Premier Securities Company Ltd.,Vision Securities Pvt. Ltd,500,288.8,144400.0,2025-07-17 11:40:07.579468
2025-07-17,118429,2025071705003861,NIFRA,Capital Max Securities Ltd,Vision Securities Pvt. Ltd,37,288.7,10681.9,2025-07-17 11:40:07.579496
2025-07-17,118428,2025071705003862,NIFRA,Capital Max Securities Ltd,Vision Securities Pvt. Ltd,100,288.7,28870.0,2025-07-17 11:40:07.579535
2025-07-17,118427,2025071705003863,NIFRA,Aryatara Investment & Securities,Vision Securities Pvt. Ltd,127,288.6,36652.2,2025-07-17 11:40:07.579561
2025-07-17,118394,2025071705003868,NIFRA,Midas Stock Broking Company Private Limited,Dynamic Money Managers Securities Pvt. Ltd.,500,289.0,144500.0,2025-07-17 11:40:10.263833
2025-07-17,118367,2025071705003872,NIFRA,Vision Securities Pvt. Ltd,Dynamic Money Managers Securities Pvt. Ltd.,1400,289.0,404600.0,2025-07-17 11:40:13.631148
2025-07-17,118342,2025071705003881,NIFRA,Dakshinkali Investment & Securities Pvt. Ltd.,Premier Securities Company Ltd.,64,288.9,18489.6,2025-07-17 11:40:16.145940
2025-07-17,118244,2025071705003893,NIFRA,Dakshinkali Investment & Securities Pvt. Ltd.,Ashutosh Brokerage & Securities (PVT) Ltd.,30,288.9,8667.0,2025-07-17 11:40:28.900060
2025-07-17,118232,2025071705003894,NIFRA,Dakshinkali Investment & Securities Pvt. Ltd.,Aryatara Investment & Securities,206,288.9,59513.4,2025-07-17 11:40:31.139110
2025-07-17,118231,2025071705003895,NIFRA,Aryatara Investment & Securities,Aryatara Investment & Securities,273,288.6,78787.8,2025-07-17 11:40:31.139575
2025-07-17,118052,2025071705003920,NIFRA,Capital Max Securities Ltd,Aryatara Investment & Securities,100,288.6,28860.0,2025-07-17 11:40:51.098859
2025-07-17,118033,2025071705003923,NIFRA,Aryatara Investment & Securities,Aryatara Investment & Securities,100,288.6,28860.0,2025-07-17 11:40:51.829714
2025-07-17,117867,2025071705003952,NIFRA,Naasa Securities Co. Ltd.,Aryatara Investment & Securities,14,288.6,4040.4,2025-07-17 11:41:09.684510
2025-07-17,117668,2025071705003980,NIFRA,Naasa Securities Co. Ltd.,Aryatara Investment & Securities,300,288.6,86580.0,2025-07-17 11:41:24.349834
2025-07-17,117580,2025071705003985,NIFRA,Creative Securities Pvt Ltd,Aryatara Investment & Securities,12,288.6,3463.2,2025-07-17 11:41:31.827687
2025-07-17,117350,2025071705004029,NIFRA,Magnet Securities and Investment Company Private Limited,Aryatara Investment & Securities,195,288.6,56277.0,2025-07-17 11:41:54.068491
2025-07-17,117349,2025071705004030,NIFRA,Magnet Securities and Investment Company Private Limited,Naasa Securities Co. Ltd.,100,288.9,28890.0,2025-07-17 11:41:54.068852
2025-07-17,117348,2025071705004031,NIFRA,Magnet Securities and Investment Company Private Limited,Dynamic Money Managers Securities Pvt. Ltd.,1205,289.0,348245.0,2025-07-17 11:41:54.069035
2025-07-17,117319,2025071705004039,NIFRA,Premier Securities Company Ltd.,Malla & Malla Stock Broking Company Pvt. Limited,3,289.0,867.0,2025-07-17 11:41:56.627006
2025-07-17,117182,2025071705004072,NIFRA,Vision Securities Pvt. Ltd,Nepal Stock House (PVT) Ltd.,200,288.6,57720.0,2025-07-17 11:42:12.550246
2025-07-17,117057,2025071705004078,NIFRA,Vision Securities Pvt. Ltd,Deevyaa Securities & Stock House Pvt. Ltd,54,288.6,15584.4,2025-07-17 11:42:23.882440
2025-07-17,116948,2025071705004095,NIFRA,Vision Securities Pvt. Ltd,Asian Securities Private Ltd.,146,288.6,42135.6,2025-07-17 11:42:34.152117
2025-07-17,116947,2025071705004096,NIFRA,Oxford Securities Pvt. Ltd.,Asian Securities Private Ltd.,200,288.6,57720.0,2025-07-17 11:42:34.152182
2025-07-17,116946,2025071705004097,NIFRA,Trishakti Securities Public Limited,Asian Securities Private Ltd.,205,288.5,59142.5,2025-07-17 11:42:34.152209
2025-07-17,116945,2025071705004098,NIFRA,Trisul Securities & Invt. Ltd.,Asian Securities Private Ltd.,1000,288.5,288500.0,2025-07-17 11:42:34.152237
2025-07-17,116944,2025071705004099,NIFRA,Capital Max Securities Ltd,Asian Securities Private Ltd.,100,288.5,28850.0,2025-07-17 11:42:34.152261
2025-07-17,116943,2025071705004100,NIFRA,Capital Max Securities Ltd,Asian Securities Private Ltd.,100,288.5,28850.0,2025-07-17 11:42:34.152285
2025-07-17,116942,2025071705004101,NIFRA,Investment Management Nepal Pvt. Ltd.,Asian Securities Private Ltd.,26,288.4,7498.4,2025-07-17 11:42:34.152309
2025-07-17,116941,2025071705004102,NIFRA,Dynamic Money Managers Securities Pvt. Ltd.,Asian Securities Private Ltd.,70,288.1,20167.0,2025-07-17 11:42:34.152340
2025-07-17,116940,2025071705004103,NIFRA,Nabil Stock Dealer Ltd.,Asian Securities Private Ltd.,50,288.0,14400.0,2025-07-17 11:42:34.152366
2025-07-17,116939,2025071705004104,NIFRA,Dakshinkali Investment & Securities Pvt. Ltd.,Asian Securities Private Ltd.,500,288.0,144000.0,2025-07-17 11:42:34.152391
2025-07-17,116938,2025071705004105,NIFRA,Naasa Securities Co. Ltd.,Asian Securities Private Ltd.,500,288.0,144000.0,2025-07-17 11:42:34.152415
2025-07-17,116937,2025071705004106,NIFRA,Dipshikha Dhitopatra Karobar Co. Pvt Ltd.,Asian Securities Private Ltd.,51,288.0,14688.0,2025-07-17 11:42:34.152437
2025-07-17,116936,2025071705004107,NIFRA,J.F. Securites (PVT) Ltd.,Asian Securities Private Ltd.,52,288.0,14976.0,2025-07-17 11:42:34.152465
2025-07-17,116876,2025071705004122,NIFRA,Kohinoor Investment & Securities Pvt. Ltd.,Online Securities Pvt. Ltd.,200,288.5,57700.0,2025-07-17 11:42:41.573052
2025-07-17,116768,2025071705004147,NIFRA,Sweta Securities Private Limited,Online Securities Pvt. Ltd.,40,288.5,11540.0,2025-07-17 11:42:52.574770
2025-07-17,116692,2025071705004156,NIFRA,Sani Securities Company Ltd.,Oxford Securities Pvt. Ltd.,64,288.7,18476.8,2025-07-17 11:43:02.395007
2025-07-17,116491,2025071705004183,NIFRA,Dynamic Money Managers Securities Pvt. Ltd.,Naasa Securities Co. Ltd.,100,288.9,28890.0,2025-07-17 11:43:24.246030
2025-07-17,116350,2025071705004216,NIFRA,Dynamic Money Managers Securities Pvt. Ltd.,Trishakti Securities Public Limited,64,288.9,18489.6,2025-07-17 11:43:38.248671
2025-07-17,116186,2025071705004254,NIFRA,Dynamic Money Managers Securities Pvt. Ltd.,ABC Securities Private Limited,54,288.9,15600.6,2025-07-17 11:43:53.553392
2025-07-17,115946,2025071705004285,NIFRA,Dipshikha Dhitopatra Karobar Co. Pvt Ltd.,Dynamic Money Managers Securities Pvt. Ltd.,2000,289.0,578000.0,2025-07-17 11:44:25.446093
2025-07-17,115944,2025071705004286,NIFRA,Opal Securities Investment (PVT) Ltd.,Dynamic Money Managers Securities Pvt. Ltd.,1000,289.0,289000.0,2025-07-17 11:44:25.699457
2025-07-17,115933,2025071705004288,NIFRA,MILKY WAY SHARE BROKER COMPANY LTD ,Dynamic Money Managers Securities Pvt. Ltd.,3695,289.0,1067855.0,2025-07-17 11:44:26.202746
2025-07-17,115932,2025071705004289,NIFRA,MILKY WAY SHARE BROKER COMPANY LTD ,Trishakti Securities Public Limited,68,289.0,19652.0,2025-07-17 11:44:26.203561
2025-07-17,115931,2025071705004290,NIFRA,MILKY WAY SHARE BROKER COMPANY LTD ,Kumari Securities Private Limited,196,289.0,56644.0,2025-07-17 11:44:26.204176
2025-07-17,115930,2025071705004291,NIFRA,MILKY WAY SHARE BROKER COMPANY LTD ,Asian Securities Private Ltd.,54,289.0,15606.0,2025-07-17 11:44:26.204787
2025-07-17,115929,2025071705004292,NIFRA,MILKY WAY SHARE BROKER COMPANY LTD ,Dynamic Money Managers Securities Pvt. Ltd.,54,289.0,15606.0,2025-07-17 11:44:26.205460
2025-07-17,115864,2025071705004304,NIFRA,Sani Securities Company Ltd.,Malla & Malla Stock Broking Company Pvt. Limited,1,287.0,287.0,2025-07-17 11:44:33.819182
2025-07-17,115808,2025071705004309,NIFRA,MILKY WAY SHARE BROKER COMPANY LTD ,Investment Management Nepal Pvt. Ltd.,2946,289.0,851394.0,2025-07-17 11:44:40.322882
2025-07-17,115795,2025071705004311,NIFRA,MILKY WAY SHARE BROKER COMPANY LTD ,Investment Management Nepal Pvt. Ltd.,54,289.0,15606.0,2025-07-17 11:44:42.253466
2025-07-17,115794,2025071705004312,NIFRA,MILKY WAY SHARE BROKER COMPANY LTD ,Naasa Securities Co. Ltd.,10,289.3,2893.0,2025-07-17 11:44:42.254224
2025-07-17,115793,2025071705004313,NIFRA,MILKY WAY SHARE BROKER COMPANY LTD ,Siprabi Securities Pvt. Ltd.,200,289.5,57900.0,2025-07-17 11:44:42.254792
2025-07-17,115792,2025071705004314,NIFRA,MILKY WAY SHARE BROKER COMPANY LTD ,J.F. Securites (PVT) Ltd.,204,289.6,59078.4,2025-07-17 11:44:42.255379
2025-07-17,115791,2025071705004315,NIFRA,MILKY WAY SHARE BROKER COMPANY LTD ,Imperial Securities Company Pvt. Ltd.,10,289.6,2896.0,2025-07-17 11:44:42.255917
2025-07-17,115790,2025071705004316,NIFRA,MILKY WAY SHARE BROKER COMPANY LTD ,J.F. Securites (PVT) Ltd.,100,289.7,28970.0,2025-07-17 11:44:42.256474
2025-07-17,115789,2025071705004317,NIFRA,MILKY WAY SHARE BROKER COMPANY LTD ,Creative Securities Pvt Ltd,100,289.8,28980.0,2025-07-17 11:44:42.257004
2025-07-17,115788,2025071705004318,NIFRA,MILKY WAY SHARE BROKER COMPANY LTD ,Vision Securities Pvt. Ltd,322,289.9,93347.8,2025-07-17 11:44:42.257546
2025-07-17,115624,2025071705004331,NIFRA,Sani Securities Company Ltd.,Vision Securities Pvt. Ltd,60,289.9,17394.0,2025-07-17 11:45:01.955289
2025-07-17,115567,2025071705004349,NIFRA,Aryatara Investment & Securities,Siprabi Securities Pvt. Ltd.,54,289.1,15611.4,2025-07-17 11:45:07.210952
2025-07-17,115425,2025071705004363,NIFRA,MILKY WAY SHARE BROKER COMPANY LTD ,Vision Securities Pvt. Ltd,618,289.9,179158.2,2025-07-17 11:45:24.379615
2025-07-17,115424,2025071705004364,NIFRA,MILKY WAY SHARE BROKER COMPANY LTD ,Asian Securities Private Ltd.,100,289.9,28990.0,2025-07-17 11:45:24.380408
2025-07-17,115423,2025071705004365,NIFRA,MILKY WAY SHARE BROKER COMPANY LTD ,Nepal Investment And Securities Trading Private Limited,200,289.9,57980.0,2025-07-17 11:45:24.380979
2025-07-17,115422,2025071705004366,NIFRA,MILKY WAY SHARE BROKER COMPANY LTD ,Premier Securities Company Ltd.,54,290.0,15660.0,2025-07-17 11:45:24.381522
2025-07-17,115421,2025071705004367,NIFRA,MILKY WAY SHARE BROKER COMPANY LTD ,Sani Securities Company Ltd.,300,290.0,87000.0,2025-07-17 11:45:24.382060
2025-07-17,115420,2025071705004368,NIFRA,MILKY WAY SHARE BROKER COMPANY LTD ,Online Securities Pvt. Ltd.,100,290.0,29000.0,2025-07-17 11:45:24.382593
2025-07-17,115419,2025071705004369,NIFRA,MILKY WAY SHARE BROKER COMPANY LTD ,Trisul Securities & Invt. Ltd.,128,290.0,37120.0,2025-07-17 11:45:24.383141
2025-07-17,115087,2025071705004421,NIFRA,Aryatara Investment & Securities,Online Securities Pvt. Ltd.,20,289.1,5782.0,2025-07-17 11:46:03.191470
2025-07-17,115072,2025071705004424,NIFRA,Opal Securities Investment (PVT) Ltd.,Trisul Securities & Invt. Ltd.,15,290.0,4350.0,2025-07-17 11:46:05.438255
2025-07-17,114845,2025071705004447,NIFRA,Miyo Securities Pvt Ltd,Trisul Securities & Invt. Ltd.,30,290.0,8700.0,2025-07-17 11:46:33.878770
2025-07-17,114820,2025071705004450,NIFRA,Miyo Securities Pvt Ltd,Trisul Securities & Invt. Ltd.,30,290.0,8700.0,2025-07-17 11:46:35.894257
2025-07-17,114775,2025071705004451,NIFRA,Vision Securities Pvt. Ltd,Trisul Securities & Invt. Ltd.,500,290.0,145000.0,2025-07-17 11:46:40.249786
2025-07-17,114760,2025071705004453,NIFRA,Dynamic Money Managers Securities Pvt. Ltd.,Trisul Securities & Invt. Ltd.,297,290.0,86130.0,2025-07-17 11:46:40.582086
2025-07-17,114759,2025071705004454,NIFRA,Dynamic Money Managers Securities Pvt. Ltd.,Midas Stock Broking Company Private Limited,50,290.0,14500.0,2025-07-17 11:46:40.582483
2025-07-17,114758,2025071705004455,NIFRA,Dynamic Money Managers Securities Pvt. Ltd.,Kumari Securities Private Limited,296,290.0,85840.0,2025-07-17 11:46:40.582695
2025-07-17,114757,2025071705004456,NIFRA,Dynamic Money Managers Securities Pvt. Ltd.,Vision Securities Pvt. Ltd,64,290.0,18560.0,2025-07-17 11:46:40.582877
2025-07-17,114756,2025071705004457,NIFRA,Dynamic Money Managers Securities Pvt. Ltd.,Sri Hari Securities Pvt. Ltd.,500,290.0,145000.0,2025-07-17 11:46:40.583076
2025-07-17,114755,2025071705004458,NIFRA,Dynamic Money Managers Securities Pvt. Ltd.,Sri Hari Securities Pvt. Ltd.,470,290.0,136300.0,2025-07-17 11:46:40.583256
2025-07-17,114754,2025071705004459,NIFRA,Dynamic Money Managers Securities Pvt. Ltd.,Opal Securities Investment (PVT) Ltd.,105,290.0,30450.0,2025-07-17 11:46:40.583500
2025-07-17,114753,2025071705004460,NIFRA,Dynamic Money Managers Securities Pvt. Ltd.,Dipshikha Dhitopatra Karobar Co. Pvt Ltd.,100,290.0,29000.0,2025-07-17 11:46:40.583723
2025-07-17,114752,2025071705004461,NIFRA,Dynamic Money Managers Securities Pvt. Ltd.,Cristal Kanchanjanga Securites Pvt. Ltd.,54,290.0,15660.0,2025-07-17 11:46:40.583958
2025-07-17,114751,2025071705004462,NIFRA,Dynamic Money Managers Securities Pvt. Ltd.,Aryatara Investment & Securities,64,290.0,18560.0,2025-07-17 11:46:40.584163
2025-07-17,114715,2025071705004465,NIFRA,Trishakti Securities Public Limited,Agrawal Securities (PVT) Ltd.,100,290.0,29000.0,2025-07-17 11:46:43.345671
2025-07-17,114663,2025071705004479,NIFRA,KALASH STOCK MARKET PVT. LTD.,Agrawal Securities (PVT) Ltd.,900,290.0,261000.0,2025-07-17 11:46:48.287606
2025-07-17,114662,2025071705004480,NIFRA,KALASH STOCK MARKET PVT. LTD.,Siprabi Securities Pvt. Ltd.,93,290.0,26970.0,2025-07-17 11:46:48.288017
2025-07-17,114661,2025071705004481,NIFRA,KALASH STOCK MARKET PVT. LTD.,Vision Securities Pvt. Ltd,40,290.0,11600.0,2025-07-17 11:46:48.288195
2025-07-17,114660,2025071705004482,NIFRA,KALASH STOCK MARKET PVT. LTD.,Bhrikuti Stock Broking Co. Pvt. Ltd.,10,290.0,2900.0,2025-07-17 11:46:48.288373
2025-07-17,114659,2025071705004483,NIFRA,KALASH STOCK MARKET PVT. LTD.,Imperial Securities Company Pvt. Ltd.,64,290.0,18560.0,2025-07-17 11:46:48.288542
2025-07-17,114658,2025071705004484,NIFRA,KALASH STOCK MARKET PVT. LTD.,Online Securities Pvt. Ltd.,40,290.0,11600.0,2025-07-17 11:46:48.288717
2025-07-17,114657,2025071705004485,NIFRA,KALASH STOCK MARKET PVT. LTD.,Online Securities Pvt. Ltd.,10,290.0,2900.0,2025-07-17 11:46:48.288889
2025-07-17,114656,2025071705004486,NIFRA,KALASH STOCK MARKET PVT. LTD.,Agrawal Securities (PVT) Ltd.,100,290.0,29000.0,2025-07-17 11:46:48.289060
2025-07-17,114655,2025071705004487,NIFRA,KALASH STOCK MARKET PVT. LTD.,Secured Securities Ltd.,50,290.0,14500.0,2025-07-17 11:46:48.289227
2025-07-17,114654,2025071705004488,NIFRA,KALASH STOCK MARKET PVT. LTD.,Sharepro Securities Private Limited,200,290.0,58000.0,2025-07-17 11:46:48.289399
2025-07-17,114653,2025071705004489,NIFRA,KALASH STOCK MARKET PVT. LTD.,Pragyan Securities (PVT) Ltd.,64,290.0,18560.0,2025-07-17 11:46:48.289592
2025-07-17,114652,2025071705004490,NIFRA,KALASH STOCK MARKET PVT. LTD.,Swarna Laxmi Securities Pvt. Ltd.,300,290.0,87000.0,2025-07-17 11:46:48.289778
2025-07-17,114651,2025071705004491,NIFRA,KALASH STOCK MARKET PVT. LTD.,Deevyaa Securities & Stock House Pvt. Ltd,100,290.0,29000.0,2025-07-17 11:46:48.289946
2025-07-17,114650,2025071705004492,NIFRA,KALASH STOCK MARKET PVT. LTD.,Pragyan Securities (PVT) Ltd.,54,290.0,15660.0,2025-07-17 11:46:48.290115
2025-07-17,114649,2025071705004493,NIFRA,KALASH STOCK MARKET PVT. LTD.,Pragyan Securities (PVT) Ltd.,54,290.0,15660.0,2025-07-17 11:46:48.290283
2025-07-17,114648,2025071705004494,NIFRA,KALASH STOCK MARKET PVT. LTD.,Pragyan Securities (PVT) Ltd.,64,290.0,18560.0,2025-07-17 11:46:48.290484
2025-07-17,114647,2025071705004495,NIFRA,KALASH STOCK MARKET PVT. LTD.,Nepal Investment And Securities Trading Private Limited,54,290.0,15660.0,2025-07-17 11:46:48.290652
2025-07-17,114646,2025071705004496,NIFRA,KALASH STOCK MARKET PVT. LTD.,Dipshikha Dhitopatra Karobar Co. Pvt Ltd.,54,290.0,15660.0,2025-07-17 11:46:48.290820
2025-07-17,114645,2025071705004497,NIFRA,KALASH STOCK MARKET PVT. LTD.,Imperial Securities Company Pvt. Ltd.,54,290.0,15660.0,2025-07-17 11:46:48.290988
2025-07-17,114644,2025071705004498,NIFRA,KALASH STOCK MARKET PVT. LTD.,Imperial Securities Company Pvt. Ltd.,64,290.0,18560.0,2025-07-17 11:46:48.291155
2025-07-17,114643,2025071705004499,NIFRA,KALASH STOCK MARKET PVT. LTD.,Capital Hub P. Ltd,400,290.0,116000.0,2025-07-17 11:46:48.291325
2025-07-17,114642,2025071705004500,NIFRA,KALASH STOCK MARKET PVT. LTD.,Sri Hari Securities Pvt. Ltd.,14,290.0,4060.0,2025-07-17 11:46:48.291489
2025-07-17,114641,2025071705004501,NIFRA,KALASH STOCK MARKET PVT. LTD.,Aryatara Investment & Securities,40,290.0,11600.0,2025-07-17 11:46:48.291653
2025-07-17,114269,2025071705004553,NIFRA,Sani Securities Company Ltd.,Miyo Securities Pvt Ltd,10,290.5,2905.0,2025-07-17 11:47:30.843681
2025-07-17,114268,2025071705004554,NIFRA,Sani Securities Company Ltd.,Aryatara Investment & Securities,54,290.5,15687.0,2025-07-17 11:47:30.844041
2025-07-17,114267,2025071705004555,NIFRA,Sani Securities Company Ltd.,Miyo Securities Pvt Ltd,10,290.5,2905.0,2025-07-17 11:47:30.844214
2025-07-17,114266,2025071705004556,NIFRA,Sani Securities Company Ltd.,Cristal Kanchanjanga Securites Pvt. Ltd.,50,290.7,14535.0,2025-07-17 11:47:30.844391
2025-07-17,114265,2025071705004557,NIFRA,Sani Securities Company Ltd.,Malla & Malla Stock Broking Company Pvt. Limited,114,291.0,33174.0,2025-07-17 11:47:30.844561
2025-07-17,114264,2025071705004558,NIFRA,Sani Securities Company Ltd.,ABC Securities Private Limited,20,291.0,5820.0,2025-07-17 11:47:30.844731
2025-07-17,114263,2025071705004559,NIFRA,Sani Securities Company Ltd.,Dakshinkali Investment & Securities Pvt. Ltd.,150,291.0,43650.0,2025-07-17 11:47:30.844917
2025-07-17,114262,2025071705004560,NIFRA,Sani Securities Company Ltd.,Cristal Kanchanjanga Securites Pvt. Ltd.,35,291.0,10185.0,2025-07-17 11:47:30.845086
2025-07-17,114261,2025071705004561,NIFRA,Sani Securities Company Ltd.,Opal Securities Investment (PVT) Ltd.,10,291.0,2910.0,2025-07-17 11:47:30.845255
2025-07-17,114260,2025071705004562,NIFRA,Sani Securities Company Ltd.,Thrive Brokerage House Pvt. Ltd,100,291.0,29100.0,2025-07-17 11:47:30.845431
2025-07-17,114259,2025071705004563,NIFRA,Sani Securities Company Ltd.,Dynamic Money Managers Securities Pvt. Ltd.,137,291.0,39867.0,2025-07-17 11:47:30.845598
2025-07-17,114206,2025071705004572,NIFRA,Sundhara Securities Limited,Naasa Securities Co. Ltd.,200,290.7,58140.0,2025-07-17 11:47:37.769932
2025-07-17,114205,2025071705004573,NIFRA,Sundhara Securities Limited,Dynamic Money Managers Securities Pvt. Ltd.,300,291.0,87300.0,2025-07-17 11:47:37.770295
2025-07-17,113950,2025071705004612,NIFRA,Dipshikha Dhitopatra Karobar Co. Pvt Ltd.,Dynamic Money Managers Securities Pvt. Ltd.,300,291.0,87300.0,2025-07-17 11:47:59.668348
2025-07-17,113773,2025071705004639,NIFRA,Magnet Securities and Investment Company Private Limited,ABC Securities Private Limited,300,290.9,87270.0,2025-07-17 11:48:21.955910
2025-07-17,113708,2025071705004645,NIFRA,Vision Securities Pvt. Ltd,ABC Securities Private Limited,200,290.9,58180.0,2025-07-17 11:48:27.498865
2025-07-17,113707,2025071705004646,NIFRA,Vision Securities Pvt. Ltd,Naasa Securities Co. Ltd.,100,290.9,29090.0,2025-07-17 11:48:27.499264
2025-07-17,113706,2025071705004647,NIFRA,Vision Securities Pvt. Ltd,Dynamic Money Managers Securities Pvt. Ltd.,263,291.0,76533.0,2025-07-17 11:48:27.499452
2025-07-17,113705,2025071705004648,NIFRA,Vision Securities Pvt. Ltd,Sweta Securities Private Limited,437,291.0,127167.0,2025-07-17 11:48:27.499620
2025-07-17,113703,2025071705004649,NIFRA,Deevyaa Securities & Stock House Pvt. Ltd,Sweta Securities Private Limited,63,291.0,18333.0,2025-07-17 11:48:27.780066
2025-07-17,113702,2025071705004650,NIFRA,Deevyaa Securities & Stock House Pvt. Ltd,Siprabi Securities Pvt. Ltd.,105,291.0,30555.0,2025-07-17 11:48:27.780834
2025-07-17,113701,2025071705004651,NIFRA,Deevyaa Securities & Stock House Pvt. Ltd,Trisul Securities & Invt. Ltd.,332,291.0,96612.0,2025-07-17 11:48:27.781352
2025-07-17,113615,2025071705004656,NIFRA,Sani Securities Company Ltd.,Secured Securities Ltd.,20,290.5,5810.0,2025-07-17 11:48:36.091347
2025-07-17,113614,2025071705004657,NIFRA,Imperial Securities Company Pvt. Ltd.,Secured Securities Ltd.,200,290.1,58020.0,2025-07-17 11:48:36.091734
2025-07-17,113613,2025071705004658,NIFRA,Imperial Securities Company Pvt. Ltd.,Secured Securities Ltd.,500,290.1,145050.0,2025-07-17 11:48:36.091907
2025-07-17,113612,2025071705004659,NIFRA,KALASH STOCK MARKET PVT. LTD.,Secured Securities Ltd.,2177,290.0,631330.0,2025-07-17 11:48:36.092072
2025-07-17,113611,2025071705004660,NIFRA,Nagarik Stock Dealer ,Secured Securities Ltd.,2000,290.0,580000.0,2025-07-17 11:48:36.092235
2025-07-17,113610,2025071705004661,NIFRA,Dipshikha Dhitopatra Karobar Co. Pvt Ltd.,Secured Securities Ltd.,15,290.0,4350.0,2025-07-17 11:48:36.092407
2025-07-17,113609,2025071705004662,NIFRA,Vision Securities Pvt. Ltd,Secured Securities Ltd.,500,290.0,145000.0,2025-07-17 11:48:36.092572
2025-07-17,113551,2025071705004671,NIFRA,Aryatara Investment & Securities,Deevyaa Securities & Stock House Pvt. Ltd,64,289.1,18502.4,2025-07-17 11:48:41.748012
2025-07-17,113125,2025071705004719,NIFRA,Market Securities & Exchange (PVT) Ltd.,Secured Securities Ltd.,200,290.0,58000.0,2025-07-17 11:49:26.618879
2025-07-17,112642,2025071705004778,NIFRA,South Asian Bulls Pvt. Ltd.,Online Securities Pvt. Ltd.,64,289.2,18508.8,2025-07-17 11:50:22.778087
2025-07-17,112626,2025071705004779,NIFRA,ABC Securities Private Limited,Naasa Securities Co. Ltd.,50,289.9,14495.0,2025-07-17 11:50:24.198015
2025-07-17,112518,2025071705004792,NIFRA,Nepal Investment And Securities Trading Private Limited,Naasa Securities Co. Ltd.,50,289.9,14495.0,2025-07-17 11:50:38.607305
2025-07-17,112460,2025071705004798,NIFRA,Kumari Securities Private Limited,Secured Securities Ltd.,2388,290.0,692520.0,2025-07-17 11:50:45.693154
2025-07-17,112459,2025071705004799,NIFRA,Kumari Securities Private Limited,Online Securities Pvt. Ltd.,50,290.0,14500.0,2025-07-17 11:50:45.693549
2025-07-17,112039,2025071705004843,NIFRA,Kumari Securities Private Limited,Naasa Securities Co. Ltd.,497,290.0,144130.0,2025-07-17 11:51:22.543779
2025-07-17,112037,2025071705004844,NIFRA,Kumari Securities Private Limited,Nepal Investment And Securities Trading Private Limited,65,290.0,18850.0,2025-07-17 11:51:23.084045
2025-07-17,111852,2025071705004874,NIFRA,Nepal Investment And Securities Trading Private Limited,Nepal Investment And Securities Trading Private Limited,50,290.0,14500.0,2025-07-17 11:51:42.407759
2025-07-17,111818,2025071705004881,NIFRA,South Asian Bulls Pvt. Ltd.,Nepal Investment And Securities Trading Private Limited,120,290.0,34800.0,2025-07-17 11:51:48.303562
2025-07-17,111817,2025071705004882,NIFRA,South Asian Bulls Pvt. Ltd.,Trisul Securities & Invt. Ltd.,668,291.0,194388.0,2025-07-17 11:51:48.303943
2025-07-17,111816,2025071705004883,NIFRA,South Asian Bulls Pvt. Ltd.,J.F. Securites (PVT) Ltd.,73,291.0,21243.0,2025-07-17 11:51:48.304128
2025-07-17,111815,2025071705004884,NIFRA,South Asian Bulls Pvt. Ltd.,Opal Securities Investment (PVT) Ltd.,75,291.0,21825.0,2025-07-17 11:51:48.304345
2025-07-17,111814,2025071705004885,NIFRA,Online Securities Pvt. Ltd.,Naasa Securities Co. Ltd.,10,289.9,2899.0,2025-07-17 11:51:48.555310
2025-07-17,111813,2025071705004886,NIFRA,Sani Securities Company Ltd.,Naasa Securities Co. Ltd.,44,289.3,12729.2,2025-07-17 11:51:48.555393
2025-07-17,111657,2025071705004917,NIFRA,Naasa Securities Co. Ltd.,Sewa Securities Pvt. Ltd.,54,290.0,15660.0,2025-07-17 11:52:03.547318
2025-07-17,111337,2025071705004993,NIFRA,Naasa Securities Co. Ltd.,Opal Securities Investment (PVT) Ltd.,46,290.0,13340.0,2025-07-17 11:52:42.083128
2025-07-17,111336,2025071705004994,NIFRA,Linch Stock Market Ltd.,Opal Securities Investment (PVT) Ltd.,18,290.0,5220.0,2025-07-17 11:52:42.083530
2025-07-17,111320,2025071705004999,NIFRA,Linch Stock Market Ltd.,Sumeru Securities Pvt. Ltd.,54,290.0,15660.0,2025-07-17 11:52:44.525298
2025-07-17,111145,2025071705005028,NIFRA,Linch Stock Market Ltd.,Naasa Securities Co. Ltd.,28,290.0,8120.0,2025-07-17 11:53:03.626210
2025-07-17,111144,2025071705005029,NIFRA,Trishakti Securities Public Limited,Naasa Securities Co. Ltd.,26,290.0,7540.0,2025-07-17 11:53:03.626632
2025-07-17,110978,2025071705005065,NIFRA,Trishakti Securities Public Limited,Vision Securities Pvt. Ltd,554,290.0,160660.0,2025-07-17 11:53:22.370426
2025-07-17,110852,2025071705005087,NIFRA,Trishakti Securities Public Limited,Imperial Securities Company Pvt. Ltd.,19,290.0,5510.0,2025-07-17 11:53:37.347486
2025-07-17,110616,2025071705005145,NIFRA,Trishakti Securities Public Limited,ABC Securities Private Limited,10,290.0,2900.0,2025-07-17 11:54:09.749993
2025-07-17,110595,2025071705005159,NIFRA,Trishakti Securities Public Limited,Aryatara Investment & Securities,200,290.0,58000.0,2025-07-17 11:54:10.705599
2025-07-17,110472,2025071705005190,NIFRA,Trishakti Securities Public Limited,J.F. Securites (PVT) Ltd.,131,290.0,37990.0,2025-07-17 11:54:28.668606
2025-07-17,110451,2025071705005196,NIFRA,Trishakti Securities Public Limited,Trishakti Securities Public Limited,60,290.0,17400.0,2025-07-17 11:54:32.532904
2025-07-17,110450,2025071705005197,NIFRA,Oxford Securities Pvt. Ltd.,Trishakti Securities Public Limited,60,290.0,17400.0,2025-07-17 11:54:32.533400
2025-07-17,110245,2025071705005245,NIFRA,Premier Securities Company Ltd.,Trishakti Securities Public Limited,200,290.0,58000.0,2025-07-17 11:54:50.971247
2025-07-17,109853,2025071705005299,NIFRA,Dynamic Money Managers Securities Pvt. Ltd.,Sani Securities Company Ltd.,64,289.8,18547.2,2025-07-17 11:55:26.158063
2025-07-17,109845,2025071705005300,NIFRA,Dynamic Money Managers Securities Pvt. Ltd.,Sumeru Securities Pvt. Ltd.,14,289.8,4057.2,2025-07-17 11:55:27.333407
2025-07-17,109789,2025071705005317,NIFRA,Imperial Securities Company Pvt. Ltd.,Sri Hari Securities Pvt. Ltd.,1000,289.9,289900.0,2025-07-17 11:55:36.695149
2025-07-17,109788,2025071705005318,NIFRA,Imperial Securities Company Pvt. Ltd.,Cristal Kanchanjanga Securites Pvt. Ltd.,21,289.9,6087.9,2025-07-17 11:55:36.696028
2025-07-17,109787,2025071705005319,NIFRA,Imperial Securities Company Pvt. Ltd.,Trishakti Securities Public Limited,4680,290.0,1357200.0,2025-07-17 11:55:36.696547
2025-07-17,109786,2025071705005320,NIFRA,Imperial Securities Company Pvt. Ltd.,Naasa Securities Co. Ltd.,1000,290.0,290000.0,2025-07-17 11:55:36.696819
2025-07-17,109785,2025071705005321,NIFRA,Imperial Securities Company Pvt. Ltd.,Sagarmatha Securities Private Limited,100,290.0,29000.0,2025-07-17 11:55:36.697038
2025-07-17,109784,2025071705005322,NIFRA,Imperial Securities Company Pvt. Ltd.,Dipshikha Dhitopatra Karobar Co. Pvt Ltd.,199,290.0,57710.0,2025-07-17 11:55:36.697244
2025-07-17,109675,2025071705005343,NIFRA,Primo Securities (PVT) Ltd.,Dipshikha Dhitopatra Karobar Co. Pvt Ltd.,801,290.0,232290.0,2025-07-17 11:55:49.537695
2025-07-17,109674,2025071705005344,NIFRA,Primo Securities (PVT) Ltd.,Naasa Securities Co. Ltd.,32,290.0,9280.0,2025-07-17 11:55:49.538559
2025-07-17,109564,2025071705005366,NIFRA,Primo Securities (PVT) Ltd.,Indira securities pvt. ltd,10,290.0,2900.0,2025-07-17 11:56:00.257376
2025-07-17,109555,2025071705005369,NIFRA,Primo Securities (PVT) Ltd.,Dipshikha Dhitopatra Karobar Co. Pvt Ltd.,100,290.0,29000.0,2025-07-17 11:56:02.272243
2025-07-17,109536,2025071705005371,NIFRA,Primo Securities (PVT) Ltd.,Siprabi Securities Pvt. Ltd.,57,290.0,16530.0,2025-07-17 11:56:04.061921
2025-07-17,109192,2025071705005480,NIFRA,Primo Securities (PVT) Ltd.,Property Wiard Limited,50,289.9,14495.0,2025-07-17 11:56:39.951213
2025-07-17,109191,2025071705005481,NIFRA,Primo Securities (PVT) Ltd.,Siprabi Securities Pvt. Ltd.,143,290.0,41470.0,2025-07-17 11:56:39.951673
2025-07-17,109063,2025071705005503,NIFRA,Primo Securities (PVT) Ltd.,Secured Securities Ltd.,50,290.0,14500.0,2025-07-17 11:56:53.654352
2025-07-17,108915,2025071705005526,NIFRA,Naasa Securities Co. Ltd.,Kalika Securities Pvt. Ltd.,80,290.8,23264.0,2025-07-17 11:57:03.861843
2025-07-17,108907,2025071705005528,NIFRA,Primo Securities (PVT) Ltd.,Siprabi Securities Pvt. Ltd.,54,290.0,15660.0,2025-07-17 11:57:04.943111
2025-07-17,108896,2025071705005533,NIFRA,INDEX SECURITIES LIMITED,Kalika Securities Pvt. Ltd.,20,290.8,5816.0,2025-07-17 11:57:06.118580
2025-07-17,108895,2025071705005534,NIFRA,INDEX SECURITIES LIMITED,Vision Securities Pvt. Ltd,54,290.8,15703.2,2025-07-17 11:57:06.119015
2025-07-17,108894,2025071705005535,NIFRA,INDEX SECURITIES LIMITED,APPLE SECURITIES PRIVATE LIMITED,427,290.8,124171.6,2025-07-17 11:57:06.119227
2025-07-17,108893,2025071705005536,NIFRA,INDEX SECURITIES LIMITED,Sewa Securities Pvt. Ltd.,54,290.8,15703.2,2025-07-17 11:57:06.119452
2025-07-17,108892,2025071705005537,NIFRA,INDEX SECURITIES LIMITED,Sewa Securities Pvt. Ltd.,150,290.9,43635.0,2025-07-17 11:57:06.119672
2025-07-17,108891,2025071705005538,NIFRA,INDEX SECURITIES LIMITED,Naasa Securities Co. Ltd.,100,290.9,29090.0,2025-07-17 11:57:06.119886
2025-07-17,108890,2025071705005539,NIFRA,INDEX SECURITIES LIMITED,Creative Securities Pvt Ltd,195,290.9,56725.5,2025-07-17 11:57:06.120099
2025-07-17,108830,2025071705005545,NIFRA,Primo Securities (PVT) Ltd.,SUN SECURITIES PVT LTD,703,290.0,203870.0,2025-07-17 11:57:12.640987
2025-07-17,108829,2025071705005546,NIFRA,Sani Securities Company Ltd.,SUN SECURITIES PVT LTD,297,290.0,86130.0,2025-07-17 11:57:12.641060
2025-07-17,108828,2025071705005547,NIFRA,Sani Securities Company Ltd.,Sani Securities Company Ltd.,3,290.0,870.0,2025-07-17 11:57:12.641166
2025-07-17,108669,2025071705005564,NIFRA,Midas Stock Broking Company Private Limited,Dipshikha Dhitopatra Karobar Co. Pvt Ltd.,1000,290.0,290000.0,2025-07-17 11:57:28.927426
2025-07-17,108628,2025071705005565,NIFRA,Dynamic Money Managers Securities Pvt. Ltd.,Vision Securities Pvt. Ltd,522,289.8,151275.6,2025-07-17 11:57:30.326717
2025-07-17,108627,2025071705005566,NIFRA,Primo Securities (PVT) Ltd.,Vision Securities Pvt. Ltd,478,289.4,138333.2,2025-07-17 11:57:30.327153
2025-07-17,108572,2025071705005568,NIFRA,Primo Securities (PVT) Ltd.,Ashutosh Brokerage & Securities (PVT) Ltd.,54,289.4,15627.6,2025-07-17 11:57:34.843928
2025-07-17,108393,2025071705005591,NIFRA,Malla & Malla Stock Broking Company Pvt. Limited,Dipshikha Dhitopatra Karobar Co. Pvt Ltd.,500,290.0,145000.0,2025-07-17 11:57:52.091933
2025-07-17,108091,2025071705005638,NIFRA,Primo Securities (PVT) Ltd.,Linch Stock Market Ltd.,240,289.4,69456.0,2025-07-17 11:58:18.867371
2025-07-17,107943,2025071705005657,NIFRA,Primo Securities (PVT) Ltd.,Linch Stock Market Ltd.,228,289.4,65983.2,2025-07-17 11:58:31.955051
2025-07-17,107942,2025071705005658,NIFRA,Sani Securities Company Ltd.,Linch Stock Market Ltd.,156,289.3,45130.8,2025-07-17 11:58:31.955519
2025-07-17,107941,2025071705005659,NIFRA,Aryatara Investment & Securities,Linch Stock Market Ltd.,862,289.1,249204.2,2025-07-17 11:58:31.955776
2025-07-17,107940,2025071705005660,NIFRA,Oxford Securities Pvt. Ltd.,Linch Stock Market Ltd.,200,289.0,57800.0,2025-07-17 11:58:31.956012
2025-07-17,107939,2025071705005661,NIFRA,Linch Stock Market Ltd.,Linch Stock Market Ltd.,50,289.0,14450.0,2025-07-17 11:58:31.956238
2025-07-17,107938,2025071705005662,NIFRA,Premier Securities Company Ltd.,Linch Stock Market Ltd.,325,289.0,93925.0,2025-07-17 11:58:31.956478
2025-07-17,107937,2025071705005663,NIFRA,Dipshikha Dhitopatra Karobar Co. Pvt Ltd.,Linch Stock Market Ltd.,200,289.0,57800.0,2025-07-17 11:58:31.956702
2025-07-17,107936,2025071705005664,NIFRA,Dynamic Money Managers Securities Pvt. Ltd.,Linch Stock Market Ltd.,100,289.0,28900.0,2025-07-17 11:58:31.956924
2025-07-17,107889,2025071705005668,NIFRA,Sani Securities Company Ltd.,Linch Stock Market Ltd.,200,289.0,57800.0,2025-07-17 11:58:34.820232
2025-07-17,107748,2025071705005696,NIFRA,Sani Securities Company Ltd.,Dipshikha Dhitopatra Karobar Co. Pvt Ltd.,86,288.7,24828.2,2025-07-17 11:58:49.111123
2025-07-17,107747,2025071705005697,NIFRA,Opal Securities Investment (PVT) Ltd.,Dipshikha Dhitopatra Karobar Co. Pvt Ltd.,2114,288.6,610100.4,2025-07-17 11:58:49.111544
2025-07-17,107418,2025071705005746,NIFRA,Dipshikha Dhitopatra Karobar Co. Pvt Ltd.,Naasa Securities Co. Ltd.,100,288.9,28890.0,2025-07-17 11:59:18.469724
2025-07-17,107417,2025071705005747,NIFRA,Dipshikha Dhitopatra Karobar Co. Pvt Ltd.,Linch Stock Market Ltd.,4119,289.0,1190391.0,2025-07-17 11:59:18.470213
2025-07-17,107416,2025071705005748,NIFRA,Dipshikha Dhitopatra Karobar Co. Pvt Ltd.,Sundhara Securities Limited,10,289.0,2890.0,2025-07-17 11:59:18.470443
2025-07-17,107415,2025071705005749,NIFRA,Dipshikha Dhitopatra Karobar Co. Pvt Ltd.,Naasa Securities Co. Ltd.,1000,289.4,289400.0,2025-07-17 11:59:18.470655
2025-07-17,107414,2025071705005750,NIFRA,Dipshikha Dhitopatra Karobar Co. Pvt Ltd.,Siprabi Securities Pvt. Ltd.,400,289.9,115960.0,2025-07-17 11:59:18.470866
2025-07-17,107413,2025071705005751,NIFRA,Dipshikha Dhitopatra Karobar Co. Pvt Ltd.,Naasa Securities Co. Ltd.,815,290.0,236350.0,2025-07-17 11:59:18.471077
2025-07-17,107412,2025071705005752,NIFRA,Dipshikha Dhitopatra Karobar Co. Pvt Ltd.,Sani Securities Company Ltd.,64,290.0,18560.0,2025-07-17 11:59:18.471288
2025-07-17,107411,2025071705005753,NIFRA,Dipshikha Dhitopatra Karobar Co. Pvt Ltd.,Dipshikha Dhitopatra Karobar Co. Pvt Ltd.,54,290.0,15660.0,2025-07-17 11:59:18.471508
2025-07-17,107410,2025071705005754,NIFRA,Dipshikha Dhitopatra Karobar Co. Pvt Ltd.,Sri Hari Securities Pvt. Ltd.,54,290.0,15660.0,2025-07-17 11:59:18.471730
2025-07-17,107409,2025071705005755,NIFRA,Dipshikha Dhitopatra Karobar Co. Pvt Ltd.,Naasa Securities Co. Ltd.,50,290.0,14500.0,2025-07-17 11:59:18.471939
2025-07-17,107325,2025071705005772,NIFRA,Dipshikha Dhitopatra Karobar Co. Pvt Ltd.,Naasa Securities Co. Ltd.,64,290.0,18560.0,2025-07-17 11:59:26.002884
2025-07-17,107237,2025071705005782,NIFRA,Dipshikha Dhitopatra Karobar Co. Pvt Ltd.,ABC Securities Private Limited,10,290.0,2900.0,2025-07-17 11:59:31.771402
2025-07-17,107230,2025071705005786,NIFRA,Dipshikha Dhitopatra Karobar Co. Pvt Ltd.,Thrive Brokerage House Pvt. Ltd,259,290.0,75110.0,2025-07-17 11:59:32.183552
2025-07-17,106833,2025071705005851,NIFRA,J.F. Securites (PVT) Ltd.,Thrive Brokerage House Pvt. Ltd,50,290.0,14500.0,2025-07-17 12:00:09.587623
2025-07-17,106630,2025071705005878,NIFRA,Online Securities Pvt. Ltd.,Thrive Brokerage House Pvt. Ltd,51,290.0,14790.0,2025-07-17 12:00:28.256582
2025-07-17,106629,2025071705005879,NIFRA,Online Securities Pvt. Ltd.,Sharepro Securities Private Limited,32,290.0,9280.0,2025-07-17 12:00:28.257103
2025-07-17,106628,2025071705005880,NIFRA,Online Securities Pvt. Ltd.,Kohinoor Investment & Securities Pvt. Ltd.,50,290.0,14500.0,2025-07-17 12:00:28.257450
2025-07-17,106362,2025071705005905,NIFRA,Linch Stock Market Ltd.,Dipshikha Dhitopatra Karobar Co. Pvt Ltd.,54,289.0,15606.0,2025-07-17 12:00:43.019646
2025-07-17,106335,2025071705005915,NIFRA,Dipshikha Dhitopatra Karobar Co. Pvt Ltd.,Kohinoor Investment & Securities Pvt. Ltd.,14,290.0,4060.0,2025-07-17 12:00:45.049244
2025-07-17,106334,2025071705005916,NIFRA,Dipshikha Dhitopatra Karobar Co. Pvt Ltd.,Dynamic Money Managers Securities Pvt. Ltd.,9986,290.0,2895940.0,2025-07-17 12:00:45.050212
2025-07-17,106164,2025071705005938,NIFRA,Linch Stock Market Ltd.,Online Securities Pvt. Ltd.,1000,289.0,289000.0,2025-07-17 12:00:59.780588
2025-07-17,105951,2025071705005971,NIFRA,Dipshikha Dhitopatra Karobar Co. Pvt Ltd.,Dynamic Money Managers Securities Pvt. Ltd.,10,290.0,2900.0,2025-07-17 12:01:14.443861
2025-07-17,105689,2025071705006018,NIFRA,Naasa Securities Co. Ltd.,Online Securities Pvt. Ltd.,500,289.1,144550.0,2025-07-17 12:01:37.212600
2025-07-17,105679,2025071705006019,NIFRA,Infinity Securities Limited,Agrawal Securities (PVT) Ltd.,64,290.0,18560.0,2025-07-17 12:01:37.565917
2025-07-17,105678,2025071705006020,NIFRA,Infinity Securities Limited,Ashutosh Brokerage & Securities (PVT) Ltd.,25,290.0,7250.0,2025-07-17 12:01:37.566475
2025-07-17,105677,2025071705006021,NIFRA,Infinity Securities Limited,Market Securities & Exchange (PVT) Ltd.,100,290.0,29000.0,2025-07-17 12:01:37.566901
2025-07-17,105676,2025071705006022,NIFRA,Infinity Securities Limited,Sundhara Securities Limited,825,290.0,239250.0,2025-07-17 12:01:37.567248
2025-07-17,105675,2025071705006023,NIFRA,Infinity Securities Limited,Sundhara Securities Limited,486,290.0,140940.0,2025-07-17 12:01:37.567562
2025-07-17,105654,2025071705006025,NIFRA,Aryatara Investment & Securities,Sundhara Securities Limited,14,290.0,4060.0,2025-07-17 12:01:39.708623
2025-07-17,105653,2025071705006026,NIFRA,Aryatara Investment & Securities,Imperial Securities Company Pvt. Ltd.,22,290.0,6380.0,2025-07-17 12:01:39.709696
2025-07-17,105577,2025071705006041,NIFRA,Aryatara Investment & Securities,Imperial Securities Company Pvt. Ltd.,2000,290.0,580000.0,2025-07-17 12:01:47.058130
2025-07-17,105555,2025071705006044,NIFRA,Dipshikha Dhitopatra Karobar Co. Pvt Ltd.,Sundhara Securities Limited,10,290.5,2905.0,2025-07-17 12:01:48.865643
2025-07-17,105426,2025071705006071,NIFRA,Aryatara Investment & Securities,Primo Securities (PVT) Ltd.,1000,290.0,290000.0,2025-07-17 12:01:56.894964
2025-07-17,105334,2025071705006082,NIFRA,Aryatara Investment & Securities,Vision Securities Pvt. Ltd,100,290.0,29000.0,2025-07-17 12:02:03.433797
2025-07-17,105239,2025071705006101,NIFRA,Aryatara Investment & Securities,Secured Securities Ltd.,54,290.0,15660.0,2025-07-17 12:02:11.296657
2025-07-17,105184,2025071705006114,NIFRA,Aryatara Investment & Securities,Naasa Securities Co. Ltd.,1200,290.0,348000.0,2025-07-17 12:02:19.935113
2025-07-17,105143,2025071705006125,NIFRA,Aryatara Investment & Securities,Primo Securities (PVT) Ltd.,610,290.0,176900.0,2025-07-17 12:02:22.018398
2025-07-17,105055,2025071705006133,NIFRA,Dipshikha Dhitopatra Karobar Co. Pvt Ltd.,Primo Securities (PVT) Ltd.,10,290.0,2900.0,2025-07-17 12:02:26.421358
2025-07-17,104724,2025071705006183,NIFRA,ABC Securities Private Limited,Primo Securities (PVT) Ltd.,251,289.1,72564.1,2025-07-17 12:02:51.168551
2025-07-17,104723,2025071705006184,NIFRA,Linch Stock Market Ltd.,Primo Securities (PVT) Ltd.,946,289.0,273394.0,2025-07-17 12:02:51.169041
2025-07-17,104722,2025071705006185,NIFRA,J.F. Securites (PVT) Ltd.,Primo Securities (PVT) Ltd.,183,289.0,52887.0,2025-07-17 12:02:51.169330
2025-07-17,104340,2025071705006238,NIFRA,Aryatara Investment & Securities,Dynamic Money Managers Securities Pvt. Ltd.,1380,289.1,398958.0,2025-07-17 12:03:14.450454
2025-07-17,104275,2025071705006244,NIFRA,J.F. Securites (PVT) Ltd.,Capital Max Securities Ltd,204,289.0,58956.0,2025-07-17 12:03:20.049657
2025-07-17,104262,2025071705006245,NIFRA,J.F. Securites (PVT) Ltd.,Sani Securities Company Ltd.,204,289.0,58956.0,2025-07-17 12:03:21.318364
2025-07-17,104252,2025071705006247,NIFRA,Dipshikha Dhitopatra Karobar Co. Pvt Ltd.,Dynamic Money Managers Securities Pvt. Ltd.,56,289.1,16189.6,2025-07-17 12:03:22.718745
2025-07-17,104238,2025071705006251,NIFRA,Naasa Securities Co. Ltd.,Dynamic Money Managers Securities Pvt. Ltd.,100,289.1,28910.0,2025-07-17 12:03:24.809413
2025-07-17,104099,2025071705006270,NIFRA,J.F. Securites (PVT) Ltd.,Asian Securities Private Ltd.,409,289.0,118201.0,2025-07-17 12:03:37.212898
2025-07-17,104098,2025071705006271,NIFRA,SUN SECURITIES PVT LTD,Asian Securities Private Ltd.,91,289.0,26299.0,2025-07-17 12:03:37.213341
2025-07-17,104097,2025071705006272,NIFRA,SUN SECURITIES PVT LTD,Nabil Stock Dealer Ltd.,259,289.0,74851.0,2025-07-17 12:03:37.372606
2025-07-17,104096,2025071705006273,NIFRA,J.F. Securites (PVT) Ltd.,Nabil Stock Dealer Ltd.,841,289.0,243049.0,2025-07-17 12:03:37.373046
2025-07-17,104000,2025071705006292,NIFRA,J.F. Securites (PVT) Ltd.,Premier Securities Company Ltd.,159,289.0,45951.0,2025-07-17 12:03:47.001497
2025-07-17,103999,2025071705006293,NIFRA,Dipshikha Dhitopatra Karobar Co. Pvt Ltd.,Premier Securities Company Ltd.,200,289.0,57800.0,2025-07-17 12:03:47.001980
2025-07-17,103871,2025071705006316,NIFRA,Primo Securities (PVT) Ltd.,Premier Securities Company Ltd.,200,289.0,57800.0,2025-07-17 12:04:00.731581
2025-07-17,103842,2025071705006325,NIFRA,Naasa Securities Co. Ltd.,Premier Securities Company Ltd.,41,289.0,11849.0,2025-07-17 12:04:03.820669
2025-07-17,103720,2025071705006354,NIFRA,Trisul Securities & Invt. Ltd.,Premier Securities Company Ltd.,400,289.0,115600.0,2025-07-17 12:04:15.038944
2025-07-17,103719,2025071705006355,NIFRA,Trisul Securities & Invt. Ltd.,Siprabi Securities Pvt. Ltd.,100,289.0,28900.0,2025-07-17 12:04:15.039969
2025-07-17,103673,2025071705006364,NIFRA,J.F. Securites (PVT) Ltd.,Aryatara Investment & Securities,30,288.7,8661.0,2025-07-17 12:04:18.628882
2025-07-17,103619,2025071705006374,NIFRA,J.F. Securites (PVT) Ltd.,ABC Securities Private Limited,44,288.7,12702.8,2025-07-17 12:04:23.826394
2025-07-17,103564,2025071705006390,NIFRA,J.F. Securites (PVT) Ltd.,ABC Securities Private Limited,10,288.7,2887.0,2025-07-17 12:04:28.874521
2025-07-17,103350,2025071705006427,NIFRA,Kohinoor Investment & Securities Pvt. Ltd.,Siprabi Securities Pvt. Ltd.,20,289.0,5780.0,2025-07-17 12:04:51.987428
2025-07-17,103151,2025071705006458,NIFRA,J.F. Securites (PVT) Ltd.,Dakshinkali Investment & Securities Pvt. Ltd.,14,288.7,4041.8,2025-07-17 12:05:09.705996
2025-07-17,103022,2025071705006475,NIFRA,J.F. Securites (PVT) Ltd.,Kohinoor Investment & Securities Pvt. Ltd.,60,288.7,17322.0,2025-07-17 12:05:20.284541
2025-07-17,102928,2025071705006484,NIFRA,Agrawal Securities (PVT) Ltd.,Prabhu Stock Market Limited,46,288.9,13289.4,2025-07-17 12:05:29.066584
2025-07-17,102738,2025071705006531,NIFRA,J.F. Securites (PVT) Ltd.,Primo Securities (PVT) Ltd.,54,288.7,15589.8,2025-07-17 12:05:52.582302
2025-07-17,102679,2025071705006535,NIFRA,J.F. Securites (PVT) Ltd.,Online Securities Pvt. Ltd.,288,288.7,83145.6,2025-07-17 12:05:56.360700
2025-07-17,102678,2025071705006536,NIFRA,Trishakti Securities Public Limited,Online Securities Pvt. Ltd.,1712,288.7,494254.4,2025-07-17 12:05:56.361209
2025-07-17,102661,2025071705006538,NIFRA,Imperial Securities Company Pvt. Ltd.,Creative Securities Pvt Ltd,64,288.4,18457.6,2025-07-17 12:05:59.196299
2025-07-17,102484,2025071705006579,NIFRA,South Asian Bulls Pvt. Ltd.,Bhrikuti Stock Broking Co. Pvt. Ltd.,500,288.5,144250.0,2025-07-17 12:06:16.164099
2025-07-17,102404,2025071705006589,NIFRA,Imperial Securities Company Pvt. Ltd.,Prabhu Stock Market Limited,54,288.9,15600.6,2025-07-17 12:06:24.746366
2025-07-17,102403,2025071705006590,NIFRA,Imperial Securities Company Pvt. Ltd.,Primo Securities (PVT) Ltd.,286,288.9,82625.4,2025-07-17 12:06:24.746834
2025-07-17,102226,2025071705006638,NIFRA,Imperial Securities Company Pvt. Ltd.,Sri Hari Securities Pvt. Ltd.,36,288.4,10382.4,2025-07-17 12:06:45.119808
2025-07-17,102225,2025071705006639,NIFRA,Trisul Securities & Invt. Ltd.,Sri Hari Securities Pvt. Ltd.,28,288.1,8066.8,2025-07-17 12:06:45.120881
2025-07-17,102108,2025071705006659,NIFRA,Imperial Securities Company Pvt. Ltd.,Malla & Malla Stock Broking Company Pvt. Limited,64,288.2,18444.8,2025-07-17 12:06:58.650373
2025-07-17,101819,2025071705006707,NIFRA,Sri Hari Securities Pvt. Ltd.,Kohinoor Investment & Securities Pvt. Ltd.,15,288.3,4324.5,2025-07-17 12:07:31.313785
2025-07-17,101112,2025071705006814,NIFRA,Dipshikha Dhitopatra Karobar Co. Pvt Ltd.,Opal Securities Investment (PVT) Ltd.,54,288.5,15579.0,2025-07-17 12:08:44.508784
2025-07-17,100988,2025071705006836,NIFRA,Dipshikha Dhitopatra Karobar Co. Pvt Ltd.,Dynamic Money Managers Securities Pvt. Ltd.,880,288.5,253880.0,2025-07-17 12:08:59.245970
2025-07-17,100974,2025071705006839,NIFRA,Dipshikha Dhitopatra Karobar Co. Pvt Ltd.,Sanima Securities Limited,66,288.5,19041.0,2025-07-17 12:09:00.543046
2025-07-17,100973,2025071705006840,NIFRA,Sri Hari Securities Pvt. Ltd.,Sanima Securities Limited,639,288.3,184223.7,2025-07-17 12:09:00.543545
2025-07-17,100858,2025071705006860,NIFRA,Sri Hari Securities Pvt. Ltd.,Dynamic Money Managers Securities Pvt. Ltd.,346,288.3,99751.8,2025-07-17 12:09:17.116772
2025-07-17,100857,2025071705006861,NIFRA,Primo Securities (PVT) Ltd.,Dynamic Money Managers Securities Pvt. Ltd.,50,288.3,14415.0,2025-07-17 12:09:17.117881
2025-07-17,100856,2025071705006862,NIFRA,Imperial Securities Company Pvt. Ltd.,Dynamic Money Managers Securities Pvt. Ltd.,4436,288.2,1278455.2,2025-07-17 12:09:17.118818
2025-07-17,100855,2025071705006863,NIFRA,Trisul Securities & Invt. Ltd.,Dynamic Money Managers Securities Pvt. Ltd.,22,288.1,6338.2,2025-07-17 12:09:17.119719
2025-07-17,100854,2025071705006864,NIFRA,Imperial Securities Company Pvt. Ltd.,Dynamic Money Managers Securities Pvt. Ltd.,40,288.1,11524.0,2025-07-17 12:09:17.120705
2025-07-17,100853,2025071705006865,NIFRA,Trisul Securities & Invt. Ltd.,Dynamic Money Managers Securities Pvt. Ltd.,3000,288.1,864300.0,2025-07-17 12:09:17.121593
2025-07-17,100852,2025071705006866,NIFRA,J.F. Securites (PVT) Ltd.,Dynamic Money Managers Securities Pvt. Ltd.,948,288.0,273024.0,2025-07-17 12:09:17.122418
2025-07-17,100851,2025071705006867,NIFRA,Opal Securities Investment (PVT) Ltd.,Dynamic Money Managers Securities Pvt. Ltd.,100,288.0,28800.0,2025-07-17 12:09:17.123251
2025-07-17,100850,2025071705006868,NIFRA,Naasa Securities Co. Ltd.,Dynamic Money Managers Securities Pvt. Ltd.,300,288.0,86400.0,2025-07-17 12:09:17.124242
2025-07-17,100849,2025071705006869,NIFRA,Linch Stock Market Ltd.,Dynamic Money Managers Securities Pvt. Ltd.,758,288.0,218304.0,2025-07-17 12:09:17.125246
2025-07-17,100809,2025071705006874,NIFRA,Sundhara Securities Limited,Agrawal Securities (PVT) Ltd.,30,288.5,8655.0,2025-07-17 12:09:23.750735
2025-07-17,100806,2025071705006875,NIFRA,Linch Stock Market Ltd.,Naasa Securities Co. Ltd.,20,288.0,5760.0,2025-07-17 12:09:24.294738
2025-07-17,100757,2025071705006885,NIFRA,Linch Stock Market Ltd.,Sanima Securities Limited,222,288.0,63936.0,2025-07-17 12:09:29.638976
2025-07-17,100756,2025071705006886,NIFRA,Primo Securities (PVT) Ltd.,Sanima Securities Limited,150,288.0,43200.0,2025-07-17 12:09:29.639518
2025-07-17,100755,2025071705006887,NIFRA,Aryatara Investment & Securities,Sanima Securities Limited,50,288.0,14400.0,2025-07-17 12:09:29.639860
2025-07-17,100754,2025071705006888,NIFRA,Sani Securities Company Ltd.,Sanima Securities Limited,200,288.0,57600.0,2025-07-17 12:09:29.640117
