Date,S.N.,Contract ID,Symbol,Buyer Broker,Seller Broker,quantity,rate,amount,transaction_time
2025-07-17,141266,2025071705000016,NRN,Deevyaa Securities & Stock House Pvt. Ltd,SHUBHAKAMANA SECURITIES PVT. LTD,300,2300.0,690000.0,2025-07-17 11:00:45.240088
2025-07-17,140588,2025071705000094,NRN,BHOLE GANESH SECURITIES LTD,Premier Securities Company Ltd.,500,2300.0,1150000.0,2025-07-17 11:02:43.246863
2025-07-17,140443,2025071705000129,NRN,Deevyaa Securities & Stock House Pvt. Ltd,INDEX SECURITIES LIMITED,200,2300.0,460000.0,2025-07-17 11:03:04.738794
2025-07-17,140165,2025071705000184,NRN,Naasa Securities Co. Ltd.,Sani Securities Company Ltd.,50,2300.0,115000.0,2025-07-17 11:03:51.648460
2025-07-17,140149,2025071705000192,NRN,Nabil Stock Dealer Ltd.,Aryatara Investment & Securities,10,2309.0,23090.0,2025-07-17 11:03:53.101211
2025-07-17,140148,2025071705000193,NRN,Nabil Stock Dealer Ltd.,Naasa Securities Co. Ltd.,300,2310.0,693000.0,2025-07-17 11:03:53.101411
2025-07-17,140147,2025071705000194,NRN,Nabil Stock Dealer Ltd.,Citizens Share Broker Limited,90,2310.0,207900.0,2025-07-17 11:03:53.101537
2025-07-17,139986,2025071705000222,NRN,Naasa Securities Co. Ltd.,Online Securities Pvt. Ltd.,100,2309.0,230900.0,2025-07-17 11:04:14.849654
2025-07-17,139904,2025071705000236,NRN,Naasa Securities Co. Ltd.,Sani Securities Company Ltd.,11,2300.0,25300.0,2025-07-17 11:04:24.236136
2025-07-17,139882,2025071705000238,NRN,Nabil Stock Dealer Ltd.,Aryatara Investment & Securities,10,2309.9,23099.0,2025-07-17 11:04:27.172016
2025-07-17,139881,2025071705000239,NRN,Nabil Stock Dealer Ltd.,Citizens Share Broker Limited,390,2310.0,900900.0,2025-07-17 11:04:27.172104
2025-07-17,139759,2025071705000248,NRN,Dipshikha Dhitopatra Karobar Co. Pvt Ltd.,Citizens Share Broker Limited,520,2310.0,1201200.0,2025-07-17 11:04:44.636794
2025-07-17,139671,2025071705000257,NRN,Nabil Stock Dealer Ltd.,Sweta Securities Private Limited,400,2310.0,924000.0,2025-07-17 11:04:56.765547
2025-07-17,139424,2025071705000300,NRN,Nabil Stock Dealer Ltd.,SUN SECURITIES PVT LTD,100,2310.0,231000.0,2025-07-17 11:05:27.586469
2025-07-17,139423,2025071705000301,NRN,Nabil Stock Dealer Ltd.,Linch Stock Market Ltd.,11,2310.0,25410.0,2025-07-17 11:05:27.586575
2025-07-17,139327,2025071705000319,NRN,Nabil Stock Dealer Ltd.,Aryatara Investment & Securities,20,2310.0,46200.0,2025-07-17 11:05:36.680598
2025-07-17,139312,2025071705000323,NRN,Nabil Stock Dealer Ltd.,Sani Securities Company Ltd.,50,2310.0,115500.0,2025-07-17 11:05:39.899557
2025-07-17,139311,2025071705000324,NRN,Nabil Stock Dealer Ltd.,Vision Securities Pvt. Ltd,19,2310.0,43890.0,2025-07-17 11:05:39.906545
2025-07-17,139228,2025071705000326,NRN,Vision Securities Pvt. Ltd,Nepal Stock House (PVT) Ltd.,11,2300.1,25301.1,2025-07-17 11:05:45.372105
2025-07-17,138539,2025071705000482,NRN,Nabil Stock Dealer Ltd.,Prabhu Stock Market Limited,161,2309.0,371749.0,2025-07-17 11:07:15.887959
2025-07-17,138399,2025071705000512,NRN,Vision Securities Pvt. Ltd,Prabhu Stock Market Limited,339,2309.0,782751.0,2025-07-17 11:07:30.178271
2025-07-17,138398,2025071705000513,NRN,Vision Securities Pvt. Ltd,Nepal Stock House (PVT) Ltd.,61,2310.0,140910.0,2025-07-17 11:07:30.178380
2025-07-17,138328,2025071705000523,NRN,Naasa Securities Co. Ltd.,Agrawal Securities (PVT) Ltd.,100,2309.0,230900.0,2025-07-17 11:07:40.637158
2025-07-17,138203,2025071705000548,NRN,Naasa Securities Co. Ltd.,Naasa Securities Co. Ltd.,10,2309.0,23090.0,2025-07-17 11:08:00.907546
2025-07-17,137921,2025071705000602,NRN,Naasa Securities Co. Ltd.,Market Securities & Exchange (PVT) Ltd.,29,2309.0,66961.0,2025-07-17 11:08:26.843608
2025-07-17,137768,2025071705000620,NRN,Vision Securities Pvt. Ltd,Trademow Securities Private Limited,279,2303.1,642564.9,2025-07-17 11:08:40.589649
2025-07-17,137709,2025071705000624,NRN,Vision Securities Pvt. Ltd,Vision Securities Pvt. Ltd,80,2303.1,184248.0,2025-07-17 11:08:42.886621
2025-07-17,137703,2025071705000625,NRN,Sundhara Securities Limited,Sundhara Securities Limited,5000,2305.0,11525000.0,2025-07-17 11:08:44.249898
2025-07-17,137623,2025071705000642,NRN,Vision Securities Pvt. Ltd,Nepal Stock House (PVT) Ltd.,20,2303.1,46062.0,2025-07-17 11:08:57.634457
2025-07-17,137591,2025071705000646,NRN,Vision Securities Pvt. Ltd,Sundhara Securities Limited,21,2303.1,48365.1,2025-07-17 11:09:02.332974
2025-07-17,137590,2025071705000647,NRN,Aakashbhairab Securities Ltd.,Sundhara Securities Limited,100,2303.0,230300.0,2025-07-17 11:09:02.333027
2025-07-17,137589,2025071705000648,NRN,ABC Securities Private Limited,Sundhara Securities Limited,79,2300.1,181707.9,2025-07-17 11:09:02.333068
2025-07-17,137337,2025071705000679,NRN,ABC Securities Private Limited,Nepal Stock House (PVT) Ltd.,11,2300.1,25301.1,2025-07-17 11:09:34.033554
2025-07-17,136707,2025071705000821,NRN,Naasa Securities Co. Ltd.,Sundhara Securities Limited,200,2301.0,460200.0,2025-07-17 11:10:34.867093
2025-07-17,136400,2025071705000872,NRN,Ashutosh Brokerage & Securities (PVT) Ltd.,Market Securities & Exchange (PVT) Ltd.,171,2309.0,394839.0,2025-07-17 11:11:04.473502
2025-07-17,136252,2025071705000896,NRN,Bhrikuti Stock Broking Co. Pvt. Ltd.,Nepal Stock House (PVT) Ltd.,39,2310.0,90090.0,2025-07-17 11:11:22.128822
2025-07-17,136251,2025071705000897,NRN,Bhrikuti Stock Broking Co. Pvt. Ltd.,Trishakti Securities Public Limited,30,2310.0,69300.0,2025-07-17 11:11:22.128979
2025-07-17,136250,2025071705000898,NRN,Bhrikuti Stock Broking Co. Pvt. Ltd.,Nepal Stock House (PVT) Ltd.,11,2310.0,25410.0,2025-07-17 11:11:22.129029
2025-07-17,136249,2025071705000899,NRN,Bhrikuti Stock Broking Co. Pvt. Ltd.,Nepal Stock House (PVT) Ltd.,11,2310.0,25410.0,2025-07-17 11:11:22.129083
2025-07-17,136248,2025071705000900,NRN,Bhrikuti Stock Broking Co. Pvt. Ltd.,Prabhu Stock Market Limited,500,2310.0,1155000.0,2025-07-17 11:11:22.129160
2025-07-17,136247,2025071705000901,NRN,Bhrikuti Stock Broking Co. Pvt. Ltd.,Himalayan Brokerage Company Limited,200,2311.9,462380.0,2025-07-17 11:11:22.129208
2025-07-17,136246,2025071705000902,NRN,Bhrikuti Stock Broking Co. Pvt. Ltd.,Indira securities pvt. ltd,150,2313.0,346950.0,2025-07-17 11:11:22.129255
2025-07-17,136177,2025071705000923,NRN,Bhrikuti Stock Broking Co. Pvt. Ltd.,Opal Securities Investment (PVT) Ltd.,11,2313.0,25443.0,2025-07-17 11:11:28.012204
2025-07-17,136157,2025071705000924,NRN,Ashutosh Brokerage & Securities (PVT) Ltd.,Agrawal Securities (PVT) Ltd.,200,2314.9,462980.0,2025-07-17 11:11:30.645310
2025-07-17,136107,2025071705000935,NRN,Bhrikuti Stock Broking Co. Pvt. Ltd.,Naasa Securities Co. Ltd.,48,2313.0,111024.0,2025-07-17 11:11:34.742996
2025-07-17,135464,2025071705001039,NRN,ABC Securities Private Limited,Trisul Securities & Invt. Ltd.,10,2310.0,23100.0,2025-07-17 11:12:34.923728
2025-07-17,134587,2025071705001179,NRN,R.B.B. Securities Company Ltd,Opal Securities Investment (PVT) Ltd.,10,2305.0,23050.0,2025-07-17 11:13:48.606948
2025-07-17,134040,2025071705001273,NRN,Agrawal Securities (PVT) Ltd.,Imperial Securities Company Pvt. Ltd.,10,2306.0,23060.0,2025-07-17 11:14:41.601161
2025-07-17,134039,2025071705001274,NRN,R.B.B. Securities Company Ltd,Imperial Securities Company Pvt. Ltd.,70,2305.0,161350.0,2025-07-17 11:14:41.601347
2025-07-17,134038,2025071705001275,NRN,Citizens Share Broker Limited,Imperial Securities Company Pvt. Ltd.,170,2305.0,391850.0,2025-07-17 11:14:41.601437
2025-07-17,133964,2025071705001282,NRN,Citizens Share Broker Limited,Nepal Stock House (PVT) Ltd.,130,2305.0,299650.0,2025-07-17 11:14:50.254245
2025-07-17,133963,2025071705001283,NRN,Nagarik Stock Dealer ,Nepal Stock House (PVT) Ltd.,200,2304.0,460800.0,2025-07-17 11:14:50.254355
2025-07-17,133962,2025071705001284,NRN,Citizens Share Broker Limited,Nepal Stock House (PVT) Ltd.,170,2303.0,391510.0,2025-07-17 11:14:50.254459
2025-07-17,133898,2025071705001293,NRN,Sundhara Securities Limited,Sundhara Securities Limited,5650,2306.0,13028900.0,2025-07-17 11:14:56.190578
2025-07-17,133619,2025071705001341,NRN,Citizens Share Broker Limited,Nepal Stock House (PVT) Ltd.,400,2303.0,921200.0,2025-07-17 11:15:21.628639
2025-07-17,132937,2025071705001459,NRN,Citizens Share Broker Limited,Sri Hari Securities Pvt. Ltd.,11,2306.0,25366.0,2025-07-17 11:16:19.635893
2025-07-17,132936,2025071705001460,NRN,Citizens Share Broker Limited,Sundhara Securities Limited,419,2306.0,966214.0,2025-07-17 11:16:19.636069
2025-07-17,132620,2025071705001510,NRN,Neev Securities Pvt. Ltd.,Dakshinkali Investment & Securities Pvt. Ltd.,11,2303.1,25334.1,2025-07-17 11:16:47.110329
2025-07-17,132617,2025071705001511,NRN,Magnet Securities and Investment Company Private Limited,Prabhu Stock Market Limited,150,2305.0,345750.0,2025-07-17 11:16:47.204867
2025-07-17,132428,2025071705001533,NRN,Neev Securities Pvt. Ltd.,Premier Securities Company Ltd.,11,2303.1,25334.1,2025-07-17 11:17:05.539342
2025-07-17,132386,2025071705001538,NRN,Neev Securities Pvt. Ltd.,Naasa Securities Co. Ltd.,78,2303.1,179641.8,2025-07-17 11:17:11.816599
2025-07-17,132385,2025071705001539,NRN,Deevyaa Securities & Stock House Pvt. Ltd,Naasa Securities Co. Ltd.,200,2303.0,460600.0,2025-07-17 11:17:11.816970
2025-07-17,132384,2025071705001540,NRN,Stoxkarts Securities Limited,Naasa Securities Co. Ltd.,100,2302.6,230260.0,2025-07-17 11:17:11.817304
2025-07-17,132383,2025071705001541,NRN,ABC Securities Private Limited,Naasa Securities Co. Ltd.,250,2302.5,575625.0,2025-07-17 11:17:11.817557
2025-07-17,132382,2025071705001542,NRN,NIMB Stock Markets Limited,Naasa Securities Co. Ltd.,500,2302.0,1151000.0,2025-07-17 11:17:11.817842
2025-07-17,132381,2025071705001543,NRN,Naasa Securities Co. Ltd.,Naasa Securities Co. Ltd.,500,2302.0,1151000.0,2025-07-17 11:17:11.818122
2025-07-17,132380,2025071705001544,NRN,Naasa Securities Co. Ltd.,Naasa Securities Co. Ltd.,800,2301.0,1840800.0,2025-07-17 11:17:11.818344
2025-07-17,132379,2025071705001545,NRN,Naasa Securities Co. Ltd.,Naasa Securities Co. Ltd.,1000,2301.0,2301000.0,2025-07-17 11:17:11.818623
2025-07-17,132378,2025071705001546,NRN,Imperial Securities Company Pvt. Ltd.,Naasa Securities Co. Ltd.,50,2300.0,115000.0,2025-07-17 11:17:11.818846
2025-07-17,132377,2025071705001547,NRN,Bhrikuti Stock Broking Co. Pvt. Ltd.,Naasa Securities Co. Ltd.,500,2300.0,1150000.0,2025-07-17 11:17:11.819099
2025-07-17,132376,2025071705001548,NRN,Deevyaa Securities & Stock House Pvt. Ltd,Naasa Securities Co. Ltd.,200,2300.0,460000.0,2025-07-17 11:17:11.819351
2025-07-17,132342,2025071705001556,NRN,Deevyaa Securities & Stock House Pvt. Ltd,Naasa Securities Co. Ltd.,100,2300.0,230000.0,2025-07-17 11:17:15.551981
2025-07-17,130286,2025071705001936,NRN,Neev Securities Pvt. Ltd.,Naasa Securities Co. Ltd.,100,2291.6,229160.0,2025-07-17 11:20:38.123491
2025-07-17,130067,2025071705001948,NRN,Indira securities pvt. ltd,Naasa Securities Co. Ltd.,10,2291.6,22916.0,2025-07-17 11:20:52.061258
2025-07-17,129275,2025071705002048,NRN,Deevyaa Securities & Stock House Pvt. Ltd,Nepal Stock House (PVT) Ltd.,100,2291.7,229170.0,2025-07-17 11:21:54.715125
2025-07-17,129153,2025071705002067,NRN,Deevyaa Securities & Stock House Pvt. Ltd,Oxford Securities Pvt. Ltd.,100,2291.7,229170.0,2025-07-17 11:22:04.047940
2025-07-17,128902,2025071705002095,NRN,Deevyaa Securities & Stock House Pvt. Ltd,Oxford Securities Pvt. Ltd.,30,2291.7,68751.0,2025-07-17 11:22:24.122409
2025-07-17,128642,2025071705002134,NRN,Indira securities pvt. ltd,INDEX SECURITIES LIMITED,100,2292.1,229210.0,2025-07-17 11:22:49.688347
2025-07-17,128641,2025071705002135,NRN,Bhrikuti Stock Broking Co. Pvt. Ltd.,INDEX SECURITIES LIMITED,249,2292.0,570708.0,2025-07-17 11:22:49.688600
2025-07-17,128419,2025071705002168,NRN,Naasa Securities Co. Ltd.,INDEX SECURITIES LIMITED,500,2292.0,1146000.0,2025-07-17 11:23:07.378635
2025-07-17,128209,2025071705002202,NRN,Nepal Investment And Securities Trading Private Limited,INDEX SECURITIES LIMITED,10,2292.0,22920.0,2025-07-17 11:23:25.599516
2025-07-17,127984,2025071705002229,NRN,Deevyaa Securities & Stock House Pvt. Ltd,Sri Hari Securities Pvt. Ltd.,70,2291.7,160419.0,2025-07-17 11:23:47.858622
2025-07-17,127983,2025071705002230,NRN,Indira securities pvt. ltd,Sri Hari Securities Pvt. Ltd.,90,2291.6,206244.0,2025-07-17 11:23:47.858764
2025-07-17,127982,2025071705002231,NRN,ABC Securities Private Limited,Sri Hari Securities Pvt. Ltd.,100,2291.5,229150.0,2025-07-17 11:23:47.858828
2025-07-17,127981,2025071705002232,NRN,Dipshikha Dhitopatra Karobar Co. Pvt Ltd.,Sri Hari Securities Pvt. Ltd.,100,2291.0,229100.0,2025-07-17 11:23:47.858909
2025-07-17,127980,2025071705002233,NRN,ABC Securities Private Limited,Sri Hari Securities Pvt. Ltd.,20,2291.0,45820.0,2025-07-17 11:23:47.858976
2025-07-17,127979,2025071705002234,NRN,Naasa Securities Co. Ltd.,Sri Hari Securities Pvt. Ltd.,120,2291.0,274920.0,2025-07-17 11:23:47.859036
2025-07-17,127897,2025071705002249,NRN,Dakshinkali Investment & Securities Pvt. Ltd.,INDEX SECURITIES LIMITED,641,2292.0,1469172.0,2025-07-17 11:23:59.715742
2025-07-17,127669,2025071705002275,NRN,Elite Stock House Limited,Himalayan Brokerage Company Limited,50,2292.0,114600.0,2025-07-17 11:24:25.454534
2025-07-17,127668,2025071705002276,NRN,Naasa Securities Co. Ltd.,Himalayan Brokerage Company Limited,880,2291.0,2016080.0,2025-07-17 11:24:25.454710
2025-07-17,127667,2025071705002277,NRN,Naasa Securities Co. Ltd.,Himalayan Brokerage Company Limited,70,2291.0,160370.0,2025-07-17 11:24:25.454778
2025-07-17,127510,2025071705002296,NRN,Kohinoor Investment & Securities Pvt. Ltd.,Kohinoor Investment & Securities Pvt. Ltd.,100,2297.0,229700.0,2025-07-17 11:24:43.605205
2025-07-17,127509,2025071705002297,NRN,Kohinoor Investment & Securities Pvt. Ltd.,Sweta Securities Private Limited,20,2299.0,45980.0,2025-07-17 11:24:43.605364
2025-07-17,127508,2025071705002298,NRN,Kohinoor Investment & Securities Pvt. Ltd.,Capital Max Securities Ltd,37,2299.0,85063.0,2025-07-17 11:24:43.605448
2025-07-17,127507,2025071705002299,NRN,Kohinoor Investment & Securities Pvt. Ltd.,Naasa Securities Co. Ltd.,722,2300.0,1660600.0,2025-07-17 11:24:43.605509
2025-07-17,127506,2025071705002300,NRN,Kohinoor Investment & Securities Pvt. Ltd.,Premier Securities Company Ltd.,11,2300.0,25300.0,2025-07-17 11:24:43.605568
2025-07-17,127505,2025071705002301,NRN,Kohinoor Investment & Securities Pvt. Ltd.,Naasa Securities Co. Ltd.,10,2300.0,23000.0,2025-07-17 11:24:43.605632
2025-07-17,127504,2025071705002302,NRN,Kohinoor Investment & Securities Pvt. Ltd.,Aryatara Investment & Securities,50,2300.0,115000.0,2025-07-17 11:24:43.605693
2025-07-17,127503,2025071705002303,NRN,Kohinoor Investment & Securities Pvt. Ltd.,Naasa Securities Co. Ltd.,11,2300.0,25300.0,2025-07-17 11:24:43.605751
2025-07-17,127502,2025071705002304,NRN,Kohinoor Investment & Securities Pvt. Ltd.,Swarna Laxmi Securities Pvt. Ltd.,11,2300.0,25300.0,2025-07-17 11:24:43.667351
2025-07-17,127188,2025071705002336,NRN,Kohinoor Investment & Securities Pvt. Ltd.,Thrive Brokerage House Pvt. Ltd,14,2300.0,32200.0,2025-07-17 11:25:20.118235
2025-07-17,127132,2025071705002339,NRN,Kohinoor Investment & Securities Pvt. Ltd.,Cristal Kanchanjanga Securites Pvt. Ltd.,11,2300.0,25300.0,2025-07-17 11:25:25.505894
2025-07-17,126840,2025071705002394,NRN,Trisul Securities & Invt. Ltd.,Prabhu Stock Market Limited,200,2305.0,461000.0,2025-07-17 11:25:56.161836
2025-07-17,126839,2025071705002395,NRN,Trisul Securities & Invt. Ltd.,Asian Securities Private Ltd.,100,2305.0,230500.0,2025-07-17 11:25:56.162152
2025-07-17,126838,2025071705002396,NRN,Trisul Securities & Invt. Ltd.,Neev Securities Pvt. Ltd.,300,2305.9,691770.0,2025-07-17 11:25:56.162372
2025-07-17,126837,2025071705002397,NRN,Trisul Securities & Invt. Ltd.,Sundhara Securities Limited,2400,2306.0,5534400.0,2025-07-17 11:25:56.162581
2025-07-17,126661,2025071705002424,NRN,Roadshow securities limited,Sundhara Securities Limited,100,2306.0,230600.0,2025-07-17 11:26:12.444776
2025-07-17,126233,2025071705002500,NRN,Kohinoor Investment & Securities Pvt. Ltd.,Sri Hari Securities Pvt. Ltd.,50,2300.0,115000.0,2025-07-17 11:26:59.514750
2025-07-17,126232,2025071705002501,NRN,Kohinoor Investment & Securities Pvt. Ltd.,Sri Hari Securities Pvt. Ltd.,10,2300.0,23000.0,2025-07-17 11:26:59.514904
2025-07-17,126201,2025071705002507,NRN,Linch Stock Market Ltd.,Sri Hari Securities Pvt. Ltd.,140,2300.0,322000.0,2025-07-17 11:27:03.490917
2025-07-17,125799,2025071705002537,NRN,Deevyaa Securities & Stock House Pvt. Ltd,Sri Hari Securities Pvt. Ltd.,300,2300.0,690000.0,2025-07-17 11:27:40.463232
2025-07-17,125500,2025071705002572,NRN,Nagarik Stock Dealer ,Sundhara Securities Limited,82,2306.0,189092.0,2025-07-17 11:28:15.701396
2025-07-17,125499,2025071705002573,NRN,Nagarik Stock Dealer ,Magnet Securities and Investment Company Private Limited,100,2307.0,230700.0,2025-07-17 11:28:15.701601
2025-07-17,125498,2025071705002574,NRN,Nagarik Stock Dealer ,KALASH STOCK MARKET PVT. LTD.,300,2310.0,693000.0,2025-07-17 11:28:15.701671
2025-07-17,125497,2025071705002575,NRN,Nagarik Stock Dealer ,Opal Securities Investment (PVT) Ltd.,10,2310.0,23100.0,2025-07-17 11:28:15.701742
2025-07-17,125199,2025071705002604,NRN,Naasa Securities Co. Ltd.,ABC Securities Private Limited,11,2310.0,25410.0,2025-07-17 11:28:44.527096
2025-07-17,125198,2025071705002605,NRN,Naasa Securities Co. Ltd.,INDEX SECURITIES LIMITED,11,2310.0,25410.0,2025-07-17 11:28:44.527278
2025-07-17,125197,2025071705002606,NRN,Naasa Securities Co. Ltd.,Dynamic Money Managers Securities Pvt. Ltd.,26,2310.0,60060.0,2025-07-17 11:28:44.527362
2025-07-17,125196,2025071705002607,NRN,Naasa Securities Co. Ltd.,Investment Management Nepal Pvt. Ltd.,11,2310.0,25410.0,2025-07-17 11:28:44.527425
2025-07-17,125195,2025071705002608,NRN,Naasa Securities Co. Ltd.,Trishakti Securities Public Limited,50,2310.0,115500.0,2025-07-17 11:28:44.527488
2025-07-17,125194,2025071705002609,NRN,Naasa Securities Co. Ltd.,Trishakti Securities Public Limited,11,2310.0,25410.0,2025-07-17 11:28:44.527550
2025-07-17,125193,2025071705002610,NRN,Naasa Securities Co. Ltd.,Sanima Securities Limited,204,2314.9,472239.6,2025-07-17 11:28:44.527612
2025-07-17,125192,2025071705002611,NRN,Naasa Securities Co. Ltd.,Opal Securities Investment (PVT) Ltd.,10,2315.0,23150.0,2025-07-17 11:28:44.527672
2025-07-17,125191,2025071705002612,NRN,Naasa Securities Co. Ltd.,Siprabi Securities Pvt. Ltd.,11,2315.0,25465.0,2025-07-17 11:28:44.527733
2025-07-17,125190,2025071705002613,NRN,Naasa Securities Co. Ltd.,Nepal Stock House (PVT) Ltd.,11,2315.0,25465.0,2025-07-17 11:28:44.527792
2025-07-17,125189,2025071705002614,NRN,Naasa Securities Co. Ltd.,Sanima Securities Limited,300,2315.0,694500.0,2025-07-17 11:28:44.527851
2025-07-17,125188,2025071705002615,NRN,Naasa Securities Co. Ltd.,Dynamic Money Managers Securities Pvt. Ltd.,29,2315.0,67135.0,2025-07-17 11:28:44.527909
2025-07-17,125187,2025071705002616,NRN,Naasa Securities Co. Ltd.,Blue Chip Securities Ltd,11,2315.0,25465.0,2025-07-17 11:28:44.527967
2025-07-17,125186,2025071705002617,NRN,Naasa Securities Co. Ltd.,Nepal Stock House (PVT) Ltd.,11,2315.0,25465.0,2025-07-17 11:28:44.528025
2025-07-17,125185,2025071705002618,NRN,Naasa Securities Co. Ltd.,Sweta Securities Private Limited,11,2315.0,25465.0,2025-07-17 11:28:44.528082
2025-07-17,125184,2025071705002619,NRN,Naasa Securities Co. Ltd.,Primo Securities (PVT) Ltd.,10,2318.0,23180.0,2025-07-17 11:28:44.528141
2025-07-17,125183,2025071705002620,NRN,Naasa Securities Co. Ltd.,Sweta Securities Private Limited,60,2318.0,139080.0,2025-07-17 11:28:44.528200
2025-07-17,125182,2025071705002621,NRN,Naasa Securities Co. Ltd.,Market Securities & Exchange (PVT) Ltd.,900,2319.0,2087100.0,2025-07-17 11:28:44.528301
2025-07-17,125181,2025071705002622,NRN,Naasa Securities Co. Ltd.,Agrawal Securities (PVT) Ltd.,100,2319.0,231900.0,2025-07-17 11:28:44.528368
2025-07-17,125180,2025071705002623,NRN,Naasa Securities Co. Ltd.,Prabhu Stock Market Limited,350,2319.0,811650.0,2025-07-17 11:28:44.528427
2025-07-17,125179,2025071705002624,NRN,Naasa Securities Co. Ltd.,Dipshikha Dhitopatra Karobar Co. Pvt Ltd.,11,2319.9,25518.9,2025-07-17 11:28:44.528483
2025-07-17,125178,2025071705002625,NRN,Naasa Securities Co. Ltd.,Naasa Securities Co. Ltd.,100,2320.0,232000.0,2025-07-17 11:28:44.528541
2025-07-17,125177,2025071705002626,NRN,Naasa Securities Co. Ltd.,Naasa Securities Co. Ltd.,20,2320.0,46400.0,2025-07-17 11:28:44.528599
2025-07-17,125176,2025071705002627,NRN,Naasa Securities Co. Ltd.,Sani Securities Company Ltd.,2731,2320.0,6335920.0,2025-07-17 11:28:44.528653
2025-07-17,125142,2025071705002635,NRN,Naasa Securities Co. Ltd.,Naasa Securities Co. Ltd.,10,2306.0,23060.0,2025-07-17 11:28:50.061005
2025-07-17,124789,2025071705002665,NRN,Premier Securities Company Ltd.,Sumeru Securities Pvt. Ltd.,10,2319.0,23190.0,2025-07-17 11:29:26.392366
2025-07-17,124713,2025071705002684,NRN,Naasa Securities Co. Ltd.,Sumeru Securities Pvt. Ltd.,90,2319.0,208710.0,2025-07-17 11:29:34.593659
2025-07-17,124712,2025071705002685,NRN,Naasa Securities Co. Ltd.,Sani Securities Company Ltd.,269,2320.0,624080.0,2025-07-17 11:29:34.593708
2025-07-17,124711,2025071705002686,NRN,Naasa Securities Co. Ltd.,Aryatara Investment & Securities,150,2320.0,348000.0,2025-07-17 11:29:34.593740
2025-07-17,124710,2025071705002687,NRN,Naasa Securities Co. Ltd.,Agrawal Securities (PVT) Ltd.,100,2320.0,232000.0,2025-07-17 11:29:34.593766
2025-07-17,124709,2025071705002688,NRN,Naasa Securities Co. Ltd.,Oxford Securities Pvt. Ltd.,11,2320.0,25520.0,2025-07-17 11:29:34.593791
2025-07-17,124708,2025071705002689,NRN,Naasa Securities Co. Ltd.,Kohinoor Investment & Securities Pvt. Ltd.,11,2320.0,25520.0,2025-07-17 11:29:34.593823
2025-07-17,124707,2025071705002690,NRN,Naasa Securities Co. Ltd.,Trishakti Securities Public Limited,10,2320.0,23200.0,2025-07-17 11:29:34.593847
2025-07-17,124706,2025071705002691,NRN,Naasa Securities Co. Ltd.,Sani Securities Company Ltd.,11,2320.0,25520.0,2025-07-17 11:29:34.593874
2025-07-17,124705,2025071705002692,NRN,Naasa Securities Co. Ltd.,Midas Stock Broking Company Private Limited,100,2321.9,232190.0,2025-07-17 11:29:34.593900
2025-07-17,124704,2025071705002693,NRN,Naasa Securities Co. Ltd.,J.F. Securites (PVT) Ltd.,50,2323.0,116150.0,2025-07-17 11:29:34.593924
2025-07-17,124703,2025071705002694,NRN,Naasa Securities Co. Ltd.,Naasa Securities Co. Ltd.,100,2324.0,232400.0,2025-07-17 11:29:34.593954
2025-07-17,124702,2025071705002695,NRN,Naasa Securities Co. Ltd.,Nepal Stock House (PVT) Ltd.,11,2324.0,25564.0,2025-07-17 11:29:34.593982
2025-07-17,124701,2025071705002696,NRN,Naasa Securities Co. Ltd.,Premier Securities Company Ltd.,200,2324.0,464800.0,2025-07-17 11:29:34.594017
2025-07-17,124700,2025071705002697,NRN,Naasa Securities Co. Ltd.,Bhrikuti Stock Broking Co. Pvt. Ltd.,11,2329.0,25619.0,2025-07-17 11:29:34.594051
2025-07-17,124699,2025071705002698,NRN,Naasa Securities Co. Ltd.,Sunrise Securities Limited,200,2330.0,466000.0,2025-07-17 11:29:34.594079
2025-07-17,124698,2025071705002699,NRN,Naasa Securities Co. Ltd.,Trishakti Securities Public Limited,20,2330.0,46600.0,2025-07-17 11:29:34.594121
2025-07-17,124697,2025071705002700,NRN,Naasa Securities Co. Ltd.,Opal Securities Investment (PVT) Ltd.,30,2330.0,69900.0,2025-07-17 11:29:34.594147
2025-07-17,124696,2025071705002701,NRN,Naasa Securities Co. Ltd.,Market Securities & Exchange (PVT) Ltd.,11,2330.0,25630.0,2025-07-17 11:29:34.594172
2025-07-17,124695,2025071705002702,NRN,Naasa Securities Co. Ltd.,Prabhu Stock Market Limited,11,2330.0,25630.0,2025-07-17 11:29:34.594203
2025-07-17,124694,2025071705002703,NRN,Naasa Securities Co. Ltd.,J.F. Securites (PVT) Ltd.,500,2335.0,1167500.0,2025-07-17 11:29:34.594238
2025-07-17,124693,2025071705002704,NRN,Naasa Securities Co. Ltd.,Naasa Securities Co. Ltd.,500,2335.0,1167500.0,2025-07-17 11:29:34.594275
2025-07-17,124692,2025071705002705,NRN,Naasa Securities Co. Ltd.,Imperial Securities Company Pvt. Ltd.,11,2336.8,25704.8,2025-07-17 11:29:34.594301
2025-07-17,124691,2025071705002706,NRN,Naasa Securities Co. Ltd.,Investment Management Nepal Pvt. Ltd.,10,2337.0,23370.0,2025-07-17 11:29:34.594345
2025-07-17,124690,2025071705002707,NRN,Naasa Securities Co. Ltd.,Secured Securities Ltd.,100,2337.0,233700.0,2025-07-17 11:29:34.594382
2025-07-17,124689,2025071705002708,NRN,Naasa Securities Co. Ltd.,ABC Securities Private Limited,10,2337.0,23370.0,2025-07-17 11:29:34.594407
2025-07-17,124688,2025071705002709,NRN,Naasa Securities Co. Ltd.,Kohinoor Investment & Securities Pvt. Ltd.,11,2337.0,25707.0,2025-07-17 11:29:34.594441
2025-07-17,124687,2025071705002710,NRN,Naasa Securities Co. Ltd.,Kohinoor Investment & Securities Pvt. Ltd.,323,2340.0,755820.0,2025-07-17 11:29:34.594465
2025-07-17,124686,2025071705002711,NRN,Naasa Securities Co. Ltd.,Magnet Securities and Investment Company Private Limited,400,2340.0,936000.0,2025-07-17 11:29:34.594486
2025-07-17,124685,2025071705002712,NRN,Naasa Securities Co. Ltd.,Kohinoor Investment & Securities Pvt. Ltd.,300,2340.0,702000.0,2025-07-17 11:29:34.594516
2025-07-17,124684,2025071705002713,NRN,Naasa Securities Co. Ltd.,Nepal Investment And Securities Trading Private Limited,80,2340.0,187200.0,2025-07-17 11:29:34.594543
2025-07-17,124683,2025071705002714,NRN,Naasa Securities Co. Ltd.,Roadshow securities limited,50,2345.0,117250.0,2025-07-17 11:29:34.594573
2025-07-17,124682,2025071705002715,NRN,Naasa Securities Co. Ltd.,Nepal Stock House (PVT) Ltd.,100,2345.0,234500.0,2025-07-17 11:29:34.594606
2025-07-17,124681,2025071705002716,NRN,Naasa Securities Co. Ltd.,Nepal Investment And Securities Trading Private Limited,100,2345.0,234500.0,2025-07-17 11:29:34.594631
2025-07-17,124680,2025071705002717,NRN,Naasa Securities Co. Ltd.,Agrawal Securities (PVT) Ltd.,1000,2346.0,2346000.0,2025-07-17 11:29:34.594657
2025-07-17,124679,2025071705002718,NRN,Naasa Securities Co. Ltd.,Dipshikha Dhitopatra Karobar Co. Pvt Ltd.,60,2346.0,140760.0,2025-07-17 11:29:34.594683
2025-07-17,124678,2025071705002719,NRN,Naasa Securities Co. Ltd.,SHUBHAKAMANA SECURITIES PVT. LTD,800,2346.0,1876800.0,2025-07-17 11:29:34.594705
2025-07-17,124677,2025071705002720,NRN,Naasa Securities Co. Ltd.,Dipshikha Dhitopatra Karobar Co. Pvt Ltd.,11,2346.0,25806.0,2025-07-17 11:29:34.594729
2025-07-17,124676,2025071705002721,NRN,Naasa Securities Co. Ltd.,Premier Securities Company Ltd.,10,2346.0,23460.0,2025-07-17 11:29:34.594751
2025-07-17,124675,2025071705002722,NRN,Naasa Securities Co. Ltd.,Vision Securities Pvt. Ltd,10,2346.0,23460.0,2025-07-17 11:29:34.594789
2025-07-17,124674,2025071705002723,NRN,Naasa Securities Co. Ltd.,Sani Securities Company Ltd.,500,2346.0,1173000.0,2025-07-17 11:29:34.594820
2025-07-17,124673,2025071705002724,NRN,Naasa Securities Co. Ltd.,SHUBHAKAMANA SECURITIES PVT. LTD,10,2346.0,23460.0,2025-07-17 11:29:34.594843
2025-07-17,124672,2025071705002725,NRN,Naasa Securities Co. Ltd.,KALASH STOCK MARKET PVT. LTD.,15,2346.0,35190.0,2025-07-17 11:29:34.594865
2025-07-17,124671,2025071705002726,NRN,Naasa Securities Co. Ltd.,Sani Securities Company Ltd.,170,2346.0,398820.0,2025-07-17 11:29:34.594887
2025-07-17,124670,2025071705002727,NRN,Naasa Securities Co. Ltd.,Sumeru Securities Pvt. Ltd.,11,2346.0,25806.0,2025-07-17 11:29:34.594937
2025-07-17,124669,2025071705002728,NRN,Naasa Securities Co. Ltd.,Shree Krishna Securities Ltd.,361,2346.1,846942.1,2025-07-17 11:29:34.594979
2025-07-17,124668,2025071705002729,NRN,Naasa Securities Co. Ltd.,Naasa Securities Co. Ltd.,150,2346.1,351915.0,2025-07-17 11:29:34.595011
2025-07-17,124667,2025071705002730,NRN,Naasa Securities Co. Ltd.,Citizens Share Broker Limited,120,2347.0,281640.0,2025-07-17 11:29:34.595044
2025-07-17,124666,2025071705002731,NRN,Naasa Securities Co. Ltd.,Market Securities & Exchange (PVT) Ltd.,800,2349.0,1879200.0,2025-07-17 11:29:34.595071
2025-07-17,124665,2025071705002732,NRN,Naasa Securities Co. Ltd.,Vision Securities Pvt. Ltd,75,2349.0,176175.0,2025-07-17 11:29:34.595095
2025-07-17,124664,2025071705002733,NRN,Naasa Securities Co. Ltd.,Imperial Securities Company Pvt. Ltd.,250,2350.0,587500.0,2025-07-17 11:29:34.595119
2025-07-17,124663,2025071705002734,NRN,Naasa Securities Co. Ltd.,Dynamic Money Managers Securities Pvt. Ltd.,11,2350.0,25850.0,2025-07-17 11:29:34.595143
2025-07-17,124662,2025071705002735,NRN,Naasa Securities Co. Ltd.,Imperial Securities Company Pvt. Ltd.,200,2350.0,470000.0,2025-07-17 11:29:34.595167
2025-07-17,124661,2025071705002736,NRN,Naasa Securities Co. Ltd.,Sri Hari Securities Pvt. Ltd.,50,2350.0,117500.0,2025-07-17 11:29:34.595198
2025-07-17,124660,2025071705002737,NRN,Naasa Securities Co. Ltd.,Dipshikha Dhitopatra Karobar Co. Pvt Ltd.,70,2350.0,164500.0,2025-07-17 11:29:34.595225
2025-07-17,124659,2025071705002738,NRN,Naasa Securities Co. Ltd.,Trishakti Securities Public Limited,300,2350.0,705000.0,2025-07-17 11:29:34.595248
2025-07-17,124658,2025071705002739,NRN,Naasa Securities Co. Ltd.,Creative Securities Pvt Ltd,11,2350.0,25850.0,2025-07-17 11:29:34.595279
2025-07-17,124657,2025071705002740,NRN,Naasa Securities Co. Ltd.,Secured Securities Ltd.,11,2350.0,25850.0,2025-07-17 11:29:34.595302
2025-07-17,124656,2025071705002741,NRN,Naasa Securities Co. Ltd.,ABC Securities Private Limited,500,2350.0,1175000.0,2025-07-17 11:29:34.595342
2025-07-17,124655,2025071705002742,NRN,Naasa Securities Co. Ltd.,Opal Securities Investment (PVT) Ltd.,390,2350.0,916500.0,2025-07-17 11:29:34.595371
2025-07-17,124654,2025071705002743,NRN,Naasa Securities Co. Ltd.,Sajilo Broker Limited,11,2350.0,25850.0,2025-07-17 11:29:34.595398
2025-07-17,124653,2025071705002744,NRN,Naasa Securities Co. Ltd.,Nepal Investment And Securities Trading Private Limited,100,2350.0,235000.0,2025-07-17 11:29:34.595427
2025-07-17,124652,2025071705002745,NRN,Naasa Securities Co. Ltd.,Dipshikha Dhitopatra Karobar Co. Pvt Ltd.,11,2350.0,25850.0,2025-07-17 11:29:34.595451
2025-07-17,124651,2025071705002746,NRN,Naasa Securities Co. Ltd.,Prabhu Stock Market Limited,2500,2350.0,5875000.0,2025-07-17 11:29:34.595476
2025-07-17,124650,2025071705002747,NRN,Naasa Securities Co. Ltd.,Aryatara Investment & Securities,100,2351.0,235100.0,2025-07-17 11:29:34.595517
2025-07-17,124649,2025071705002748,NRN,Naasa Securities Co. Ltd.,Naasa Securities Co. Ltd.,100,2351.1,235110.0,2025-07-17 11:29:34.595545
2025-07-17,124648,2025071705002749,NRN,Naasa Securities Co. Ltd.,Elite Stock House Limited,50,2352.0,117600.0,2025-07-17 11:29:34.595566
2025-07-17,124647,2025071705002750,NRN,Naasa Securities Co. Ltd.,Trishakti Securities Public Limited,1000,2352.0,2352000.0,2025-07-17 11:29:34.595587
2025-07-17,124646,2025071705002751,NRN,Naasa Securities Co. Ltd.,Nepal Stock House (PVT) Ltd.,50,2352.0,117600.0,2025-07-17 11:29:34.595607
2025-07-17,124645,2025071705002752,NRN,Naasa Securities Co. Ltd.,Primo Securities (PVT) Ltd.,200,2352.0,470400.0,2025-07-17 11:29:34.595637
2025-07-17,124644,2025071705002753,NRN,Naasa Securities Co. Ltd.,Secured Securities Ltd.,10,2352.1,23521.0,2025-07-17 11:29:34.595667
2025-07-17,124643,2025071705002754,NRN,Naasa Securities Co. Ltd.,INDEX SECURITIES LIMITED,100,2352.1,235210.0,2025-07-17 11:29:34.595701
2025-07-17,124642,2025071705002755,NRN,Naasa Securities Co. Ltd.,Himalayan Brokerage Company Limited,56,2355.0,131880.0,2025-07-17 11:29:34.595725
2025-07-17,124641,2025071705002756,NRN,Naasa Securities Co. Ltd.,Aryatara Investment & Securities,84,2355.0,197820.0,2025-07-17 11:29:34.595748
2025-07-17,124640,2025071705002757,NRN,Naasa Securities Co. Ltd.,Sumeru Securities Pvt. Ltd.,100,2355.0,235500.0,2025-07-17 11:29:34.595769
2025-07-17,124639,2025071705002758,NRN,Naasa Securities Co. Ltd.,Vision Securities Pvt. Ltd,200,2355.0,471000.0,2025-07-17 11:29:34.595793
2025-07-17,124638,2025071705002759,NRN,Naasa Securities Co. Ltd.,Trademow Securities Private Limited,50,2355.0,117750.0,2025-07-17 11:29:34.595812
2025-07-17,124637,2025071705002760,NRN,Naasa Securities Co. Ltd.,Infinity Securities Limited,110,2355.0,259050.0,2025-07-17 11:29:34.595830
2025-07-17,124636,2025071705002761,NRN,Naasa Securities Co. Ltd.,ABC Securities Private Limited,11,2355.2,25907.2,2025-07-17 11:29:34.595850
2025-07-17,124635,2025071705002762,NRN,Naasa Securities Co. Ltd.,Ashutosh Brokerage & Securities (PVT) Ltd.,50,2356.0,117800.0,2025-07-17 11:29:34.595875
2025-07-17,124634,2025071705002763,NRN,Naasa Securities Co. Ltd.,Imperial Securities Company Pvt. Ltd.,100,2356.0,235600.0,2025-07-17 11:29:34.595907
2025-07-17,124633,2025071705002764,NRN,Naasa Securities Co. Ltd.,Sani Securities Company Ltd.,200,2356.2,471240.0,2025-07-17 11:29:34.595938
2025-07-17,124632,2025071705002765,NRN,Naasa Securities Co. Ltd.,Sweta Securities Private Limited,100,2356.2,235620.0,2025-07-17 11:29:34.595955
2025-07-17,124631,2025071705002766,NRN,Naasa Securities Co. Ltd.,Aryatara Investment & Securities,50,2359.0,117950.0,2025-07-17 11:29:34.595972
2025-07-17,124630,2025071705002767,NRN,Naasa Securities Co. Ltd.,Midas Stock Broking Company Private Limited,100,2359.0,235900.0,2025-07-17 11:29:34.595991
2025-07-17,124629,2025071705002768,NRN,Naasa Securities Co. Ltd.,SHUBHAKAMANA SECURITIES PVT. LTD,50,2365.0,118250.0,2025-07-17 11:29:34.596032
2025-07-17,124622,2025071705002769,NRN,Nagarik Stock Dealer ,Naasa Securities Co. Ltd.,10,2307.0,23070.0,2025-07-17 11:29:35.633771
2025-07-17,124249,2025071705002833,NRN,Dipshikha Dhitopatra Karobar Co. Pvt Ltd.,Imperial Securities Company Pvt. Ltd.,500,2320.0,1160000.0,2025-07-17 11:30:14.335979
2025-07-17,122980,2025071705003089,NRN,Hatemalo Financial Services Private Limited,Vision Securities Pvt. Ltd,200,2320.0,464000.0,2025-07-17 11:32:25.878643
2025-07-17,122979,2025071705003090,NRN,Hatemalo Financial Services Private Limited,Vision Securities Pvt. Ltd,11,2320.0,25520.0,2025-07-17 11:32:25.878778
2025-07-17,122869,2025071705003108,NRN,Hatemalo Financial Services Private Limited,ABC Securities Private Limited,100,2320.0,232000.0,2025-07-17 11:32:33.230438
2025-07-17,122668,2025071705003152,NRN,Kohinoor Investment & Securities Pvt. Ltd.,Oxford Securities Pvt. Ltd.,3,2300.0,6900.0,2025-07-17 11:32:53.061330
2025-07-17,122248,2025071705003217,NRN,Hatemalo Financial Services Private Limited,Trisul Securities & Invt. Ltd.,89,2320.0,206480.0,2025-07-17 11:33:38.892142
2025-07-17,122247,2025071705003218,NRN,Hatemalo Financial Services Private Limited,Trisul Securities & Invt. Ltd.,200,2320.0,464000.0,2025-07-17 11:33:38.892294
2025-07-17,122246,2025071705003219,NRN,Thrive Brokerage House Pvt. Ltd,Trisul Securities & Invt. Ltd.,11,2320.0,25520.0,2025-07-17 11:33:38.892354
2025-07-17,121783,2025071705003292,NRN,Thrive Brokerage House Pvt. Ltd,Linch Stock Market Ltd.,11,2320.0,25520.0,2025-07-17 11:34:22.891634
2025-07-17,121553,2025071705003331,NRN,Thrive Brokerage House Pvt. Ltd,Deevyaa Securities & Stock House Pvt. Ltd,50,2320.0,116000.0,2025-07-17 11:34:50.714226
2025-07-17,121346,2025071705003364,NRN,Investment Management Nepal Pvt. Ltd.,Pragyan Securities (PVT) Ltd.,1,2291.6,2291.6,2025-07-17 11:35:07.293566
2025-07-17,121111,2025071705003410,NRN,Investment Management Nepal Pvt. Ltd.,Imperial Securities Company Pvt. Ltd.,1,2300.0,2300.0,2025-07-17 11:35:27.542531
2025-07-17,120377,2025071705003554,NRN,Sundhara Securities Limited,Trisul Securities & Invt. Ltd.,500,2320.0,1160000.0,2025-07-17 11:36:40.942656
2025-07-17,120255,2025071705003569,NRN,Imperial Securities Company Pvt. Ltd.,Secured Securities Ltd.,10,2335.0,23350.0,2025-07-17 11:36:55.470125
2025-07-17,119618,2025071705003659,NRN,Citizens Share Broker Limited,K.B.L. Securities Limited ,100,2325.0,232500.0,2025-07-17 11:38:06.138654
2025-07-17,119422,2025071705003695,NRN,Dakshinkali Investment & Securities Pvt. Ltd.,Secured Securities Ltd.,40,2335.0,93400.0,2025-07-17 11:38:24.506600
2025-07-17,119421,2025071705003696,NRN,Dakshinkali Investment & Securities Pvt. Ltd.,Thrive Brokerage House Pvt. Ltd,10,2335.0,23350.0,2025-07-17 11:38:24.506637
2025-07-17,119420,2025071705003697,NRN,Dakshinkali Investment & Securities Pvt. Ltd.,Siprabi Securities Pvt. Ltd.,10,2335.0,23350.0,2025-07-17 11:38:24.506659
2025-07-17,119419,2025071705003698,NRN,Dakshinkali Investment & Securities Pvt. Ltd.,Sri Hari Securities Pvt. Ltd.,180,2339.0,421020.0,2025-07-17 11:38:24.506683
2025-07-17,119418,2025071705003699,NRN,Dakshinkali Investment & Securities Pvt. Ltd.,Capital Max Securities Ltd,360,2339.0,842040.0,2025-07-17 11:38:24.506716
2025-07-17,119337,2025071705003712,NRN,Sri Hari Securities Pvt. Ltd.,Capital Max Securities Ltd,40,2339.0,93560.0,2025-07-17 11:38:33.621608
2025-07-17,118973,2025071705003766,NRN,Citizens Share Broker Limited,Opal Securities Investment (PVT) Ltd.,11,2329.0,25619.0,2025-07-17 11:39:09.262632
2025-07-17,118702,2025071705003817,NRN,Citizens Share Broker Limited,Naasa Securities Co. Ltd.,89,2345.0,208705.0,2025-07-17 11:39:39.459876
2025-07-17,118626,2025071705003825,NRN,Citizens Share Broker Limited,Naasa Securities Co. Ltd.,11,2345.0,25795.0,2025-07-17 11:39:46.488239
2025-07-17,118625,2025071705003826,NRN,Citizens Share Broker Limited,Thrive Brokerage House Pvt. Ltd,89,2349.0,209061.0,2025-07-17 11:39:46.488545
2025-07-17,118601,2025071705003829,NRN,Sweta Securities Private Limited,Thrive Brokerage House Pvt. Ltd,11,2349.0,25839.0,2025-07-17 11:39:49.569259
2025-07-17,118600,2025071705003830,NRN,Sweta Securities Private Limited,Trishakti Securities Public Limited,589,2349.8,1384032.2,2025-07-17 11:39:49.569448
2025-07-17,118571,2025071705003839,NRN,Citizens Share Broker Limited,Trishakti Securities Public Limited,100,2349.8,234980.0,2025-07-17 11:39:53.511560
2025-07-17,118512,2025071705003848,NRN,Citizens Share Broker Limited,Trishakti Securities Public Limited,23,2349.8,54045.4,2025-07-17 11:40:00.541259
2025-07-17,118511,2025071705003849,NRN,Citizens Share Broker Limited,Aakashbhairab Securities Ltd.,77,2350.0,180950.0,2025-07-17 11:40:00.541412
2025-07-17,118434,2025071705003856,NRN,Citizens Share Broker Limited,Aakashbhairab Securities Ltd.,100,2350.0,235000.0,2025-07-17 11:40:07.560452
2025-07-17,118352,2025071705003879,NRN,Citizens Share Broker Limited,Aakashbhairab Securities Ltd.,100,2350.0,235000.0,2025-07-17 11:40:15.587708
2025-07-17,118261,2025071705003891,NRN,Citizens Share Broker Limited,Sumeru Securities Pvt. Ltd.,100,2349.0,234900.0,2025-07-17 11:40:26.616731
2025-07-17,118199,2025071705003902,NRN,Citizens Share Broker Limited,Aakashbhairab Securities Ltd.,100,2350.0,235000.0,2025-07-17 11:40:33.640797
2025-07-17,118188,2025071705003904,NRN,Dakshinkali Investment & Securities Pvt. Ltd.,Aakashbhairab Securities Ltd.,59,2350.0,138650.0,2025-07-17 11:40:34.898946
2025-07-17,118122,2025071705003912,NRN,Citizens Share Broker Limited,Aakashbhairab Securities Ltd.,50,2350.0,117500.0,2025-07-17 11:40:39.656400
2025-07-17,118026,2025071705003924,NRN,Nabil Stock Dealer Ltd.,Nepal Investment And Securities Trading Private Limited,20,2349.8,46996.0,2025-07-17 11:40:51.897714
2025-07-17,118025,2025071705003925,NRN,Nabil Stock Dealer Ltd.,Aakashbhairab Securities Ltd.,380,2350.0,893000.0,2025-07-17 11:40:51.897874
2025-07-17,117987,2025071705003930,NRN,KALASH STOCK MARKET PVT. LTD.,Aakashbhairab Securities Ltd.,100,2350.0,235000.0,2025-07-17 11:40:55.012532
2025-07-17,117869,2025071705003950,NRN,Nagarik Stock Dealer ,Aakashbhairab Securities Ltd.,34,2350.0,79900.0,2025-07-17 11:41:09.267696
2025-07-17,117868,2025071705003951,NRN,Nagarik Stock Dealer ,Trishakti Securities Public Limited,10,2350.0,23500.0,2025-07-17 11:41:09.267833
2025-07-17,117764,2025071705003965,NRN,NIMB Stock Markets Limited,Thrive Brokerage House Pvt. Ltd,100,2355.0,235500.0,2025-07-17 11:41:16.654927
2025-07-17,117763,2025071705003966,NRN,NIMB Stock Markets Limited,Dynamic Money Managers Securities Pvt. Ltd.,800,2355.0,1884000.0,2025-07-17 11:41:16.655077
2025-07-17,117762,2025071705003967,NRN,NIMB Stock Markets Limited,Shree Krishna Securities Ltd.,15,2355.0,35325.0,2025-07-17 11:41:16.655138
2025-07-17,117761,2025071705003968,NRN,NIMB Stock Markets Limited,Kumari Securities Private Limited,25,2355.0,58875.0,2025-07-17 11:41:16.655195
2025-07-17,117760,2025071705003969,NRN,NIMB Stock Markets Limited,Cristal Kanchanjanga Securites Pvt. Ltd.,60,2355.0,141300.0,2025-07-17 11:41:16.655249
2025-07-17,117662,2025071705003982,NRN,Nagarik Stock Dealer ,Cristal Kanchanjanga Securites Pvt. Ltd.,590,2355.0,1389450.0,2025-07-17 11:41:25.320093
2025-07-17,117506,2025071705004002,NRN,Nagarik Stock Dealer ,SHUBHAKAMANA SECURITIES PVT. LTD,585,2355.0,1377675.0,2025-07-17 11:41:37.010997
2025-07-17,117355,2025071705004026,NRN,Bhrikuti Stock Broking Co. Pvt. Ltd.,Naasa Securities Co. Ltd.,50,2355.1,117755.0,2025-07-17 11:41:54.025024
2025-07-17,117354,2025071705004027,NRN,Nagarik Stock Dealer ,Naasa Securities Co. Ltd.,31,2355.0,73005.0,2025-07-17 11:41:54.025168
2025-07-17,117353,2025071705004028,NRN,Capital Max Securities Ltd,Naasa Securities Co. Ltd.,19,2355.0,44745.0,2025-07-17 11:41:54.025226
2025-07-17,117235,2025071705004061,NRN,Capital Max Securities Ltd,Sumeru Securities Pvt. Ltd.,10,2355.0,23550.0,2025-07-17 11:42:03.873692
2025-07-17,117219,2025071705004064,NRN,Capital Max Securities Ltd,Thrive Brokerage House Pvt. Ltd,250,2355.0,588750.0,2025-07-17 11:42:07.311060
2025-07-17,116580,2025071705004165,NRN,Capital Max Securities Ltd,S.P.S.A. Securities Limited,14,2355.0,32970.0,2025-07-17 11:43:13.812987
2025-07-17,116536,2025071705004174,NRN,Sweta Securities Private Limited,Naasa Securities Co. Ltd.,10,2342.0,23420.0,2025-07-17 11:43:19.852063
2025-07-17,116504,2025071705004182,NRN,Vision Securities Pvt. Ltd,S.P.S.A. Securities Limited,50,2355.0,117750.0,2025-07-17 11:43:23.499279
2025-07-17,116479,2025071705004186,NRN,Sweta Securities Private Limited,Kohinoor Investment & Securities Pvt. Ltd.,20,2342.0,46840.0,2025-07-17 11:43:24.856484
2025-07-17,116478,2025071705004187,NRN,KALASH STOCK MARKET PVT. LTD.,Kohinoor Investment & Securities Pvt. Ltd.,200,2341.0,468200.0,2025-07-17 11:43:24.856645
2025-07-17,116477,2025071705004188,NRN,Roadshow securities limited,Kohinoor Investment & Securities Pvt. Ltd.,50,2341.0,117050.0,2025-07-17 11:43:24.856712
2025-07-17,116273,2025071705004245,NRN,Midas Stock Broking Company Private Limited,Thrive Brokerage House Pvt. Ltd,22,2350.0,51700.0,2025-07-17 11:43:45.580756
2025-07-17,116270,2025071705004248,NRN,Vision Securities Pvt. Ltd,Imperial Securities Company Pvt. Ltd.,11,2340.0,25740.0,2025-07-17 11:43:45.845897
2025-07-17,116268,2025071705004249,NRN,Vision Securities Pvt. Ltd,Kohinoor Investment & Securities Pvt. Ltd.,189,2340.0,442260.0,2025-07-17 11:43:46.977840
2025-07-17,116267,2025071705004250,NRN,Vision Securities Pvt. Ltd,Kohinoor Investment & Securities Pvt. Ltd.,41,2340.0,95940.0,2025-07-17 11:43:46.978055
2025-07-17,116106,2025071705004271,NRN,Midas Stock Broking Company Private Limited,Imperial Securities Company Pvt. Ltd.,11,2340.0,25740.0,2025-07-17 11:44:03.101433
2025-07-17,115906,2025071705004293,NRN,Midas Stock Broking Company Private Limited,Thrive Brokerage House Pvt. Ltd,14,2340.0,32760.0,2025-07-17 11:44:29.050931
2025-07-17,115125,2025071705004417,NRN,Trisul Securities & Invt. Ltd.,Vision Securities Pvt. Ltd,10,2339.9,23399.0,2025-07-17 11:45:57.549849
2025-07-17,115124,2025071705004418,NRN,Trisul Securities & Invt. Ltd.,Linch Stock Market Ltd.,990,2340.0,2316600.0,2025-07-17 11:45:57.550022
2025-07-17,114716,2025071705004464,NRN,Vision Securities Pvt. Ltd,Linch Stock Market Ltd.,10,2340.0,23400.0,2025-07-17 11:46:43.267875
2025-07-17,114404,2025071705004527,NRN,SUN SECURITIES PVT LTD,Himalayan Brokerage Company Limited,40,2334.0,93360.0,2025-07-17 11:47:16.914423
2025-07-17,114371,2025071705004531,NRN,Nagarik Stock Dealer ,Sewa Securities Pvt. Ltd.,11,2342.0,25762.0,2025-07-17 11:47:19.748610
2025-07-17,114370,2025071705004532,NRN,Nagarik Stock Dealer ,INDEX SECURITIES LIMITED,200,2344.0,468800.0,2025-07-17 11:47:19.748925
2025-07-17,114369,2025071705004533,NRN,Nagarik Stock Dealer ,Online Securities Pvt. Ltd.,380,2344.0,890720.0,2025-07-17 11:47:19.749148
2025-07-17,114270,2025071705004552,NRN,Nagarik Stock Dealer ,Naasa Securities Co. Ltd.,17,2344.9,39863.3,2025-07-17 11:47:30.786876
2025-07-17,113983,2025071705004606,NRN,Sumeru Securities Pvt. Ltd.,Naasa Securities Co. Ltd.,83,2344.9,194626.7,2025-07-17 11:47:55.847112
2025-07-17,113955,2025071705004610,NRN,Sumeru Securities Pvt. Ltd.,Thrive Brokerage House Pvt. Ltd,17,2345.0,39865.0,2025-07-17 11:47:59.074626
2025-07-17,113954,2025071705004611,NRN,Agrawal Securities (PVT) Ltd.,Thrive Brokerage House Pvt. Ltd,183,2344.0,428952.0,2025-07-17 11:47:59.075050
2025-07-17,113817,2025071705004630,NRN,Sumeru Securities Pvt. Ltd.,Vision Securities Pvt. Ltd,100,2349.9,234990.0,2025-07-17 11:48:15.952422
2025-07-17,113816,2025071705004631,NRN,Sumeru Securities Pvt. Ltd.,Trishakti Securities Public Limited,11,2350.0,25850.0,2025-07-17 11:48:15.952586
2025-07-17,113815,2025071705004632,NRN,Sumeru Securities Pvt. Ltd.,Imperial Securities Company Pvt. Ltd.,100,2350.0,235000.0,2025-07-17 11:48:15.952655
2025-07-17,113814,2025071705004633,NRN,Sumeru Securities Pvt. Ltd.,Swarna Laxmi Securities Pvt. Ltd.,11,2350.0,25850.0,2025-07-17 11:48:15.952764
2025-07-17,113813,2025071705004634,NRN,Sumeru Securities Pvt. Ltd.,Siprabi Securities Pvt. Ltd.,20,2354.2,47084.0,2025-07-17 11:48:15.952827
2025-07-17,113812,2025071705004635,NRN,Sumeru Securities Pvt. Ltd.,S.P.S.A. Securities Limited,58,2355.0,136590.0,2025-07-17 11:48:15.952894
2025-07-17,113604,2025071705004663,NRN,Sri Hari Securities Pvt. Ltd.,S.P.S.A. Securities Limited,22,2355.0,51810.0,2025-07-17 11:48:36.353849
2025-07-17,113603,2025071705004664,NRN,Sri Hari Securities Pvt. Ltd.,K.B.L. Securities Limited ,50,2355.0,117750.0,2025-07-17 11:48:36.354155
2025-07-17,113602,2025071705004665,NRN,Sri Hari Securities Pvt. Ltd.,S.P.S.A. Securities Limited,28,2355.0,65940.0,2025-07-17 11:48:36.354371
2025-07-17,113288,2025071705004689,NRN,Agrawal Securities (PVT) Ltd.,Thrive Brokerage House Pvt. Ltd,14,2344.0,32816.0,2025-07-17 11:49:06.519489
2025-07-17,112869,2025071705004747,NRN,Nagarik Stock Dealer ,Thrive Brokerage House Pvt. Ltd,70,2350.0,164500.0,2025-07-17 11:49:57.021983
2025-07-17,112385,2025071705004808,NRN,Naasa Securities Co. Ltd.,Primo Securities (PVT) Ltd.,100,2345.0,234500.0,2025-07-17 11:50:49.048215
2025-07-17,112134,2025071705004827,NRN,Naasa Securities Co. Ltd.,Asian Securities Private Ltd.,320,2345.0,750400.0,2025-07-17 11:51:12.414918
2025-07-17,111858,2025071705004869,NRN,Trisul Securities & Invt. Ltd.,Investment Management Nepal Pvt. Ltd.,20,2350.0,47000.0,2025-07-17 11:51:41.603153
2025-07-17,111857,2025071705004870,NRN,Trisul Securities & Invt. Ltd.,Creative Securities Pvt Ltd,11,2352.0,25872.0,2025-07-17 11:51:41.603337
2025-07-17,111856,2025071705004871,NRN,Trisul Securities & Invt. Ltd.,INDEX SECURITIES LIMITED,200,2354.0,470800.0,2025-07-17 11:51:41.603416
2025-07-17,111562,2025071705004933,NRN,Trisul Securities & Invt. Ltd.,Naasa Securities Co. Ltd.,11,2354.0,25894.0,2025-07-17 11:52:15.284426
2025-07-17,111381,2025071705004982,NRN,Sri Hari Securities Pvt. Ltd.,N.M.B. SECURITIES LIMITED,200,2354.9,470980.0,2025-07-17 11:52:35.782387
2025-07-17,111380,2025071705004983,NRN,Sri Hari Securities Pvt. Ltd.,S.P.S.A. Securities Limited,72,2355.0,169560.0,2025-07-17 11:52:35.782563
2025-07-17,111379,2025071705004984,NRN,Sri Hari Securities Pvt. Ltd.,Thrive Brokerage House Pvt. Ltd,20,2355.1,47102.0,2025-07-17 11:52:35.782642
2025-07-17,111378,2025071705004985,NRN,Sri Hari Securities Pvt. Ltd.,Capital Max Securities Ltd,100,2356.0,235600.0,2025-07-17 11:52:35.782714
2025-07-17,111331,2025071705004995,NRN,Nepal Stock House (PVT) Ltd.,Stoxkarts Securities Limited,100,2359.6,235960.0,2025-07-17 11:52:43.168804
2025-07-17,110895,2025071705005074,NRN,Sri Hari Securities Pvt. Ltd.,Blue Chip Securities Ltd,85,2356.0,200260.0,2025-07-17 11:53:32.027113
2025-07-17,110816,2025071705005096,NRN,Sri Hari Securities Pvt. Ltd.,Naasa Securities Co. Ltd.,11,2356.0,25916.0,2025-07-17 11:53:43.751722
2025-07-17,110715,2025071705005113,NRN,Premier Securities Company Ltd.,Stoxkarts Securities Limited,150,2359.6,353940.0,2025-07-17 11:53:55.283024
2025-07-17,110714,2025071705005114,NRN,Premier Securities Company Ltd.,Stoxkarts Securities Limited,50,2359.7,117985.0,2025-07-17 11:53:55.283136
2025-07-17,110713,2025071705005115,NRN,Premier Securities Company Ltd.,Stoxkarts Securities Limited,100,2359.8,235980.0,2025-07-17 11:53:55.283170
2025-07-17,110712,2025071705005116,NRN,Premier Securities Company Ltd.,Stoxkarts Securities Limited,100,2359.9,235990.0,2025-07-17 11:53:55.283196
2025-07-17,110711,2025071705005117,NRN,Premier Securities Company Ltd.,Nepal Investment And Securities Trading Private Limited,11,2360.0,25960.0,2025-07-17 11:53:55.283222
2025-07-17,110710,2025071705005118,NRN,Premier Securities Company Ltd.,Capital Hub P. Ltd,320,2360.0,755200.0,2025-07-17 11:53:55.283251
2025-07-17,110709,2025071705005119,NRN,Premier Securities Company Ltd.,Aakashbhairab Securities Ltd.,500,2360.0,1180000.0,2025-07-17 11:53:55.283278
2025-07-17,110708,2025071705005120,NRN,Premier Securities Company Ltd.,J.F. Securites (PVT) Ltd.,500,2360.0,1180000.0,2025-07-17 11:53:55.283326
2025-07-17,110707,2025071705005121,NRN,Premier Securities Company Ltd.,Cristal Kanchanjanga Securites Pvt. Ltd.,20,2360.0,47200.0,2025-07-17 11:53:55.283356
2025-07-17,110706,2025071705005122,NRN,Premier Securities Company Ltd.,Kohinoor Investment & Securities Pvt. Ltd.,14,2360.0,33040.0,2025-07-17 11:53:55.283384
2025-07-17,110705,2025071705005123,NRN,Premier Securities Company Ltd.,Naasa Securities Co. Ltd.,17,2360.0,40120.0,2025-07-17 11:53:55.283408
2025-07-17,110704,2025071705005124,NRN,Premier Securities Company Ltd.,Aryatara Investment & Securities,18,2361.0,42498.0,2025-07-17 11:53:55.283442
2025-07-17,110485,2025071705005186,NRN,Sri Hari Securities Pvt. Ltd.,Imperial Securities Company Pvt. Ltd.,11,2356.0,25916.0,2025-07-17 11:54:27.456074
2025-07-17,110484,2025071705005187,NRN,Sri Hari Securities Pvt. Ltd.,Vision Securities Pvt. Ltd,1,2356.0,2356.0,2025-07-17 11:54:27.456225
2025-07-17,110477,2025071705005188,NRN,Trisul Securities & Invt. Ltd.,Vision Securities Pvt. Ltd,12,2354.0,28248.0,2025-07-17 11:54:27.790165
2025-07-17,110339,2025071705005225,NRN,Trisul Securities & Invt. Ltd.,Nepal Investment And Securities Trading Private Limited,20,2354.0,47080.0,2025-07-17 11:54:41.597689
2025-07-17,109750,2025071705005334,NRN,Naasa Securities Co. Ltd.,Citizens Share Broker Limited,11,2356.0,25916.0,2025-07-17 11:55:40.792507
2025-07-17,109749,2025071705005335,NRN,Naasa Securities Co. Ltd.,KALASH STOCK MARKET PVT. LTD.,19,2360.0,44840.0,2025-07-17 11:55:40.792784
2025-07-17,109693,2025071705005338,NRN,Trisul Securities & Invt. Ltd.,Sani Securities Company Ltd.,11,2354.0,25894.0,2025-07-17 11:55:46.748729
2025-07-17,109362,2025071705005450,NRN,Trisul Securities & Invt. Ltd.,Nepal Stock House (PVT) Ltd.,30,2354.0,70620.0,2025-07-17 11:56:19.304029
2025-07-17,109326,2025071705005461,NRN,Sri Hari Securities Pvt. Ltd.,Himalayan Brokerage Company Limited,80,2351.0,188080.0,2025-07-17 11:56:24.909773
2025-07-17,109325,2025071705005462,NRN,Naasa Securities Co. Ltd.,Himalayan Brokerage Company Limited,720,2350.0,1692000.0,2025-07-17 11:56:24.910009
2025-07-17,109149,2025071705005490,NRN,Naasa Securities Co. Ltd.,Dipshikha Dhitopatra Karobar Co. Pvt Ltd.,1000,2350.0,2350000.0,2025-07-17 11:56:46.685799
2025-07-17,108908,2025071705005527,NRN,Naasa Securities Co. Ltd.,Secured Securities Ltd.,18,2350.0,42300.0,2025-07-17 11:57:04.829370
2025-07-17,108351,2025071705005597,NRN,Secured Securities Ltd.,Thrive Brokerage House Pvt. Ltd,10,2350.1,23501.0,2025-07-17 11:57:55.699950
2025-07-17,108338,2025071705005598,NRN,Secured Securities Ltd.,Oxford Securities Pvt. Ltd.,20,2350.1,47002.0,2025-07-17 11:57:57.232803
2025-07-17,108337,2025071705005599,NRN,Naasa Securities Co. Ltd.,Oxford Securities Pvt. Ltd.,80,2350.0,188000.0,2025-07-17 11:57:57.233094
2025-07-17,107869,2025071705005670,NRN,Naasa Securities Co. Ltd.,SUN SECURITIES PVT LTD,50,2350.0,117500.0,2025-07-17 11:58:36.931199
2025-07-17,107819,2025071705005676,NRN,Naasa Securities Co. Ltd.,R.B.B. Securities Company Ltd,200,2350.0,470000.0,2025-07-17 11:58:41.218516
2025-07-17,107617,2025071705005707,NRN,Naasa Securities Co. Ltd.,Nagarik Stock Dealer ,550,2350.0,1292500.0,2025-07-17 11:58:58.867508
2025-07-17,107407,2025071705005757,NRN,Naasa Securities Co. Ltd.,Sumeru Securities Pvt. Ltd.,50,2350.0,117500.0,2025-07-17 11:59:18.746224
2025-07-17,107362,2025071705005770,NRN,Naasa Securities Co. Ltd.,Bhrikuti Stock Broking Co. Pvt. Ltd.,70,2350.0,164500.0,2025-07-17 11:59:21.699981
2025-07-17,106853,2025071705005846,NRN,Nabil Stock Dealer Ltd.,Sundhara Securities Limited,50,2350.0,117500.0,2025-07-17 12:00:07.711231
2025-07-17,106615,2025071705005881,NRN,Naasa Securities Co. Ltd.,Sipla Securities Private Limited,1000,2340.0,2340000.0,2025-07-17 12:00:28.578205
2025-07-17,106598,2025071705005885,NRN,Naasa Securities Co. Ltd.,Linch Stock Market Ltd.,100,2340.0,234000.0,2025-07-17 12:00:30.887039
2025-07-17,106272,2025071705005922,NRN,Naasa Securities Co. Ltd.,Linch Stock Market Ltd.,200,2340.1,468020.0,2025-07-17 12:00:50.161150
2025-07-17,106271,2025071705005923,NRN,Naasa Securities Co. Ltd.,Linch Stock Market Ltd.,700,2340.0,1638000.0,2025-07-17 12:00:50.161403
2025-07-17,106220,2025071705005933,NRN,MILKY WAY SHARE BROKER COMPANY LTD ,Sundhara Securities Limited,25,2350.0,58750.0,2025-07-17 12:00:54.040648
2025-07-17,106115,2025071705005943,NRN,Naasa Securities Co. Ltd.,Dakshinkali Investment & Securities Pvt. Ltd.,111,2340.0,259740.0,2025-07-17 12:01:02.132221
2025-07-17,105561,2025071705006043,NRN,Secured Securities Ltd.,Opal Securities Investment (PVT) Ltd.,15,2340.1,35101.5,2025-07-17 12:01:48.326585
2025-07-17,105347,2025071705006081,NRN,Naasa Securities Co. Ltd.,Neev Securities Pvt. Ltd.,100,2340.0,234000.0,2025-07-17 12:02:03.106966
2025-07-17,105270,2025071705006098,NRN,Naasa Securities Co. Ltd.,Dynamic Money Managers Securities Pvt. Ltd.,1000,2340.0,2340000.0,2025-07-17 12:02:08.738993
2025-07-17,105180,2025071705006117,NRN,Roadshow securities limited,Opal Securities Investment (PVT) Ltd.,10,2340.1,23401.0,2025-07-17 12:02:20.270301
2025-07-17,105046,2025071705006138,NRN,Naasa Securities Co. Ltd.,Naasa Securities Co. Ltd.,5250,2340.0,12285000.0,2025-07-17 12:02:27.006608
2025-07-17,104816,2025071705006163,NRN,Naasa Securities Co. Ltd.,Naasa Securities Co. Ltd.,200,2340.0,468000.0,2025-07-17 12:02:43.530738
2025-07-17,103807,2025071705006327,NRN,Naasa Securities Co. Ltd.,Asian Securities Private Ltd.,300,2340.2,702060.0,2025-07-17 12:04:06.825629
2025-07-17,103752,2025071705006338,NRN,Sunrise Securities Limited,Thrive Brokerage House Pvt. Ltd,190,2345.1,445569.0,2025-07-17 12:04:11.941278
2025-07-17,103751,2025071705006339,NRN,Sunrise Securities Limited,Shree Krishna Securities Ltd.,11,2349.0,25839.0,2025-07-17 12:04:11.941522
2025-07-17,103750,2025071705006340,NRN,Sunrise Securities Limited,Naasa Securities Co. Ltd.,50,2349.5,117475.0,2025-07-17 12:04:11.941605
2025-07-17,103749,2025071705006341,NRN,Sunrise Securities Limited,Shree Krishna Securities Ltd.,500,2349.6,1174800.0,2025-07-17 12:04:11.941686
2025-07-17,103748,2025071705006342,NRN,Sunrise Securities Limited,Sundhara Securities Limited,85,2350.0,199750.0,2025-07-17 12:04:11.941765
2025-07-17,103747,2025071705006343,NRN,Sunrise Securities Limited,Kohinoor Investment & Securities Pvt. Ltd.,11,2350.0,25850.0,2025-07-17 12:04:11.941843
2025-07-17,103746,2025071705006344,NRN,Sunrise Securities Limited,Sundhara Securities Limited,153,2350.0,359550.0,2025-07-17 12:04:11.941940
2025-07-17,103415,2025071705006418,NRN,Nagarik Stock Dealer ,Vision Securities Pvt. Ltd,100,2345.0,234500.0,2025-07-17 12:04:46.108579
2025-07-17,103340,2025071705006428,NRN,Online Securities Pvt. Ltd.,Sundhara Securities Limited,347,2350.0,815450.0,2025-07-17 12:04:52.796091
2025-07-17,103339,2025071705006429,NRN,Online Securities Pvt. Ltd.,Imperial Securities Company Pvt. Ltd.,11,2350.0,25850.0,2025-07-17 12:04:52.796321
2025-07-17,103338,2025071705006430,NRN,Online Securities Pvt. Ltd.,Opal Securities Investment (PVT) Ltd.,15,2350.0,35250.0,2025-07-17 12:04:52.796403
2025-07-17,103337,2025071705006431,NRN,Online Securities Pvt. Ltd.,Naasa Securities Co. Ltd.,1127,2350.0,2648450.0,2025-07-17 12:04:52.796480
2025-07-17,102925,2025071705006486,NRN,Nagarik Stock Dealer ,Siprabi Securities Pvt. Ltd.,31,2345.0,72695.0,2025-07-17 12:05:29.958390
2025-07-17,102264,2025071705006628,NRN,Nagarik Stock Dealer ,Market Securities & Exchange (PVT) Ltd.,20,2345.0,46900.0,2025-07-17 12:06:40.879027
2025-07-17,102038,2025071705006675,NRN,Hatemalo Financial Services Private Limited,Investment Management Nepal Pvt. Ltd.,200,2341.0,468200.0,2025-07-17 12:07:05.853083
2025-07-17,101999,2025071705006688,NRN,Hatemalo Financial Services Private Limited,K.B.L. Securities Limited ,450,2341.0,1053450.0,2025-07-17 12:07:10.179687
2025-07-17,101998,2025071705006689,NRN,Nepal Stock House (PVT) Ltd.,K.B.L. Securities Limited ,200,2340.3,468060.0,2025-07-17 12:07:10.179932
2025-07-17,101997,2025071705006690,NRN,Secured Securities Ltd.,K.B.L. Securities Limited ,15,2340.2,35103.0,2025-07-17 12:07:10.180016
2025-07-17,101996,2025071705006691,NRN,Naasa Securities Co. Ltd.,K.B.L. Securities Limited ,335,2340.2,783967.0,2025-07-17 12:07:10.180099
2025-07-17,101634,2025071705006729,NRN,Opal Securities Investment (PVT) Ltd.,Market Securities & Exchange (PVT) Ltd.,10,2340.3,23403.0,2025-07-17 12:07:54.251212
2025-07-17,101014,2025071705006830,NRN,Roadshow securities limited,Secured Securities Ltd.,20,2341.0,46820.0,2025-07-17 12:08:55.662382
2025-07-17,101013,2025071705006831,NRN,R.B.B. Securities Company Ltd,Secured Securities Ltd.,80,2341.0,187280.0,2025-07-17 12:08:55.662639
2025-07-17,100404,2025071705006963,NRN,Sundhara Securities Limited,Market Securities & Exchange (PVT) Ltd.,20,2345.0,46900.0,2025-07-17 12:10:18.116662
2025-07-17,100403,2025071705006964,NRN,Sundhara Securities Limited,Nepal Stock House (PVT) Ltd.,50,2345.2,117260.0,2025-07-17 12:10:18.116886
2025-07-17,100402,2025071705006965,NRN,Sundhara Securities Limited,Sri Hari Securities Pvt. Ltd.,250,2347.0,586750.0,2025-07-17 12:10:18.116976
2025-07-17,100401,2025071705006966,NRN,Sundhara Securities Limited,Dipshikha Dhitopatra Karobar Co. Pvt Ltd.,150,2348.0,352200.0,2025-07-17 12:10:18.117062
2025-07-17,100400,2025071705006967,NRN,Sundhara Securities Limited,Online Securities Pvt. Ltd.,50,2348.0,117400.0,2025-07-17 12:10:18.117145
2025-07-17,100399,2025071705006968,NRN,Sundhara Securities Limited,Naasa Securities Co. Ltd.,393,2350.0,923550.0,2025-07-17 12:10:18.117228
2025-07-17,100398,2025071705006969,NRN,Sundhara Securities Limited,Sewa Securities Pvt. Ltd.,11,2350.0,25850.0,2025-07-17 12:10:18.117323
2025-07-17,100397,2025071705006970,NRN,Sundhara Securities Limited,Naasa Securities Co. Ltd.,11,2350.0,25850.0,2025-07-17 12:10:18.117403
2025-07-17,100396,2025071705006971,NRN,Sundhara Securities Limited,Online Securities Pvt. Ltd.,50,2350.0,117500.0,2025-07-17 12:10:18.117484
2025-07-17,100395,2025071705006972,NRN,Sundhara Securities Limited,Online Securities Pvt. Ltd.,11,2350.0,25850.0,2025-07-17 12:10:18.117566
2025-07-17,100179,2025071705006999,NRN,Naasa Securities Co. Ltd.,Online Securities Pvt. Ltd.,11,2350.0,25850.0,2025-07-17 12:10:50.995663
2025-07-17,100178,2025071705007000,NRN,Naasa Securities Co. Ltd.,Asian Securities Private Ltd.,11,2350.0,25850.0,2025-07-17 12:10:50.995870
2025-07-17,100177,2025071705007001,NRN,Naasa Securities Co. Ltd.,Miyo Securities Pvt Ltd,44,2350.0,103400.0,2025-07-17 12:10:50.995956
2025-07-17,100018,2025071705007035,NRN,Sundhara Securities Limited,Sri Hari Securities Pvt. Ltd.,100,2351.9,235190.0,2025-07-17 12:11:09.399325
2025-07-17,99750,2025071705007103,NRN,South Asian Bulls Pvt. Ltd.,Primo Securities (PVT) Ltd.,10,2352.0,23520.0,2025-07-17 12:11:42.427084
2025-07-17,99749,2025071705007104,NRN,South Asian Bulls Pvt. Ltd.,ABC Securities Private Limited,90,2352.9,211761.0,2025-07-17 12:11:42.427300
2025-07-17,99573,2025071705007136,NRN,Sri Hari Securities Pvt. Ltd.,ABC Securities Private Limited,10,2352.9,23529.0,2025-07-17 12:12:00.779185
2025-07-17,99381,2025071705007174,NRN,Sri Hari Securities Pvt. Ltd.,Citizens Share Broker Limited,100,2352.9,235290.0,2025-07-17 12:12:22.306884
2025-07-17,98885,2025071705007248,NRN,Sri Hari Securities Pvt. Ltd.,Naasa Securities Co. Ltd.,24,2353.9,56493.6,2025-07-17 12:13:21.196309
2025-07-17,98884,2025071705007249,NRN,Sri Hari Securities Pvt. Ltd.,Nepal Stock House (PVT) Ltd.,17,2354.0,40018.0,2025-07-17 12:13:21.196617
2025-07-17,98758,2025071705007279,NRN,Miyo Securities Pvt Ltd,Linch Stock Market Ltd.,11,2354.0,25894.0,2025-07-17 12:13:32.709238
2025-07-17,98757,2025071705007280,NRN,Miyo Securities Pvt Ltd,Primo Securities (PVT) Ltd.,10,2354.0,23540.0,2025-07-17 12:13:32.709488
2025-07-17,98756,2025071705007281,NRN,Miyo Securities Pvt Ltd,Dynamic Money Managers Securities Pvt. Ltd.,11,2354.0,25894.0,2025-07-17 12:13:32.709577
2025-07-17,98638,2025071705007322,NRN,Aakashbhairab Securities Ltd.,Online Securities Pvt. Ltd.,11,2355.0,25905.0,2025-07-17 12:13:50.058820
2025-07-17,98593,2025071705007326,NRN,Nagarik Stock Dealer ,N.M.B. SECURITIES LIMITED,10,2356.0,23560.0,2025-07-17 12:13:54.568540
2025-07-17,98592,2025071705007327,NRN,Nagarik Stock Dealer ,Naasa Securities Co. Ltd.,70,2359.0,165130.0,2025-07-17 12:13:54.568935
2025-07-17,98587,2025071705007328,NRN,Nagarik Stock Dealer ,Naasa Securities Co. Ltd.,83,2359.0,195797.0,2025-07-17 12:13:55.185389
2025-07-17,98586,2025071705007329,NRN,Shree Krishna Securities Ltd.,Naasa Securities Co. Ltd.,100,2350.1,235010.0,2025-07-17 12:13:55.185858
2025-07-17,98507,2025071705007364,NRN,Sundhara Securities Limited,ABC Securities Private Limited,10,2360.0,23600.0,2025-07-17 12:14:05.361183
2025-07-17,98370,2025071705007390,NRN,MILKY WAY SHARE BROKER COMPANY LTD ,ABC Securities Private Limited,15,2360.0,35400.0,2025-07-17 12:14:22.602931
2025-07-17,97567,2025071705007697,NRN,Deevyaa Securities & Stock House Pvt. Ltd,INDEX SECURITIES LIMITED,200,2358.0,471600.0,2025-07-17 12:15:36.347553
2025-07-17,97566,2025071705007698,NRN,Deevyaa Securities & Stock House Pvt. Ltd,Sani Securities Company Ltd.,189,2359.0,445851.0,2025-07-17 12:15:36.347762
2025-07-17,97175,2025071705007805,NRN,Deevyaa Securities & Stock House Pvt. Ltd,Dipshikha Dhitopatra Karobar Co. Pvt Ltd.,45,2359.0,106155.0,2025-07-17 12:16:18.351996
2025-07-17,97144,2025071705007810,NRN,Deevyaa Securities & Stock House Pvt. Ltd,Primo Securities (PVT) Ltd.,10,2359.0,23590.0,2025-07-17 12:16:22.670382
2025-07-17,96992,2025071705007875,NRN,Deevyaa Securities & Stock House Pvt. Ltd,Nepal Stock House (PVT) Ltd.,100,2359.0,235900.0,2025-07-17 12:16:34.417089
2025-07-17,96944,2025071705007881,NRN,NIMB Stock Markets Limited,Deevyaa Securities & Stock House Pvt. Ltd,100,2359.8,235980.0,2025-07-17 12:16:39.110501
2025-07-17,96777,2025071705007945,NRN,Deevyaa Securities & Stock House Pvt. Ltd,Sunrise Securities Limited,200,2359.0,471800.0,2025-07-17 12:17:02.155596
2025-07-17,96678,2025071705007966,NRN,Sri Hari Securities Pvt. Ltd.,Arun Securities (PVT) Ltd.,200,2359.9,471980.0,2025-07-17 12:17:15.343591
2025-07-17,96615,2025071705007981,NRN,Deevyaa Securities & Stock House Pvt. Ltd,Imperial Securities Company Pvt. Ltd.,51,2359.0,120309.0,2025-07-17 12:17:22.785480
2025-07-17,96451,2025071705008065,NRN,Deevyaa Securities & Stock House Pvt. Ltd,Vision Securities Pvt. Ltd,200,2359.0,471800.0,2025-07-17 12:17:38.797650
2025-07-17,96181,2025071705008138,NRN,NIMB Stock Markets Limited,J.F. Securites (PVT) Ltd.,100,2352.0,235200.0,2025-07-17 12:18:13.566929
2025-07-17,96115,2025071705008164,NRN,NIMB Stock Markets Limited,J.F. Securites (PVT) Ltd.,100,2352.0,235200.0,2025-07-17 12:18:18.604324
2025-07-17,96100,2025071705008178,NRN,NIMB Stock Markets Limited,Miyo Securities Pvt Ltd,45,2352.0,105840.0,2025-07-17 12:18:19.568379
2025-07-17,96085,2025071705008180,NRN,Sri Hari Securities Pvt. Ltd.,J.F. Securites (PVT) Ltd.,100,2351.0,235100.0,2025-07-17 12:18:21.624256
2025-07-17,95957,2025071705008220,NRN,Neev Securities Pvt. Ltd.,J.F. Securites (PVT) Ltd.,100,2351.0,235100.0,2025-07-17 12:18:37.697946
2025-07-17,94657,2025071705008703,NRN,Naasa Securities Co. Ltd.,Sweta Securities Private Limited,150,2359.0,353850.0,2025-07-17 12:21:07.130167
2025-07-17,94497,2025071705008759,NRN,Sweta Securities Private Limited,Sweta Securities Private Limited,20,2359.0,47180.0,2025-07-17 12:21:26.043692
2025-07-17,94276,2025071705008836,NRN,Sri Hari Securities Pvt. Ltd.,Cristal Kanchanjanga Securites Pvt. Ltd.,50,2359.0,117950.0,2025-07-17 12:21:49.848690
2025-07-17,94140,2025071705008865,NRN,Sri Hari Securities Pvt. Ltd.,SUN SECURITIES PVT LTD,150,2359.0,353850.0,2025-07-17 12:22:03.202252
2025-07-17,94069,2025071705008884,NRN,Opal Securities Investment (PVT) Ltd.,Secured Securities Ltd.,100,2356.0,235600.0,2025-07-17 12:22:13.763714
2025-07-17,93975,2025071705008937,NRN,Naasa Securities Co. Ltd.,ABC Securities Private Limited,75,2360.0,177000.0,2025-07-17 12:22:22.116392
2025-07-17,93974,2025071705008938,NRN,Naasa Securities Co. Ltd.,Online Securities Pvt. Ltd.,11,2360.0,25960.0,2025-07-17 12:22:22.116651
2025-07-17,93973,2025071705008939,NRN,Naasa Securities Co. Ltd.,Swarna Laxmi Securities Pvt. Ltd.,11,2360.0,25960.0,2025-07-17 12:22:22.116741
2025-07-17,93972,2025071705008940,NRN,Naasa Securities Co. Ltd.,Midas Stock Broking Company Private Limited,131,2360.0,309160.0,2025-07-17 12:22:22.116833
2025-07-17,93971,2025071705008941,NRN,Naasa Securities Co. Ltd.,Bhrikuti Stock Broking Co. Pvt. Ltd.,11,2360.0,25960.0,2025-07-17 12:22:22.116924
2025-07-17,93209,2025071705009123,NRN,Naasa Securities Co. Ltd.,Deevyaa Securities & Stock House Pvt. Ltd,100,2362.5,236250.0,2025-07-17 12:24:06.828526
2025-07-17,93051,2025071705009180,NRN,Sweta Securities Private Limited,Dynamic Money Managers Securities Pvt. Ltd.,20,2363.0,47260.0,2025-07-17 12:24:23.418119
2025-07-17,93017,2025071705009192,NRN,Sundhara Securities Limited,Dynamic Money Managers Securities Pvt. Ltd.,30,2363.0,70890.0,2025-07-17 12:24:28.609143
2025-07-17,93016,2025071705009193,NRN,Sundhara Securities Limited,Aryatara Investment & Securities,142,2363.0,335546.0,2025-07-17 12:24:28.609382
2025-07-17,93015,2025071705009194,NRN,Sundhara Securities Limited,Primo Securities (PVT) Ltd.,10,2363.0,23630.0,2025-07-17 12:24:28.609487
2025-07-17,93014,2025071705009195,NRN,Sundhara Securities Limited,Market Securities & Exchange (PVT) Ltd.,10,2364.0,23640.0,2025-07-17 12:24:28.609582
2025-07-17,93013,2025071705009196,NRN,Sundhara Securities Limited,Aakashbhairab Securities Ltd.,208,2364.0,491712.0,2025-07-17 12:24:28.609678
2025-07-17,92798,2025071705009251,NRN,NIMB Stock Markets Limited,Aakashbhairab Securities Ltd.,292,2364.0,690288.0,2025-07-17 12:24:49.347143
2025-07-17,92797,2025071705009252,NRN,NIMB Stock Markets Limited,Himalayan Brokerage Company Limited,11,2364.0,26004.0,2025-07-17 12:24:49.347380
2025-07-17,92796,2025071705009253,NRN,NIMB Stock Markets Limited,Market Securities & Exchange (PVT) Ltd.,70,2364.5,165515.0,2025-07-17 12:24:49.347470
2025-07-17,92795,2025071705009254,NRN,NIMB Stock Markets Limited,Vision Securities Pvt. Ltd,16,2365.0,37840.0,2025-07-17 12:24:49.347556
2025-07-17,92794,2025071705009255,NRN,NIMB Stock Markets Limited,Sani Securities Company Ltd.,200,2365.0,473000.0,2025-07-17 12:24:49.347643
2025-07-17,92793,2025071705009256,NRN,NIMB Stock Markets Limited,Aryatara Investment & Securities,411,2365.0,972015.0,2025-07-17 12:24:49.347731
2025-07-17,92587,2025071705009288,NRN,Naasa Securities Co. Ltd.,Trishakti Securities Public Limited,50,2362.5,118125.0,2025-07-17 12:25:20.490913
2025-07-17,92586,2025071705009289,NRN,Naasa Securities Co. Ltd.,Trishakti Securities Public Limited,450,2360.0,1062000.0,2025-07-17 12:25:20.491159
2025-07-17,92564,2025071705009298,NRN,Dynamic Money Managers Securities Pvt. Ltd.,Nepal Investment And Securities Trading Private Limited,30,2364.9,70947.0,2025-07-17 12:25:23.338271
2025-07-17,92563,2025071705009299,NRN,Dynamic Money Managers Securities Pvt. Ltd.,Aryatara Investment & Securities,389,2365.0,919985.0,2025-07-17 12:25:23.338750
2025-07-17,92562,2025071705009300,NRN,Dynamic Money Managers Securities Pvt. Ltd.,Capital Max Securities Ltd,40,2365.0,94600.0,2025-07-17 12:25:23.339019
2025-07-17,92561,2025071705009301,NRN,Dynamic Money Managers Securities Pvt. Ltd.,Naasa Securities Co. Ltd.,11,2365.0,26015.0,2025-07-17 12:25:23.339285
2025-07-17,92560,2025071705009302,NRN,Dynamic Money Managers Securities Pvt. Ltd.,Siprabi Securities Pvt. Ltd.,100,2365.0,236500.0,2025-07-17 12:25:23.339572
2025-07-17,92559,2025071705009303,NRN,Dynamic Money Managers Securities Pvt. Ltd.,Sweta Securities Private Limited,430,2365.0,1016950.0,2025-07-17 12:25:23.339831
2025-07-17,92502,2025071705009311,NRN,Naasa Securities Co. Ltd.,Trishakti Securities Public Limited,500,2360.0,1180000.0,2025-07-17 12:25:32.579363
2025-07-17,92234,2025071705009370,NRN,Neev Securities Pvt. Ltd.,Online Securities Pvt. Ltd.,15,2364.0,35460.0,2025-07-17 12:25:58.373553
2025-07-17,92160,2025071705009408,NRN,Sweta Securities Private Limited,Online Securities Pvt. Ltd.,45,2364.0,106380.0,2025-07-17 12:26:08.205836
2025-07-17,91653,2025071705009535,NRN,Naasa Securities Co. Ltd.,Sweta Securities Private Limited,3000,2360.0,7080000.0,2025-07-17 12:27:02.592678
2025-07-17,91513,2025071705009568,NRN,Vision Securities Pvt. Ltd,INDEX SECURITIES LIMITED,100,2363.9,236390.0,2025-07-17 12:27:20.614494
2025-07-17,91512,2025071705009569,NRN,Naasa Securities Co. Ltd.,KALASH STOCK MARKET PVT. LTD.,481,2360.0,1135160.0,2025-07-17 12:27:20.663597
2025-07-17,91442,2025071705009588,NRN,Naasa Securities Co. Ltd.,Online Securities Pvt. Ltd.,440,2360.0,1038400.0,2025-07-17 12:27:29.385026
2025-07-17,91421,2025071705009590,NRN,Sumeru Securities Pvt. Ltd.,INDEX SECURITIES LIMITED,100,2363.9,236390.0,2025-07-17 12:27:31.548305
2025-07-17,91327,2025071705009610,NRN,Premier Securities Company Ltd.,Sweta Securities Private Limited,70,2365.0,165550.0,2025-07-17 12:27:41.251468
2025-07-17,91326,2025071705009611,NRN,Premier Securities Company Ltd.,Primo Securities (PVT) Ltd.,10,2365.0,23650.0,2025-07-17 12:27:41.251569
2025-07-17,91325,2025071705009612,NRN,Premier Securities Company Ltd.,Dynamic Money Managers Securities Pvt. Ltd.,320,2365.6,756992.0,2025-07-17 12:27:41.251645
2025-07-17,90956,2025071705009696,NRN,Naasa Securities Co. Ltd.,Dynamic Money Managers Securities Pvt. Ltd.,380,2365.6,898928.0,2025-07-17 12:28:31.962108
2025-07-17,90955,2025071705009697,NRN,Naasa Securities Co. Ltd.,Siprabi Securities Pvt. Ltd.,100,2366.0,236600.0,2025-07-17 12:28:31.962422
2025-07-17,90954,2025071705009698,NRN,Naasa Securities Co. Ltd.,Nepal Investment And Securities Trading Private Limited,40,2366.0,94640.0,2025-07-17 12:28:31.962517
2025-07-17,90953,2025071705009699,NRN,Naasa Securities Co. Ltd.,Aakashbhairab Securities Ltd.,480,2366.0,1135680.0,2025-07-17 12:28:31.962604
2025-07-17,90407,2025071705009845,NRN,Dakshinkali Investment & Securities Pvt. Ltd.,Aakashbhairab Securities Ltd.,20,2366.0,47320.0,2025-07-17 12:29:45.765745
2025-07-17,90232,2025071705009904,NRN,Sipla Securities Private Limited,Sewa Securities Pvt. Ltd.,10,2370.0,23700.0,2025-07-17 12:30:00.258737
2025-07-17,90104,2025071705009924,NRN,Dakshinkali Investment & Securities Pvt. Ltd.,Sani Securities Company Ltd.,30,2366.0,70980.0,2025-07-17 12:30:18.611549
2025-07-17,90047,2025071705009948,NRN,Sundhara Securities Limited,Sundhara Securities Limited,4,2323.0,9292.0,2025-07-17 12:30:26.163764
2025-07-17,89768,2025071705010048,NRN,NIMB Stock Markets Limited,Midas Stock Broking Company Private Limited,10,2360.3,23603.0,2025-07-17 12:30:51.160711
2025-07-17,88839,2025071705010235,NRN,Midas Stock Broking Company Private Limited,Opal Securities Investment (PVT) Ltd.,10,2361.0,23610.0,2025-07-17 12:32:52.250019
2025-07-17,88476,2025071705010301,NRN,Naasa Securities Co. Ltd.,Agrawal Securities (PVT) Ltd.,11,2362.0,25982.0,2025-07-17 12:33:32.250056
2025-07-17,88383,2025071705010315,NRN,Naasa Securities Co. Ltd.,Nepal Investment And Securities Trading Private Limited,11,2362.0,25982.0,2025-07-17 12:33:46.202501
2025-07-17,88257,2025071705010359,NRN,Naasa Securities Co. Ltd.,ABC Securities Private Limited,28,2362.0,66136.0,2025-07-17 12:34:00.028342
2025-07-17,88256,2025071705010360,NRN,Malla & Malla Stock Broking Company Pvt. Limited,ABC Securities Private Limited,43,2361.0,101523.0,2025-07-17 12:34:00.028405
2025-07-17,88255,2025071705010361,NRN,Imperial Securities Company Pvt. Ltd.,ABC Securities Private Limited,55,2360.2,129811.0,2025-07-17 12:34:00.028450
2025-07-17,88254,2025071705010362,NRN,Naasa Securities Co. Ltd.,ABC Securities Private Limited,40,2360.1,94404.0,2025-07-17 12:34:00.028488
2025-07-17,88253,2025071705010363,NRN,Naasa Securities Co. Ltd.,ABC Securities Private Limited,84,2360.0,198240.0,2025-07-17 12:34:00.028521
2025-07-17,87307,2025071705010550,NRN,J.F. Securites (PVT) Ltd.,Investment Management Nepal Pvt. Ltd.,10,2360.5,23605.0,2025-07-17 12:35:45.679558
2025-07-17,87306,2025071705010551,NRN,Naasa Securities Co. Ltd.,Investment Management Nepal Pvt. Ltd.,40,2360.0,94400.0,2025-07-17 12:35:45.679659
2025-07-17,86713,2025071705010697,NRN,Naasa Securities Co. Ltd.,Capital Max Securities Ltd,210,2360.0,495600.0,2025-07-17 12:37:01.249158
2025-07-17,86299,2025071705010769,NRN,Naasa Securities Co. Ltd.,Sumeru Securities Pvt. Ltd.,20,2361.0,47220.0,2025-07-17 12:37:49.233837
2025-07-17,85759,2025071705010847,NRN,SHUBHAKAMANA SECURITIES PVT. LTD,Sumeru Securities Pvt. Ltd.,11,2365.0,26015.0,2025-07-17 12:38:55.684585
2025-07-17,85758,2025071705010848,NRN,SHUBHAKAMANA SECURITIES PVT. LTD,Sumeru Securities Pvt. Ltd.,11,2365.0,26015.0,2025-07-17 12:38:55.685038
2025-07-17,85757,2025071705010849,NRN,SHUBHAKAMANA SECURITIES PVT. LTD,Vision Securities Pvt. Ltd,78,2365.0,184470.0,2025-07-17 12:38:55.685342
2025-07-17,85733,2025071705010854,NRN,Naasa Securities Co. Ltd.,Shree Krishna Securities Ltd.,15,2362.0,35430.0,2025-07-17 12:39:00.699798
2025-07-17,85597,2025071705010884,NRN,Naasa Securities Co. Ltd.,Naasa Securities Co. Ltd.,100,2361.0,236100.0,2025-07-17 12:39:15.836724
2025-07-17,85596,2025071705010885,NRN,Naasa Securities Co. Ltd.,Naasa Securities Co. Ltd.,400,2360.0,944000.0,2025-07-17 12:39:15.837184
2025-07-17,85540,2025071705010892,NRN,SHUBHAKAMANA SECURITIES PVT. LTD,Vision Securities Pvt. Ltd,22,2365.0,52030.0,2025-07-17 12:39:22.765482
2025-07-17,85539,2025071705010893,NRN,SHUBHAKAMANA SECURITIES PVT. LTD,Malla & Malla Stock Broking Company Pvt. Limited,18,2365.0,42570.0,2025-07-17 12:39:22.765766
2025-07-17,85339,2025071705010950,NRN,Naasa Securities Co. Ltd.,Siprabi Securities Pvt. Ltd.,11,2360.0,25960.0,2025-07-17 12:39:43.625952
2025-07-17,84573,2025071705011080,NRN,Sani Securities Company Ltd.,Malla & Malla Stock Broking Company Pvt. Limited,20,2365.0,47300.0,2025-07-17 12:41:04.895253
2025-07-17,84215,2025071705011166,NRN,Nagarik Stock Dealer ,ABC Securities Private Limited,50,2360.1,118005.0,2025-07-17 12:41:38.799608
2025-07-17,84068,2025071705011185,NRN,Nagarik Stock Dealer ,Nepal Stock House (PVT) Ltd.,20,2360.1,47202.0,2025-07-17 12:41:59.982421
2025-07-17,83833,2025071705011227,NRN,Nagarik Stock Dealer ,Shree Krishna Securities Ltd.,11,2360.1,25961.1,2025-07-17 12:42:20.247723
2025-07-17,83800,2025071705011235,NRN,Sweta Securities Private Limited,Malla & Malla Stock Broking Company Pvt. Limited,12,2365.0,28380.0,2025-07-17 12:42:22.810056
2025-07-17,83753,2025071705011242,NRN,Nagarik Stock Dealer ,KALASH STOCK MARKET PVT. LTD.,500,2360.1,1180050.0,2025-07-17 12:42:30.595322
2025-07-17,83347,2025071705011332,NRN,Nagarik Stock Dealer ,Online Securities Pvt. Ltd.,419,2360.1,988881.9,2025-07-17 12:43:13.304978
2025-07-17,83346,2025071705011333,NRN,Nagarik Stock Dealer ,Online Securities Pvt. Ltd.,81,2360.1,191168.1,2025-07-17 12:43:13.305505
2025-07-17,82580,2025071705011494,NRN,Sumeru Securities Pvt. Ltd.,Linch Stock Market Ltd.,100,2362.0,236200.0,2025-07-17 12:44:42.009937
2025-07-17,82579,2025071705011495,NRN,Nagarik Stock Dealer ,Linch Stock Market Ltd.,900,2362.0,2125800.0,2025-07-17 12:44:42.010209
2025-07-17,82450,2025071705011537,NRN,Nagarik Stock Dealer ,Malla & Malla Stock Broking Company Pvt. Limited,19,2362.0,44878.0,2025-07-17 12:45:02.650604
2025-07-17,82449,2025071705011538,NRN,Sumeru Securities Pvt. Ltd.,Malla & Malla Stock Broking Company Pvt. Limited,200,2362.0,472400.0,2025-07-17 12:45:02.650706
2025-07-17,82448,2025071705011539,NRN,Property Wiard Limited,Malla & Malla Stock Broking Company Pvt. Limited,31,2361.0,73191.0,2025-07-17 12:45:02.650778
2025-07-17,81966,2025071705011643,NRN,Property Wiard Limited,Deevyaa Securities & Stock House Pvt. Ltd,100,2361.0,236100.0,2025-07-17 12:46:02.308193
2025-07-17,81435,2025071705011730,NRN,Property Wiard Limited,Aakashbhairab Securities Ltd.,500,2361.0,1180500.0,2025-07-17 12:47:15.720947
2025-07-17,80718,2025071705011876,NRN,Dipshikha Dhitopatra Karobar Co. Pvt Ltd.,Thrive Brokerage House Pvt. Ltd,11,2361.0,25971.0,2025-07-17 12:48:30.635898
2025-07-17,80704,2025071705011882,NRN,Trisul Securities & Invt. Ltd.,Linch Stock Market Ltd.,635,2364.0,1501140.0,2025-07-17 12:48:33.344174
2025-07-17,80526,2025071705011901,NRN,Dipshikha Dhitopatra Karobar Co. Pvt Ltd.,Secured Securities Ltd.,199,2361.0,469839.0,2025-07-17 12:48:46.968650
2025-07-17,80525,2025071705011902,NRN,Dipshikha Dhitopatra Karobar Co. Pvt Ltd.,Secured Securities Ltd.,210,2361.0,495810.0,2025-07-17 12:48:46.968927
2025-07-17,80524,2025071705011903,NRN,Dipshikha Dhitopatra Karobar Co. Pvt Ltd.,Secured Securities Ltd.,210,2361.0,495810.0,2025-07-17 12:48:46.969039
2025-07-17,80523,2025071705011904,NRN,Property Wiard Limited,Secured Securities Ltd.,14,2361.0,33054.0,2025-07-17 12:48:46.969221
2025-07-17,80522,2025071705011905,NRN,Naasa Securities Co. Ltd.,Secured Securities Ltd.,263,2360.0,620680.0,2025-07-17 12:48:46.969335
2025-07-17,79986,2025071705012019,NRN,Sani Securities Company Ltd.,Vision Securities Pvt. Ltd,11,2361.0,25971.0,2025-07-17 12:49:51.967519
2025-07-17,79860,2025071705012041,NRN,Himalayan Brokerage Company Limited,Linch Stock Market Ltd.,120,2363.8,283656.0,2025-07-17 12:50:08.241713
2025-07-17,79410,2025071705012127,NRN,Sani Securities Company Ltd.,Nepal Stock House (PVT) Ltd.,39,2361.0,92079.0,2025-07-17 12:51:12.157159
2025-07-17,79204,2025071705012169,NRN,Naasa Securities Co. Ltd.,Naasa Securities Co. Ltd.,300,2360.0,708000.0,2025-07-17 12:51:37.706639
2025-07-17,79063,2025071705012199,NRN,Naasa Securities Co. Ltd.,Vision Securities Pvt. Ltd,11,2360.0,25960.0,2025-07-17 12:51:55.510480
2025-07-17,78838,2025071705012257,NRN,Naasa Securities Co. Ltd.,Nepal Stock House (PVT) Ltd.,15,2361.0,35415.0,2025-07-17 12:52:25.297053
2025-07-17,78716,2025071705012287,NRN,Naasa Securities Co. Ltd.,Secured Securities Ltd.,100,2360.0,236000.0,2025-07-17 12:52:40.807106
2025-07-17,78712,2025071705012290,NRN,Naasa Securities Co. Ltd.,Linch Stock Market Ltd.,245,2360.0,578200.0,2025-07-17 12:52:42.146651
2025-07-17,78122,2025071705012559,NRN,Dipshikha Dhitopatra Karobar Co. Pvt Ltd.,Nepal Stock House (PVT) Ltd.,46,2361.0,108606.0,2025-07-17 12:53:28.083386
2025-07-17,77805,2025071705012644,NRN,Dipshikha Dhitopatra Karobar Co. Pvt Ltd.,Agrawal Securities (PVT) Ltd.,30,2361.0,70830.0,2025-07-17 12:54:05.803578
2025-07-17,77419,2025071705012749,NRN,Dipshikha Dhitopatra Karobar Co. Pvt Ltd.,Miyo Securities Pvt Ltd,100,2363.7,236370.0,2025-07-17 12:54:55.035995
2025-07-17,77418,2025071705012750,NRN,Dipshikha Dhitopatra Karobar Co. Pvt Ltd.,Naasa Securities Co. Ltd.,100,2365.0,236500.0,2025-07-17 12:54:55.036282
2025-07-17,77417,2025071705012751,NRN,Dipshikha Dhitopatra Karobar Co. Pvt Ltd.,Online Securities Pvt. Ltd.,80,2365.0,189200.0,2025-07-17 12:54:55.036421
2025-07-17,77351,2025071705012767,NRN,Shree Krishna Securities Ltd.,Bhrikuti Stock Broking Co. Pvt. Ltd.,20,2366.0,47320.0,2025-07-17 12:55:06.734694
2025-07-17,77350,2025071705012768,NRN,Shree Krishna Securities Ltd.,Primo Securities (PVT) Ltd.,10,2366.0,23660.0,2025-07-17 12:55:06.734776
2025-07-17,77349,2025071705012769,NRN,Shree Krishna Securities Ltd.,Vision Securities Pvt. Ltd,20,2366.9,47338.0,2025-07-17 12:55:06.734824
2025-07-17,77132,2025071705012808,NRN,Naasa Securities Co. Ltd.,Trishakti Securities Public Limited,150,2362.0,354300.0,2025-07-17 12:55:34.915319
2025-07-17,77131,2025071705012809,NRN,Aryatara Investment & Securities,Trishakti Securities Public Limited,100,2361.0,236100.0,2025-07-17 12:55:34.915621
2025-07-17,77130,2025071705012810,NRN,SUN SECURITIES PVT LTD,Trishakti Securities Public Limited,100,2361.0,236100.0,2025-07-17 12:55:34.915718
2025-07-17,77129,2025071705012811,NRN,Naasa Securities Co. Ltd.,Trishakti Securities Public Limited,630,2360.0,1486800.0,2025-07-17 12:55:34.915817
2025-07-17,76935,2025071705012868,NRN,Dipshikha Dhitopatra Karobar Co. Pvt Ltd.,Opal Securities Investment (PVT) Ltd.,10,2360.1,23601.0,2025-07-17 12:55:59.621219
2025-07-17,76634,2025071705012941,NRN,Dipshikha Dhitopatra Karobar Co. Pvt Ltd.,Naasa Securities Co. Ltd.,90,2360.1,212409.0,2025-07-17 12:56:47.684788
2025-07-17,76431,2025071705012986,NRN,Naasa Securities Co. Ltd.,Naasa Securities Co. Ltd.,10,2360.0,23600.0,2025-07-17 12:57:27.323479
2025-07-17,76059,2025071705013082,NRN,Naasa Securities Co. Ltd.,J.F. Securites (PVT) Ltd.,11,2360.0,25960.0,2025-07-17 12:58:13.002327
2025-07-17,75965,2025071705013106,NRN,Naasa Securities Co. Ltd.,Premier Securities Company Ltd.,1000,2360.0,2360000.0,2025-07-17 12:58:25.916538
2025-07-17,75586,2025071705013211,NRN,Naasa Securities Co. Ltd.,Premier Securities Company Ltd.,310,2360.0,731600.0,2025-07-17 12:59:20.361351
2025-07-17,75585,2025071705013212,NRN,Deevyaa Securities & Stock House Pvt. Ltd,Premier Securities Company Ltd.,431,2360.0,1017160.0,2025-07-17 12:59:20.361828
2025-07-17,75286,2025071705013264,NRN,Naasa Securities Co. Ltd.,Trademow Securities Private Limited,100,2361.0,236100.0,2025-07-17 12:59:57.353258
2025-07-17,75285,2025071705013265,NRN,Naasa Securities Co. Ltd.,Trademow Securities Private Limited,10,2361.0,23610.0,2025-07-17 12:59:57.353512
2025-07-17,75284,2025071705013266,NRN,Deevyaa Securities & Stock House Pvt. Ltd,Trademow Securities Private Limited,15,2360.0,35400.0,2025-07-17 12:59:57.353620
2025-07-17,75256,2025071705013268,NRN,Deevyaa Securities & Stock House Pvt. Ltd,Sri Hari Securities Pvt. Ltd.,254,2360.0,599440.0,2025-07-17 12:59:59.835852
2025-07-17,75255,2025071705013269,NRN,Sumeru Securities Pvt. Ltd.,Sri Hari Securities Pvt. Ltd.,200,2360.0,472000.0,2025-07-17 12:59:59.836167
2025-07-17,75254,2025071705013270,NRN,Opal Securities Investment (PVT) Ltd.,Sri Hari Securities Pvt. Ltd.,60,2360.0,141600.0,2025-07-17 12:59:59.836272
2025-07-17,75253,2025071705013271,NRN,Dipshikha Dhitopatra Karobar Co. Pvt Ltd.,Sri Hari Securities Pvt. Ltd.,76,2360.0,179360.0,2025-07-17 12:59:59.836412
2025-07-17,75176,2025071705013290,NRN,Dipshikha Dhitopatra Karobar Co. Pvt Ltd.,Sri Hari Securities Pvt. Ltd.,10,2360.0,23600.0,2025-07-17 13:00:10.942044
2025-07-17,75068,2025071705013319,NRN,Dipshikha Dhitopatra Karobar Co. Pvt Ltd.,Vision Securities Pvt. Ltd,11,2360.0,25960.0,2025-07-17 13:00:25.007987
2025-07-17,74825,2025071705013356,NRN,Dipshikha Dhitopatra Karobar Co. Pvt Ltd.,Sweta Securities Private Limited,100,2360.0,236000.0,2025-07-17 13:01:05.281746
2025-07-17,73436,2025071705013661,NRN,NIMB Stock Markets Limited,Miyo Securities Pvt Ltd,100,2365.0,236500.0,2025-07-17 13:03:52.793978
2025-07-17,73435,2025071705013662,NRN,NIMB Stock Markets Limited,Online Securities Pvt. Ltd.,100,2365.0,236500.0,2025-07-17 13:03:52.794278
2025-07-17,73374,2025071705013671,NRN,NIMB Stock Markets Limited,Sumeru Securities Pvt. Ltd.,50,2366.0,118300.0,2025-07-17 13:04:01.696238
2025-07-17,73373,2025071705013672,NRN,NIMB Stock Markets Limited,Thrive Brokerage House Pvt. Ltd,25,2367.0,59175.0,2025-07-17 13:04:01.696514
2025-07-17,73372,2025071705013673,NRN,NIMB Stock Markets Limited,Vision Securities Pvt. Ltd,392,2367.0,927864.0,2025-07-17 13:04:01.696617
2025-07-17,73294,2025071705013692,NRN,Dipshikha Dhitopatra Karobar Co. Pvt Ltd.,Oxford Securities Pvt. Ltd.,3,2360.0,7080.0,2025-07-17 13:04:15.263881
2025-07-17,73214,2025071705013700,NRN,NIMB Stock Markets Limited,Thrive Brokerage House Pvt. Ltd,10,2368.0,23680.0,2025-07-17 13:04:23.778040
2025-07-17,73213,2025071705013701,NRN,NIMB Stock Markets Limited,Primo Securities (PVT) Ltd.,10,2368.0,23680.0,2025-07-17 13:04:23.778352
2025-07-17,73085,2025071705013740,NRN,NIMB Stock Markets Limited,Online Securities Pvt. Ltd.,11,2368.0,26048.0,2025-07-17 13:04:35.070045
2025-07-17,72982,2025071705013784,NRN,Aakashbhairab Securities Ltd.,Himalayan Brokerage Company Limited,800,2361.1,1888880.0,2025-07-17 13:04:48.665038
2025-07-17,72366,2025071705013934,NRN,Naasa Securities Co. Ltd.,Siprabi Securities Pvt. Ltd.,256,2366.8,605900.8,2025-07-17 13:06:38.595128
2025-07-17,72365,2025071705013935,NRN,Naasa Securities Co. Ltd.,Kumari Securities Private Limited,11,2367.0,26037.0,2025-07-17 13:06:38.595399
2025-07-17,72364,2025071705013936,NRN,Naasa Securities Co. Ltd.,Midas Stock Broking Company Private Limited,171,2367.0,404757.0,2025-07-17 13:06:38.595502
2025-07-17,72363,2025071705013937,NRN,Naasa Securities Co. Ltd.,Midas Stock Broking Company Private Limited,200,2368.0,473600.0,2025-07-17 13:06:38.595599
2025-07-17,72362,2025071705013938,NRN,Naasa Securities Co. Ltd.,Primo Securities (PVT) Ltd.,10,2368.0,23680.0,2025-07-17 13:06:38.595708
2025-07-17,72361,2025071705013939,NRN,Naasa Securities Co. Ltd.,Vision Securities Pvt. Ltd,11,2369.0,26059.0,2025-07-17 13:06:38.595807
2025-07-17,72360,2025071705013940,NRN,Naasa Securities Co. Ltd.,Online Securities Pvt. Ltd.,500,2369.0,1184500.0,2025-07-17 13:06:38.595906
2025-07-17,72359,2025071705013941,NRN,Naasa Securities Co. Ltd.,Siprabi Securities Pvt. Ltd.,200,2369.0,473800.0,2025-07-17 13:06:38.596003
2025-07-17,72358,2025071705013942,NRN,Naasa Securities Co. Ltd.,Trisul Securities & Invt. Ltd.,11,2369.5,26064.5,2025-07-17 13:06:38.596098
2025-07-17,72357,2025071705013943,NRN,Naasa Securities Co. Ltd.,Bhrikuti Stock Broking Co. Pvt. Ltd.,11,2369.5,26064.5,2025-07-17 13:06:38.596210
2025-07-17,72356,2025071705013944,NRN,Naasa Securities Co. Ltd.,INDEX SECURITIES LIMITED,200,2369.9,473980.0,2025-07-17 13:06:38.596319
2025-07-17,72355,2025071705013945,NRN,Naasa Securities Co. Ltd.,Aakashbhairab Securities Ltd.,500,2370.0,1185000.0,2025-07-17 13:06:38.596423
2025-07-17,72354,2025071705013946,NRN,Naasa Securities Co. Ltd.,N.M.B. SECURITIES LIMITED,10,2370.0,23700.0,2025-07-17 13:06:38.596521
2025-07-17,72353,2025071705013947,NRN,Naasa Securities Co. Ltd.,Sumeru Securities Pvt. Ltd.,50,2370.0,118500.0,2025-07-17 13:06:38.596615
2025-07-17,72352,2025071705013948,NRN,Naasa Securities Co. Ltd.,Trishakti Securities Public Limited,11,2370.0,26070.0,2025-07-17 13:06:38.596730
2025-07-17,72351,2025071705013949,NRN,Naasa Securities Co. Ltd.,Trisul Securities & Invt. Ltd.,20,2370.0,47400.0,2025-07-17 13:06:38.596829
2025-07-17,72350,2025071705013950,NRN,Naasa Securities Co. Ltd.,Premier Securities Company Ltd.,190,2370.0,450300.0,2025-07-17 13:06:38.596925
2025-07-17,72349,2025071705013951,NRN,Naasa Securities Co. Ltd.,Sunrise Securities Limited,11,2370.0,26070.0,2025-07-17 13:06:38.597016
2025-07-17,72348,2025071705013952,NRN,Naasa Securities Co. Ltd.,Cristal Kanchanjanga Securites Pvt. Ltd.,11,2370.0,26070.0,2025-07-17 13:06:38.597109
2025-07-17,71977,2025071705014048,NRN,NIMB Stock Markets Limited,Siprabi Securities Pvt. Ltd.,50,2375.0,118750.0,2025-07-17 13:07:32.289814
2025-07-17,71976,2025071705014049,NRN,NIMB Stock Markets Limited,Sundhara Securities Limited,50,2375.0,118750.0,2025-07-17 13:07:32.290098
2025-07-17,71975,2025071705014050,NRN,NIMB Stock Markets Limited,Prabhu Stock Market Limited,100,2375.0,237500.0,2025-07-17 13:07:32.290236
2025-07-17,71974,2025071705014051,NRN,NIMB Stock Markets Limited,Sri Hari Securities Pvt. Ltd.,250,2375.0,593750.0,2025-07-17 13:07:32.290355
2025-07-17,71973,2025071705014052,NRN,NIMB Stock Markets Limited,Imperial Securities Company Pvt. Ltd.,100,2375.0,237500.0,2025-07-17 13:07:32.290496
2025-07-17,71972,2025071705014053,NRN,NIMB Stock Markets Limited,Sweta Securities Private Limited,100,2375.0,237500.0,2025-07-17 13:07:32.290632
2025-07-17,71971,2025071705014054,NRN,NIMB Stock Markets Limited,INDEX SECURITIES LIMITED,40,2375.0,95000.0,2025-07-17 13:07:32.290741
2025-07-17,71970,2025071705014055,NRN,NIMB Stock Markets Limited,J.F. Securites (PVT) Ltd.,310,2379.9,737769.0,2025-07-17 13:07:32.290870
2025-07-17,71759,2025071705014091,NRN,NIMB Stock Markets Limited,J.F. Securites (PVT) Ltd.,190,2379.9,452181.0,2025-07-17 13:08:01.049811
2025-07-17,71758,2025071705014092,NRN,NIMB Stock Markets Limited,Deevyaa Securities & Stock House Pvt. Ltd,60,2380.0,142800.0,2025-07-17 13:08:01.050101
2025-07-17,71562,2025071705014136,NRN,SHUBHAKAMANA SECURITIES PVT. LTD,Online Securities Pvt. Ltd.,90,2379.0,214110.0,2025-07-17 13:08:25.513060
2025-07-17,71211,2025071705014249,NRN,Agrawal Securities (PVT) Ltd.,Nepal Stock House (PVT) Ltd.,50,2378.0,118900.0,2025-07-17 13:09:11.053474
2025-07-17,71043,2025071705014293,NRN,Online Securities Pvt. Ltd.,Nepal Stock House (PVT) Ltd.,10,2378.0,23780.0,2025-07-17 13:09:27.849869
2025-07-17,70746,2025071705014372,NRN,Online Securities Pvt. Ltd.,Naasa Securities Co. Ltd.,40,2378.0,95120.0,2025-07-17 13:10:02.358254
2025-07-17,70167,2025071705014467,NRN,Sri Hari Securities Pvt. Ltd.,Naasa Securities Co. Ltd.,60,2378.0,142680.0,2025-07-17 13:11:19.560547
2025-07-17,70166,2025071705014468,NRN,Sri Hari Securities Pvt. Ltd.,Online Securities Pvt. Ltd.,340,2379.0,808860.0,2025-07-17 13:11:19.560837
2025-07-17,70141,2025071705014472,NRN,Sanima Securities Limited,Online Securities Pvt. Ltd.,70,2379.0,166530.0,2025-07-17 13:11:21.279697
2025-07-17,69674,2025071705014594,NRN,Sanima Securities Limited,Deevyaa Securities & Stock House Pvt. Ltd,11,2379.0,26169.0,2025-07-17 13:12:22.223542
2025-07-17,69673,2025071705014595,NRN,Sri Hari Securities Pvt. Ltd.,Deevyaa Securities & Stock House Pvt. Ltd,165,2380.0,392700.0,2025-07-17 13:12:22.254832
2025-07-17,69672,2025071705014596,NRN,Sri Hari Securities Pvt. Ltd.,Opal Securities Investment (PVT) Ltd.,25,2380.0,59500.0,2025-07-17 13:12:22.255027
2025-07-17,69671,2025071705014597,NRN,Sri Hari Securities Pvt. Ltd.,Sewa Securities Pvt. Ltd.,11,2380.0,26180.0,2025-07-17 13:12:22.255137
2025-07-17,69670,2025071705014598,NRN,Sri Hari Securities Pvt. Ltd.,Linch Stock Market Ltd.,11,2380.0,26180.0,2025-07-17 13:12:22.255249
2025-07-17,69669,2025071705014599,NRN,Sri Hari Securities Pvt. Ltd.,South Asian Bulls Pvt. Ltd.,11,2380.0,26180.0,2025-07-17 13:12:22.255364
2025-07-17,69668,2025071705014600,NRN,Sri Hari Securities Pvt. Ltd.,Sri Hari Securities Pvt. Ltd.,11,2380.0,26180.0,2025-07-17 13:12:22.255462
2025-07-17,69667,2025071705014601,NRN,Sri Hari Securities Pvt. Ltd.,SUN SECURITIES PVT LTD,150,2380.0,357000.0,2025-07-17 13:12:22.255555
2025-07-17,69666,2025071705014602,NRN,Sri Hari Securities Pvt. Ltd.,Nepal Stock House (PVT) Ltd.,11,2380.0,26180.0,2025-07-17 13:12:22.255651
2025-07-17,69665,2025071705014603,NRN,Sri Hari Securities Pvt. Ltd.,J.F. Securites (PVT) Ltd.,105,2380.0,249900.0,2025-07-17 13:12:22.255746
2025-07-17,69548,2025071705014646,NRN,Sanima Securities Limited,J.F. Securites (PVT) Ltd.,219,2380.0,521220.0,2025-07-17 13:12:36.479539
2025-07-17,69173,2025071705014714,NRN,Infinity Securities Limited,J.F. Securites (PVT) Ltd.,177,2380.0,421260.0,2025-07-17 13:13:21.514648
2025-07-17,69172,2025071705014715,NRN,Infinity Securities Limited,Ashutosh Brokerage & Securities (PVT) Ltd.,11,2380.0,26180.0,2025-07-17 13:13:21.514895
2025-07-17,69171,2025071705014716,NRN,Infinity Securities Limited,Sweta Securities Private Limited,12,2380.0,28560.0,2025-07-17 13:13:21.514992
2025-07-17,69141,2025071705014718,NRN,Vision Securities Pvt. Ltd,Premier Securities Company Ltd.,11,2377.0,26147.0,2025-07-17 13:13:23.266478
2025-07-17,67861,2025071705014880,NRN,Nagarik Stock Dealer ,South Asian Bulls Pvt. Ltd.,50,2378.0,118900.0,2025-07-17 13:16:08.137596
2025-07-17,67426,2025071705014955,NRN,Market Securities & Exchange (PVT) Ltd.,South Asian Bulls Pvt. Ltd.,30,2379.9,71397.0,2025-07-17 13:16:58.563146
2025-07-17,67425,2025071705014956,NRN,Market Securities & Exchange (PVT) Ltd.,Sweta Securities Private Limited,20,2380.0,47600.0,2025-07-17 13:16:58.563400
2025-07-17,67190,2025071705014994,NRN,Sri Hari Securities Pvt. Ltd.,Sweta Securities Private Limited,168,2380.0,399840.0,2025-07-17 13:17:34.897115
2025-07-17,67189,2025071705014995,NRN,Sri Hari Securities Pvt. Ltd.,Trisul Securities & Invt. Ltd.,10,2380.0,23800.0,2025-07-17 13:17:34.897410
2025-07-17,67188,2025071705014996,NRN,Sri Hari Securities Pvt. Ltd.,Thrive Brokerage House Pvt. Ltd,22,2380.0,52360.0,2025-07-17 13:17:34.897512
2025-07-17,66358,2025071705015169,NRN,Siprabi Securities Pvt. Ltd.,ABC Securities Private Limited,62,2380.0,147560.0,2025-07-17 13:19:27.002348
2025-07-17,66357,2025071705015170,NRN,Siprabi Securities Pvt. Ltd.,Neev Securities Pvt. Ltd.,238,2380.0,566440.0,2025-07-17 13:19:27.002624
2025-07-17,66234,2025071705015186,NRN,Aakashbhairab Securities Ltd.,Neev Securities Pvt. Ltd.,49,2380.0,116620.0,2025-07-17 13:19:39.830523
2025-07-17,65869,2025071705015280,NRN,NIMB Stock Markets Limited,Sewa Securities Pvt. Ltd.,2,2368.0,4736.0,2025-07-17 13:20:26.622846
2025-07-17,65754,2025071705015290,NRN,Sri Hari Securities Pvt. Ltd.,Neev Securities Pvt. Ltd.,13,2380.0,30940.0,2025-07-17 13:20:37.933630
2025-07-17,65753,2025071705015291,NRN,Sri Hari Securities Pvt. Ltd.,Imperial Securities Company Pvt. Ltd.,47,2380.0,111860.0,2025-07-17 13:20:37.933948
2025-07-17,65735,2025071705015294,NRN,Citizens Share Broker Limited,Sumeru Securities Pvt. Ltd.,50,2379.0,118950.0,2025-07-17 13:20:39.680111
2025-07-17,65652,2025071705015323,NRN,Indira securities pvt. ltd,Nepal Stock House (PVT) Ltd.,200,2381.0,476200.0,2025-07-17 13:20:54.578822
2025-07-17,65651,2025071705015324,NRN,Indira securities pvt. ltd,Secured Securities Ltd.,10,2381.0,23810.0,2025-07-17 13:20:54.579289
2025-07-17,65650,2025071705015325,NRN,Citizens Share Broker Limited,Investment Management Nepal Pvt. Ltd.,100,2379.0,237900.0,2025-07-17 13:20:55.348617
2025-07-17,65014,2025071705015438,NRN,Kohinoor Investment & Securities Pvt. Ltd.,Sani Securities Company Ltd.,11,2380.0,26180.0,2025-07-17 13:22:20.934036
2025-07-17,64458,2025071705015574,NRN,Sani Securities Company Ltd.,Secured Securities Ltd.,12,2381.0,28572.0,2025-07-17 13:23:34.072583
2025-07-17,64303,2025071705015606,NRN,Kohinoor Investment & Securities Pvt. Ltd.,Secured Securities Ltd.,39,2381.0,92859.0,2025-07-17 13:23:51.966421
2025-07-17,64190,2025071705015616,NRN,NIMB Stock Markets Limited,Secured Securities Ltd.,39,2381.0,92859.0,2025-07-17 13:24:02.887234
2025-07-17,64189,2025071705015617,NRN,NIMB Stock Markets Limited,Primo Securities (PVT) Ltd.,10,2381.0,23810.0,2025-07-17 13:24:02.887516
2025-07-17,64084,2025071705015640,NRN,NIMB Stock Markets Limited,South Asian Bulls Pvt. Ltd.,200,2384.9,476980.0,2025-07-17 13:24:19.522280
2025-07-17,64083,2025071705015641,NRN,NIMB Stock Markets Limited,Sani Securities Company Ltd.,251,2385.0,598635.0,2025-07-17 13:24:19.522530
2025-07-17,64027,2025071705015656,NRN,Kumari Securities Private Limited,K.B.L. Securities Limited ,180,2384.9,429282.0,2025-07-17 13:24:29.854489
2025-07-17,63634,2025071705015714,NRN,South Asian Bulls Pvt. Ltd.,Nepal Stock House (PVT) Ltd.,50,2384.0,119200.0,2025-07-17 13:25:21.626002
2025-07-17,63627,2025071705015715,NRN,Vision Securities Pvt. Ltd,Premier Securities Company Ltd.,80,2380.0,190400.0,2025-07-17 13:25:22.713178
2025-07-17,63577,2025071705015727,NRN,Vision Securities Pvt. Ltd,K.B.L. Securities Limited ,20,2380.0,47600.0,2025-07-17 13:25:33.037854
2025-07-17,63271,2025071705015781,NRN,Vision Securities Pvt. Ltd,Deevyaa Securities & Stock House Pvt. Ltd,700,2380.0,1666000.0,2025-07-17 13:26:08.056478
2025-07-17,62757,2025071705015861,NRN,NIMB Stock Markets Limited,Trademow Securities Private Limited,40,2379.1,95164.0,2025-07-17 13:27:25.263843
2025-07-17,62705,2025071705015891,NRN,Citizens Share Broker Limited,Kumari Securities Private Limited,50,2379.0,118950.0,2025-07-17 13:27:29.931151
2025-07-17,62578,2025071705015907,NRN,Opal Securities Investment (PVT) Ltd.,Trademow Securities Private Limited,71,2378.0,168838.0,2025-07-17 13:27:44.307145
2025-07-17,62406,2025071705015935,NRN,Opal Securities Investment (PVT) Ltd.,Dipshikha Dhitopatra Karobar Co. Pvt Ltd.,11,2378.0,26158.0,2025-07-17 13:28:11.549947
2025-07-17,62030,2025071705016002,NRN,Opal Securities Investment (PVT) Ltd.,Primo Securities (PVT) Ltd.,135,2378.0,321030.0,2025-07-17 13:29:01.391793
2025-07-17,61896,2025071705016030,NRN,Opal Securities Investment (PVT) Ltd.,K.B.L. Securities Limited ,100,2378.0,237800.0,2025-07-17 13:29:23.860959
2025-07-17,61617,2025071705016067,NRN,Online Securities Pvt. Ltd.,ABC Securities Private Limited,50,2380.0,119000.0,2025-07-17 13:29:57.353480
2025-07-17,61616,2025071705016068,NRN,Online Securities Pvt. Ltd.,Imperial Securities Company Pvt. Ltd.,11,2380.0,26180.0,2025-07-17 13:29:57.353733
2025-07-17,61022,2025071705016140,NRN,Opal Securities Investment (PVT) Ltd.,Imperial Securities Company Pvt. Ltd.,44,2378.0,104632.0,2025-07-17 13:31:10.134818
2025-07-17,60229,2025071705016232,NRN,Opal Securities Investment (PVT) Ltd.,Sweta Securities Private Limited,497,2378.0,1181866.0,2025-07-17 13:32:25.586228
2025-07-17,60103,2025071705016251,NRN,KALASH STOCK MARKET PVT. LTD.,Secured Securities Ltd.,11,2377.0,26147.0,2025-07-17 13:32:45.403061
2025-07-17,59756,2025071705016309,NRN,KALASH STOCK MARKET PVT. LTD.,Kohinoor Investment & Securities Pvt. Ltd.,17,2377.0,40409.0,2025-07-17 13:33:27.362518
2025-07-17,58514,2025071705016528,NRN,Trishakti Securities Public Limited,Sani Securities Company Ltd.,11,2379.0,26169.0,2025-07-17 13:35:47.087666
2025-07-17,58513,2025071705016529,NRN,Trishakti Securities Public Limited,Vision Securities Pvt. Ltd,11,2380.0,26180.0,2025-07-17 13:35:47.088066
2025-07-17,58512,2025071705016530,NRN,Trishakti Securities Public Limited,Trishakti Securities Public Limited,10,2380.0,23800.0,2025-07-17 13:35:47.088399
2025-07-17,58511,2025071705016531,NRN,Trishakti Securities Public Limited,Online Securities Pvt. Ltd.,11,2380.0,26180.0,2025-07-17 13:35:47.088704
2025-07-17,58457,2025071705016537,NRN,Ashutosh Brokerage & Securities (PVT) Ltd.,South Asian Bulls Pvt. Ltd.,100,2380.0,238000.0,2025-07-17 13:35:56.456604
2025-07-17,58205,2025071705016552,NRN,Sri Hari Securities Pvt. Ltd.,Nepal Stock House (PVT) Ltd.,10,2380.0,23800.0,2025-07-17 13:36:24.972391
2025-07-17,58045,2025071705016568,NRN,Trishakti Securities Public Limited,Secured Securities Ltd.,10,2380.0,23800.0,2025-07-17 13:36:39.797303
2025-07-17,56273,2025071705016990,NRN,Trishakti Securities Public Limited,Nepal Investment And Securities Trading Private Limited,100,2377.2,237720.0,2025-07-17 13:39:45.085629
2025-07-17,56067,2025071705017011,NRN,Vision Securities Pvt. Ltd,Deevyaa Securities & Stock House Pvt. Ltd,11,2377.3,26150.3,2025-07-17 13:40:07.601303
2025-07-17,55620,2025071705017076,NRN,Imperial Securities Company Pvt. Ltd.,South Asian Bulls Pvt. Ltd.,10,2378.0,23780.0,2025-07-17 13:40:53.677163
2025-07-17,55619,2025071705017077,NRN,Linch Stock Market Ltd.,South Asian Bulls Pvt. Ltd.,40,2377.4,95096.0,2025-07-17 13:40:53.677419
2025-07-17,55579,2025071705017081,NRN,Creative Securities Pvt Ltd,Aakashbhairab Securities Ltd.,200,2379.0,475800.0,2025-07-17 13:40:58.182290
