Date,S.N.,contract_id,symbol,buyer_broker,seller_broker,volume,price,amount,transaction_time
2025-07-17,141338,2025071701000036,PRVU,Secured Securities Ltd.,Deevyaa Securities & Stock House Pvt. Ltd,3000,223.0,669000.0,2025-07-17 11:00:22.262030
2025-07-17,141066,2025071701000099,PRVU,Aryatara Investment & Securities,Deevyaa Securities & Stock House Pvt. Ltd,200,223.0,44600.0,2025-07-17 11:01:27.616462
2025-07-17,140930,2025071701000153,PRVU,Dakshinkali Investment & Securities Pvt. Ltd.,Deevyaa Securities & Stock House Pvt. Ltd,300,223.0,66900.0,2025-07-17 11:01:51.563244
2025-07-17,140865,2025071701000163,PRVU,Neev Securities Pvt. Ltd.,Deevyaa Securities & Stock House Pvt. Ltd,100,223.0,22300.0,2025-07-17 11:02:06.709503
2025-07-17,140653,2025071701000256,PRVU,Imperial Securities Company Pvt. Ltd.,Deevyaa Securities & Stock House Pvt. Ltd,326,223.0,72698.0,2025-07-17 11:02:32.385553
2025-07-17,140246,2025071701000381,PRVU,Vision Securities Pvt. Ltd,Aryatara Investment & Securities,500,222.7,111350.0,2025-07-17 11:03:39.931586
2025-07-17,140245,2025071701000382,PRVU,Property Wiard Limited,Aryatara Investment & Securities,300,222.6,66780.0,2025-07-17 11:03:39.931685
2025-07-17,140244,2025071701000383,PRVU,MILKY WAY SHARE BROKER COMPANY LTD ,Aryatara Investment & Securities,200,222.5,44500.0,2025-07-17 11:03:39.931726
2025-07-17,140029,2025071701000449,PRVU,Midas Stock Broking Company Private Limited,Ashutosh Brokerage & Securities (PVT) Ltd.,50,224.8,11240.0,2025-07-17 11:04:09.375224
2025-07-17,139396,2025071701000607,PRVU,Aryatara Investment & Securities,Trishakti Securities Public Limited,10,224.7,2247.0,2025-07-17 11:05:30.375929
2025-07-17,138962,2025071701000769,PRVU,Aryatara Investment & Securities,Trishakti Securities Public Limited,20,224.7,4494.0,2025-07-17 11:06:25.876942
2025-07-17,138901,2025071701000778,PRVU,Naasa Securities Co. Ltd.,Capital Max Securities Ltd,100,223.0,22300.0,2025-07-17 11:06:32.206542
2025-07-17,138900,2025071701000779,PRVU,Trishakti Securities Public Limited,Capital Max Securities Ltd,900,223.0,200700.0,2025-07-17 11:06:32.206756
2025-07-17,138782,2025071701000804,PRVU,Trishakti Securities Public Limited,Naasa Securities Co. Ltd.,95,223.0,21185.0,2025-07-17 11:06:46.392470
2025-07-17,138707,2025071701000820,PRVU,Trishakti Securities Public Limited,Trishakti Securities Public Limited,10,224.7,2247.0,2025-07-17 11:06:56.696887
2025-07-17,138438,2025071701000888,PRVU,KALASH STOCK MARKET PVT. LTD.,Trishakti Securities Public Limited,1000,224.7,224700.0,2025-07-17 11:07:27.606790
2025-07-17,138407,2025071701000893,PRVU,SUN SECURITIES PVT LTD,Trishakti Securities Public Limited,100,224.7,22470.0,2025-07-17 11:07:29.501527
2025-07-17,138182,2025071701000963,PRVU,Kumari Securities Private Limited,Ashutosh Brokerage & Securities (PVT) Ltd.,50,224.8,11240.0,2025-07-17 11:08:03.473200
2025-07-17,137923,2025071701001017,PRVU,Kumari Securities Private Limited,Capital Max Securities Ltd,950,224.8,213560.0,2025-07-17 11:08:26.672223
2025-07-17,137501,2025071701001159,PRVU,Capital Max Securities Ltd,Capital Max Securities Ltd,50,224.8,11240.0,2025-07-17 11:09:12.821579
2025-07-17,137500,2025071701001160,PRVU,Capital Max Securities Ltd,Kohinoor Investment & Securities Pvt. Ltd.,50,224.9,11245.0,2025-07-17 11:09:12.821689
2025-07-17,137426,2025071701001180,PRVU,Sweta Securities Private Limited,Kohinoor Investment & Securities Pvt. Ltd.,450,224.9,101205.0,2025-07-17 11:09:24.153532
2025-07-17,137349,2025071701001202,PRVU,Thrive Brokerage House Pvt. Ltd,Bhrikuti Stock Broking Co. Pvt. Ltd.,100,225.0,22500.0,2025-07-17 11:09:32.510447
2025-07-17,137238,2025071701001240,PRVU,Sweta Securities Private Limited,Vision Securities Pvt. Ltd,550,224.9,123695.0,2025-07-17 11:09:45.603100
2025-07-17,137237,2025071701001241,PRVU,Ashutosh Brokerage & Securities (PVT) Ltd.,Vision Securities Pvt. Ltd,200,224.9,44980.0,2025-07-17 11:09:45.603217
2025-07-17,137236,2025071701001242,PRVU,Vision Securities Pvt. Ltd,Vision Securities Pvt. Ltd,25,224.9,5622.5,2025-07-17 11:09:45.605283
2025-07-17,137023,2025071701001284,PRVU,Vision Securities Pvt. Ltd,Vision Securities Pvt. Ltd,10,224.9,2249.0,2025-07-17 11:10:09.844656
2025-07-17,136508,2025071701001403,PRVU,Vision Securities Pvt. Ltd,Vision Securities Pvt. Ltd,215,224.9,48353.5,2025-07-17 11:10:50.271133
2025-07-17,136507,2025071701001404,PRVU,Vision Securities Pvt. Ltd,Vision Securities Pvt. Ltd,250,224.9,56225.0,2025-07-17 11:10:50.271278
2025-07-17,136506,2025071701001405,PRVU,Vision Securities Pvt. Ltd,Sweta Securities Private Limited,300,224.9,67470.0,2025-07-17 11:10:50.271335
2025-07-17,135859,2025071701001575,PRVU,Dipshikha Dhitopatra Karobar Co. Pvt Ltd.,Bhrikuti Stock Broking Co. Pvt. Ltd.,200,225.0,45000.0,2025-07-17 11:12:01.472103
2025-07-17,135830,2025071701001586,PRVU,NIMB Stock Markets Limited,Bhrikuti Stock Broking Co. Pvt. Ltd.,500,225.0,112500.0,2025-07-17 11:12:03.858839
2025-07-17,135829,2025071701001587,PRVU,NIMB Stock Markets Limited,Sweta Securities Private Limited,20,225.0,4500.0,2025-07-17 11:12:03.858976
2025-07-17,135828,2025071701001588,PRVU,NIMB Stock Markets Limited,Malla & Malla Stock Broking Company Pvt. Limited,800,225.0,180000.0,2025-07-17 11:12:03.859049
2025-07-17,135827,2025071701001589,PRVU,NIMB Stock Markets Limited,Malla & Malla Stock Broking Company Pvt. Limited,500,225.0,112500.0,2025-07-17 11:12:03.859099
2025-07-17,135826,2025071701001590,PRVU,NIMB Stock Markets Limited,Malla & Malla Stock Broking Company Pvt. Limited,180,225.0,40500.0,2025-07-17 11:12:03.859155
2025-07-17,135662,2025071701001656,PRVU,Imperial Securities Company Pvt. Ltd.,Malla & Malla Stock Broking Company Pvt. Limited,820,225.0,184500.0,2025-07-17 11:12:17.497837
2025-07-17,135661,2025071701001657,PRVU,Imperial Securities Company Pvt. Ltd.,Dakshinkali Investment & Securities Pvt. Ltd.,53,225.0,11925.0,2025-07-17 11:12:17.497962
2025-07-17,135660,2025071701001658,PRVU,Imperial Securities Company Pvt. Ltd.,Thrive Brokerage House Pvt. Ltd,500,225.0,112500.0,2025-07-17 11:12:17.498027
2025-07-17,135620,2025071701001669,PRVU,Imperial Securities Company Pvt. Ltd.,Aakashbhairab Securities Ltd.,200,225.0,45000.0,2025-07-17 11:12:20.663167
2025-07-17,135444,2025071701001720,PRVU,Imperial Securities Company Pvt. Ltd.,Siprabi Securities Pvt. Ltd.,300,225.0,67500.0,2025-07-17 11:12:36.229689
2025-07-17,135401,2025071701001730,PRVU,Sundhara Securities Limited,Kumari Securities Private Limited,300,225.0,67500.0,2025-07-17 11:12:40.594499
2025-07-17,135372,2025071701001734,PRVU,Sundhara Securities Limited,Online Securities Pvt. Ltd.,213,225.0,47925.0,2025-07-17 11:12:42.391299
2025-07-17,135107,2025071701001816,PRVU,Sundhara Securities Limited,Siprabi Securities Pvt. Ltd.,50,225.0,11250.0,2025-07-17 11:13:08.809603
2025-07-17,135093,2025071701001820,PRVU,Sundhara Securities Limited,Capital Max Securities Ltd,437,225.0,98325.0,2025-07-17 11:13:09.886677
2025-07-17,135092,2025071701001821,PRVU,MILKY WAY SHARE BROKER COMPANY LTD ,Capital Max Securities Ltd,563,225.0,126675.0,2025-07-17 11:13:09.886828
2025-07-17,135060,2025071701001827,PRVU,MILKY WAY SHARE BROKER COMPANY LTD ,Dipshikha Dhitopatra Karobar Co. Pvt Ltd.,500,225.0,112500.0,2025-07-17 11:13:12.277604
2025-07-17,134977,2025071701001845,PRVU,MILKY WAY SHARE BROKER COMPANY LTD ,Agrawal Securities (PVT) Ltd.,100,225.0,22500.0,2025-07-17 11:13:20.437990
2025-07-17,134752,2025071701001923,PRVU,MILKY WAY SHARE BROKER COMPANY LTD ,Nepal Stock House (PVT) Ltd.,137,225.0,30825.0,2025-07-17 11:13:33.389277
2025-07-17,134751,2025071701001924,PRVU,Naasa Securities Co. Ltd.,Nepal Stock House (PVT) Ltd.,113,225.0,25425.0,2025-07-17 11:13:33.389407
2025-07-17,134710,2025071701001944,PRVU,Naasa Securities Co. Ltd.,Linch Stock Market Ltd.,152,225.0,34200.0,2025-07-17 11:13:36.050005
2025-07-17,134676,2025071701001954,PRVU,Naasa Securities Co. Ltd.,Trishakti Securities Public Limited,410,225.0,92250.0,2025-07-17 11:13:40.147072
2025-07-17,134456,2025071701002027,PRVU,Naasa Securities Co. Ltd.,BHOLE GANESH SECURITIES LTD,185,225.0,41625.0,2025-07-17 11:14:04.008477
2025-07-17,134455,2025071701002028,PRVU,Malla & Malla Stock Broking Company Pvt. Limited,BHOLE GANESH SECURITIES LTD,500,224.5,112250.0,2025-07-17 11:14:04.008601
2025-07-17,134454,2025071701002029,PRVU,Dipshikha Dhitopatra Karobar Co. Pvt Ltd.,BHOLE GANESH SECURITIES LTD,200,224.4,44880.0,2025-07-17 11:14:04.008681
2025-07-17,134453,2025071701002030,PRVU,Sani Securities Company Ltd.,BHOLE GANESH SECURITIES LTD,820,224.1,183762.0,2025-07-17 11:14:04.008757
2025-07-17,134452,2025071701002031,PRVU,Trishakti Securities Public Limited,BHOLE GANESH SECURITIES LTD,1000,224.0,224000.0,2025-07-17 11:14:04.008832
2025-07-17,134451,2025071701002032,PRVU,Trishakti Securities Public Limited,BHOLE GANESH SECURITIES LTD,1000,224.0,224000.0,2025-07-17 11:14:04.008905
2025-07-17,134450,2025071701002033,PRVU,Trishakti Securities Public Limited,BHOLE GANESH SECURITIES LTD,1005,224.0,225120.0,2025-07-17 11:14:04.008976
2025-07-17,134449,2025071701002034,PRVU,Secured Securities Ltd.,BHOLE GANESH SECURITIES LTD,290,223.5,64815.0,2025-07-17 11:14:04.009076
2025-07-17,133426,2025071701002374,PRVU,Kalika Securities Pvt. Ltd.,Sumeru Securities Pvt. Ltd.,90,225.0,20250.0,2025-07-17 11:15:38.175204
2025-07-17,133102,2025071701002453,PRVU,Shree Krishna Securities Ltd.,Sumeru Securities Pvt. Ltd.,10,225.0,2250.0,2025-07-17 11:16:05.313927
2025-07-17,133101,2025071701002454,PRVU,Shree Krishna Securities Ltd.,ABC Securities Private Limited,145,225.0,32625.0,2025-07-17 11:16:05.314062
2025-07-17,132971,2025071701002492,PRVU,Shree Krishna Securities Ltd.,Premier Securities Company Ltd.,200,225.0,45000.0,2025-07-17 11:16:17.179483
2025-07-17,132830,2025071701002540,PRVU,Trisul Securities & Invt. Ltd.,Sweta Securities Private Limited,10,225.9,2259.0,2025-07-17 11:16:26.964436
2025-07-17,132798,2025071701002546,PRVU,Shree Krishna Securities Ltd.,Shree Krishna Securities Ltd.,145,225.0,32625.0,2025-07-17 11:16:29.467118
2025-07-17,132797,2025071701002547,PRVU,Sagarmatha Securities Private Limited,Shree Krishna Securities Ltd.,100,225.0,22500.0,2025-07-17 11:16:29.467276
2025-07-17,132584,2025071701002618,PRVU,Kohinoor Investment & Securities Pvt. Ltd.,Shree Krishna Securities Ltd.,40,225.0,9000.0,2025-07-17 11:16:50.948632
2025-07-17,132254,2025071701002709,PRVU,Kohinoor Investment & Securities Pvt. Ltd.,Shree Krishna Securities Ltd.,45,225.0,10125.0,2025-07-17 11:17:23.136612
2025-07-17,131636,2025071701002893,PRVU,Sani Securities Company Ltd.,Shree Krishna Securities Ltd.,159,225.0,35775.0,2025-07-17 11:18:18.797369
2025-07-17,130862,2025071701003174,PRVU,J.F. Securites (PVT) Ltd.,Shree Krishna Securities Ltd.,11,225.0,2475.0,2025-07-17 11:19:39.939366
2025-07-17,130861,2025071701003175,PRVU,J.F. Securites (PVT) Ltd.,Trishakti Securities Public Limited,100,225.0,22500.0,2025-07-17 11:19:39.939548
2025-07-17,130532,2025071701003237,PRVU,J.F. Securites (PVT) Ltd.,Deevyaa Securities & Stock House Pvt. Ltd,1000,225.0,225000.0,2025-07-17 11:20:10.396603
2025-07-17,130261,2025071701003324,PRVU,Bhrikuti Stock Broking Co. Pvt. Ltd.,Nepal Stock House (PVT) Ltd.,150,224.6,33690.0,2025-07-17 11:20:39.326859
2025-07-17,129712,2025071701003470,PRVU,Nepal Stock House (PVT) Ltd.,Deevyaa Securities & Stock House Pvt. Ltd,300,225.0,67500.0,2025-07-17 11:21:29.697615
2025-07-17,129711,2025071701003471,PRVU,Nepal Stock House (PVT) Ltd.,Online Securities Pvt. Ltd.,100,225.0,22500.0,2025-07-17 11:21:29.697801
2025-07-17,129710,2025071701003472,PRVU,Nepal Stock House (PVT) Ltd.,Nepal Investment And Securities Trading Private Limited,220,225.0,49500.0,2025-07-17 11:21:29.697884
2025-07-17,129051,2025071701003804,PRVU,Aryatara Investment & Securities,BHOLE GANESH SECURITIES LTD,350,224.1,78435.0,2025-07-17 11:22:13.002327
2025-07-17,129050,2025071701003805,PRVU,Sani Securities Company Ltd.,BHOLE GANESH SECURITIES LTD,70,224.0,15680.0,2025-07-17 11:22:13.002373
2025-07-17,129049,2025071701003806,PRVU,Sagarmatha Securities Private Limited,BHOLE GANESH SECURITIES LTD,100,224.0,22400.0,2025-07-17 11:22:13.002401
2025-07-17,129048,2025071701003807,PRVU,Malla & Malla Stock Broking Company Pvt. Limited,BHOLE GANESH SECURITIES LTD,150,224.0,33600.0,2025-07-17 11:22:13.002425
2025-07-17,129047,2025071701003808,PRVU,Linch Stock Market Ltd.,BHOLE GANESH SECURITIES LTD,275,224.0,61600.0,2025-07-17 11:22:13.002450
2025-07-17,129046,2025071701003809,PRVU,Midas Stock Broking Company Private Limited,BHOLE GANESH SECURITIES LTD,55,223.6,12298.0,2025-07-17 11:22:13.002476
2025-07-17,128831,2025071701003877,PRVU,Imperial Securities Company Pvt. Ltd.,Nepal Investment And Securities Trading Private Limited,1335,225.0,300375.0,2025-07-17 11:22:30.379498
2025-07-17,128007,2025071701004166,PRVU,Bhrikuti Stock Broking Co. Pvt. Ltd.,Nepal Stock House (PVT) Ltd.,150,225.0,33750.0,2025-07-17 11:23:44.075540
2025-07-17,128006,2025071701004167,PRVU,Vision Securities Pvt. Ltd,Nepal Stock House (PVT) Ltd.,250,224.0,56000.0,2025-07-17 11:23:44.075726
2025-07-17,127680,2025071701004307,PRVU,Indira securities pvt. ltd,J.F. Securites (PVT) Ltd.,25,225.0,5625.0,2025-07-17 11:24:24.438516
2025-07-17,127679,2025071701004308,PRVU,Indira securities pvt. ltd,Neev Securities Pvt. Ltd.,200,225.0,45000.0,2025-07-17 11:24:24.438708
2025-07-17,126301,2025071701004768,PRVU,Thrive Brokerage House Pvt. Ltd,Sweta Securities Private Limited,200,225.5,45100.0,2025-07-17 11:26:50.459781
2025-07-17,126300,2025071701004769,PRVU,Thrive Brokerage House Pvt. Ltd,Trisul Securities & Invt. Ltd.,100,225.5,22550.0,2025-07-17 11:26:50.459993
2025-07-17,126060,2025071701004849,PRVU,Vision Securities Pvt. Ltd,Online Securities Pvt. Ltd.,55,225.6,12408.0,2025-07-17 11:27:18.827504
2025-07-17,126059,2025071701004850,PRVU,Vision Securities Pvt. Ltd,Naasa Securities Co. Ltd.,122,225.6,27523.2,2025-07-17 11:27:18.827695
2025-07-17,125598,2025071701005028,PRVU,Vision Securities Pvt. Ltd,Deevyaa Securities & Stock House Pvt. Ltd,400,225.7,90280.0,2025-07-17 11:28:03.213568
2025-07-17,125597,2025071701005029,PRVU,Vision Securities Pvt. Ltd,Sipla Securities Private Limited,125,225.7,28212.5,2025-07-17 11:28:03.214016
2025-07-17,125006,2025071701005216,PRVU,Vision Securities Pvt. Ltd,Malla & Malla Stock Broking Company Pvt. Limited,48,225.7,10833.6,2025-07-17 11:29:03.908792
2025-07-17,124984,2025071701005228,PRVU,Indira securities pvt. ltd,Nepal Stock House (PVT) Ltd.,100,225.0,22500.0,2025-07-17 11:29:06.975277
2025-07-17,124546,2025071701005328,PRVU,Vision Securities Pvt. Ltd,Malla & Malla Stock Broking Company Pvt. Limited,52,225.7,11736.4,2025-07-17 11:29:46.076629
2025-07-17,124545,2025071701005329,PRVU,Vision Securities Pvt. Ltd,Sewa Securities Pvt. Ltd.,200,225.8,45160.0,2025-07-17 11:29:46.076844
2025-07-17,124544,2025071701005330,PRVU,Vision Securities Pvt. Ltd,Dakshinkali Investment & Securities Pvt. Ltd.,200,225.8,45160.0,2025-07-17 11:29:46.076951
2025-07-17,124240,2025071701005382,PRVU,Ashutosh Brokerage & Securities (PVT) Ltd.,Sweta Securities Private Limited,200,225.9,45180.0,2025-07-17 11:30:15.172096
2025-07-17,124239,2025071701005383,PRVU,Ashutosh Brokerage & Securities (PVT) Ltd.,Online Securities Pvt. Ltd.,500,226.0,113000.0,2025-07-17 11:30:15.172323
2025-07-17,124238,2025071701005384,PRVU,Ashutosh Brokerage & Securities (PVT) Ltd.,Bhrikuti Stock Broking Co. Pvt. Ltd.,800,226.0,180800.0,2025-07-17 11:30:15.172418
2025-07-17,124237,2025071701005385,PRVU,Ashutosh Brokerage & Securities (PVT) Ltd.,Trisul Securities & Invt. Ltd.,100,226.0,22600.0,2025-07-17 11:30:15.172509
2025-07-17,124236,2025071701005386,PRVU,Ashutosh Brokerage & Securities (PVT) Ltd.,Vision Securities Pvt. Ltd,462,226.0,104412.0,2025-07-17 11:30:15.172601
2025-07-17,124235,2025071701005387,PRVU,Ashutosh Brokerage & Securities (PVT) Ltd.,Aryatara Investment & Securities,500,226.0,113000.0,2025-07-17 11:30:15.172692
2025-07-17,124234,2025071701005388,PRVU,Ashutosh Brokerage & Securities (PVT) Ltd.,Siprabi Securities Pvt. Ltd.,19,226.0,4294.0,2025-07-17 11:30:15.172783
2025-07-17,124233,2025071701005389,PRVU,Ashutosh Brokerage & Securities (PVT) Ltd.,Sweta Securities Private Limited,100,226.0,22600.0,2025-07-17 11:30:15.172874
2025-07-17,124232,2025071701005390,PRVU,Ashutosh Brokerage & Securities (PVT) Ltd.,Deevyaa Securities & Stock House Pvt. Ltd,3000,226.0,678000.0,2025-07-17 11:30:15.172966
2025-07-17,124231,2025071701005391,PRVU,Ashutosh Brokerage & Securities (PVT) Ltd.,Naasa Securities Co. Ltd.,15,226.0,3390.0,2025-07-17 11:30:15.173063
2025-07-17,124230,2025071701005392,PRVU,Ashutosh Brokerage & Securities (PVT) Ltd.,Malla & Malla Stock Broking Company Pvt. Limited,100,226.0,22600.0,2025-07-17 11:30:15.173154
2025-07-17,124169,2025071701005412,PRVU,Ashutosh Brokerage & Securities (PVT) Ltd.,Imperial Securities Company Pvt. Ltd.,91,226.0,20566.0,2025-07-17 11:30:22.491941
2025-07-17,124086,2025071701005430,PRVU,Trishakti Securities Public Limited,South Asian Bulls Pvt. Ltd.,50,226.3,11315.0,2025-07-17 11:30:30.115105
2025-07-17,124085,2025071701005431,PRVU,Trishakti Securities Public Limited,Premier Securities Company Ltd.,100,226.3,22630.0,2025-07-17 11:30:30.115332
2025-07-17,124084,2025071701005432,PRVU,Trishakti Securities Public Limited,Trisul Securities & Invt. Ltd.,10,227.0,2270.0,2025-07-17 11:30:30.115445
2025-07-17,123374,2025071701005672,PRVU,Dipshikha Dhitopatra Karobar Co. Pvt Ltd.,Aryatara Investment & Securities,21,226.9,4764.9,2025-07-17 11:31:51.722776
2025-07-17,122771,2025071701005786,PRVU,Primo Securities (PVT) Ltd.,Aryatara Investment & Securities,479,226.9,108685.1,2025-07-17 11:32:39.785441
2025-07-17,122770,2025071701005787,PRVU,Primo Securities (PVT) Ltd.,Malla & Malla Stock Broking Company Pvt. Limited,200,226.9,45380.0,2025-07-17 11:32:39.785873
2025-07-17,122769,2025071701005788,PRVU,Primo Securities (PVT) Ltd.,Naasa Securities Co. Ltd.,2000,226.9,453800.0,2025-07-17 11:32:39.786177
2025-07-17,122768,2025071701005789,PRVU,Primo Securities (PVT) Ltd.,Trisul Securities & Invt. Ltd.,90,227.0,20430.0,2025-07-17 11:32:39.786461
2025-07-17,122767,2025071701005790,PRVU,Primo Securities (PVT) Ltd.,Pragyan Securities (PVT) Ltd.,231,227.0,52437.0,2025-07-17 11:32:39.786735
2025-07-17,122724,2025071701005807,PRVU,Vision Securities Pvt. Ltd,Capital Max Securities Ltd,2376,226.9,539114.4,2025-07-17 11:32:45.740711
2025-07-17,122600,2025071701005856,PRVU,Aryatara Investment & Securities,Imperial Securities Company Pvt. Ltd.,100,226.2,22620.0,2025-07-17 11:33:02.643375
2025-07-17,122599,2025071701005857,PRVU,Dynamic Money Managers Securities Pvt. Ltd.,Capital Max Securities Ltd,1200,226.9,272280.0,2025-07-17 11:33:02.976326
2025-07-17,122504,2025071701005899,PRVU,Linch Stock Market Ltd.,Capital Max Securities Ltd,1000,226.9,226900.0,2025-07-17 11:33:12.504440
2025-07-17,122289,2025071701005958,PRVU,Primo Securities (PVT) Ltd.,Naasa Securities Co. Ltd.,30,226.1,6783.0,2025-07-17 11:33:33.783412
2025-07-17,121988,2025071701006057,PRVU,Imperial Securities Company Pvt. Ltd.,Naasa Securities Co. Ltd.,100,226.1,22610.0,2025-07-17 11:34:03.283299
2025-07-17,121987,2025071701006058,PRVU,Ashutosh Brokerage & Securities (PVT) Ltd.,Online Securities Pvt. Ltd.,113,226.0,25538.0,2025-07-17 11:34:03.309965
2025-07-17,121986,2025071701006059,PRVU,Premier Securities Company Ltd.,Online Securities Pvt. Ltd.,457,226.0,103282.0,2025-07-17 11:34:03.310184
2025-07-17,121563,2025071701006194,PRVU,Trisul Securities & Invt. Ltd.,Naasa Securities Co. Ltd.,70,226.1,15827.0,2025-07-17 11:34:49.553141
2025-07-17,121562,2025071701006195,PRVU,Trisul Securities & Invt. Ltd.,Capital Max Securities Ltd,124,226.9,28135.6,2025-07-17 11:34:49.553188
2025-07-17,121561,2025071701006196,PRVU,Trisul Securities & Invt. Ltd.,Pragyan Securities (PVT) Ltd.,769,227.0,174563.0,2025-07-17 11:34:49.553216
2025-07-17,121560,2025071701006197,PRVU,Trisul Securities & Invt. Ltd.,Vision Securities Pvt. Ltd,200,227.0,45400.0,2025-07-17 11:34:49.553244
2025-07-17,121559,2025071701006198,PRVU,Trisul Securities & Invt. Ltd.,Agrawal Securities (PVT) Ltd.,200,227.0,45400.0,2025-07-17 11:34:49.553272
2025-07-17,121558,2025071701006199,PRVU,Trisul Securities & Invt. Ltd.,Naasa Securities Co. Ltd.,150,227.0,34050.0,2025-07-17 11:34:49.553296
2025-07-17,121557,2025071701006200,PRVU,Trisul Securities & Invt. Ltd.,Thrive Brokerage House Pvt. Ltd,487,227.0,110549.0,2025-07-17 11:34:49.553323
2025-07-17,121412,2025071701006276,PRVU,Deevyaa Securities & Stock House Pvt. Ltd,Thrive Brokerage House Pvt. Ltd,1513,227.0,343451.0,2025-07-17 11:35:00.960195
2025-07-17,121411,2025071701006277,PRVU,Deevyaa Securities & Stock House Pvt. Ltd,Dakshinkali Investment & Securities Pvt. Ltd.,500,227.0,113500.0,2025-07-17 11:35:00.960592
2025-07-17,121410,2025071701006278,PRVU,Deevyaa Securities & Stock House Pvt. Ltd,Premier Securities Company Ltd.,100,227.0,22700.0,2025-07-17 11:35:00.960899
2025-07-17,121409,2025071701006279,PRVU,Deevyaa Securities & Stock House Pvt. Ltd,Bhrikuti Stock Broking Co. Pvt. Ltd.,675,227.0,153225.0,2025-07-17 11:35:00.961211
2025-07-17,121408,2025071701006280,PRVU,Deevyaa Securities & Stock House Pvt. Ltd,Malla & Malla Stock Broking Company Pvt. Limited,100,227.0,22700.0,2025-07-17 11:35:00.961509
2025-07-17,121407,2025071701006281,PRVU,Deevyaa Securities & Stock House Pvt. Ltd,Sajilo Broker Limited,190,227.0,43130.0,2025-07-17 11:35:00.961812
2025-07-17,121406,2025071701006282,PRVU,Deevyaa Securities & Stock House Pvt. Ltd,Sani Securities Company Ltd.,1000,227.0,227000.0,2025-07-17 11:35:00.962134
2025-07-17,121405,2025071701006283,PRVU,Deevyaa Securities & Stock House Pvt. Ltd,INDEX SECURITIES LIMITED,1000,227.0,227000.0,2025-07-17 11:35:00.962428
2025-07-17,121404,2025071701006284,PRVU,Deevyaa Securities & Stock House Pvt. Ltd,Sewa Securities Pvt. Ltd.,420,227.0,95340.0,2025-07-17 11:35:00.962713
2025-07-17,121403,2025071701006285,PRVU,Deevyaa Securities & Stock House Pvt. Ltd,Kumari Securities Private Limited,230,227.0,52210.0,2025-07-17 11:35:00.962999
2025-07-17,121098,2025071701006388,PRVU,Deevyaa Securities & Stock House Pvt. Ltd,Naasa Securities Co. Ltd.,10,227.1,2271.0,2025-07-17 11:35:28.623772
2025-07-17,120162,2025071701006746,PRVU,Dynamic Money Managers Securities Pvt. Ltd.,Dynamic Money Managers Securities Pvt. Ltd.,100,227.0,22700.0,2025-07-17 11:37:02.618540
2025-07-17,120161,2025071701006747,PRVU,Vision Securities Pvt. Ltd,Dynamic Money Managers Securities Pvt. Ltd.,380,226.2,85956.0,2025-07-17 11:37:02.618779
2025-07-17,120160,2025071701006748,PRVU,Deevyaa Securities & Stock House Pvt. Ltd,Dynamic Money Managers Securities Pvt. Ltd.,1772,226.1,400649.2,2025-07-17 11:37:02.618882
2025-07-17,119963,2025071701006808,PRVU,Dynamic Money Managers Securities Pvt. Ltd.,Dynamic Money Managers Securities Pvt. Ltd.,90,226.1,20349.0,2025-07-17 11:37:22.246159
2025-07-17,119760,2025071701006863,PRVU,Premier Securities Company Ltd.,Kohinoor Investment & Securities Pvt. Ltd.,43,226.0,9718.0,2025-07-17 11:37:47.130912
2025-07-17,119759,2025071701006864,PRVU,Aryatara Investment & Securities,Kohinoor Investment & Securities Pvt. Ltd.,1457,226.0,329282.0,2025-07-17 11:37:47.131205
2025-07-17,119728,2025071701006876,PRVU,Dynamic Money Managers Securities Pvt. Ltd.,Dynamic Money Managers Securities Pvt. Ltd.,658,226.1,148773.8,2025-07-17 11:37:51.791636
2025-07-17,119314,2025071701006990,PRVU,Online Securities Pvt. Ltd.,Deevyaa Securities & Stock House Pvt. Ltd,100,227.0,22700.0,2025-07-17 11:38:37.572397
2025-07-17,118745,2025071701007190,PRVU,Dynamic Money Managers Securities Pvt. Ltd.,Nepal Stock House (PVT) Ltd.,50,226.1,11305.0,2025-07-17 11:39:31.405197
2025-07-17,118723,2025071701007195,PRVU,Kumari Securities Private Limited,Deevyaa Securities & Stock House Pvt. Ltd,900,227.0,204300.0,2025-07-17 11:39:36.008364
2025-07-17,118722,2025071701007196,PRVU,Kumari Securities Private Limited,Online Securities Pvt. Ltd.,100,227.0,22700.0,2025-07-17 11:39:36.008618
2025-07-17,118575,2025071701007243,PRVU,Dynamic Money Managers Securities Pvt. Ltd.,Naasa Securities Co. Ltd.,70,226.1,15827.0,2025-07-17 11:39:52.793288
2025-07-17,118369,2025071701007318,PRVU,Kumari Securities Private Limited,Online Securities Pvt. Ltd.,349,227.0,79223.0,2025-07-17 11:40:13.608041
2025-07-17,118368,2025071701007319,PRVU,Kumari Securities Private Limited,Nepal Investment And Securities Trading Private Limited,151,227.0,34277.0,2025-07-17 11:40:13.608309
2025-07-17,118204,2025071701007385,PRVU,J.F. Securites (PVT) Ltd.,BHOLE GANESH SECURITIES LTD,300,226.2,67860.0,2025-07-17 11:40:33.596850
2025-07-17,118203,2025071701007386,PRVU,Dynamic Money Managers Securities Pvt. Ltd.,BHOLE GANESH SECURITIES LTD,222,226.1,50194.2,2025-07-17 11:40:33.596893
2025-07-17,118202,2025071701007387,PRVU,Kumari Securities Private Limited,BHOLE GANESH SECURITIES LTD,100,226.1,22610.0,2025-07-17 11:40:33.596920
2025-07-17,118201,2025071701007388,PRVU,Naasa Securities Co. Ltd.,BHOLE GANESH SECURITIES LTD,27,226.1,6104.7,2025-07-17 11:40:33.596944
2025-07-17,118200,2025071701007389,PRVU,Aryatara Investment & Securities,BHOLE GANESH SECURITIES LTD,1351,226.0,305326.0,2025-07-17 11:40:33.596971
2025-07-17,118040,2025071701007448,PRVU,Aryatara Investment & Securities,Imperial Securities Company Pvt. Ltd.,2000,226.0,452000.0,2025-07-17 11:40:51.436129
2025-07-17,117788,2025071701007514,PRVU,Aryatara Investment & Securities,Imperial Securities Company Pvt. Ltd.,192,226.0,43392.0,2025-07-17 11:41:13.554746
2025-07-17,117787,2025071701007515,PRVU,Deevyaa Securities & Stock House Pvt. Ltd,Imperial Securities Company Pvt. Ltd.,200,226.0,45200.0,2025-07-17 11:41:13.555007
2025-07-17,117786,2025071701007516,PRVU,Bhrikuti Stock Broking Co. Pvt. Ltd.,Imperial Securities Company Pvt. Ltd.,108,226.0,24408.0,2025-07-17 11:41:13.555136
2025-07-17,117785,2025071701007517,PRVU,Naasa Securities Co. Ltd.,Naasa Securities Co. Ltd.,1,226.7,226.7,2025-07-17 11:41:13.976970
2025-07-17,117441,2025071701007569,PRVU,Premier Securities Company Ltd.,Linch Stock Market Ltd.,10,226.5,2265.0,2025-07-17 11:41:42.739091
2025-07-17,117389,2025071701007579,PRVU,Bhrikuti Stock Broking Co. Pvt. Ltd.,Ashutosh Brokerage & Securities (PVT) Ltd.,100,226.0,22600.0,2025-07-17 11:41:49.571405
2025-07-17,117221,2025071701007623,PRVU,Miyo Securities Pvt Ltd,Naasa Securities Co. Ltd.,2,221.5,443.0,2025-07-17 11:42:07.279661
2025-07-17,117068,2025071701007689,PRVU,Imperial Securities Company Pvt. Ltd.,Himalayan Brokerage Company Limited,135,226.1,30523.5,2025-07-17 11:42:21.964203
2025-07-17,116828,2025071701007761,PRVU,Neev Securities Pvt. Ltd.,Oxford Securities Pvt. Ltd.,1000,226.4,226400.0,2025-07-17 11:42:46.763256
2025-07-17,116827,2025071701007762,PRVU,Neev Securities Pvt. Ltd.,Linch Stock Market Ltd.,140,226.5,31710.0,2025-07-17 11:42:46.763335
2025-07-17,116826,2025071701007763,PRVU,Neev Securities Pvt. Ltd.,Nepal Investment And Securities Trading Private Limited,49,227.0,11123.0,2025-07-17 11:42:46.763358
2025-07-17,116825,2025071701007764,PRVU,Neev Securities Pvt. Ltd.,Arun Securities (PVT) Ltd.,213,227.0,48351.0,2025-07-17 11:42:46.763398
2025-07-17,116824,2025071701007765,PRVU,Neev Securities Pvt. Ltd.,Naasa Securities Co. Ltd.,30,227.0,6810.0,2025-07-17 11:42:46.763436
2025-07-17,116823,2025071701007766,PRVU,Neev Securities Pvt. Ltd.,Vision Securities Pvt. Ltd,68,227.0,15436.0,2025-07-17 11:42:46.763460
2025-07-17,116758,2025071701007793,PRVU,Neev Securities Pvt. Ltd.,Vision Securities Pvt. Ltd,432,227.0,98064.0,2025-07-17 11:42:54.809668
2025-07-17,116757,2025071701007794,PRVU,Neev Securities Pvt. Ltd.,Kohinoor Investment & Securities Pvt. Ltd.,50,227.0,11350.0,2025-07-17 11:42:54.809711
2025-07-17,116756,2025071701007795,PRVU,Neev Securities Pvt. Ltd.,Premier Securities Company Ltd.,11,227.0,2497.0,2025-07-17 11:42:54.809740
2025-07-17,116755,2025071701007796,PRVU,Neev Securities Pvt. Ltd.,Shree Krishna Securities Ltd.,100,227.0,22700.0,2025-07-17 11:42:54.809768
2025-07-17,116754,2025071701007797,PRVU,Neev Securities Pvt. Ltd.,Thrive Brokerage House Pvt. Ltd,50,227.1,11355.0,2025-07-17 11:42:54.809792
2025-07-17,116753,2025071701007798,PRVU,Neev Securities Pvt. Ltd.,Naasa Securities Co. Ltd.,250,227.1,56775.0,2025-07-17 11:42:54.809817
2025-07-17,116752,2025071701007799,PRVU,Neev Securities Pvt. Ltd.,Dakshinkali Investment & Securities Pvt. Ltd.,224,227.1,50870.4,2025-07-17 11:42:54.809840
2025-07-17,116751,2025071701007800,PRVU,Neev Securities Pvt. Ltd.,Midas Stock Broking Company Private Limited,383,227.2,87017.6,2025-07-17 11:42:54.809865
2025-07-17,116526,2025071701007885,PRVU,Elite Stock House Limited,Midas Stock Broking Company Private Limited,192,227.2,43622.4,2025-07-17 11:43:20.838020
2025-07-17,116220,2025071701007992,PRVU,Deevyaa Securities & Stock House Pvt. Ltd,Midas Stock Broking Company Private Limited,425,227.2,96560.0,2025-07-17 11:43:51.818929
2025-07-17,116219,2025071701007993,PRVU,Deevyaa Securities & Stock House Pvt. Ltd,Naasa Securities Co. Ltd.,300,227.3,68190.0,2025-07-17 11:43:51.819228
2025-07-17,116218,2025071701007994,PRVU,Deevyaa Securities & Stock House Pvt. Ltd,Nepal Stock House (PVT) Ltd.,2000,227.3,454600.0,2025-07-17 11:43:51.819427
2025-07-17,116217,2025071701007995,PRVU,Deevyaa Securities & Stock House Pvt. Ltd,Online Securities Pvt. Ltd.,198,227.3,45005.4,2025-07-17 11:43:51.819607
2025-07-17,116084,2025071701008042,PRVU,Deevyaa Securities & Stock House Pvt. Ltd,J.F. Securites (PVT) Ltd.,77,227.3,17502.1,2025-07-17 11:44:06.609965
2025-07-17,115996,2025071701008082,PRVU,Trishakti Securities Public Limited,J.F. Securites (PVT) Ltd.,18,227.3,4091.4,2025-07-17 11:44:18.544134
2025-07-17,115995,2025071701008083,PRVU,Trishakti Securities Public Limited,Bhrikuti Stock Broking Co. Pvt. Ltd.,50,227.5,11375.0,2025-07-17 11:44:18.544731
2025-07-17,115994,2025071701008084,PRVU,Trishakti Securities Public Limited,KALASH STOCK MARKET PVT. LTD.,32,227.8,7289.6,2025-07-17 11:44:18.545337
2025-07-17,114629,2025071701008502,PRVU,Imperial Securities Company Pvt. Ltd.,J.F. Securites (PVT) Ltd.,63,226.3,14256.9,2025-07-17 11:46:50.197126
2025-07-17,114556,2025071701008507,PRVU,Imperial Securities Company Pvt. Ltd.,INDEX SECURITIES LIMITED,802,226.3,181492.6,2025-07-17 11:47:01.017531
2025-07-17,114555,2025071701008508,PRVU,Thrive Brokerage House Pvt. Ltd,INDEX SECURITIES LIMITED,198,226.2,44787.6,2025-07-17 11:47:01.018175
2025-07-17,114536,2025071701008512,PRVU,South Asian Bulls Pvt. Ltd.,Midas Stock Broking Company Private Limited,151,226.9,34261.9,2025-07-17 11:47:03.798105
2025-07-17,112908,2025071701009016,PRVU,Investment Management Nepal Pvt. Ltd.,Bhrikuti Stock Broking Co. Pvt. Ltd.,210,226.3,47523.0,2025-07-17 11:49:53.336216
2025-07-17,112631,2025071701009102,PRVU,Investment Management Nepal Pvt. Ltd.,Dipshikha Dhitopatra Karobar Co. Pvt Ltd.,59,226.3,13351.7,2025-07-17 11:50:23.264929
2025-07-17,112343,2025071701009198,PRVU,Dynamic Money Managers Securities Pvt. Ltd.,J.F. Securites (PVT) Ltd.,12,226.9,2722.8,2025-07-17 11:50:54.408831
2025-07-17,111795,2025071701009385,PRVU,Aryatara Investment & Securities,ABC Securities Private Limited,100,226.4,22640.0,2025-07-17 11:51:50.099514
2025-07-17,111624,2025071701009440,PRVU,Aryatara Investment & Securities,Sri Hari Securities Pvt. Ltd.,30,226.4,6792.0,2025-07-17 11:52:08.197381
2025-07-17,111623,2025071701009441,PRVU,Investment Management Nepal Pvt. Ltd.,Sri Hari Securities Pvt. Ltd.,271,226.3,61327.3,2025-07-17 11:52:08.197745
2025-07-17,111584,2025071701009453,PRVU,Imperial Securities Company Pvt. Ltd.,Linch Stock Market Ltd.,50,226.5,11325.0,2025-07-17 11:52:13.078618
2025-07-17,111583,2025071701009454,PRVU,Imperial Securities Company Pvt. Ltd.,Naasa Securities Co. Ltd.,710,226.8,161028.0,2025-07-17 11:52:13.078941
2025-07-17,111582,2025071701009455,PRVU,Imperial Securities Company Pvt. Ltd.,J.F. Securites (PVT) Ltd.,588,226.9,133417.2,2025-07-17 11:52:13.079097
2025-07-17,111581,2025071701009456,PRVU,Imperial Securities Company Pvt. Ltd.,Asian Securities Private Ltd.,250,226.9,56725.0,2025-07-17 11:52:13.079246
2025-07-17,111580,2025071701009457,PRVU,Imperial Securities Company Pvt. Ltd.,Midas Stock Broking Company Private Limited,940,226.9,213286.0,2025-07-17 11:52:13.079401
2025-07-17,111579,2025071701009458,PRVU,Imperial Securities Company Pvt. Ltd.,Midas Stock Broking Company Private Limited,100,227.0,22700.0,2025-07-17 11:52:13.079549
2025-07-17,111578,2025071701009459,PRVU,Imperial Securities Company Pvt. Ltd.,South Asian Bulls Pvt. Ltd.,30,227.0,6810.0,2025-07-17 11:52:13.079720
2025-07-17,111577,2025071701009460,PRVU,Imperial Securities Company Pvt. Ltd.,Stoxkarts Securities Limited,60,227.0,13620.0,2025-07-17 11:52:13.079866
2025-07-17,111576,2025071701009461,PRVU,Imperial Securities Company Pvt. Ltd.,Online Securities Pvt. Ltd.,2044,227.0,463988.0,2025-07-17 11:52:13.080010
2025-07-17,111575,2025071701009462,PRVU,Imperial Securities Company Pvt. Ltd.,Premier Securities Company Ltd.,1000,227.0,227000.0,2025-07-17 11:52:13.080178
2025-07-17,111574,2025071701009463,PRVU,Imperial Securities Company Pvt. Ltd.,Nepal Stock House (PVT) Ltd.,170,227.0,38590.0,2025-07-17 11:52:13.080311
2025-07-17,111573,2025071701009464,PRVU,Imperial Securities Company Pvt. Ltd.,Online Securities Pvt. Ltd.,500,227.0,113500.0,2025-07-17 11:52:13.080446
2025-07-17,111572,2025071701009465,PRVU,Imperial Securities Company Pvt. Ltd.,Deevyaa Securities & Stock House Pvt. Ltd,250,227.0,56750.0,2025-07-17 11:52:13.080610
2025-07-17,111498,2025071701009484,PRVU,Imperial Securities Company Pvt. Ltd.,Deevyaa Securities & Stock House Pvt. Ltd,750,227.0,170250.0,2025-07-17 11:52:22.355873
2025-07-17,111497,2025071701009485,PRVU,Imperial Securities Company Pvt. Ltd.,Linch Stock Market Ltd.,100,227.0,22700.0,2025-07-17 11:52:22.356260
2025-07-17,111496,2025071701009486,PRVU,Imperial Securities Company Pvt. Ltd.,Premier Securities Company Ltd.,300,227.0,68100.0,2025-07-17 11:52:22.356493
2025-07-17,111495,2025071701009487,PRVU,Imperial Securities Company Pvt. Ltd.,J.F. Securites (PVT) Ltd.,47,227.0,10669.0,2025-07-17 11:52:22.356700
2025-07-17,111494,2025071701009488,PRVU,Imperial Securities Company Pvt. Ltd.,Nepal Stock House (PVT) Ltd.,100,227.0,22700.0,2025-07-17 11:52:22.356900
2025-07-17,111106,2025071701009589,PRVU,Investment Management Nepal Pvt. Ltd.,Sipla Securities Private Limited,100,226.3,22630.0,2025-07-17 11:53:09.419344
2025-07-17,111101,2025071701009591,PRVU,Investment Management Nepal Pvt. Ltd.,Imperial Securities Company Pvt. Ltd.,56,226.3,12672.8,2025-07-17 11:53:09.872396
2025-07-17,111100,2025071701009592,PRVU,Thrive Brokerage House Pvt. Ltd,Imperial Securities Company Pvt. Ltd.,302,226.2,68312.4,2025-07-17 11:53:09.872784
2025-07-17,111099,2025071701009593,PRVU,Primo Securities (PVT) Ltd.,Imperial Securities Company Pvt. Ltd.,92,226.1,20801.2,2025-07-17 11:53:09.872987
2025-07-17,110494,2025071701009771,PRVU,Primo Securities (PVT) Ltd.,Dakshinkali Investment & Securities Pvt. Ltd.,100,226.1,22610.0,2025-07-17 11:54:25.777813
2025-07-17,110038,2025071701009892,PRVU,Bhrikuti Stock Broking Co. Pvt. Ltd.,Sani Securities Company Ltd.,442,226.0,99892.0,2025-07-17 11:55:10.366346
2025-07-17,110037,2025071701009893,PRVU,Asian Securities Private Ltd.,Sani Securities Company Ltd.,219,226.0,49494.0,2025-07-17 11:55:10.366682
2025-07-17,108862,2025071701010253,PRVU,Online Securities Pvt. Ltd.,Midas Stock Broking Company Private Limited,100,227.0,22700.0,2025-07-17 11:57:09.633965
2025-07-17,108769,2025071701010288,PRVU,Asian Securities Private Ltd.,Opal Securities Investment (PVT) Ltd.,1000,226.0,226000.0,2025-07-17 11:57:17.915926
2025-07-17,108730,2025071701010305,PRVU,Sweta Securities Private Limited,Midas Stock Broking Company Private Limited,100,227.0,22700.0,2025-07-17 11:57:21.783642
2025-07-17,108729,2025071701010306,PRVU,Sweta Securities Private Limited,Sunrise Securities Limited,444,227.0,100788.0,2025-07-17 11:57:21.783983
2025-07-17,108728,2025071701010307,PRVU,Sweta Securities Private Limited,Deevyaa Securities & Stock House Pvt. Ltd,256,227.0,58112.0,2025-07-17 11:57:21.784150
2025-07-17,108419,2025071701010411,PRVU,Asian Securities Private Ltd.,Opal Securities Investment (PVT) Ltd.,451,226.0,101926.0,2025-07-17 11:57:50.214857
2025-07-17,108418,2025071701010412,PRVU,Online Securities Pvt. Ltd.,Opal Securities Investment (PVT) Ltd.,100,226.0,22600.0,2025-07-17 11:57:50.215256
2025-07-17,108417,2025071701010413,PRVU,Naasa Securities Co. Ltd.,Opal Securities Investment (PVT) Ltd.,50,226.0,11300.0,2025-07-17 11:57:50.215501
2025-07-17,108416,2025071701010414,PRVU,Deevyaa Securities & Stock House Pvt. Ltd,Opal Securities Investment (PVT) Ltd.,40,226.0,9040.0,2025-07-17 11:57:50.215750
2025-07-17,108226,2025071701010460,PRVU,Vision Securities Pvt. Ltd,Aryatara Investment & Securities,18,225.5,4059.0,2025-07-17 11:58:08.312653
2025-07-17,107898,2025071701010579,PRVU,Vision Securities Pvt. Ltd,Oxford Securities Pvt. Ltd.,27,225.5,6088.5,2025-07-17 11:58:34.504716
2025-07-17,107897,2025071701010580,PRVU,Dipshikha Dhitopatra Karobar Co. Pvt Ltd.,Oxford Securities Pvt. Ltd.,200,225.1,45020.0,2025-07-17 11:58:34.505071
2025-07-17,107896,2025071701010581,PRVU,Indira securities pvt. ltd,Oxford Securities Pvt. Ltd.,75,225.0,16875.0,2025-07-17 11:58:34.505241
2025-07-17,107895,2025071701010582,PRVU,Swarna Laxmi Securities Pvt. Ltd.,Oxford Securities Pvt. Ltd.,100,225.0,22500.0,2025-07-17 11:58:34.505405
2025-07-17,107894,2025071701010583,PRVU,Imperial Securities Company Pvt. Ltd.,Oxford Securities Pvt. Ltd.,10,225.0,2250.0,2025-07-17 11:58:34.505570
2025-07-17,107893,2025071701010584,PRVU,Naasa Securities Co. Ltd.,Oxford Securities Pvt. Ltd.,78,225.0,17550.0,2025-07-17 11:58:34.505733
2025-07-17,107715,2025071701010639,PRVU,Naasa Securities Co. Ltd.,Premier Securities Company Ltd.,422,225.0,94950.0,2025-07-17 11:58:51.707460
2025-07-17,107714,2025071701010640,PRVU,Naasa Securities Co. Ltd.,Premier Securities Company Ltd.,61,225.0,13725.0,2025-07-17 11:58:51.707816
2025-07-17,107713,2025071701010641,PRVU,Premier Securities Company Ltd.,Premier Securities Company Ltd.,40,225.0,9000.0,2025-07-17 11:58:51.707976
2025-07-17,107712,2025071701010642,PRVU,Pragyan Securities (PVT) Ltd.,Premier Securities Company Ltd.,272,225.0,61200.0,2025-07-17 11:58:51.708139
2025-07-17,107711,2025071701010643,PRVU,Naasa Securities Co. Ltd.,Premier Securities Company Ltd.,200,225.0,45000.0,2025-07-17 11:58:51.708297
2025-07-17,107710,2025071701010644,PRVU,Sipla Securities Private Limited,Premier Securities Company Ltd.,30,225.0,6750.0,2025-07-17 11:58:51.708454
2025-07-17,107709,2025071701010645,PRVU,Linch Stock Market Ltd.,Premier Securities Company Ltd.,2000,225.0,450000.0,2025-07-17 11:58:51.708611
2025-07-17,107708,2025071701010646,PRVU,Thrive Brokerage House Pvt. Ltd,Premier Securities Company Ltd.,100,225.0,22500.0,2025-07-17 11:58:51.708767
2025-07-17,107707,2025071701010647,PRVU,Midas Stock Broking Company Private Limited,Premier Securities Company Ltd.,120,225.0,27000.0,2025-07-17 11:58:51.708924
2025-07-17,107706,2025071701010648,PRVU,Ashutosh Brokerage & Securities (PVT) Ltd.,Premier Securities Company Ltd.,100,225.0,22500.0,2025-07-17 11:58:51.709085
2025-07-17,107564,2025071701010691,PRVU,Imperial Securities Company Pvt. Ltd.,Premier Securities Company Ltd.,1000,224.5,224500.0,2025-07-17 11:59:06.821086
2025-07-17,107427,2025071701010744,PRVU,Primo Securities (PVT) Ltd.,Premier Securities Company Ltd.,500,225.0,112500.0,2025-07-17 11:59:17.823675
2025-07-17,107358,2025071701010755,PRVU,Imperial Securities Company Pvt. Ltd.,Agrawal Securities (PVT) Ltd.,130,224.5,29185.0,2025-07-17 11:59:22.350712
2025-07-17,107333,2025071701010761,PRVU,Imperial Securities Company Pvt. Ltd.,Sweta Securities Private Limited,152,224.5,34124.0,2025-07-17 11:59:24.831540
2025-07-17,107186,2025071701010840,PRVU,Imperial Securities Company Pvt. Ltd.,Dynamic Money Managers Securities Pvt. Ltd.,500,224.5,112250.0,2025-07-17 11:59:37.264756
2025-07-17,106327,2025071701011060,PRVU,Imperial Securities Company Pvt. Ltd.,Imperial Securities Company Pvt. Ltd.,41,224.5,9204.5,2025-07-17 12:00:45.914728
2025-07-17,106322,2025071701011062,PRVU,Primo Securities (PVT) Ltd.,Premier Securities Company Ltd.,10,225.0,2250.0,2025-07-17 12:00:46.318910
2025-07-17,106284,2025071701011076,PRVU,Imperial Securities Company Pvt. Ltd.,Naasa Securities Co. Ltd.,177,224.5,39736.5,2025-07-17 12:00:48.480793
2025-07-17,106283,2025071701011077,PRVU,Naasa Securities Co. Ltd.,Naasa Securities Co. Ltd.,200,224.5,44900.0,2025-07-17 12:00:48.481184
2025-07-17,106282,2025071701011078,PRVU,J.F. Securites (PVT) Ltd.,Naasa Securities Co. Ltd.,123,224.5,27613.5,2025-07-17 12:00:48.481362
2025-07-17,106221,2025071701011102,PRVU,Naasa Securities Co. Ltd.,Premier Securities Company Ltd.,200,225.0,45000.0,2025-07-17 12:00:53.960904
2025-07-17,106020,2025071701011170,PRVU,J.F. Securites (PVT) Ltd.,Malla & Malla Stock Broking Company Pvt. Limited,200,224.5,44900.0,2025-07-17 12:01:08.628956
2025-07-17,105933,2025071701011199,PRVU,Naasa Securities Co. Ltd.,Premier Securities Company Ltd.,20,225.0,4500.0,2025-07-17 12:01:16.462299
2025-07-17,105874,2025071701011214,PRVU,Online Securities Pvt. Ltd.,Premier Securities Company Ltd.,45,225.0,10125.0,2025-07-17 12:01:20.984329
2025-07-17,105810,2025071701011240,PRVU,J.F. Securites (PVT) Ltd.,Aryatara Investment & Securities,27,224.5,6061.5,2025-07-17 12:01:25.556167
2025-07-17,105809,2025071701011241,PRVU,Dynamic Money Managers Securities Pvt. Ltd.,Aryatara Investment & Securities,273,224.5,61288.5,2025-07-17 12:01:25.556521
2025-07-17,105720,2025071701011278,PRVU,Dynamic Money Managers Securities Pvt. Ltd.,Sewa Securities Pvt. Ltd.,227,224.5,50961.5,2025-07-17 12:01:34.055166
2025-07-17,105719,2025071701011279,PRVU,Trishakti Securities Public Limited,Sewa Securities Pvt. Ltd.,923,224.5,207213.5,2025-07-17 12:01:34.055893
2025-07-17,105708,2025071701011284,PRVU,Trishakti Securities Public Limited,Thrive Brokerage House Pvt. Ltd,831,224.5,186559.5,2025-07-17 12:01:34.777282
2025-07-17,105382,2025071701011396,PRVU,Trishakti Securities Public Limited,Dakshinkali Investment & Securities Pvt. Ltd.,99,224.5,22225.5,2025-07-17 12:02:01.655056
2025-07-17,105142,2025071701011478,PRVU,Trishakti Securities Public Limited,Linch Stock Market Ltd.,13,224.5,2918.5,2025-07-17 12:02:22.353081
2025-07-17,104933,2025071701011544,PRVU,Trishakti Securities Public Limited,Deevyaa Securities & Stock House Pvt. Ltd,100,224.5,22450.0,2025-07-17 12:02:34.792613
2025-07-17,104728,2025071701011597,PRVU,Trishakti Securities Public Limited,Trishakti Securities Public Limited,34,224.5,7633.0,2025-07-17 12:02:50.468188
2025-07-17,104727,2025071701011598,PRVU,Siprabi Securities Pvt. Ltd.,Trishakti Securities Public Limited,187,224.1,41906.7,2025-07-17 12:02:50.468367
2025-07-17,104425,2025071701011710,PRVU,Siprabi Securities Pvt. Ltd.,Premier Securities Company Ltd.,413,224.1,92553.3,2025-07-17 12:03:07.639399
2025-07-17,104424,2025071701011711,PRVU,Imperial Securities Company Pvt. Ltd.,Premier Securities Company Ltd.,467,224.0,104608.0,2025-07-17 12:03:07.639743
2025-07-17,104406,2025071701011715,PRVU,Imperial Securities Company Pvt. Ltd.,Opal Securities Investment (PVT) Ltd.,1000,224.0,224000.0,2025-07-17 12:03:09.287796
2025-07-17,104389,2025071701011719,PRVU,Imperial Securities Company Pvt. Ltd.,Trishakti Securities Public Limited,533,224.0,119392.0,2025-07-17 12:03:11.716589
2025-07-17,104388,2025071701011720,PRVU,Linch Stock Market Ltd.,Trishakti Securities Public Limited,200,224.0,44800.0,2025-07-17 12:03:11.716655
2025-07-17,104387,2025071701011721,PRVU,Market Securities & Exchange (PVT) Ltd.,Trishakti Securities Public Limited,250,224.0,56000.0,2025-07-17 12:03:11.716688
2025-07-17,104386,2025071701011722,PRVU,Imperial Securities Company Pvt. Ltd.,Trishakti Securities Public Limited,100,224.0,22400.0,2025-07-17 12:03:11.716721
2025-07-17,104385,2025071701011723,PRVU,Dipshikha Dhitopatra Karobar Co. Pvt Ltd.,Trishakti Securities Public Limited,500,224.0,112000.0,2025-07-17 12:03:11.716765
2025-07-17,104384,2025071701011724,PRVU,Sharepro Securities Private Limited,Trishakti Securities Public Limited,50,224.0,11200.0,2025-07-17 12:03:11.716792
2025-07-17,104383,2025071701011725,PRVU,MILKY WAY SHARE BROKER COMPANY LTD ,Trishakti Securities Public Limited,200,224.0,44800.0,2025-07-17 12:03:11.716827
2025-07-17,104382,2025071701011726,PRVU,Imperial Securities Company Pvt. Ltd.,Trishakti Securities Public Limited,167,224.0,37408.0,2025-07-17 12:03:11.716861
2025-07-17,103876,2025071701011881,PRVU,J.F. Securites (PVT) Ltd.,Opal Securities Investment (PVT) Ltd.,100,224.5,22450.0,2025-07-17 12:03:59.621897
2025-07-17,103875,2025071701011882,PRVU,Imperial Securities Company Pvt. Ltd.,Opal Securities Investment (PVT) Ltd.,400,224.0,89600.0,2025-07-17 12:03:59.622609
2025-07-17,103707,2025071701011922,PRVU,Imperial Securities Company Pvt. Ltd.,Vision Securities Pvt. Ltd,250,224.0,56000.0,2025-07-17 12:04:16.260014
2025-07-17,103577,2025071701011956,PRVU,Dipshikha Dhitopatra Karobar Co. Pvt Ltd.,Premier Securities Company Ltd.,500,224.0,112000.0,2025-07-17 12:04:28.320017
2025-07-17,103576,2025071701011957,PRVU,Capital Max Securities Ltd,Premier Securities Company Ltd.,1500,224.0,336000.0,2025-07-17 12:04:28.320401
2025-07-17,103575,2025071701011958,PRVU,Capital Max Securities Ltd,Premier Securities Company Ltd.,1500,224.0,336000.0,2025-07-17 12:04:28.320561
2025-07-17,103574,2025071701011959,PRVU,Capital Max Securities Ltd,Premier Securities Company Ltd.,1500,224.0,336000.0,2025-07-17 12:04:28.320717
2025-07-17,103359,2025071701012020,PRVU,Capital Max Securities Ltd,Dynamic Money Managers Securities Pvt. Ltd.,200,224.0,44800.0,2025-07-17 12:04:51.026946
2025-07-17,103358,2025071701012021,PRVU,Bhrikuti Stock Broking Co. Pvt. Ltd.,Dynamic Money Managers Securities Pvt. Ltd.,300,224.0,67200.0,2025-07-17 12:04:51.027332
2025-07-17,102295,2025071701012389,PRVU,Kohinoor Investment & Securities Pvt. Ltd.,Agrawal Securities (PVT) Ltd.,10,224.0,2240.0,2025-07-17 12:06:36.913709
2025-07-17,101899,2025071701012507,PRVU,South Asian Bulls Pvt. Ltd.,Trishakti Securities Public Limited,30,223.7,6711.0,2025-07-17 12:07:22.693151
2025-07-17,101891,2025071701012509,PRVU,South Asian Bulls Pvt. Ltd.,Agrawal Securities (PVT) Ltd.,100,224.0,22400.0,2025-07-17 12:07:23.785901
2025-07-17,101670,2025071701012623,PRVU,South Asian Bulls Pvt. Ltd.,Imperial Securities Company Pvt. Ltd.,100,223.7,22370.0,2025-07-17 12:07:47.219271
2025-07-17,101515,2025071701012664,PRVU,South Asian Bulls Pvt. Ltd.,Naasa Securities Co. Ltd.,200,223.7,44740.0,2025-07-17 12:08:06.534537
2025-07-17,101317,2025071701012728,PRVU,South Asian Bulls Pvt. Ltd.,Agrawal Securities (PVT) Ltd.,890,223.7,199093.0,2025-07-17 12:08:23.016213
2025-07-17,101130,2025071701012782,PRVU,South Asian Bulls Pvt. Ltd.,Imperial Securities Company Pvt. Ltd.,330,223.7,73821.0,2025-07-17 12:08:41.421961
2025-07-17,101129,2025071701012783,PRVU,Neev Securities Pvt. Ltd.,Imperial Securities Company Pvt. Ltd.,70,223.7,15659.0,2025-07-17 12:08:41.422753
2025-07-17,100799,2025071701012876,PRVU,Naasa Securities Co. Ltd.,Trishakti Securities Public Limited,10,224.0,2240.0,2025-07-17 12:09:24.906295
2025-07-17,100794,2025071701012877,PRVU,Neev Securities Pvt. Ltd.,Capital Max Securities Ltd,30,223.7,6711.0,2025-07-17 12:09:24.999692
2025-07-17,100665,2025071701012915,PRVU,Premier Securities Company Ltd.,Capital Max Securities Ltd,20,223.7,4474.0,2025-07-17 12:09:42.318616
2025-07-17,100664,2025071701012916,PRVU,Premier Securities Company Ltd.,Trishakti Securities Public Limited,80,224.0,17920.0,2025-07-17 12:09:42.318969
2025-07-17,100652,2025071701012920,PRVU,Midas Stock Broking Company Private Limited,Online Securities Pvt. Ltd.,300,223.6,67080.0,2025-07-17 12:09:44.811145
2025-07-17,100311,2025071701013035,PRVU,Premier Securities Company Ltd.,Trishakti Securities Public Limited,500,224.0,112000.0,2025-07-17 12:10:31.710352
2025-07-17,100227,2025071701013073,PRVU,Midas Stock Broking Company Private Limited,Agrawal Securities (PVT) Ltd.,10,223.6,2236.0,2025-07-17 12:10:43.717219
2025-07-17,100171,2025071701013089,PRVU,Midas Stock Broking Company Private Limited,Kumari Securities Private Limited,156,223.6,34881.6,2025-07-17 12:10:51.961791
2025-07-17,100170,2025071701013090,PRVU,Aryatara Investment & Securities,Kumari Securities Private Limited,250,223.6,55900.0,2025-07-17 12:10:51.962194
2025-07-17,100169,2025071701013091,PRVU,Aryatara Investment & Securities,Kumari Securities Private Limited,20,223.6,4472.0,2025-07-17 12:10:51.962374
2025-07-17,100168,2025071701013092,PRVU,Secured Securities Ltd.,Kumari Securities Private Limited,710,223.5,158685.0,2025-07-17 12:10:51.962556
2025-07-17,100167,2025071701013093,PRVU,Naasa Securities Co. Ltd.,Kumari Securities Private Limited,500,223.5,111750.0,2025-07-17 12:10:51.962733
2025-07-17,99883,2025071701013163,PRVU,Deevyaa Securities & Stock House Pvt. Ltd,Kumari Securities Private Limited,308,223.5,68838.0,2025-07-17 12:11:29.303469
2025-07-17,99712,2025071701013211,PRVU,Dipshikha Dhitopatra Karobar Co. Pvt Ltd.,Oxford Securities Pvt. Ltd.,15,223.5,3352.5,2025-07-17 12:11:46.675405
2025-07-17,99321,2025071701013314,PRVU,Dipshikha Dhitopatra Karobar Co. Pvt Ltd.,Aryatara Investment & Securities,29,223.5,6481.5,2025-07-17 12:12:27.938155
2025-07-17,99138,2025071701013359,PRVU,Dipshikha Dhitopatra Karobar Co. Pvt Ltd.,Secured Securities Ltd.,56,223.5,12516.0,2025-07-17 12:12:53.352207
2025-07-17,99137,2025071701013360,PRVU,Aryatara Investment & Securities,Secured Securities Ltd.,429,223.4,95838.6,2025-07-17 12:12:53.352575
2025-07-17,98457,2025071701013532,PRVU,Cristal Kanchanjanga Securites Pvt. Ltd.,Vision Securities Pvt. Ltd,350,223.9,78365.0,2025-07-17 12:14:12.551900
2025-07-17,98381,2025071701013544,PRVU,Naasa Securities Co. Ltd.,Vision Securities Pvt. Ltd,25,223.9,5597.5,2025-07-17 12:14:21.538541
2025-07-17,98366,2025071701013547,PRVU,Imperial Securities Company Pvt. Ltd.,Vision Securities Pvt. Ltd,50,223.9,11195.0,2025-07-17 12:14:22.967778
2025-07-17,98039,2025071701013622,PRVU,Aryatara Investment & Securities,Capital Hub P. Ltd,200,223.7,44740.0,2025-07-17 12:14:57.077917
2025-07-17,97868,2025071701013654,PRVU,Shree Krishna Securities Ltd.,Vision Securities Pvt. Ltd,140,223.9,31346.0,2025-07-17 12:15:10.255321
2025-07-17,97828,2025071701013660,PRVU,Midas Stock Broking Company Private Limited,Vision Securities Pvt. Ltd,316,223.9,70752.4,2025-07-17 12:15:16.779766
2025-07-17,97809,2025071701013669,PRVU,Midas Stock Broking Company Private Limited,Shree Krishna Securities Ltd.,49,223.9,10971.1,2025-07-17 12:15:19.300357
2025-07-17,97611,2025071701013709,PRVU,Sani Securities Company Ltd.,Trishakti Securities Public Limited,410,224.0,91840.0,2025-07-17 12:15:33.094186
2025-07-17,97610,2025071701013710,PRVU,Sani Securities Company Ltd.,Kohinoor Investment & Securities Pvt. Ltd.,90,224.0,20160.0,2025-07-17 12:15:33.094561
2025-07-17,97548,2025071701013731,PRVU,Linch Stock Market Ltd.,Kohinoor Investment & Securities Pvt. Ltd.,60,224.0,13440.0,2025-07-17 12:15:38.262508
2025-07-17,97547,2025071701013732,PRVU,Linch Stock Market Ltd.,Dipshikha Dhitopatra Karobar Co. Pvt Ltd.,300,224.0,67200.0,2025-07-17 12:15:38.262936
2025-07-17,97546,2025071701013733,PRVU,Linch Stock Market Ltd.,Sani Securities Company Ltd.,500,224.5,112250.0,2025-07-17 12:15:38.263123
2025-07-17,97531,2025071701013737,PRVU,Linch Stock Market Ltd.,Agrawal Securities (PVT) Ltd.,100,224.5,22450.0,2025-07-17 12:15:41.158911
2025-07-17,97021,2025071701013869,PRVU,Online Securities Pvt. Ltd.,Aryatara Investment & Securities,500,224.9,112450.0,2025-07-17 12:16:31.023858
2025-07-17,97012,2025071701013872,PRVU,Linch Stock Market Ltd.,Sani Securities Company Ltd.,253,224.5,56798.5,2025-07-17 12:16:32.167399
2025-07-17,96854,2025071701013917,PRVU,Naasa Securities Co. Ltd.,Nepal Investment And Securities Trading Private Limited,250,224.9,56225.0,2025-07-17 12:16:52.394442
2025-07-17,96744,2025071701013950,PRVU,Imperial Securities Company Pvt. Ltd.,Nepal Investment And Securities Trading Private Limited,326,224.9,73317.4,2025-07-17 12:17:07.530679
2025-07-17,96743,2025071701013951,PRVU,Imperial Securities Company Pvt. Ltd.,Primo Securities (PVT) Ltd.,300,225.0,67500.0,2025-07-17 12:17:07.531078
2025-07-17,96742,2025071701013952,PRVU,Imperial Securities Company Pvt. Ltd.,Midas Stock Broking Company Private Limited,11,225.0,2475.0,2025-07-17 12:17:07.531313
2025-07-17,96741,2025071701013953,PRVU,Imperial Securities Company Pvt. Ltd.,Himalayan Securities Limited,2000,225.0,450000.0,2025-07-17 12:17:07.531495
2025-07-17,96740,2025071701013954,PRVU,Imperial Securities Company Pvt. Ltd.,Naasa Securities Co. Ltd.,100,225.0,22500.0,2025-07-17 12:17:07.531672
2025-07-17,96739,2025071701013955,PRVU,Imperial Securities Company Pvt. Ltd.,ABC Securities Private Limited,500,225.0,112500.0,2025-07-17 12:17:07.531878
2025-07-17,96738,2025071701013956,PRVU,Imperial Securities Company Pvt. Ltd.,Dakshinkali Investment & Securities Pvt. Ltd.,500,225.0,112500.0,2025-07-17 12:17:07.532073
2025-07-17,96187,2025071701014110,PRVU,Siprabi Securities Pvt. Ltd.,Primo Securities (PVT) Ltd.,12,225.0,2700.0,2025-07-17 12:18:12.478482
2025-07-17,95462,2025071701014296,PRVU,Agrawal Securities (PVT) Ltd.,Agrawal Securities (PVT) Ltd.,25,225.5,5637.5,2025-07-17 12:19:37.753837
2025-07-17,94899,2025071701014416,PRVU,South Asian Bulls Pvt. Ltd.,Infinity Securities Limited,2000,225.1,450200.0,2025-07-17 12:20:40.193538
2025-07-17,94340,2025071701014556,PRVU,Siprabi Securities Pvt. Ltd.,Infinity Securities Limited,13,225.0,2925.0,2025-07-17 12:21:41.389726
2025-07-17,94339,2025071701014557,PRVU,South Asian Bulls Pvt. Ltd.,Infinity Securities Limited,2000,225.0,450000.0,2025-07-17 12:21:41.389785
2025-07-17,94338,2025071701014558,PRVU,Kohinoor Investment & Securities Pvt. Ltd.,Infinity Securities Limited,47,225.0,10575.0,2025-07-17 12:21:41.389813
2025-07-17,93945,2025071701014636,PRVU,South Asian Bulls Pvt. Ltd.,Infinity Securities Limited,2000,225.0,450000.0,2025-07-17 12:22:26.528255
2025-07-17,93848,2025071701014662,PRVU,South Asian Bulls Pvt. Ltd.,Neev Securities Pvt. Ltd.,2000,225.1,450200.0,2025-07-17 12:22:36.805506
2025-07-17,93381,2025071701014798,PRVU,South Asian Bulls Pvt. Ltd.,Sani Securities Company Ltd.,238,225.0,53550.0,2025-07-17 12:23:42.471828
2025-07-17,93380,2025071701014799,PRVU,South Asian Bulls Pvt. Ltd.,Naasa Securities Co. Ltd.,160,225.0,36000.0,2025-07-17 12:23:42.472240
2025-07-17,93288,2025071701014814,PRVU,South Asian Bulls Pvt. Ltd.,Naasa Securities Co. Ltd.,20,225.0,4500.0,2025-07-17 12:23:53.640682
2025-07-17,93056,2025071701014878,PRVU,South Asian Bulls Pvt. Ltd.,Infinity Securities Limited,580,225.0,130500.0,2025-07-17 12:24:22.918664
2025-07-17,93055,2025071701014879,PRVU,South Asian Bulls Pvt. Ltd.,Kalika Securities Pvt. Ltd.,2,225.0,450.0,2025-07-17 12:24:22.918774
2025-07-17,92332,2025071701015150,PRVU,Midas Stock Broking Company Private Limited,Sewa Securities Pvt. Ltd.,10,225.0,2250.0,2025-07-17 12:25:48.437354
2025-07-17,92219,2025071701015183,PRVU,Oxford Securities Pvt. Ltd.,Sewa Securities Pvt. Ltd.,50,225.0,11250.0,2025-07-17 12:26:02.061506
2025-07-17,91485,2025071701015434,PRVU,Neev Securities Pvt. Ltd.,Sewa Securities Pvt. Ltd.,300,225.0,67500.0,2025-07-17 12:27:23.086949
2025-07-17,90293,2025071701015777,PRVU,Online Securities Pvt. Ltd.,Agrawal Securities (PVT) Ltd.,10,224.7,2247.0,2025-07-17 12:29:55.633426
2025-07-17,90292,2025071701015778,PRVU,Dipshikha Dhitopatra Karobar Co. Pvt Ltd.,Agrawal Securities (PVT) Ltd.,100,224.7,22470.0,2025-07-17 12:29:55.633865
2025-07-17,90291,2025071701015779,PRVU,Naasa Securities Co. Ltd.,Agrawal Securities (PVT) Ltd.,180,224.7,40446.0,2025-07-17 12:29:55.634107
2025-07-17,90290,2025071701015780,PRVU,Capital Max Securities Ltd,Agrawal Securities (PVT) Ltd.,250,224.6,56150.0,2025-07-17 12:29:55.634350
2025-07-17,90289,2025071701015781,PRVU,Sani Securities Company Ltd.,Agrawal Securities (PVT) Ltd.,50,224.6,11230.0,2025-07-17 12:29:55.634587
2025-07-17,90288,2025071701015782,PRVU,Linch Stock Market Ltd.,Agrawal Securities (PVT) Ltd.,287,224.5,64431.5,2025-07-17 12:29:55.634843
2025-07-17,90287,2025071701015783,PRVU,Thrive Brokerage House Pvt. Ltd,Agrawal Securities (PVT) Ltd.,100,224.5,22450.0,2025-07-17 12:29:55.635088
2025-07-17,90286,2025071701015784,PRVU,Sani Securities Company Ltd.,Agrawal Securities (PVT) Ltd.,50,224.5,11225.0,2025-07-17 12:29:55.635339
2025-07-17,90285,2025071701015785,PRVU,Nagarik Stock Dealer ,Agrawal Securities (PVT) Ltd.,200,224.1,44820.0,2025-07-17 12:29:55.635602
2025-07-17,90284,2025071701015786,PRVU,Kumari Securities Private Limited,Agrawal Securities (PVT) Ltd.,673,224.0,150752.0,2025-07-17 12:29:55.635875
2025-07-17,90214,2025071701015796,PRVU,Kumari Securities Private Limited,Kumari Securities Private Limited,1327,224.0,297248.0,2025-07-17 12:30:04.043150
2025-07-17,90213,2025071701015797,PRVU,Shree Krishna Securities Ltd.,Kumari Securities Private Limited,140,224.0,31360.0,2025-07-17 12:30:04.043563
2025-07-17,90212,2025071701015798,PRVU,Vision Securities Pvt. Ltd,Kumari Securities Private Limited,33,224.0,7392.0,2025-07-17 12:30:04.043759
2025-07-17,90188,2025071701015806,PRVU,Online Securities Pvt. Ltd.,Malla & Malla Stock Broking Company Pvt. Limited,40,224.7,8988.0,2025-07-17 12:30:08.167399
2025-07-17,90187,2025071701015807,PRVU,Online Securities Pvt. Ltd.,Sewa Securities Pvt. Ltd.,140,225.0,31500.0,2025-07-17 12:30:08.167809
2025-07-17,90186,2025071701015808,PRVU,Online Securities Pvt. Ltd.,Agrawal Securities (PVT) Ltd.,70,225.0,15750.0,2025-07-17 12:30:08.168003
2025-07-17,90145,2025071701015828,PRVU,Vision Securities Pvt. Ltd,Siprabi Securities Pvt. Ltd.,17,224.0,3808.0,2025-07-17 12:30:10.502554
2025-07-17,90144,2025071701015829,PRVU,Secured Securities Ltd.,Siprabi Securities Pvt. Ltd.,183,224.0,40992.0,2025-07-17 12:30:10.502960
2025-07-17,89983,2025071701015865,PRVU,Online Securities Pvt. Ltd.,Agrawal Securities (PVT) Ltd.,250,225.0,56250.0,2025-07-17 12:30:32.541330
2025-07-17,89343,2025071701016041,PRVU,Sweta Securities Private Limited,Agrawal Securities (PVT) Ltd.,50,225.0,11250.0,2025-07-17 12:31:44.018872
2025-07-17,89042,2025071701016142,PRVU,Sewa Securities Pvt. Ltd.,Naasa Securities Co. Ltd.,100,224.7,22470.0,2025-07-17 12:32:26.476127
2025-07-17,89041,2025071701016143,PRVU,Online Securities Pvt. Ltd.,Naasa Securities Co. Ltd.,150,224.2,33630.0,2025-07-17 12:32:26.476550
2025-07-17,88882,2025071701016176,PRVU,Online Securities Pvt. Ltd.,Sri Hari Securities Pvt. Ltd.,145,224.2,32509.0,2025-07-17 12:32:45.574998
2025-07-17,87896,2025071701016411,PRVU,Naasa Securities Co. Ltd.,Online Securities Pvt. Ltd.,250,224.5,56125.0,2025-07-17 12:34:40.763455
2025-07-17,87895,2025071701016412,PRVU,Online Securities Pvt. Ltd.,Online Securities Pvt. Ltd.,705,224.2,158061.0,2025-07-17 12:34:40.764314
2025-07-17,87894,2025071701016413,PRVU,Aryatara Investment & Securities,Online Securities Pvt. Ltd.,20,224.2,4484.0,2025-07-17 12:34:40.764883
2025-07-17,87518,2025071701016547,PRVU,Linch Stock Market Ltd.,Naasa Securities Co. Ltd.,400,224.1,89640.0,2025-07-17 12:35:20.930532
2025-07-17,87039,2025071701016691,PRVU,Nepal Investment And Securities Trading Private Limited,Online Securities Pvt. Ltd.,25,224.2,5605.0,2025-07-17 12:36:21.520977
2025-07-17,86924,2025071701016756,PRVU,Imperial Securities Company Pvt. Ltd.,Agrawal Securities (PVT) Ltd.,100,225.0,22500.0,2025-07-17 12:36:32.739257
2025-07-17,86842,2025071701016775,PRVU,Nepal Investment And Securities Trading Private Limited,Infinity Securities Limited,65,224.2,14573.0,2025-07-17 12:36:43.339715
2025-07-17,86841,2025071701016776,PRVU,Linch Stock Market Ltd.,Infinity Securities Limited,295,224.1,66109.5,2025-07-17 12:36:43.340137
2025-07-17,86828,2025071701016781,PRVU,Market Securities & Exchange (PVT) Ltd.,Midas Stock Broking Company Private Limited,305,225.0,68625.0,2025-07-17 12:36:47.042423
2025-07-17,86827,2025071701016782,PRVU,Market Securities & Exchange (PVT) Ltd.,South Asian Bulls Pvt. Ltd.,10,225.0,2250.0,2025-07-17 12:36:47.042844
2025-07-17,86826,2025071701016783,PRVU,Market Securities & Exchange (PVT) Ltd.,ABC Securities Private Limited,50,225.0,11250.0,2025-07-17 12:36:47.043056
2025-07-17,86825,2025071701016784,PRVU,Market Securities & Exchange (PVT) Ltd.,Online Securities Pvt. Ltd.,635,225.0,142875.0,2025-07-17 12:36:47.043249
2025-07-17,86546,2025071701016904,PRVU,Linch Stock Market Ltd.,Sundhara Securities Limited,58,224.1,12997.8,2025-07-17 12:37:23.337312
2025-07-17,86476,2025071701016914,PRVU,Imperial Securities Company Pvt. Ltd.,Online Securities Pvt. Ltd.,31,225.0,6975.0,2025-07-17 12:37:30.758586
2025-07-17,86282,2025071701017006,PRVU,Sani Securities Company Ltd.,Dipshikha Dhitopatra Karobar Co. Pvt Ltd.,43,224.5,9653.5,2025-07-17 12:37:52.107333
2025-07-17,85924,2025071701017147,PRVU,Trishakti Securities Public Limited,Dipshikha Dhitopatra Karobar Co. Pvt Ltd.,357,224.5,80146.5,2025-07-17 12:38:32.013665
2025-07-17,85712,2025071701017191,PRVU,Sri Hari Securities Pvt. Ltd.,Online Securities Pvt. Ltd.,334,225.0,75150.0,2025-07-17 12:39:04.039237
2025-07-17,85711,2025071701017192,PRVU,Sri Hari Securities Pvt. Ltd.,Online Securities Pvt. Ltd.,38,225.0,8550.0,2025-07-17 12:39:04.039281
2025-07-17,85710,2025071701017193,PRVU,Sri Hari Securities Pvt. Ltd.,Naasa Securities Co. Ltd.,200,225.0,45000.0,2025-07-17 12:39:04.039313
2025-07-17,85709,2025071701017194,PRVU,Sri Hari Securities Pvt. Ltd.,KALASH STOCK MARKET PVT. LTD.,50,225.0,11250.0,2025-07-17 12:39:04.039344
2025-07-17,85708,2025071701017195,PRVU,Sri Hari Securities Pvt. Ltd.,Agrawal Securities (PVT) Ltd.,100,225.0,22500.0,2025-07-17 12:39:04.039380
2025-07-17,85707,2025071701017196,PRVU,Sri Hari Securities Pvt. Ltd.,Vision Securities Pvt. Ltd,278,225.0,62550.0,2025-07-17 12:39:04.039403
2025-07-17,85455,2025071701017278,PRVU,Oxford Securities Pvt. Ltd.,Vision Securities Pvt. Ltd,222,225.0,49950.0,2025-07-17 12:39:31.830154
2025-07-17,85398,2025071701017288,PRVU,Trishakti Securities Public Limited,Nepal Investment And Securities Trading Private Limited,643,224.5,144353.5,2025-07-17 12:39:39.198335
2025-07-17,85147,2025071701017343,PRVU,Secured Securities Ltd.,Sweta Securities Private Limited,500,225.0,112500.0,2025-07-17 12:40:04.688668
2025-07-17,84641,2025071701017463,PRVU,Secured Securities Ltd.,Shree Krishna Securities Ltd.,14,225.0,3150.0,2025-07-17 12:41:00.638370
2025-07-17,84172,2025071701017601,PRVU,Secured Securities Ltd.,Nepal Investment And Securities Trading Private Limited,700,225.0,157500.0,2025-07-17 12:41:45.360436
2025-07-17,84142,2025071701017610,PRVU,Secured Securities Ltd.,Vision Securities Pvt. Ltd,500,225.0,112500.0,2025-07-17 12:41:50.055975
2025-07-17,84131,2025071701017617,PRVU,Oxford Securities Pvt. Ltd.,Arun Securities (PVT) Ltd.,200,225.4,45080.0,2025-07-17 12:41:50.973119
2025-07-17,84127,2025071701017618,PRVU,Secured Securities Ltd.,Linch Stock Market Ltd.,20,225.0,4500.0,2025-07-17 12:41:51.496810
2025-07-17,83784,2025071701017676,PRVU,Dynamic Money Managers Securities Pvt. Ltd.,Sri Hari Securities Pvt. Ltd.,480,225.4,108192.0,2025-07-17 12:42:25.256266
2025-07-17,83783,2025071701017677,PRVU,Dynamic Money Managers Securities Pvt. Ltd.,Elite Stock House Limited,20,225.5,4510.0,2025-07-17 12:42:25.256742
2025-07-17,83559,2025071701017740,PRVU,Oxford Securities Pvt. Ltd.,Elite Stock House Limited,385,225.5,86817.5,2025-07-17 12:42:51.519196
2025-07-17,83446,2025071701017786,PRVU,Kohinoor Investment & Securities Pvt. Ltd.,Agrawal Securities (PVT) Ltd.,20,225.9,4518.0,2025-07-17 12:43:02.055241
2025-07-17,83445,2025071701017787,PRVU,Kohinoor Investment & Securities Pvt. Ltd.,Opal Securities Investment (PVT) Ltd.,80,226.0,18080.0,2025-07-17 12:43:02.056130
2025-07-17,83362,2025071701017809,PRVU,Secured Securities Ltd.,Online Securities Pvt. Ltd.,83,225.0,18675.0,2025-07-17 12:43:10.271154
2025-07-17,83202,2025071701017848,PRVU,Sundhara Securities Limited,Online Securities Pvt. Ltd.,417,225.0,93825.0,2025-07-17 12:43:33.604779
2025-07-17,83201,2025071701017849,PRVU,Sundhara Securities Limited,Sani Securities Company Ltd.,83,225.0,18675.0,2025-07-17 12:43:33.605211
2025-07-17,82819,2025071701017986,PRVU,Sani Securities Company Ltd.,Sani Securities Company Ltd.,25,225.0,5625.0,2025-07-17 12:44:16.747199
2025-07-17,82382,2025071701018148,PRVU,Sagarmatha Securities Private Limited,Sani Securities Company Ltd.,92,225.0,20700.0,2025-07-17 12:45:08.170495
2025-07-17,82263,2025071701018185,PRVU,Sagarmatha Securities Private Limited,Pragyan Securities (PVT) Ltd.,150,225.0,33750.0,2025-07-17 12:45:26.035588
2025-07-17,81905,2025071701018312,PRVU,Sagarmatha Securities Private Limited,Naasa Securities Co. Ltd.,700,225.0,157500.0,2025-07-17 12:46:10.376639
2025-07-17,81594,2025071701018438,PRVU,Sagarmatha Securities Private Limited,Opal Securities Investment (PVT) Ltd.,279,226.0,63054.0,2025-07-17 12:46:54.259874
2025-07-17,81593,2025071701018439,PRVU,Sagarmatha Securities Private Limited,Bhrikuti Stock Broking Co. Pvt. Ltd.,641,226.0,144866.0,2025-07-17 12:46:54.260898
2025-07-17,81592,2025071701018440,PRVU,Sagarmatha Securities Private Limited,Dipshikha Dhitopatra Karobar Co. Pvt Ltd.,80,226.0,18080.0,2025-07-17 12:46:54.261925
2025-07-17,80720,2025071701018739,PRVU,Sagarmatha Securities Private Limited,Sani Securities Company Ltd.,30,225.0,6750.0,2025-07-17 12:48:30.283312
2025-07-17,80620,2025071701018764,PRVU,Sagarmatha Securities Private Limited,INDEX SECURITIES LIMITED,28,225.0,6300.0,2025-07-17 12:48:41.987819
2025-07-17,80619,2025071701018765,PRVU,South Asian Bulls Pvt. Ltd.,INDEX SECURITIES LIMITED,82,225.0,18450.0,2025-07-17 12:48:41.988291
2025-07-17,80377,2025071701018873,PRVU,Trisul Securities & Invt. Ltd.,Trishakti Securities Public Limited,10,225.8,2258.0,2025-07-17 12:49:08.593918
2025-07-17,80331,2025071701018899,PRVU,South Asian Bulls Pvt. Ltd.,Sewa Securities Pvt. Ltd.,500,225.0,112500.0,2025-07-17 12:49:15.055294
2025-07-17,80107,2025071701018956,PRVU,South Asian Bulls Pvt. Ltd.,Kohinoor Investment & Securities Pvt. Ltd.,100,225.0,22500.0,2025-07-17 12:49:37.983772
2025-07-17,79664,2025071701019090,PRVU,Trisul Securities & Invt. Ltd.,Trishakti Securities Public Limited,10,225.8,2258.0,2025-07-17 12:50:36.224111
2025-07-17,79255,2025071701019222,PRVU,South Asian Bulls Pvt. Ltd.,Primo Securities (PVT) Ltd.,100,225.7,22570.0,2025-07-17 12:51:30.220723
2025-07-17,79252,2025071701019223,PRVU,South Asian Bulls Pvt. Ltd.,Trishakti Securities Public Limited,218,225.8,49224.4,2025-07-17 12:51:30.221660
2025-07-17,79166,2025071701019254,PRVU,Dynamic Money Managers Securities Pvt. Ltd.,Dipshikha Dhitopatra Karobar Co. Pvt Ltd.,20,225.1,4502.0,2025-07-17 12:51:40.985992
2025-07-17,78940,2025071701019332,PRVU,Trisul Securities & Invt. Ltd.,Trishakti Securities Public Limited,10,225.8,2258.0,2025-07-17 12:52:15.145102
2025-07-17,78374,2025071701019449,PRVU,ABC Securities Private Limited,Kohinoor Investment & Securities Pvt. Ltd.,500,225.5,112750.0,2025-07-17 12:53:02.706528
2025-07-17,78345,2025071701019461,PRVU,Dynamic Money Managers Securities Pvt. Ltd.,Sani Securities Company Ltd.,980,225.1,220598.0,2025-07-17 12:53:05.139837
2025-07-17,78260,2025071701019479,PRVU,ABC Securities Private Limited,Sani Securities Company Ltd.,250,225.1,56275.0,2025-07-17 12:53:12.804441
2025-07-17,78163,2025071701019522,PRVU,ABC Securities Private Limited,Opal Securities Investment (PVT) Ltd.,230,225.1,51773.0,2025-07-17 12:53:22.391276
2025-07-17,77697,2025071701019649,PRVU,Dynamic Money Managers Securities Pvt. Ltd.,Kohinoor Investment & Securities Pvt. Ltd.,50,225.5,11275.0,2025-07-17 12:54:19.380164
2025-07-17,77252,2025071701019758,PRVU,Dynamic Money Managers Securities Pvt. Ltd.,Deevyaa Securities & Stock House Pvt. Ltd,150,225.5,33825.0,2025-07-17 12:55:21.038717
2025-07-17,76922,2025071701019848,PRVU,Imperial Securities Company Pvt. Ltd.,Deevyaa Securities & Stock House Pvt. Ltd,350,225.5,78925.0,2025-07-17 12:56:02.444098
2025-07-17,76558,2025071701019953,PRVU,Secured Securities Ltd.,Trishakti Securities Public Limited,242,225.8,54643.6,2025-07-17 12:57:04.698735
2025-07-17,76557,2025071701019954,PRVU,Secured Securities Ltd.,Naasa Securities Co. Ltd.,10,225.8,2258.0,2025-07-17 12:57:04.699283
2025-07-17,76488,2025071701019973,PRVU,ABC Securities Private Limited,Trishakti Securities Public Limited,49,225.9,11069.1,2025-07-17 12:57:16.853498
2025-07-17,76487,2025071701019974,PRVU,ABC Securities Private Limited,Asian Securities Private Ltd.,1370,225.9,309483.0,2025-07-17 12:57:16.854454
2025-07-17,76486,2025071701019975,PRVU,ABC Securities Private Limited,Dipshikha Dhitopatra Karobar Co. Pvt Ltd.,130,226.0,29380.0,2025-07-17 12:57:16.855145
2025-07-17,76485,2025071701019976,PRVU,ABC Securities Private Limited,Kohinoor Investment & Securities Pvt. Ltd.,1000,226.0,226000.0,2025-07-17 12:57:16.855804
2025-07-17,76484,2025071701019977,PRVU,ABC Securities Private Limited,Naasa Securities Co. Ltd.,30,226.0,6780.0,2025-07-17 12:57:16.856493
2025-07-17,76483,2025071701019978,PRVU,ABC Securities Private Limited,Imperial Securities Company Pvt. Ltd.,50,226.0,11300.0,2025-07-17 12:57:16.857183
2025-07-17,76482,2025071701019979,PRVU,ABC Securities Private Limited,Kalika Securities Pvt. Ltd.,145,226.0,32770.0,2025-07-17 12:57:16.857831
2025-07-17,76481,2025071701019980,PRVU,ABC Securities Private Limited,Sumeru Securities Pvt. Ltd.,226,226.0,51076.0,2025-07-17 12:57:16.858486
2025-07-17,76429,2025071701019994,PRVU,ABC Securities Private Limited,Sumeru Securities Pvt. Ltd.,20,226.0,4520.0,2025-07-17 12:57:27.989292
2025-07-17,76221,2025071701020052,PRVU,Secured Securities Ltd.,Premier Securities Company Ltd.,15,225.8,3387.0,2025-07-17 12:57:51.663588
2025-07-17,76136,2025071701020061,PRVU,Secured Securities Ltd.,Deevyaa Securities & Stock House Pvt. Ltd,53,225.8,11967.4,2025-07-17 12:58:03.186448
2025-07-17,76038,2025071701020076,PRVU,Naasa Securities Co. Ltd.,Sumeru Securities Pvt. Ltd.,54,226.0,12204.0,2025-07-17 12:58:16.194402
2025-07-17,76037,2025071701020077,PRVU,Naasa Securities Co. Ltd.,Nepal Investment And Securities Trading Private Limited,200,226.0,45200.0,2025-07-17 12:58:16.195338
2025-07-17,76036,2025071701020078,PRVU,Naasa Securities Co. Ltd.,Trishakti Securities Public Limited,45,226.0,10170.0,2025-07-17 12:58:16.195989
2025-07-17,76035,2025071701020079,PRVU,Naasa Securities Co. Ltd.,Market Securities & Exchange (PVT) Ltd.,200,226.0,45200.0,2025-07-17 12:58:16.196673
2025-07-17,75973,2025071701020089,PRVU,Naasa Securities Co. Ltd.,Nepal Stock House (PVT) Ltd.,250,226.0,56500.0,2025-07-17 12:58:25.303622
2025-07-17,75895,2025071701020111,PRVU,Naasa Securities Co. Ltd.,Aryatara Investment & Securities,1251,226.0,282726.0,2025-07-17 12:58:38.971237
2025-07-17,75816,2025071701020139,PRVU,Naasa Securities Co. Ltd.,Aryatara Investment & Securities,450,226.0,101700.0,2025-07-17 12:58:52.591611
2025-07-17,75792,2025071701020154,PRVU,Imperial Securities Company Pvt. Ltd.,Aryatara Investment & Securities,49,226.0,11074.0,2025-07-17 12:58:55.268407
2025-07-17,75403,2025071701020258,PRVU,Sani Securities Company Ltd.,Indira securities pvt. ltd,30,226.4,6792.0,2025-07-17 12:59:41.947184
2025-07-17,75402,2025071701020259,PRVU,Sani Securities Company Ltd.,Online Securities Pvt. Ltd.,20,226.4,4528.0,2025-07-17 12:59:41.948115
2025-07-17,75153,2025071701020320,PRVU,Aakashbhairab Securities Ltd.,Trishakti Securities Public Limited,500,226.3,113150.0,2025-07-17 13:00:15.225579
2025-07-17,75148,2025071701020322,PRVU,Naasa Securities Co. Ltd.,Online Securities Pvt. Ltd.,480,226.4,108672.0,2025-07-17 13:00:16.308337
2025-07-17,75147,2025071701020323,PRVU,Naasa Securities Co. Ltd.,Aryatara Investment & Securities,20,226.5,4530.0,2025-07-17 13:00:16.309343
2025-07-17,74921,2025071701020377,PRVU,Secured Securities Ltd.,Aryatara Investment & Securities,80,226.5,18120.0,2025-07-17 13:00:47.993572
2025-07-17,74920,2025071701020378,PRVU,Secured Securities Ltd.,Blue Chip Securities Ltd,192,226.5,43488.0,2025-07-17 13:00:47.994058
2025-07-17,74919,2025071701020379,PRVU,Secured Securities Ltd.,Online Securities Pvt. Ltd.,500,226.8,113400.0,2025-07-17 13:00:47.994284
2025-07-17,74918,2025071701020380,PRVU,Secured Securities Ltd.,Capital Hub P. Ltd,300,226.8,68040.0,2025-07-17 13:00:47.994502
2025-07-17,74917,2025071701020381,PRVU,Secured Securities Ltd.,Vision Securities Pvt. Ltd,80,226.9,18152.0,2025-07-17 13:00:47.994711
2025-07-17,74916,2025071701020382,PRVU,Secured Securities Ltd.,Shree Krishna Securities Ltd.,848,226.9,192411.2,2025-07-17 13:00:47.994928
2025-07-17,74796,2025071701020425,PRVU,Naasa Securities Co. Ltd.,Shree Krishna Securities Ltd.,652,226.9,147938.8,2025-07-17 13:01:09.596999
2025-07-17,74795,2025071701020426,PRVU,Naasa Securities Co. Ltd.,Deevyaa Securities & Stock House Pvt. Ltd,744,227.0,168888.0,2025-07-17 13:01:09.598016
2025-07-17,74794,2025071701020427,PRVU,Naasa Securities Co. Ltd.,Sani Securities Company Ltd.,20,227.0,4540.0,2025-07-17 13:01:09.599103
2025-07-17,74793,2025071701020428,PRVU,Naasa Securities Co. Ltd.,Primo Securities (PVT) Ltd.,300,227.0,68100.0,2025-07-17 13:01:09.599926
2025-07-17,74792,2025071701020429,PRVU,Naasa Securities Co. Ltd.,Naasa Securities Co. Ltd.,750,227.0,170250.0,2025-07-17 13:01:09.600782
2025-07-17,74791,2025071701020430,PRVU,Naasa Securities Co. Ltd.,Premier Securities Company Ltd.,100,227.0,22700.0,2025-07-17 13:01:09.601670
2025-07-17,74790,2025071701020431,PRVU,Naasa Securities Co. Ltd.,Dakshinkali Investment & Securities Pvt. Ltd.,1000,227.0,227000.0,2025-07-17 13:01:09.602536
2025-07-17,74789,2025071701020432,PRVU,Naasa Securities Co. Ltd.,Siprabi Securities Pvt. Ltd.,687,227.0,155949.0,2025-07-17 13:01:09.603203
2025-07-17,74788,2025071701020433,PRVU,Naasa Securities Co. Ltd.,Midas Stock Broking Company Private Limited,1000,227.0,227000.0,2025-07-17 13:01:09.603461
2025-07-17,74787,2025071701020434,PRVU,Naasa Securities Co. Ltd.,KALASH STOCK MARKET PVT. LTD.,20,227.0,4540.0,2025-07-17 13:01:09.603706
2025-07-17,74786,2025071701020435,PRVU,Naasa Securities Co. Ltd.,Naasa Securities Co. Ltd.,10,227.0,2270.0,2025-07-17 13:01:09.603974
2025-07-17,74785,2025071701020436,PRVU,Naasa Securities Co. Ltd.,Midas Stock Broking Company Private Limited,500,227.0,113500.0,2025-07-17 13:01:09.604220
2025-07-17,74784,2025071701020437,PRVU,Naasa Securities Co. Ltd.,Naasa Securities Co. Ltd.,650,227.0,147550.0,2025-07-17 13:01:09.604449
2025-07-17,74783,2025071701020438,PRVU,Naasa Securities Co. Ltd.,Himalayan Securities Limited,58,227.0,13166.0,2025-07-17 13:01:09.604725
2025-07-17,74782,2025071701020439,PRVU,Naasa Securities Co. Ltd.,Aryatara Investment & Securities,500,227.0,113500.0,2025-07-17 13:01:09.604984
2025-07-17,74781,2025071701020440,PRVU,Naasa Securities Co. Ltd.,Dipshikha Dhitopatra Karobar Co. Pvt Ltd.,100,227.0,22700.0,2025-07-17 13:01:09.605228
2025-07-17,74780,2025071701020441,PRVU,Naasa Securities Co. Ltd.,Primo Securities (PVT) Ltd.,700,227.0,158900.0,2025-07-17 13:01:09.605477
2025-07-17,74779,2025071701020442,PRVU,Naasa Securities Co. Ltd.,Midas Stock Broking Company Private Limited,500,227.0,113500.0,2025-07-17 13:01:09.605705
2025-07-17,74778,2025071701020443,PRVU,Naasa Securities Co. Ltd.,Capital Max Securities Ltd,100,227.0,22700.0,2025-07-17 13:01:09.605941
2025-07-17,74777,2025071701020444,PRVU,Naasa Securities Co. Ltd.,Kumari Securities Private Limited,100,227.0,22700.0,2025-07-17 13:01:09.606185
2025-07-17,74776,2025071701020445,PRVU,Naasa Securities Co. Ltd.,Trishakti Securities Public Limited,150,227.0,34050.0,2025-07-17 13:01:09.606417
2025-07-17,74775,2025071701020446,PRVU,Naasa Securities Co. Ltd.,Aryatara Investment & Securities,500,227.0,113500.0,2025-07-17 13:01:09.606648
2025-07-17,74774,2025071701020447,PRVU,Naasa Securities Co. Ltd.,Dakshinkali Investment & Securities Pvt. Ltd.,150,227.0,34050.0,2025-07-17 13:01:09.606894
2025-07-17,74773,2025071701020448,PRVU,Naasa Securities Co. Ltd.,Naasa Securities Co. Ltd.,500,227.0,113500.0,2025-07-17 13:01:09.607186
2025-07-17,74772,2025071701020449,PRVU,Naasa Securities Co. Ltd.,Dipshikha Dhitopatra Karobar Co. Pvt Ltd.,209,227.0,47443.0,2025-07-17 13:01:09.607446
2025-07-17,74510,2025071701020533,PRVU,Imperial Securities Company Pvt. Ltd.,Naasa Securities Co. Ltd.,17,226.2,3845.4,2025-07-17 13:01:42.964057
2025-07-17,74356,2025071701020571,PRVU,Imperial Securities Company Pvt. Ltd.,Deevyaa Securities & Stock House Pvt. Ltd,983,226.2,222354.6,2025-07-17 13:02:01.336882
2025-07-17,74355,2025071701020572,PRVU,Shree Krishna Securities Ltd.,Deevyaa Securities & Stock House Pvt. Ltd,57,226.2,12893.4,2025-07-17 13:02:01.337360
2025-07-17,74354,2025071701020573,PRVU,Aakashbhairab Securities Ltd.,Deevyaa Securities & Stock House Pvt. Ltd,500,226.1,113050.0,2025-07-17 13:02:01.337571
2025-07-17,74353,2025071701020574,PRVU,Naasa Securities Co. Ltd.,Deevyaa Securities & Stock House Pvt. Ltd,460,226.1,104006.0,2025-07-17 13:02:01.337775
2025-07-17,74092,2025071701020657,PRVU,Naasa Securities Co. Ltd.,Dipshikha Dhitopatra Karobar Co. Pvt Ltd.,64,226.1,14470.4,2025-07-17 13:02:33.628943
2025-07-17,73411,2025071701020804,PRVU,Creative Securities Pvt Ltd,Dipshikha Dhitopatra Karobar Co. Pvt Ltd.,30,226.5,6795.0,2025-07-17 13:03:56.347718
2025-07-17,73410,2025071701020805,PRVU,Creative Securities Pvt Ltd,Primo Securities (PVT) Ltd.,70,226.8,15876.0,2025-07-17 13:03:56.348225
2025-07-17,72736,2025071701020988,PRVU,Dipshikha Dhitopatra Karobar Co. Pvt Ltd.,Vision Securities Pvt. Ltd,20,226.5,4530.0,2025-07-17 13:05:34.597284
2025-07-17,72530,2025071701021047,PRVU,Naasa Securities Co. Ltd.,Trisul Securities & Invt. Ltd.,29,226.1,6556.9,2025-07-17 13:06:12.698771
2025-07-17,72164,2025071701021173,PRVU,Naasa Securities Co. Ltd.,Naasa Securities Co. Ltd.,100,226.1,22610.0,2025-07-17 13:06:58.409555
2025-07-17,72151,2025071701021177,PRVU,Naasa Securities Co. Ltd.,Opal Securities Investment (PVT) Ltd.,53,226.1,11983.3,2025-07-17 13:07:00.859259
2025-07-17,71910,2025071701021242,PRVU,Opal Securities Investment (PVT) Ltd.,Vision Securities Pvt. Ltd,86,226.5,19479.0,2025-07-17 13:07:42.124740
2025-07-17,71704,2025071701021300,PRVU,Naasa Securities Co. Ltd.,Primo Securities (PVT) Ltd.,430,226.8,97524.0,2025-07-17 13:08:07.005084
2025-07-17,71703,2025071701021301,PRVU,Naasa Securities Co. Ltd.,Sani Securities Company Ltd.,400,226.8,90720.0,2025-07-17 13:08:07.005551
2025-07-17,71702,2025071701021302,PRVU,Naasa Securities Co. Ltd.,Kohinoor Investment & Securities Pvt. Ltd.,170,226.8,38556.0,2025-07-17 13:08:07.005810
2025-07-17,70748,2025071701021546,PRVU,Cristal Kanchanjanga Securites Pvt. Ltd.,Kohinoor Investment & Securities Pvt. Ltd.,330,226.8,74844.0,2025-07-17 13:10:02.351555
2025-07-17,70747,2025071701021547,PRVU,Cristal Kanchanjanga Securites Pvt. Ltd.,Oxford Securities Pvt. Ltd.,20,226.8,4536.0,2025-07-17 13:10:02.352037
2025-07-17,70483,2025071701021628,PRVU,Aryatara Investment & Securities,Oxford Securities Pvt. Ltd.,10,226.8,2268.0,2025-07-17 13:10:31.092152
2025-07-17,70165,2025071701021720,PRVU,Naasa Securities Co. Ltd.,Oxford Securities Pvt. Ltd.,153,226.8,34700.4,2025-07-17 13:11:19.629312
2025-07-17,70164,2025071701021721,PRVU,Naasa Securities Co. Ltd.,Imperial Securities Company Pvt. Ltd.,100,226.8,22680.0,2025-07-17 13:11:19.629776
2025-07-17,70163,2025071701021722,PRVU,Naasa Securities Co. Ltd.,Trishakti Securities Public Limited,300,226.8,68040.0,2025-07-17 13:11:19.630001
2025-07-17,70162,2025071701021723,PRVU,Naasa Securities Co. Ltd.,Sweta Securities Private Limited,100,226.9,22690.0,2025-07-17 13:11:19.630291
2025-07-17,70161,2025071701021724,PRVU,Naasa Securities Co. Ltd.,Dipshikha Dhitopatra Karobar Co. Pvt Ltd.,91,227.0,20657.0,2025-07-17 13:11:19.630578
2025-07-17,70160,2025071701021725,PRVU,Naasa Securities Co. Ltd.,Online Securities Pvt. Ltd.,50,227.0,11350.0,2025-07-17 13:11:19.630865
2025-07-17,70159,2025071701021726,PRVU,Naasa Securities Co. Ltd.,Naasa Securities Co. Ltd.,75,227.0,17025.0,2025-07-17 13:11:19.631187
2025-07-17,70158,2025071701021727,PRVU,Naasa Securities Co. Ltd.,ABC Securities Private Limited,369,227.0,83763.0,2025-07-17 13:11:19.631497
2025-07-17,70157,2025071701021728,PRVU,Naasa Securities Co. Ltd.,Thrive Brokerage House Pvt. Ltd,2000,227.0,454000.0,2025-07-17 13:11:19.631742
2025-07-17,70156,2025071701021729,PRVU,Naasa Securities Co. Ltd.,Naasa Securities Co. Ltd.,79,227.0,17933.0,2025-07-17 13:11:19.631995
2025-07-17,70155,2025071701021730,PRVU,Naasa Securities Co. Ltd.,Bhrikuti Stock Broking Co. Pvt. Ltd.,10,227.0,2270.0,2025-07-17 13:11:19.632365
2025-07-17,70154,2025071701021731,PRVU,Naasa Securities Co. Ltd.,Opal Securities Investment (PVT) Ltd.,1000,227.0,227000.0,2025-07-17 13:11:19.632598
2025-07-17,70153,2025071701021732,PRVU,Naasa Securities Co. Ltd.,Sweta Securities Private Limited,123,227.0,27921.0,2025-07-17 13:11:19.632876
2025-07-17,70152,2025071701021733,PRVU,Naasa Securities Co. Ltd.,Sani Securities Company Ltd.,400,227.0,90800.0,2025-07-17 13:11:19.633203
2025-07-17,70151,2025071701021734,PRVU,Naasa Securities Co. Ltd.,Sani Securities Company Ltd.,30,227.0,6810.0,2025-07-17 13:11:19.633495
2025-07-17,69931,2025071701021821,PRVU,Trisul Securities & Invt. Ltd.,Market Securities & Exchange (PVT) Ltd.,10,227.3,2273.0,2025-07-17 13:11:49.684315
2025-07-17,69883,2025071701021825,PRVU,Vision Securities Pvt. Ltd,Creative Securities Pvt Ltd,65,227.0,14755.0,2025-07-17 13:11:53.743805
2025-07-17,69818,2025071701021842,PRVU,Sweta Securities Private Limited,Creative Securities Pvt Ltd,235,227.0,53345.0,2025-07-17 13:12:01.495784
2025-07-17,69817,2025071701021843,PRVU,Sweta Securities Private Limited,Market Securities & Exchange (PVT) Ltd.,699,227.3,158882.7,2025-07-17 13:12:01.496738
2025-07-17,69816,2025071701021844,PRVU,Sweta Securities Private Limited,Asian Securities Private Ltd.,66,227.4,15008.4,2025-07-17 13:12:01.497429
2025-07-17,69784,2025071701021852,PRVU,Kohinoor Investment & Securities Pvt. Ltd.,Asian Securities Private Ltd.,184,227.4,41841.6,2025-07-17 13:12:08.682305
2025-07-17,69783,2025071701021853,PRVU,Kohinoor Investment & Securities Pvt. Ltd.,Aryatara Investment & Securities,200,227.4,45480.0,2025-07-17 13:12:08.683248
2025-07-17,69782,2025071701021854,PRVU,Kohinoor Investment & Securities Pvt. Ltd.,Vision Securities Pvt. Ltd,100,227.4,22740.0,2025-07-17 13:12:08.683911
2025-07-17,69781,2025071701021855,PRVU,Kohinoor Investment & Securities Pvt. Ltd.,Dipshikha Dhitopatra Karobar Co. Pvt Ltd.,200,227.4,45480.0,2025-07-17 13:12:08.684567
2025-07-17,69780,2025071701021856,PRVU,Kohinoor Investment & Securities Pvt. Ltd.,Investment Management Nepal Pvt. Ltd.,216,227.4,49118.4,2025-07-17 13:12:08.685222
2025-07-17,68412,2025071701022293,PRVU,Dipshikha Dhitopatra Karobar Co. Pvt Ltd.,Agrawal Securities (PVT) Ltd.,100,227.0,22700.0,2025-07-17 13:14:49.740746
2025-07-17,67764,2025071701022478,PRVU,Naasa Securities Co. Ltd.,Agrawal Securities (PVT) Ltd.,120,227.0,27240.0,2025-07-17 13:16:18.576005
2025-07-17,66633,2025071701022829,PRVU,Aryatara Investment & Securities,Sri Hari Securities Pvt. Ltd.,30,226.6,6798.0,2025-07-17 13:18:47.791326
2025-07-17,66632,2025071701022830,PRVU,Opal Securities Investment (PVT) Ltd.,Sri Hari Securities Pvt. Ltd.,14,226.5,3171.0,2025-07-17 13:18:47.791848
2025-07-17,66631,2025071701022831,PRVU,Aryatara Investment & Securities,Sri Hari Securities Pvt. Ltd.,20,226.5,4530.0,2025-07-17 13:18:47.792101
2025-07-17,66630,2025071701022832,PRVU,Sumeru Securities Pvt. Ltd.,Sri Hari Securities Pvt. Ltd.,247,226.5,55945.5,2025-07-17 13:18:47.792329
2025-07-17,66629,2025071701022833,PRVU,Sani Securities Company Ltd.,Sri Hari Securities Pvt. Ltd.,400,226.5,90600.0,2025-07-17 13:18:47.792547
2025-07-17,66628,2025071701022834,PRVU,ABC Securities Private Limited,Sri Hari Securities Pvt. Ltd.,189,226.3,42770.7,2025-07-17 13:18:47.792776
2025-07-17,66461,2025071701022871,PRVU,ABC Securities Private Limited,Naasa Securities Co. Ltd.,500,226.3,113150.0,2025-07-17 13:19:15.792198
2025-07-17,66255,2025071701022944,PRVU,ABC Securities Private Limited,Kohinoor Investment & Securities Pvt. Ltd.,311,226.3,70379.3,2025-07-17 13:19:36.853181
2025-07-17,66254,2025071701022945,PRVU,Opal Securities Investment (PVT) Ltd.,Kohinoor Investment & Securities Pvt. Ltd.,100,226.2,22620.0,2025-07-17 13:19:36.854187
2025-07-17,66253,2025071701022946,PRVU,Imperial Securities Company Pvt. Ltd.,Kohinoor Investment & Securities Pvt. Ltd.,389,226.2,87991.8,2025-07-17 13:19:36.854692
2025-07-17,65729,2025071701023098,PRVU,South Asian Bulls Pvt. Ltd.,Naasa Securities Co. Ltd.,50,226.9,11345.0,2025-07-17 13:20:42.092052
2025-07-17,65536,2025071701023168,PRVU,Sharepro Securities Private Limited,Ashutosh Brokerage & Securities (PVT) Ltd.,80,226.5,18120.0,2025-07-17 13:21:09.922662
2025-07-17,65534,2025071701023169,PRVU,Sharepro Securities Private Limited,Sri Hari Securities Pvt. Ltd.,12,226.5,2718.0,2025-07-17 13:21:10.230909
2025-07-17,65336,2025071701023247,PRVU,Primo Securities (PVT) Ltd.,Sani Securities Company Ltd.,500,226.6,113300.0,2025-07-17 13:21:35.007968
2025-07-17,65114,2025071701023342,PRVU,Sharepro Securities Private Limited,Aryatara Investment & Securities,24,226.5,5436.0,2025-07-17 13:22:09.651869
2025-07-17,65019,2025071701023385,PRVU,Sharepro Securities Private Limited,Creative Securities Pvt Ltd,1000,226.5,226500.0,2025-07-17 13:22:19.626387
2025-07-17,64972,2025071701023395,PRVU,Sharepro Securities Private Limited,Sani Securities Company Ltd.,884,226.5,200226.0,2025-07-17 13:22:28.077849
2025-07-17,64971,2025071701023396,PRVU,Online Securities Pvt. Ltd.,Sani Securities Company Ltd.,100,226.4,22640.0,2025-07-17 13:22:28.078863
2025-07-17,64970,2025071701023397,PRVU,Dipshikha Dhitopatra Karobar Co. Pvt Ltd.,Sani Securities Company Ltd.,50,226.3,11315.0,2025-07-17 13:22:28.079533
2025-07-17,64969,2025071701023398,PRVU,Primo Securities (PVT) Ltd.,Sani Securities Company Ltd.,9500,226.3,2149850.0,2025-07-17 13:22:28.080243
2025-07-17,64507,2025071701023532,PRVU,Imperial Securities Company Pvt. Ltd.,Infinity Securities Limited,2611,226.2,590608.2,2025-07-17 13:23:28.093754
2025-07-17,64506,2025071701023533,PRVU,Sani Securities Company Ltd.,Infinity Securities Limited,389,226.2,87991.8,2025-07-17 13:23:28.094923
2025-07-17,64476,2025071701023537,PRVU,Vision Securities Pvt. Ltd,Sani Securities Company Ltd.,300,226.3,67890.0,2025-07-17 13:23:32.111884
2025-07-17,63970,2025071701023668,PRVU,Sani Securities Company Ltd.,Capital Max Securities Ltd,16,226.2,3619.2,2025-07-17 13:24:36.421108
2025-07-17,63909,2025071701023686,PRVU,Thrive Brokerage House Pvt. Ltd,Sani Securities Company Ltd.,70,226.3,15841.0,2025-07-17 13:24:42.263802
2025-07-17,63908,2025071701023687,PRVU,Sani Securities Company Ltd.,Imperial Securities Company Pvt. Ltd.,100,226.2,22620.0,2025-07-17 13:24:42.986526
2025-07-17,63661,2025071701023795,PRVU,Sani Securities Company Ltd.,Naasa Securities Co. Ltd.,45,226.2,10179.0,2025-07-17 13:25:17.099571
2025-07-17,63660,2025071701023796,PRVU,South Asian Bulls Pvt. Ltd.,Naasa Securities Co. Ltd.,100,226.2,22620.0,2025-07-17 13:25:17.100795
2025-07-17,63595,2025071701023808,PRVU,Naasa Securities Co. Ltd.,Sani Securities Company Ltd.,2294,226.1,518673.4,2025-07-17 13:25:27.125639
2025-07-17,63594,2025071701023809,PRVU,Siprabi Securities Pvt. Ltd.,Sani Securities Company Ltd.,904,226.1,204394.4,2025-07-17 13:25:27.126130
2025-07-17,63102,2025071701023969,PRVU,Siprabi Securities Pvt. Ltd.,Premier Securities Company Ltd.,96,226.1,21705.6,2025-07-17 13:26:38.313671
2025-07-17,63101,2025071701023970,PRVU,Trishakti Securities Public Limited,Premier Securities Company Ltd.,54,226.1,12209.4,2025-07-17 13:26:38.314188
2025-07-17,63009,2025071701023995,PRVU,Trishakti Securities Public Limited,Naasa Securities Co. Ltd.,305,226.1,68960.5,2025-07-17 13:26:51.797908
2025-07-17,62890,2025071701024021,PRVU,Imperial Securities Company Pvt. Ltd.,J.F. Securites (PVT) Ltd.,20,226.2,4524.0,2025-07-17 13:27:12.275587
2025-07-17,62704,2025071701024068,PRVU,Kumari Securities Private Limited,J.F. Securites (PVT) Ltd.,30,226.2,6786.0,2025-07-17 13:27:29.934581
2025-07-17,62703,2025071701024069,PRVU,Kumari Securities Private Limited,ABC Securities Private Limited,170,226.6,38522.0,2025-07-17 13:27:29.935083
2025-07-17,61873,2025071701024317,PRVU,Sani Securities Company Ltd.,Thrive Brokerage House Pvt. Ltd,68,226.9,15429.2,2025-07-17 13:29:25.871576
2025-07-17,61733,2025071701024358,PRVU,Nepal Stock House (PVT) Ltd.,Dipshikha Dhitopatra Karobar Co. Pvt Ltd.,221,226.2,49990.2,2025-07-17 13:29:42.515166
2025-07-17,61439,2025071701024441,PRVU,Nepal Stock House (PVT) Ltd.,Dipshikha Dhitopatra Karobar Co. Pvt Ltd.,50,226.2,11310.0,2025-07-17 13:30:16.870900
2025-07-17,61021,2025071701024602,PRVU,J.F. Securites (PVT) Ltd.,Imperial Securities Company Pvt. Ltd.,70,226.5,15855.0,2025-07-17 13:31:10.137734
2025-07-17,60705,2025071701024691,PRVU,Imperial Securities Company Pvt. Ltd.,Oxford Securities Pvt. Ltd.,20,226.8,4536.0,2025-07-17 13:31:39.527761
2025-07-17,60387,2025071701024771,PRVU,J.F. Securites (PVT) Ltd.,Naasa Securities Co. Ltd.,20,226.5,4530.0,2025-07-17 13:32:10.845770
2025-07-17,59923,2025071701024886,PRVU,Nepal Stock House (PVT) Ltd.,Kumari Securities Private Limited,729,226.2,164899.8,2025-07-17 13:33:11.093137
2025-07-17,59922,2025071701024887,PRVU,Primo Securities (PVT) Ltd.,Kumari Securities Private Limited,195,226.2,44109.0,2025-07-17 13:33:11.093627
2025-07-17,59921,2025071701024888,PRVU,Naasa Securities Co. Ltd.,Kumari Securities Private Limited,5000,226.2,1131000.0,2025-07-17 13:33:11.093856
2025-07-17,59920,2025071701024889,PRVU,Trishakti Securities Public Limited,Kumari Securities Private Limited,1441,226.1,325810.1,2025-07-17 13:33:11.094100
2025-07-17,59919,2025071701024890,PRVU,Primo Securities (PVT) Ltd.,Kumari Securities Private Limited,635,226.1,143573.5,2025-07-17 13:33:11.094353
2025-07-17,59602,2025071701024985,PRVU,Naasa Securities Co. Ltd.,Naasa Securities Co. Ltd.,95,226.5,21517.5,2025-07-17 13:33:42.361081
2025-07-17,58870,2025071701025203,PRVU,Naasa Securities Co. Ltd.,Infinity Securities Limited,221,226.2,49990.2,2025-07-17 13:35:01.311719
2025-07-17,58869,2025071701025204,PRVU,Primo Securities (PVT) Ltd.,Infinity Securities Limited,1779,226.1,402231.9,2025-07-17 13:35:01.311830
2025-07-17,58780,2025071701025231,PRVU,Primo Securities (PVT) Ltd.,Naasa Securities Co. Ltd.,55,226.1,12435.5,2025-07-17 13:35:17.668000
2025-07-17,58547,2025071701025303,PRVU,Primo Securities (PVT) Ltd.,Dipshikha Dhitopatra Karobar Co. Pvt Ltd.,22,226.1,4974.2,2025-07-17 13:35:43.163486
2025-07-17,58149,2025071701025435,PRVU,Aryatara Investment & Securities,Vision Securities Pvt. Ltd,75,226.2,16965.0,2025-07-17 13:36:33.509139
2025-07-17,57578,2025071701025569,PRVU,Aryatara Investment & Securities,Vision Securities Pvt. Ltd,104,226.2,23524.8,2025-07-17 13:37:23.332466
2025-07-17,57245,2025071701025660,PRVU,Aryatara Investment & Securities,INDEX SECURITIES LIMITED,100,226.2,22620.0,2025-07-17 13:37:58.500220
2025-07-17,57100,2025071701025698,PRVU,Aryatara Investment & Securities,Cristal Kanchanjanga Securites Pvt. Ltd.,200,226.2,45240.0,2025-07-17 13:38:15.223146
2025-07-17,56982,2025071701025745,PRVU,Aryatara Investment & Securities,Aryatara Investment & Securities,511,226.2,115588.2,2025-07-17 13:38:25.589132
2025-07-17,56591,2025071701025857,PRVU,Primo Securities (PVT) Ltd.,Thrive Brokerage House Pvt. Ltd,46,226.1,10400.6,2025-07-17 13:39:19.219221
2025-07-17,56572,2025071701025858,PRVU,Vision Securities Pvt. Ltd,Aryatara Investment & Securities,15,226.2,3393.0,2025-07-17 13:39:21.660111
2025-07-17,56155,2025071701025956,PRVU,Sweta Securities Private Limited,Aryatara Investment & Securities,100,226.2,22620.0,2025-07-17 13:39:57.506279
2025-07-17,56126,2025071701025968,PRVU,Primo Securities (PVT) Ltd.,Aakashbhairab Securities Ltd.,500,226.1,113050.0,2025-07-17 13:40:01.630737
2025-07-17,55366,2025071701026214,PRVU,Asian Securities Private Ltd.,Aryatara Investment & Securities,374,226.2,84598.8,2025-07-17 13:41:15.590269
2025-07-17,55057,2025071701026301,PRVU,Sani Securities Company Ltd.,Midas Stock Broking Company Private Limited,20,226.2,4524.0,2025-07-17 13:41:50.415729
2025-07-17,55056,2025071701026302,PRVU,Kumari Securities Private Limited,Midas Stock Broking Company Private Limited,80,226.2,18096.0,2025-07-17 13:41:50.416373
2025-07-17,54453,2025071701026509,PRVU,Kumari Securities Private Limited,Vision Securities Pvt. Ltd,1100,226.2,248820.0,2025-07-17 13:42:59.740182
2025-07-17,53896,2025071701026615,PRVU,Kumari Securities Private Limited,Deevyaa Securities & Stock House Pvt. Ltd,220,226.2,49764.0,2025-07-17 13:43:59.965746
2025-07-17,53895,2025071701026616,PRVU,Sumeru Securities Pvt. Ltd.,Deevyaa Securities & Stock House Pvt. Ltd,600,226.2,135720.0,2025-07-17 13:43:59.966279
2025-07-17,53894,2025071701026617,PRVU,Oxford Securities Pvt. Ltd.,Deevyaa Securities & Stock House Pvt. Ltd,180,226.2,40716.0,2025-07-17 13:43:59.966536
2025-07-17,53779,2025071701026679,PRVU,Oxford Securities Pvt. Ltd.,Miyo Securities Pvt Ltd,260,226.2,58812.0,2025-07-17 13:44:14.481315
2025-07-17,53778,2025071701026680,PRVU,Trishakti Securities Public Limited,Miyo Securities Pvt Ltd,10,226.2,2262.0,2025-07-17 13:44:14.482389
2025-07-17,53777,2025071701026681,PRVU,Primo Securities (PVT) Ltd.,Miyo Securities Pvt Ltd,730,226.1,165053.0,2025-07-17 13:44:14.483173
2025-07-17,53540,2025071701026741,PRVU,Primo Securities (PVT) Ltd.,Vision Securities Pvt. Ltd,10,226.1,2261.0,2025-07-17 13:44:41.156548
2025-07-17,52464,2025071701027023,PRVU,Asian Securities Private Ltd.,Dipshikha Dhitopatra Karobar Co. Pvt Ltd.,1000,226.2,226200.0,2025-07-17 13:46:15.819345
2025-07-17,52463,2025071701027024,PRVU,Primo Securities (PVT) Ltd.,Dipshikha Dhitopatra Karobar Co. Pvt Ltd.,1223,226.1,276520.3,2025-07-17 13:46:15.819932
2025-07-17,52462,2025071701027025,PRVU,ABC Securities Private Limited,Dipshikha Dhitopatra Karobar Co. Pvt Ltd.,977,226.1,220899.7,2025-07-17 13:46:15.820328
2025-07-17,52419,2025071701027042,PRVU,Neev Securities Pvt. Ltd.,Sumeru Securities Pvt. Ltd.,418,226.4,94635.2,2025-07-17 13:46:21.657570
2025-07-17,52418,2025071701027043,PRVU,Neev Securities Pvt. Ltd.,Agrawal Securities (PVT) Ltd.,582,226.5,131823.0,2025-07-17 13:46:21.658083
2025-07-17,52165,2025071701027137,PRVU,Malla & Malla Stock Broking Company Pvt. Limited,Agrawal Securities (PVT) Ltd.,30,226.5,6795.0,2025-07-17 13:46:54.155083
2025-07-17,51759,2025071701027262,PRVU,ABC Securities Private Limited,Trisul Securities & Invt. Ltd.,23,226.1,5200.3,2025-07-17 13:47:37.521894
2025-07-17,51758,2025071701027263,PRVU,Naasa Securities Co. Ltd.,Trisul Securities & Invt. Ltd.,200,226.1,45220.0,2025-07-17 13:47:37.522422
2025-07-17,51757,2025071701027264,PRVU,Dipshikha Dhitopatra Karobar Co. Pvt Ltd.,Trisul Securities & Invt. Ltd.,100,226.0,22600.0,2025-07-17 13:47:37.522684
2025-07-17,51756,2025071701027265,PRVU,Opal Securities Investment (PVT) Ltd.,Trisul Securities & Invt. Ltd.,100,226.0,22600.0,2025-07-17 13:47:37.522945
2025-07-17,51755,2025071701027266,PRVU,South Asian Bulls Pvt. Ltd.,Trisul Securities & Invt. Ltd.,620,226.0,140120.0,2025-07-17 13:47:37.523197
2025-07-17,51754,2025071701027267,PRVU,ABC Securities Private Limited,Trisul Securities & Invt. Ltd.,26,226.0,5876.0,2025-07-17 13:47:37.523446
2025-07-17,51368,2025071701027417,PRVU,ABC Securities Private Limited,Premier Securities Company Ltd.,1000,226.0,226000.0,2025-07-17 13:48:14.825150
2025-07-17,51352,2025071701027422,PRVU,ABC Securities Private Limited,Neev Securities Pvt. Ltd.,8974,226.0,2028124.0,2025-07-17 13:48:16.490853
2025-07-17,51351,2025071701027423,PRVU,Secured Securities Ltd.,Neev Securities Pvt. Ltd.,300,226.0,67800.0,2025-07-17 13:48:16.491354
2025-07-17,51350,2025071701027424,PRVU,Sundhara Securities Limited,Neev Securities Pvt. Ltd.,726,226.0,164076.0,2025-07-17 13:48:16.491630
2025-07-17,51112,2025071701027503,PRVU,Sundhara Securities Limited,Aryatara Investment & Securities,60,226.0,13560.0,2025-07-17 13:48:35.972650
2025-07-17,50823,2025071701027588,PRVU,Naasa Securities Co. Ltd.,Trishakti Securities Public Limited,1111,226.2,251308.2,2025-07-17 13:49:01.286419
2025-07-17,50753,2025071701027610,PRVU,Naasa Securities Co. Ltd.,Trishakti Securities Public Limited,15,226.2,3393.0,2025-07-17 13:49:10.226799
2025-07-17,50539,2025071701027679,PRVU,Aryatara Investment & Securities,Agrawal Securities (PVT) Ltd.,170,226.5,38505.0,2025-07-17 13:49:30.134519
2025-07-17,49107,2025071701028149,PRVU,Kohinoor Investment & Securities Pvt. Ltd.,BHOLE GANESH SECURITIES LTD,3,225.0,675.0,2025-07-17 13:51:35.822653
2025-07-17,48971,2025071701028172,PRVU,Nagarik Stock Dealer ,Naasa Securities Co. Ltd.,200,226.4,45280.0,2025-07-17 13:51:44.364163
2025-07-17,48406,2025071701028332,PRVU,Vision Securities Pvt. Ltd,Naasa Securities Co. Ltd.,425,226.4,96220.0,2025-07-17 13:52:34.062164
2025-07-17,48405,2025071701028333,PRVU,Vision Securities Pvt. Ltd,ABC Securities Private Limited,20,226.4,4528.0,2025-07-17 13:52:34.063231
2025-07-17,47745,2025071701028503,PRVU,Vision Securities Pvt. Ltd,Aakashbhairab Securities Ltd.,255,226.4,57732.0,2025-07-17 13:53:52.247231
2025-07-17,47744,2025071701028504,PRVU,Primo Securities (PVT) Ltd.,Aakashbhairab Securities Ltd.,30,226.3,6789.0,2025-07-17 13:53:52.247775
2025-07-17,47589,2025071701028550,PRVU,Vision Securities Pvt. Ltd,Aakashbhairab Securities Ltd.,20,226.3,4526.0,2025-07-17 13:54:10.532543
2025-07-17,47211,2025071701028701,PRVU,Secured Securities Ltd.,Aakashbhairab Securities Ltd.,195,226.3,44128.5,2025-07-17 13:54:53.724240
2025-07-17,46906,2025071701028850,PRVU,Secured Securities Ltd.,Agrawal Securities (PVT) Ltd.,218,226.5,49377.0,2025-07-17 13:55:26.565713
2025-07-17,46905,2025071701028851,PRVU,Secured Securities Ltd.,Oxford Securities Pvt. Ltd.,500,226.5,113250.0,2025-07-17 13:55:26.566250
2025-07-17,46904,2025071701028852,PRVU,Secured Securities Ltd.,Agrawal Securities (PVT) Ltd.,767,226.6,173802.2,2025-07-17 13:55:26.566514
2025-07-17,46610,2025071701028898,PRVU,Secured Securities Ltd.,Naasa Securities Co. Ltd.,10,226.4,2264.0,2025-07-17 13:55:49.590892
2025-07-17,46521,2025071701028942,PRVU,Malla & Malla Stock Broking Company Pvt. Limited,Malla & Malla Stock Broking Company Pvt. Limited,1,221.9,221.9,2025-07-17 13:56:01.279761
2025-07-17,46171,2025071701029039,PRVU,Naasa Securities Co. Ltd.,Agrawal Securities (PVT) Ltd.,200,226.6,45320.0,2025-07-17 13:56:30.585605
2025-07-17,46144,2025071701029050,PRVU,Secured Securities Ltd.,Prabhu Stock Market Limited,1484,226.4,335977.6,2025-07-17 13:56:33.759131
2025-07-17,45638,2025071701029168,PRVU,Dipshikha Dhitopatra Karobar Co. Pvt Ltd.,Agrawal Securities (PVT) Ltd.,1033,226.6,234077.8,2025-07-17 13:57:21.186643
2025-07-17,45580,2025071701029186,PRVU,Dipshikha Dhitopatra Karobar Co. Pvt Ltd.,Nepal Investment And Securities Trading Private Limited,15,226.6,3399.0,2025-07-17 13:57:29.926736
2025-07-17,45293,2025071701029256,PRVU,ABC Securities Private Limited,Siprabi Securities Pvt. Ltd.,162,226.7,36725.4,2025-07-17 13:57:56.093226
2025-07-17,45292,2025071701029257,PRVU,ABC Securities Private Limited,Trishakti Securities Public Limited,100,226.7,22670.0,2025-07-17 13:57:56.093780
2025-07-17,45291,2025071701029258,PRVU,ABC Securities Private Limited,Oxford Securities Pvt. Ltd.,80,226.8,18144.0,2025-07-17 13:57:56.094149
2025-07-17,45290,2025071701029259,PRVU,ABC Securities Private Limited,Vision Securities Pvt. Ltd,400,226.8,90720.0,2025-07-17 13:57:56.094489
2025-07-17,45289,2025071701029260,PRVU,ABC Securities Private Limited,KALASH STOCK MARKET PVT. LTD.,1868,226.8,423662.4,2025-07-17 13:57:56.094874
2025-07-17,45288,2025071701029261,PRVU,ABC Securities Private Limited,Sani Securities Company Ltd.,275,226.8,62370.0,2025-07-17 13:57:56.095304
