Date,S.N.,Contract ID,Symbol,Buyer Broker,Seller Broker,volume,rate,amount,transaction_time
2025-07-17,140342,2025071701000352,SBI,Sharepro Securities Private Limited,Sanima Securities Limited,10,446.0,4460.0,2025-07-17 11:03:22.994372
2025-07-17,140201,2025071701000405,SBI,Nepal Investment And Securities Trading Private Limited,Sanima Securities Limited,690,446.0,307740.0,2025-07-17 11:03:45.826503
2025-07-17,140200,2025071701000406,SBI,Nepal Investment And Securities Trading Private Limited,Trishakti Securities Public Limited,100,447.0,44700.0,2025-07-17 11:03:45.826556
2025-07-17,140199,2025071701000407,SBI,Nepal Investment And Securities Trading Private Limited,Dynamic Money Managers Securities Pvt. Ltd.,210,447.0,93870.0,2025-07-17 11:03:45.826586
2025-07-17,140008,2025071701000456,SBI,Imperial Securities Company Pvt. Ltd.,Shree Krishna Securities Ltd.,250,446.0,111500.0,2025-07-17 11:04:11.882274
2025-07-17,139669,2025071701000541,SBI,Imperial Securities Company Pvt. Ltd.,Dynamic Money Managers Securities Pvt. Ltd.,250,446.0,111500.0,2025-07-17 11:04:57.208414
2025-07-17,137330,2025071701001209,SBI,Market Securities & Exchange (PVT) Ltd.,Neev Securities Pvt. Ltd.,100,445.0,44500.0,2025-07-17 11:09:35.076717
2025-07-17,137182,2025071701001254,SBI,Market Securities & Exchange (PVT) Ltd.,Dakshinkali Investment & Securities Pvt. Ltd.,10,445.0,4450.0,2025-07-17 11:09:53.640034
2025-07-17,136596,2025071701001379,SBI,Market Securities & Exchange (PVT) Ltd.,Dynamic Money Managers Securities Pvt. Ltd.,890,445.0,396050.0,2025-07-17 11:10:45.399888
2025-07-17,136595,2025071701001380,SBI,Asian Securities Private Ltd.,Dynamic Money Managers Securities Pvt. Ltd.,200,445.0,89000.0,2025-07-17 11:10:45.399984
2025-07-17,136594,2025071701001381,SBI,Market Securities & Exchange (PVT) Ltd.,Dynamic Money Managers Securities Pvt. Ltd.,100,445.0,44500.0,2025-07-17 11:10:45.400021
2025-07-17,135242,2025071701001780,SBI,Opal Securities Investment (PVT) Ltd.,Asian Securities Private Ltd.,15,441.1,6616.5,2025-07-17 11:12:53.422000
2025-07-17,134976,2025071701001846,SBI,Shree Krishna Securities Ltd.,Sweta Securities Private Limited,28,446.0,12488.0,2025-07-17 11:13:20.550204
2025-07-17,134975,2025071701001847,SBI,Shree Krishna Securities Ltd.,Dipshikha Dhitopatra Karobar Co. Pvt Ltd.,300,446.0,133800.0,2025-07-17 11:13:20.550246
2025-07-17,134974,2025071701001848,SBI,Shree Krishna Securities Ltd.,KALASH STOCK MARKET PVT. LTD.,61,446.0,27206.0,2025-07-17 11:13:20.550271
2025-07-17,134973,2025071701001849,SBI,Shree Krishna Securities Ltd.,Dynamic Money Managers Securities Pvt. Ltd.,2790,447.0,1247130.0,2025-07-17 11:13:20.550299
2025-07-17,134972,2025071701001850,SBI,Shree Krishna Securities Ltd.,Agrawal Securities (PVT) Ltd.,321,448.0,143808.0,2025-07-17 11:13:20.550320
2025-07-17,134821,2025071701001899,SBI,Shree Krishna Securities Ltd.,Agrawal Securities (PVT) Ltd.,179,448.0,80192.0,2025-07-17 11:13:28.578954
2025-07-17,134820,2025071701001900,SBI,Shree Krishna Securities Ltd.,Sani Securities Company Ltd.,15,448.0,6720.0,2025-07-17 11:13:28.579083
2025-07-17,134819,2025071701001901,SBI,Shree Krishna Securities Ltd.,Agrawal Securities (PVT) Ltd.,400,448.0,179200.0,2025-07-17 11:13:28.579134
2025-07-17,133685,2025071701002290,SBI,Sharepro Securities Private Limited,Dynamic Money Managers Securities Pvt. Ltd.,600,448.0,268800.0,2025-07-17 11:15:11.799098
2025-07-17,133634,2025071701002303,SBI,Sani Securities Company Ltd.,Dynamic Money Managers Securities Pvt. Ltd.,200,448.0,89600.0,2025-07-17 11:15:20.066115
2025-07-17,133429,2025071701002372,SBI,Nepal Investment And Securities Trading Private Limited,Oxford Securities Pvt. Ltd.,200,443.0,88600.0,2025-07-17 11:15:37.846968
2025-07-17,133428,2025071701002373,SBI,Kumari Securities Private Limited,Oxford Securities Pvt. Ltd.,800,442.0,353600.0,2025-07-17 11:15:37.847072
2025-07-17,132064,2025071701002772,SBI,Kumari Securities Private Limited,BHOLE GANESH SECURITIES LTD,400,442.0,176800.0,2025-07-17 11:17:38.494413
2025-07-17,132063,2025071701002773,SBI,South Asian Bulls Pvt. Ltd.,BHOLE GANESH SECURITIES LTD,100,442.0,44200.0,2025-07-17 11:17:38.494465
2025-07-17,128133,2025071701004107,SBI,K.B.L. Securities Limited ,Dakshinkali Investment & Securities Pvt. Ltd.,10,444.9,4449.0,2025-07-17 11:23:34.572634
2025-07-17,128132,2025071701004108,SBI,K.B.L. Securities Limited ,Agrawal Securities (PVT) Ltd.,201,445.0,89445.0,2025-07-17 11:23:34.572847
2025-07-17,128131,2025071701004109,SBI,K.B.L. Securities Limited ,South Asian Bulls Pvt. Ltd.,50,446.7,22335.0,2025-07-17 11:23:34.572971
2025-07-17,128130,2025071701004110,SBI,K.B.L. Securities Limited ,KALASH STOCK MARKET PVT. LTD.,2739,446.8,1223785.2,2025-07-17 11:23:34.573134
2025-07-17,126934,2025071701004574,SBI,Naasa Securities Co. Ltd.,Shree Krishna Securities Ltd.,10,445.0,4450.0,2025-07-17 11:25:46.174543
2025-07-17,126446,2025071701004727,SBI,Naasa Securities Co. Ltd.,Shree Krishna Securities Ltd.,10,445.0,4450.0,2025-07-17 11:26:37.713949
2025-07-17,126431,2025071701004736,SBI,MILKY WAY SHARE BROKER COMPANY LTD ,KALASH STOCK MARKET PVT. LTD.,261,443.2,115675.2,2025-07-17 11:26:39.015949
2025-07-17,125493,2025071701005067,SBI,K.B.L. Securities Limited ,Shree Krishna Securities Ltd.,49,445.0,21805.0,2025-07-17 11:28:17.301901
2025-07-17,125492,2025071701005068,SBI,K.B.L. Securities Limited ,Sweta Securities Private Limited,20,446.9,8938.0,2025-07-17 11:28:17.302108
2025-07-17,125491,2025071701005069,SBI,K.B.L. Securities Limited ,J.F. Securites (PVT) Ltd.,100,447.0,44700.0,2025-07-17 11:28:17.302226
2025-07-17,125490,2025071701005070,SBI,K.B.L. Securities Limited ,Dynamic Money Managers Securities Pvt. Ltd.,1000,447.0,447000.0,2025-07-17 11:28:17.302336
2025-07-17,125489,2025071701005071,SBI,K.B.L. Securities Limited ,Dynamic Money Managers Securities Pvt. Ltd.,10,448.0,4480.0,2025-07-17 11:28:17.302439
2025-07-17,125488,2025071701005072,SBI,K.B.L. Securities Limited ,Imperial Securities Company Pvt. Ltd.,500,448.0,224000.0,2025-07-17 11:28:17.302547
2025-07-17,124983,2025071701005229,SBI,K.B.L. Securities Limited ,Dynamic Money Managers Securities Pvt. Ltd.,321,448.0,143808.0,2025-07-17 11:29:07.522124
2025-07-17,124966,2025071701005236,SBI,Imperial Securities Company Pvt. Ltd.,Dynamic Money Managers Securities Pvt. Ltd.,1679,448.0,752192.0,2025-07-17 11:29:09.417080
2025-07-17,124965,2025071701005237,SBI,Imperial Securities Company Pvt. Ltd.,South Asian Bulls Pvt. Ltd.,30,448.5,13455.0,2025-07-17 11:29:09.417172
2025-07-17,124964,2025071701005238,SBI,Imperial Securities Company Pvt. Ltd.,Thrive Brokerage House Pvt. Ltd,100,449.0,44900.0,2025-07-17 11:29:09.417213
2025-07-17,124963,2025071701005239,SBI,Imperial Securities Company Pvt. Ltd.,Dynamic Money Managers Securities Pvt. Ltd.,691,449.0,310259.0,2025-07-17 11:29:09.417264
2025-07-17,121225,2025071701006363,SBI,Sumeru Securities Pvt. Ltd.,Online Securities Pvt. Ltd.,1000,448.0,448000.0,2025-07-17 11:35:16.696137
2025-07-17,121224,2025071701006364,SBI,Sumeru Securities Pvt. Ltd.,Online Securities Pvt. Ltd.,1000,448.0,448000.0,2025-07-17 11:35:16.696243
2025-07-17,120871,2025071701006476,SBI,South Asian Bulls Pvt. Ltd.,Online Securities Pvt. Ltd.,170,446.0,75820.0,2025-07-17 11:35:45.832799
2025-07-17,120870,2025071701006477,SBI,Sumeru Securities Pvt. Ltd.,J.F. Securites (PVT) Ltd.,100,448.0,44800.0,2025-07-17 11:35:45.878409
2025-07-17,120869,2025071701006478,SBI,Sumeru Securities Pvt. Ltd.,Dipshikha Dhitopatra Karobar Co. Pvt Ltd.,1000,448.9,448900.0,2025-07-17 11:35:45.878516
2025-07-17,120868,2025071701006479,SBI,Sumeru Securities Pvt. Ltd.,Dynamic Money Managers Securities Pvt. Ltd.,1309,449.0,587741.0,2025-07-17 11:35:45.878579
2025-07-17,120867,2025071701006480,SBI,Sumeru Securities Pvt. Ltd.,Thrive Brokerage House Pvt. Ltd,591,449.0,265359.0,2025-07-17 11:35:45.878625
2025-07-17,120747,2025071701006530,SBI,South Asian Bulls Pvt. Ltd.,Thrive Brokerage House Pvt. Ltd,1409,449.0,632641.0,2025-07-17 11:36:00.239079
2025-07-17,120746,2025071701006531,SBI,South Asian Bulls Pvt. Ltd.,Nepal Investment And Securities Trading Private Limited,200,449.0,89800.0,2025-07-17 11:36:00.239185
2025-07-17,120734,2025071701006539,SBI,South Asian Bulls Pvt. Ltd.,Naasa Securities Co. Ltd.,10,449.0,4490.0,2025-07-17 11:36:00.777991
2025-07-17,120476,2025071701006637,SBI,South Asian Bulls Pvt. Ltd.,Dynamic Money Managers Securities Pvt. Ltd.,1000,450.0,450000.0,2025-07-17 11:36:28.620229
2025-07-17,120283,2025071701006702,SBI,South Asian Bulls Pvt. Ltd.,Citizens Share Broker Limited,381,449.0,171069.0,2025-07-17 11:36:51.792897
2025-07-17,120264,2025071701006709,SBI,South Asian Bulls Pvt. Ltd.,Citizens Share Broker Limited,119,449.0,53431.0,2025-07-17 11:36:54.967342
2025-07-17,120263,2025071701006710,SBI,South Asian Bulls Pvt. Ltd.,Dynamic Money Managers Securities Pvt. Ltd.,311,450.0,139950.0,2025-07-17 11:36:54.967452
2025-07-17,120240,2025071701006722,SBI,Blue Chip Securities Ltd,Dynamic Money Managers Securities Pvt. Ltd.,2689,450.0,1210050.0,2025-07-17 11:36:56.773563
2025-07-17,120239,2025071701006723,SBI,Blue Chip Securities Ltd,Linch Stock Market Ltd.,24,450.0,10800.0,2025-07-17 11:36:56.773770
2025-07-17,120238,2025071701006724,SBI,Blue Chip Securities Ltd,Aryatara Investment & Securities,50,450.0,22500.0,2025-07-17 11:36:56.773907
2025-07-17,120237,2025071701006725,SBI,Blue Chip Securities Ltd,Kumari Securities Private Limited,237,450.0,106650.0,2025-07-17 11:36:56.774078
2025-07-17,119751,2025071701006866,SBI,Sundhara Securities Limited,BHOLE GANESH SECURITIES LTD,200,446.0,89200.0,2025-07-17 11:37:48.045539
2025-07-17,119750,2025071701006867,SBI,South Asian Bulls Pvt. Ltd.,BHOLE GANESH SECURITIES LTD,500,445.5,222750.0,2025-07-17 11:37:48.045634
2025-07-17,119689,2025071701006893,SBI,Dynamic Money Managers Securities Pvt. Ltd.,BHOLE GANESH SECURITIES LTD,700,445.1,311570.0,2025-07-17 11:37:59.077363
2025-07-17,119688,2025071701006894,SBI,Sharepro Securities Private Limited,BHOLE GANESH SECURITIES LTD,1300,445.1,578630.0,2025-07-17 11:37:59.077403
2025-07-17,119361,2025071701006978,SBI,Sharepro Securities Private Limited,BHOLE GANESH SECURITIES LTD,2800,445.1,1246280.0,2025-07-17 11:38:29.166830
2025-07-17,118228,2025071701007384,SBI,Dipshikha Dhitopatra Karobar Co. Pvt Ltd.,Agrawal Securities (PVT) Ltd.,50,445.3,22265.0,2025-07-17 11:40:32.057457
2025-07-17,117252,2025071701007605,SBI,Dakshinkali Investment & Securities Pvt. Ltd.,Kumari Securities Private Limited,100,449.0,44900.0,2025-07-17 11:42:03.787524
2025-07-17,117251,2025071701007606,SBI,Dakshinkali Investment & Securities Pvt. Ltd.,Aryatara Investment & Securities,25,449.0,11225.0,2025-07-17 11:42:03.787671
2025-07-17,117250,2025071701007607,SBI,Dakshinkali Investment & Securities Pvt. Ltd.,J.F. Securites (PVT) Ltd.,1000,449.0,449000.0,2025-07-17 11:42:03.787722
2025-07-17,117249,2025071701007608,SBI,Dakshinkali Investment & Securities Pvt. Ltd.,Kumari Securities Private Limited,263,450.0,118350.0,2025-07-17 11:42:03.787775
2025-07-17,117248,2025071701007609,SBI,Dakshinkali Investment & Securities Pvt. Ltd.,Imperial Securities Company Pvt. Ltd.,500,450.0,225000.0,2025-07-17 11:42:03.787828
2025-07-17,117247,2025071701007610,SBI,Dakshinkali Investment & Securities Pvt. Ltd.,Dakshinkali Investment & Securities Pvt. Ltd.,2000,450.0,900000.0,2025-07-17 11:42:03.787878
2025-07-17,117246,2025071701007611,SBI,Dakshinkali Investment & Securities Pvt. Ltd.,Malla & Malla Stock Broking Company Pvt. Limited,50,450.0,22500.0,2025-07-17 11:42:03.787923
2025-07-17,117245,2025071701007612,SBI,Dakshinkali Investment & Securities Pvt. Ltd.,Naasa Securities Co. Ltd.,22,450.0,9900.0,2025-07-17 11:42:03.787969
2025-07-17,117244,2025071701007613,SBI,Dakshinkali Investment & Securities Pvt. Ltd.,Vision Securities Pvt. Ltd,100,450.0,45000.0,2025-07-17 11:42:03.788017
2025-07-17,117243,2025071701007614,SBI,Dakshinkali Investment & Securities Pvt. Ltd.,Naasa Securities Co. Ltd.,111,450.0,49950.0,2025-07-17 11:42:03.788074
2025-07-17,117242,2025071701007615,SBI,Dakshinkali Investment & Securities Pvt. Ltd.,Dynamic Money Managers Securities Pvt. Ltd.,2829,450.0,1273050.0,2025-07-17 11:42:03.788122
2025-07-17,116261,2025071701007972,SBI,Capital Max Securities Ltd,R.B.B. Securities Company Ltd,50,449.9,22495.0,2025-07-17 11:43:47.830872
2025-07-17,116260,2025071701007973,SBI,Capital Max Securities Ltd,Dynamic Money Managers Securities Pvt. Ltd.,58,450.0,26100.0,2025-07-17 11:43:47.830986
2025-07-17,115870,2025071701008121,SBI,Aryatara Investment & Securities,Dynamic Money Managers Securities Pvt. Ltd.,114,450.0,51300.0,2025-07-17 11:44:33.281663
2025-07-17,115869,2025071701008122,SBI,Aryatara Investment & Securities,Sri Hari Securities Pvt. Ltd.,500,450.0,225000.0,2025-07-17 11:44:33.281794
2025-07-17,115868,2025071701008123,SBI,Aryatara Investment & Securities,Online Securities Pvt. Ltd.,386,450.0,173700.0,2025-07-17 11:44:33.281868
2025-07-17,115751,2025071701008155,SBI,Dakshinkali Investment & Securities Pvt. Ltd.,Online Securities Pvt. Ltd.,614,450.0,276300.0,2025-07-17 11:44:45.126539
2025-07-17,115750,2025071701008156,SBI,Dakshinkali Investment & Securities Pvt. Ltd.,J.F. Securites (PVT) Ltd.,500,450.0,225000.0,2025-07-17 11:44:45.126660
2025-07-17,115749,2025071701008157,SBI,Dakshinkali Investment & Securities Pvt. Ltd.,Online Securities Pvt. Ltd.,55,450.0,24750.0,2025-07-17 11:44:45.126710
2025-07-17,115748,2025071701008158,SBI,Dakshinkali Investment & Securities Pvt. Ltd.,Investment Management Nepal Pvt. Ltd.,200,450.0,90000.0,2025-07-17 11:44:45.126756
2025-07-17,115747,2025071701008159,SBI,Dakshinkali Investment & Securities Pvt. Ltd.,J.F. Securites (PVT) Ltd.,100,450.0,45000.0,2025-07-17 11:44:45.126801
2025-07-17,115738,2025071701008162,SBI,Dakshinkali Investment & Securities Pvt. Ltd.,Sundhara Securities Limited,10,450.0,4500.0,2025-07-17 11:44:46.720370
2025-07-17,115669,2025071701008185,SBI,Dakshinkali Investment & Securities Pvt. Ltd.,Shree Krishna Securities Ltd.,100,450.0,45000.0,2025-07-17 11:44:57.646429
2025-07-17,115631,2025071701008206,SBI,Sajilo Broker Limited,Bhrikuti Stock Broking Co. Pvt. Ltd.,175,450.7,78872.5,2025-07-17 11:45:01.471908
2025-07-17,115573,2025071701008212,SBI,Sajilo Broker Limited,Sumeru Securities Pvt. Ltd.,150,450.7,67605.0,2025-07-17 11:45:06.976903
2025-07-17,115440,2025071701008252,SBI,Dakshinkali Investment & Securities Pvt. Ltd.,Kumari Securities Private Limited,10,450.8,4508.0,2025-07-17 11:45:22.588061
2025-07-17,115439,2025071701008253,SBI,Dakshinkali Investment & Securities Pvt. Ltd.,Creative Securities Pvt Ltd,200,451.0,90200.0,2025-07-17 11:45:22.588271
2025-07-17,115438,2025071701008254,SBI,Dakshinkali Investment & Securities Pvt. Ltd.,Opal Securities Investment (PVT) Ltd.,777,451.0,350427.0,2025-07-17 11:45:22.588415
2025-07-17,115437,2025071701008255,SBI,Dakshinkali Investment & Securities Pvt. Ltd.,Kalika Securities Pvt. Ltd.,1357,451.0,612007.0,2025-07-17 11:45:22.588566
2025-07-17,115363,2025071701008282,SBI,Dakshinkali Investment & Securities Pvt. Ltd.,Dynamic Money Managers Securities Pvt. Ltd.,156,451.0,70356.0,2025-07-17 11:45:30.623411
2025-07-17,115235,2025071701008328,SBI,Dakshinkali Investment & Securities Pvt. Ltd.,Nagarik Stock Dealer ,421,450.0,189450.0,2025-07-17 11:45:43.365465
2025-07-17,115211,2025071701008335,SBI,Sanima Securities Limited,Nagarik Stock Dealer ,579,450.0,260550.0,2025-07-17 11:45:47.347593
2025-07-17,115210,2025071701008336,SBI,Sanima Securities Limited,Dynamic Money Managers Securities Pvt. Ltd.,421,450.7,189744.7,2025-07-17 11:45:47.347710
2025-07-17,114342,2025071701008571,SBI,Sani Securities Company Ltd.,Malla & Malla Stock Broking Company Pvt. Limited,50,452.0,22600.0,2025-07-17 11:47:22.619468
2025-07-17,114341,2025071701008572,SBI,Sani Securities Company Ltd.,J.F. Securites (PVT) Ltd.,20,452.0,9040.0,2025-07-17 11:47:22.619582
2025-07-17,114340,2025071701008573,SBI,Sani Securities Company Ltd.,Naasa Securities Co. Ltd.,30,452.0,13560.0,2025-07-17 11:47:22.619631
2025-07-17,113256,2025071701008901,SBI,Dakshinkali Investment & Securities Pvt. Ltd.,Naasa Securities Co. Ltd.,310,452.0,140120.0,2025-07-17 11:49:14.040846
2025-07-17,113255,2025071701008902,SBI,Dakshinkali Investment & Securities Pvt. Ltd.,Dynamic Money Managers Securities Pvt. Ltd.,1423,452.0,643196.0,2025-07-17 11:49:14.041131
2025-07-17,113250,2025071701008903,SBI,Dakshinkali Investment & Securities Pvt. Ltd.,Thrive Brokerage House Pvt. Ltd,100,452.0,45200.0,2025-07-17 11:49:14.607436
2025-07-17,113128,2025071701008948,SBI,Dakshinkali Investment & Securities Pvt. Ltd.,Sumeru Securities Pvt. Ltd.,100,452.0,45200.0,2025-07-17 11:49:26.322296
2025-07-17,113096,2025071701008952,SBI,Dakshinkali Investment & Securities Pvt. Ltd.,Imperial Securities Company Pvt. Ltd.,67,452.0,30284.0,2025-07-17 11:49:29.694182
2025-07-17,113095,2025071701008953,SBI,Dakshinkali Investment & Securities Pvt. Ltd.,Imperial Securities Company Pvt. Ltd.,855,450.0,384750.0,2025-07-17 11:49:29.694302
2025-07-17,112854,2025071701009033,SBI,Dakshinkali Investment & Securities Pvt. Ltd.,Opal Securities Investment (PVT) Ltd.,4145,450.0,1865250.0,2025-07-17 11:49:58.990152
2025-07-17,112419,2025071701009169,SBI,Dakshinkali Investment & Securities Pvt. Ltd.,Sanima Securities Limited,400,447.0,178800.0,2025-07-17 11:50:47.214614
2025-07-17,112418,2025071701009170,SBI,Cristal Kanchanjanga Securites Pvt. Ltd.,Sanima Securities Limited,500,446.1,223050.0,2025-07-17 11:50:47.214732
2025-07-17,112417,2025071701009171,SBI,Sajilo Broker Limited,Sanima Securities Limited,175,446.0,78050.0,2025-07-17 11:50:47.214811
2025-07-17,112416,2025071701009172,SBI,Dakshinkali Investment & Securities Pvt. Ltd.,Sanima Securities Limited,925,446.0,412550.0,2025-07-17 11:50:47.214885
2025-07-17,112006,2025071701009325,SBI,Dakshinkali Investment & Securities Pvt. Ltd.,Dakshinkali Investment & Securities Pvt. Ltd.,100,446.0,44600.0,2025-07-17 11:51:26.202578
2025-07-17,111608,2025071701009445,SBI,Dakshinkali Investment & Securities Pvt. Ltd.,Dakshinkali Investment & Securities Pvt. Ltd.,500,446.0,223000.0,2025-07-17 11:52:09.558419
2025-07-17,111538,2025071701009472,SBI,Dakshinkali Investment & Securities Pvt. Ltd.,Vision Securities Pvt. Ltd,19,446.0,8474.0,2025-07-17 11:52:16.858303
2025-07-17,111234,2025071701009550,SBI,Dakshinkali Investment & Securities Pvt. Ltd.,Dakshinkali Investment & Securities Pvt. Ltd.,500,446.0,223000.0,2025-07-17 11:52:53.943571
2025-07-17,109650,2025071701010003,SBI,Vision Securities Pvt. Ltd,Himalayan Brokerage Company Limited,500,447.0,223500.0,2025-07-17 11:55:52.785465
2025-07-17,109649,2025071701010004,SBI,Sumeru Securities Pvt. Ltd.,Himalayan Brokerage Company Limited,200,446.0,89200.0,2025-07-17 11:55:52.785503
2025-07-17,109648,2025071701010005,SBI,Kumari Securities Private Limited,Himalayan Brokerage Company Limited,2000,445.6,891200.0,2025-07-17 11:55:52.785529
2025-07-17,109647,2025071701010006,SBI,Secured Securities Ltd.,Himalayan Brokerage Company Limited,6000,445.5,2673000.0,2025-07-17 11:55:52.785556
2025-07-17,109646,2025071701010007,SBI,Dynamic Money Managers Securities Pvt. Ltd.,Himalayan Brokerage Company Limited,600,445.4,267240.0,2025-07-17 11:55:52.785586
2025-07-17,109645,2025071701010008,SBI,Dakshinkali Investment & Securities Pvt. Ltd.,Himalayan Brokerage Company Limited,2200,445.4,979880.0,2025-07-17 11:55:52.785620
2025-07-17,109335,2025071701010072,SBI,Dakshinkali Investment & Securities Pvt. Ltd.,Himalayan Brokerage Company Limited,5988,445.4,2667055.2,2025-07-17 11:56:23.902640
2025-07-17,108716,2025071701010313,SBI,Property Wiard Limited,Himalayan Brokerage Company Limited,650,445.6,289640.0,2025-07-17 11:57:24.113724
2025-07-17,108715,2025071701010314,SBI,Citizens Share Broker Limited,Himalayan Brokerage Company Limited,2000,445.5,891000.0,2025-07-17 11:57:24.113771
2025-07-17,108714,2025071701010315,SBI,Dakshinkali Investment & Securities Pvt. Ltd.,Himalayan Brokerage Company Limited,2350,445.4,1046690.0,2025-07-17 11:57:24.113804
2025-07-17,107323,2025071701010767,SBI,Malla & Malla Stock Broking Company Pvt. Limited,Sewa Securities Pvt. Ltd.,200,445.2,89040.0,2025-07-17 11:59:26.170232
2025-07-17,107322,2025071701010768,SBI,MILKY WAY SHARE BROKER COMPANY LTD ,Sewa Securities Pvt. Ltd.,800,445.2,356160.0,2025-07-17 11:59:26.170369
2025-07-17,106199,2025071701011106,SBI,Kohinoor Investment & Securities Pvt. Ltd.,Sajilo Broker Limited,100,446.0,44600.0,2025-07-17 12:00:56.607178
2025-07-17,106198,2025071701011107,SBI,Dakshinkali Investment & Securities Pvt. Ltd.,Sajilo Broker Limited,737,445.3,328186.1,2025-07-17 12:00:56.607322
2025-07-17,106140,2025071701011130,SBI,Dakshinkali Investment & Securities Pvt. Ltd.,Himalayan Brokerage Company Limited,2263,445.3,1007713.9,2025-07-17 12:01:00.844800
2025-07-17,106139,2025071701011131,SBI,MILKY WAY SHARE BROKER COMPANY LTD ,Himalayan Brokerage Company Limited,237,445.2,105512.4,2025-07-17 12:01:00.844854
2025-07-17,104869,2025071701011550,SBI,MILKY WAY SHARE BROKER COMPANY LTD ,Imperial Securities Company Pvt. Ltd.,250,445.2,111300.0,2025-07-17 12:02:37.799610
2025-07-17,104391,2025071701011718,SBI,MILKY WAY SHARE BROKER COMPANY LTD ,Naasa Securities Co. Ltd.,1400,445.2,623280.0,2025-07-17 12:03:11.623171
2025-07-17,104176,2025071701011801,SBI,MILKY WAY SHARE BROKER COMPANY LTD ,Himalayan Brokerage Company Limited,52,445.2,23150.4,2025-07-17 12:03:31.376363
2025-07-17,104175,2025071701011802,SBI,Sani Securities Company Ltd.,Himalayan Brokerage Company Limited,500,445.0,222500.0,2025-07-17 12:03:31.376398
2025-07-17,104174,2025071701011803,SBI,Sri Hari Securities Pvt. Ltd.,Himalayan Brokerage Company Limited,1000,444.1,444100.0,2025-07-17 12:03:31.376430
2025-07-17,104173,2025071701011804,SBI,Secured Securities Ltd.,Himalayan Brokerage Company Limited,448,444.0,198912.0,2025-07-17 12:03:31.376457
2025-07-17,104080,2025071701011829,SBI,Secured Securities Ltd.,Online Securities Pvt. Ltd.,2000,444.0,888000.0,2025-07-17 12:03:39.035513
2025-07-17,103941,2025071701011865,SBI,Secured Securities Ltd.,Himalayan Brokerage Company Limited,900,444.0,399600.0,2025-07-17 12:03:53.466666
2025-07-17,103891,2025071701011880,SBI,Secured Securities Ltd.,Himalayan Brokerage Company Limited,1000,444.0,444000.0,2025-07-17 12:03:58.486694
2025-07-17,103202,2025071701012075,SBI,Secured Securities Ltd.,Naasa Securities Co. Ltd.,500,444.0,222000.0,2025-07-17 12:05:05.374513
2025-07-17,102903,2025071701012186,SBI,Secured Securities Ltd.,Dipshikha Dhitopatra Karobar Co. Pvt Ltd.,22,444.0,9768.0,2025-07-17 12:05:31.218160
2025-07-17,102499,2025071701012334,SBI,Secured Securities Ltd.,J.F. Securites (PVT) Ltd.,130,444.0,57720.0,2025-07-17 12:06:15.329877
2025-07-17,102498,2025071701012335,SBI,Imperial Securities Company Pvt. Ltd.,J.F. Securites (PVT) Ltd.,10,444.0,4440.0,2025-07-17 12:06:15.330174
2025-07-17,102495,2025071701012336,SBI,Sewa Securities Pvt. Ltd.,J.F. Securites (PVT) Ltd.,12,444.0,5328.0,2025-07-17 12:06:15.412255
2025-07-17,102316,2025071701012385,SBI,Sani Securities Company Ltd.,J.F. Securites (PVT) Ltd.,248,444.0,110112.0,2025-07-17 12:06:35.896196
2025-07-17,101973,2025071701012474,SBI,Sani Securities Company Ltd.,J.F. Securites (PVT) Ltd.,10,445.0,4450.0,2025-07-17 12:07:12.826240
2025-07-17,101816,2025071701012537,SBI,Sani Securities Company Ltd.,Trishakti Securities Public Limited,11,445.0,4895.0,2025-07-17 12:07:31.762444
2025-07-17,101684,2025071701012620,SBI,Sani Securities Company Ltd.,Himalayan Brokerage Company Limited,202,444.0,89688.0,2025-07-17 12:07:45.329224
2025-07-17,101683,2025071701012621,SBI,Himalayan Brokerage Company Limited,Himalayan Brokerage Company Limited,298,442.5,131865.0,2025-07-17 12:07:45.329276
2025-07-17,101443,2025071701012671,SBI,Kumari Securities Private Limited,Sani Securities Company Ltd.,2000,442.5,885000.0,2025-07-17 12:08:08.453158
2025-07-17,101442,2025071701012672,SBI,Opal Securities Investment (PVT) Ltd.,Sani Securities Company Ltd.,10,442.1,4421.0,2025-07-17 12:08:08.453279
2025-07-17,101441,2025071701012673,SBI,South Asian Bulls Pvt. Ltd.,Sani Securities Company Ltd.,224,442.0,99008.0,2025-07-17 12:08:08.453356
2025-07-17,101440,2025071701012674,SBI,J.F. Securites (PVT) Ltd.,Sani Securities Company Ltd.,10,442.0,4420.0,2025-07-17 12:08:08.453430
2025-07-17,101439,2025071701012675,SBI,Secured Securities Ltd.,Sani Securities Company Ltd.,10000,441.0,4410000.0,2025-07-17 12:08:08.453503
2025-07-17,101438,2025071701012676,SBI,Capital Max Securities Ltd,Sani Securities Company Ltd.,150,441.0,66150.0,2025-07-17 12:08:08.453587
2025-07-17,101437,2025071701012677,SBI,Sharepro Securities Private Limited,Sani Securities Company Ltd.,20,440.0,8800.0,2025-07-17 12:08:08.453662
2025-07-17,101436,2025071701012678,SBI,Imperial Securities Company Pvt. Ltd.,Sani Securities Company Ltd.,10,440.0,4400.0,2025-07-17 12:08:08.453732
2025-07-17,101435,2025071701012679,SBI,Dakshinkali Investment & Securities Pvt. Ltd.,Sani Securities Company Ltd.,24576,440.0,10813440.0,2025-07-17 12:08:08.453804
2025-07-17,101223,2025071701012752,SBI,Dakshinkali Investment & Securities Pvt. Ltd.,Naasa Securities Co. Ltd.,714,440.0,314160.0,2025-07-17 12:08:30.488256
2025-07-17,99034,2025071701013395,SBI,Aryatara Investment & Securities,Imperial Securities Company Pvt. Ltd.,500,441.0,220500.0,2025-07-17 12:13:03.726898
2025-07-17,98258,2025071701013573,SBI,Oxford Securities Pvt. Ltd.,Trishakti Securities Public Limited,120,444.8,53376.0,2025-07-17 12:14:36.903800
2025-07-17,98257,2025071701013574,SBI,Oxford Securities Pvt. Ltd.,Himalayan Brokerage Company Limited,1000,444.9,444900.0,2025-07-17 12:14:36.903946
2025-07-17,95873,2025071701014194,SBI,Trishakti Securities Public Limited,Asian Securities Private Ltd.,50,444.0,22200.0,2025-07-17 12:18:51.571013
2025-07-17,89344,2025071701016040,SBI,Nepal Stock House (PVT) Ltd.,Sewa Securities Pvt. Ltd.,15,443.0,6645.0,2025-07-17 12:31:43.429374
2025-07-17,86696,2025071701016833,SBI,Kalika Securities Pvt. Ltd.,Asian Securities Private Ltd.,10,444.0,4440.0,2025-07-17 12:37:05.218091
2025-07-17,86323,2025071701016992,SBI,Linch Stock Market Ltd.,Asian Securities Private Ltd.,230,444.0,102120.0,2025-07-17 12:37:44.908607
2025-07-17,85502,2025071701017247,SBI,Nepal Stock House (PVT) Ltd.,Shree Krishna Securities Ltd.,10,443.0,4430.0,2025-07-17 12:39:29.046748
2025-07-17,84785,2025071701017438,SBI,Himalayan Brokerage Company Limited,Investment Management Nepal Pvt. Ltd.,50,443.9,22195.0,2025-07-17 12:40:47.072726
2025-07-17,84784,2025071701017439,SBI,Himalayan Brokerage Company Limited,Asian Securities Private Ltd.,450,444.0,199800.0,2025-07-17 12:40:47.072955
2025-07-17,84503,2025071701017492,SBI,S.P.S.A. Securities Limited,Asian Securities Private Ltd.,225,444.0,99900.0,2025-07-17 12:41:12.756333
2025-07-17,83970,2025071701017651,SBI,Oxford Securities Pvt. Ltd.,Asian Securities Private Ltd.,35,444.0,15540.0,2025-07-17 12:42:10.213602
2025-07-17,83969,2025071701017652,SBI,Oxford Securities Pvt. Ltd.,Naasa Securities Co. Ltd.,150,444.0,66600.0,2025-07-17 12:42:10.213774
2025-07-17,83968,2025071701017653,SBI,Oxford Securities Pvt. Ltd.,Trishakti Securities Public Limited,15,444.0,6660.0,2025-07-17 12:42:10.213853
2025-07-17,83723,2025071701017706,SBI,Kohinoor Investment & Securities Pvt. Ltd.,Trishakti Securities Public Limited,80,444.0,35520.0,2025-07-17 12:42:34.792057
2025-07-17,83230,2025071701017839,SBI,Dakshinkali Investment & Securities Pvt. Ltd.,Trishakti Securities Public Limited,54,444.0,23976.0,2025-07-17 12:43:28.776042
2025-07-17,83229,2025071701017840,SBI,Dakshinkali Investment & Securities Pvt. Ltd.,Online Securities Pvt. Ltd.,174,444.0,77256.0,2025-07-17 12:43:28.776357
2025-07-17,83226,2025071701017842,SBI,Blue Chip Securities Ltd,Sundhara Securities Limited,247,444.8,109865.6,2025-07-17 12:43:29.925088
2025-07-17,83225,2025071701017843,SBI,Blue Chip Securities Ltd,Himalayan Brokerage Company Limited,753,444.9,335009.7,2025-07-17 12:43:29.925130
2025-07-17,80987,2025071701018613,SBI,Nepal Stock House (PVT) Ltd.,Himalayan Brokerage Company Limited,175,444.9,77857.5,2025-07-17 12:48:01.550979
2025-07-17,80623,2025071701018763,SBI,Thrive Brokerage House Pvt. Ltd,Himalayan Brokerage Company Limited,400,444.9,177960.0,2025-07-17 12:48:41.705311
2025-07-17,80390,2025071701018868,SBI,Dakshinkali Investment & Securities Pvt. Ltd.,Kalika Securities Pvt. Ltd.,100,444.0,44400.0,2025-07-17 12:49:06.339073
2025-07-17,79683,2025071701019078,SBI,Dakshinkali Investment & Securities Pvt. Ltd.,Kalika Securities Pvt. Ltd.,42,444.0,18648.0,2025-07-17 12:50:33.927349
2025-07-17,78186,2025071701019507,SBI,Dakshinkali Investment & Securities Pvt. Ltd.,Imperial Securities Company Pvt. Ltd.,300,444.0,133200.0,2025-07-17 12:53:19.649576
2025-07-17,77915,2025071701019605,SBI,Dakshinkali Investment & Securities Pvt. Ltd.,Kumari Securities Private Limited,1330,444.0,590520.0,2025-07-17 12:53:55.467643
2025-07-17,77117,2025071701019799,SBI,Vision Securities Pvt. Ltd,Agrawal Securities (PVT) Ltd.,1000,443.1,443100.0,2025-07-17 12:55:36.136678
2025-07-17,76979,2025071701019833,SBI,Imperial Securities Company Pvt. Ltd.,Agrawal Securities (PVT) Ltd.,100,443.0,44300.0,2025-07-17 12:55:51.321686
2025-07-17,74302,2025071701020596,SBI,Imperial Securities Company Pvt. Ltd.,Agrawal Securities (PVT) Ltd.,200,442.2,88440.0,2025-07-17 13:02:06.669084
2025-07-17,74301,2025071701020597,SBI,MILKY WAY SHARE BROKER COMPANY LTD ,Agrawal Securities (PVT) Ltd.,2000,442.2,884400.0,2025-07-17 13:02:06.669258
2025-07-17,74300,2025071701020598,SBI,Vision Securities Pvt. Ltd,Agrawal Securities (PVT) Ltd.,2000,442.1,884200.0,2025-07-17 13:02:06.669333
2025-07-17,74299,2025071701020599,SBI,Naasa Securities Co. Ltd.,Agrawal Securities (PVT) Ltd.,100,442.0,44200.0,2025-07-17 13:02:06.669403
2025-07-17,74298,2025071701020600,SBI,Sewa Securities Pvt. Ltd.,Agrawal Securities (PVT) Ltd.,10,442.0,4420.0,2025-07-17 13:02:06.669480
2025-07-17,74297,2025071701020601,SBI,Dakshinkali Investment & Securities Pvt. Ltd.,Agrawal Securities (PVT) Ltd.,1905,442.0,842010.0,2025-07-17 13:02:06.669548
2025-07-17,74263,2025071701020605,SBI,Naasa Securities Co. Ltd.,Malla & Malla Stock Broking Company Pvt. Limited,3,435.2,1305.6,2025-07-17 13:02:09.632997
2025-07-17,73412,2025071701020803,SBI,Naasa Securities Co. Ltd.,Asian Securities Private Ltd.,1,435.2,435.2,2025-07-17 13:03:56.151868
2025-07-17,71700,2025071701021303,SBI,Oxford Securities Pvt. Ltd.,Vision Securities Pvt. Ltd,15,442.1,6631.5,2025-07-17 13:08:07.297997
2025-07-17,71530,2025071701021359,SBI,Aryatara Investment & Securities,Vision Securities Pvt. Ltd,33,442.0,14586.0,2025-07-17 13:08:28.821051
2025-07-17,70481,2025071701021630,SBI,Thrive Brokerage House Pvt. Ltd,Vision Securities Pvt. Ltd,100,442.1,44210.0,2025-07-17 13:10:31.332030
2025-07-17,67510,2025071701022557,SBI,Vision Securities Pvt. Ltd,Aryatara Investment & Securities,500,442.1,221050.0,2025-07-17 13:16:52.216436
2025-07-17,67107,2025071701022708,SBI,Nepal Stock House (PVT) Ltd.,Neev Securities Pvt. Ltd.,100,443.5,44350.0,2025-07-17 13:17:48.984267
2025-07-17,66850,2025071701022771,SBI,Nepal Stock House (PVT) Ltd.,Elite Stock House Limited,900,443.5,399150.0,2025-07-17 13:18:23.601440
2025-07-17,66849,2025071701022772,SBI,Online Securities Pvt. Ltd.,Elite Stock House Limited,10,443.0,4430.0,2025-07-17 13:18:23.601645
2025-07-17,66848,2025071701022773,SBI,Aryatara Investment & Securities,Elite Stock House Limited,17,442.0,7514.0,2025-07-17 13:18:23.601721
2025-07-17,66847,2025071701022774,SBI,Siprabi Securities Pvt. Ltd.,Elite Stock House Limited,45,442.0,19890.0,2025-07-17 13:18:23.601793
2025-07-17,66846,2025071701022775,SBI,Market Securities & Exchange (PVT) Ltd.,Elite Stock House Limited,200,442.0,88400.0,2025-07-17 13:18:23.601866
2025-07-17,66845,2025071701022776,SBI,Kumari Securities Private Limited,Elite Stock House Limited,300,442.0,132600.0,2025-07-17 13:18:23.601934
2025-07-17,66844,2025071701022777,SBI,Oxford Securities Pvt. Ltd.,Elite Stock House Limited,59,442.0,26078.0,2025-07-17 13:18:23.602001
2025-07-17,66802,2025071701022790,SBI,Naasa Securities Co. Ltd.,Elite Stock House Limited,10,442.0,4420.0,2025-07-17 13:18:30.163845
2025-07-17,66219,2025071701022952,SBI,Imperial Securities Company Pvt. Ltd.,Elite Stock House Limited,169,441.3,74579.7,2025-07-17 13:19:40.921246
2025-07-17,65890,2025071701023051,SBI,Imperial Securities Company Pvt. Ltd.,Naasa Securities Co. Ltd.,817,441.3,360542.1,2025-07-17 13:20:22.278158
2025-07-17,64157,2025071701023603,SBI,Bhrikuti Stock Broking Co. Pvt. Ltd.,Vision Securities Pvt. Ltd,200,441.6,88320.0,2025-07-17 13:24:06.519950
2025-07-17,64156,2025071701023604,SBI,MILKY WAY SHARE BROKER COMPANY LTD ,Vision Securities Pvt. Ltd,100,441.5,44150.0,2025-07-17 13:24:06.520348
2025-07-17,64155,2025071701023605,SBI,Imperial Securities Company Pvt. Ltd.,Vision Securities Pvt. Ltd,1514,441.3,668128.2,2025-07-17 13:24:06.520591
2025-07-17,64154,2025071701023606,SBI,Sewa Securities Pvt. Ltd.,Vision Securities Pvt. Ltd,100,441.2,44120.0,2025-07-17 13:24:06.520814
2025-07-17,64153,2025071701023607,SBI,Shree Krishna Securities Ltd.,Vision Securities Pvt. Ltd,100,441.2,44120.0,2025-07-17 13:24:06.521089
2025-07-17,64152,2025071701023608,SBI,Asian Securities Private Ltd.,Vision Securities Pvt. Ltd,100,441.2,44120.0,2025-07-17 13:24:06.521344
2025-07-17,64151,2025071701023609,SBI,Aryatara Investment & Securities,Vision Securities Pvt. Ltd,1100,441.2,485320.0,2025-07-17 13:24:06.521630
2025-07-17,64150,2025071701023610,SBI,Dakshinkali Investment & Securities Pvt. Ltd.,Vision Securities Pvt. Ltd,75,441.1,33082.5,2025-07-17 13:24:06.521866
2025-07-17,64149,2025071701023611,SBI,Dakshinkali Investment & Securities Pvt. Ltd.,Vision Securities Pvt. Ltd,6711,441.1,2960222.1,2025-07-17 13:24:06.522137
2025-07-17,63223,2025071701023938,SBI,Naasa Securities Co. Ltd.,Oxford Securities Pvt. Ltd.,25,441.2,11030.0,2025-07-17 13:26:17.139363
2025-07-17,63222,2025071701023939,SBI,Dakshinkali Investment & Securities Pvt. Ltd.,Oxford Securities Pvt. Ltd.,975,441.1,430072.5,2025-07-17 13:26:17.139570
2025-07-17,60631,2025071701024712,SBI,South Asian Bulls Pvt. Ltd.,Secured Securities Ltd.,29,443.0,12847.0,2025-07-17 13:31:48.459428
2025-07-17,60227,2025071701024804,SBI,South Asian Bulls Pvt. Ltd.,Capital Max Securities Ltd,37,441.4,16331.8,2025-07-17 13:32:26.161884
2025-07-17,58864,2025071701025205,SBI,Bhrikuti Stock Broking Co. Pvt. Ltd.,Sri Hari Securities Pvt. Ltd.,500,442.5,221250.0,2025-07-17 13:35:02.007405
2025-07-17,58772,2025071701025234,SBI,South Asian Bulls Pvt. Ltd.,Sundhara Securities Limited,82,441.4,36194.8,2025-07-17 13:35:18.767182
2025-07-17,58573,2025071701025296,SBI,Vision Securities Pvt. Ltd,Capital Max Securities Ltd,793,441.3,349950.9,2025-07-17 13:35:37.457062
2025-07-17,58496,2025071701025312,SBI,Vision Securities Pvt. Ltd,Thrive Brokerage House Pvt. Ltd,207,441.3,91349.1,2025-07-17 13:35:48.926792
2025-07-17,58495,2025071701025313,SBI,Deevyaa Securities & Stock House Pvt. Ltd,Thrive Brokerage House Pvt. Ltd,293,441.3,129300.9,2025-07-17 13:35:48.926878
2025-07-17,57309,2025071701025625,SBI,Market Securities & Exchange (PVT) Ltd.,Sri Hari Securities Pvt. Ltd.,200,441.4,88280.0,2025-07-17 13:37:50.348884
2025-07-17,57308,2025071701025626,SBI,Deevyaa Securities & Stock House Pvt. Ltd,Sri Hari Securities Pvt. Ltd.,800,441.3,353040.0,2025-07-17 13:37:50.349113
2025-07-17,56906,2025071701025769,SBI,Market Securities & Exchange (PVT) Ltd.,Capital Max Securities Ltd,1000,442.0,442000.0,2025-07-17 13:38:35.714125
2025-07-17,56905,2025071701025770,SBI,Deevyaa Securities & Stock House Pvt. Ltd,Capital Max Securities Ltd,969,441.3,427619.7,2025-07-17 13:38:35.714246
2025-07-17,56904,2025071701025771,SBI,Imperial Securities Company Pvt. Ltd.,Capital Max Securities Ltd,200,441.3,88260.0,2025-07-17 13:38:35.714311
2025-07-17,56903,2025071701025772,SBI,Deevyaa Securities & Stock House Pvt. Ltd,Capital Max Securities Ltd,100,441.2,44120.0,2025-07-17 13:38:35.714336
2025-07-17,56902,2025071701025773,SBI,Dakshinkali Investment & Securities Pvt. Ltd.,Capital Max Securities Ltd,2731,441.1,1204644.1,2025-07-17 13:38:35.714366
2025-07-17,56853,2025071701025797,SBI,Dakshinkali Investment & Securities Pvt. Ltd.,Vision Securities Pvt. Ltd,16584,441.1,7315202.4,2025-07-17 13:38:41.302305
2025-07-17,53334,2025071701026783,SBI,Dipshikha Dhitopatra Karobar Co. Pvt Ltd.,Himalayan Brokerage Company Limited,300,442.0,132600.0,2025-07-17 13:44:57.249657
2025-07-17,53333,2025071701026784,SBI,Asian Securities Private Ltd.,Himalayan Brokerage Company Limited,150,441.2,66180.0,2025-07-17 13:44:57.249860
2025-07-17,53332,2025071701026785,SBI,Market Securities & Exchange (PVT) Ltd.,Himalayan Brokerage Company Limited,200,441.2,88240.0,2025-07-17 13:44:57.249948
2025-07-17,53331,2025071701026786,SBI,Imperial Securities Company Pvt. Ltd.,Himalayan Brokerage Company Limited,18,441.2,7941.6,2025-07-17 13:44:57.250021
2025-07-17,53330,2025071701026787,SBI,Oxford Securities Pvt. Ltd.,Himalayan Brokerage Company Limited,282,441.2,124418.4,2025-07-17 13:44:57.250099
2025-07-17,52501,2025071701027010,SBI,SUN SECURITIES PVT LTD,Vision Securities Pvt. Ltd,1000,441.6,441600.0,2025-07-17 13:46:13.300018
2025-07-17,51903,2025071701027233,SBI,Linch Stock Market Ltd.,Himalayan Securities Limited,20,442.0,8840.0,2025-07-17 13:47:22.908535
2025-07-17,51326,2025071701027428,SBI,Dynamic Money Managers Securities Pvt. Ltd.,Naasa Securities Co. Ltd.,20,443.9,8878.0,2025-07-17 13:48:18.813583
2025-07-17,51325,2025071701027429,SBI,Dynamic Money Managers Securities Pvt. Ltd.,Deevyaa Securities & Stock House Pvt. Ltd,30,444.0,13320.0,2025-07-17 13:48:18.813769
2025-07-17,48852,2025071701028204,SBI,Linch Stock Market Ltd.,Deevyaa Securities & Stock House Pvt. Ltd,480,444.0,213120.0,2025-07-17 13:51:52.101950
2025-07-17,48273,2025071701028362,SBI,Dynamic Money Managers Securities Pvt. Ltd.,Deevyaa Securities & Stock House Pvt. Ltd,300,444.0,133200.0,2025-07-17 13:52:51.791806
2025-07-17,47974,2025071701028432,SBI,Kalika Securities Pvt. Ltd.,Deevyaa Securities & Stock House Pvt. Ltd,25,444.0,11100.0,2025-07-17 13:53:30.194797
2025-07-17,47718,2025071701028512,SBI,Dynamic Money Managers Securities Pvt. Ltd.,Deevyaa Securities & Stock House Pvt. Ltd,50,444.0,22200.0,2025-07-17 13:53:56.970209
2025-07-17,47311,2025071701028667,SBI,Dynamic Money Managers Securities Pvt. Ltd.,Deevyaa Securities & Stock House Pvt. Ltd,10,444.0,4440.0,2025-07-17 13:54:40.276112
2025-07-17,47310,2025071701028668,SBI,Dynamic Money Managers Securities Pvt. Ltd.,Deevyaa Securities & Stock House Pvt. Ltd,10,444.0,4440.0,2025-07-17 13:54:40.282083
2025-07-17,47150,2025071701028735,SBI,Thrive Brokerage House Pvt. Ltd,Deevyaa Securities & Stock House Pvt. Ltd,700,444.0,310800.0,2025-07-17 13:54:57.197765
2025-07-17,46439,2025071701028959,SBI,Dakshinkali Investment & Securities Pvt. Ltd.,Deevyaa Securities & Stock House Pvt. Ltd,395,444.0,175380.0,2025-07-17 13:56:10.095251
2025-07-17,46438,2025071701028960,SBI,Dakshinkali Investment & Securities Pvt. Ltd.,Vision Securities Pvt. Ltd,1000,444.0,444000.0,2025-07-17 13:56:10.095626
2025-07-17,46437,2025071701028961,SBI,Dakshinkali Investment & Securities Pvt. Ltd.,Malla & Malla Stock Broking Company Pvt. Limited,50,444.0,22200.0,2025-07-17 13:56:10.095859
2025-07-17,46436,2025071701028962,SBI,Dakshinkali Investment & Securities Pvt. Ltd.,Agrawal Securities (PVT) Ltd.,200,444.0,88800.0,2025-07-17 13:56:10.096099
2025-07-17,46435,2025071701028963,SBI,Dakshinkali Investment & Securities Pvt. Ltd.,Vision Securities Pvt. Ltd,10,444.0,4440.0,2025-07-17 13:56:10.096317
2025-07-17,45955,2025071701029105,SBI,Vision Securities Pvt. Ltd,Vision Securities Pvt. Ltd,500,444.5,222250.0,2025-07-17 13:56:55.940625
2025-07-17,44928,2025071701029349,SBI,Dakshinkali Investment & Securities Pvt. Ltd.,Aryatara Investment & Securities,345,444.0,153180.0,2025-07-17 13:58:22.981629
2025-07-17,44927,2025071701029350,SBI,Asian Securities Private Ltd.,Aryatara Investment & Securities,200,443.7,88740.0,2025-07-17 13:58:22.981741
2025-07-17,44926,2025071701029351,SBI,Vision Securities Pvt. Ltd,Aryatara Investment & Securities,200,442.1,88420.0,2025-07-17 13:58:22.981825
2025-07-17,44925,2025071701029352,SBI,NIMB Stock Markets Limited,Aryatara Investment & Securities,163,442.1,72062.3,2025-07-17 13:58:22.981930
2025-07-17,44272,2025071701029598,SBI,Aryatara Investment & Securities,Himalayan Brokerage Company Limited,639,444.9,284291.1,2025-07-17 13:59:23.919275
2025-07-17,43233,2025071701029872,SBI,Aryatara Investment & Securities,Himalayan Brokerage Company Limited,33,444.9,14681.7,2025-07-17 14:01:32.339596
2025-07-17,43232,2025071701029873,SBI,Aryatara Investment & Securities,Kohinoor Investment & Securities Pvt. Ltd.,17,445.0,7565.0,2025-07-17 14:01:32.339662
2025-07-17,41874,2025071701030293,SBI,Vision Securities Pvt. Ltd,Vision Securities Pvt. Ltd,200,442.7,88540.0,2025-07-17 14:03:46.370511
2025-07-17,41873,2025071701030294,SBI,Dakshinkali Investment & Securities Pvt. Ltd.,Vision Securities Pvt. Ltd,500,442.6,221300.0,2025-07-17 14:03:46.370692
2025-07-17,41872,2025071701030295,SBI,Dakshinkali Investment & Securities Pvt. Ltd.,Vision Securities Pvt. Ltd,220,442.5,97350.0,2025-07-17 14:03:46.370768
2025-07-17,41871,2025071701030296,SBI,Dakshinkali Investment & Securities Pvt. Ltd.,Vision Securities Pvt. Ltd,80,442.3,35384.0,2025-07-17 14:03:46.370843
2025-07-17,36980,2025071701031771,SBI,Oxford Securities Pvt. Ltd.,ABC Securities Private Limited,19,444.9,8453.1,2025-07-17 14:11:21.161672
2025-07-17,36979,2025071701031772,SBI,Oxford Securities Pvt. Ltd.,Kohinoor Investment & Securities Pvt. Ltd.,233,445.0,103685.0,2025-07-17 14:11:21.161856
2025-07-17,36978,2025071701031773,SBI,Oxford Securities Pvt. Ltd.,Malla & Malla Stock Broking Company Pvt. Limited,10,445.0,4450.0,2025-07-17 14:11:21.161941
2025-07-17,36977,2025071701031774,SBI,Oxford Securities Pvt. Ltd.,Linch Stock Market Ltd.,100,445.0,44500.0,2025-07-17 14:11:21.162015
2025-07-17,36976,2025071701031775,SBI,Oxford Securities Pvt. Ltd.,Linch Stock Market Ltd.,50,445.0,22250.0,2025-07-17 14:11:21.162089
2025-07-17,36975,2025071701031776,SBI,Oxford Securities Pvt. Ltd.,Deevyaa Securities & Stock House Pvt. Ltd,1306,445.0,581170.0,2025-07-17 14:11:21.162164
2025-07-17,36132,2025071701032007,SBI,Machhapuchchhre Securities Limited,Opal Securities Investment (PVT) Ltd.,119,443.0,52717.0,2025-07-17 14:12:48.619411
2025-07-17,36116,2025071701032016,SBI,Machhapuchchhre Securities Limited,Vision Securities Pvt. Ltd,491,443.0,217513.0,2025-07-17 14:12:51.378332
2025-07-17,36036,2025071701032029,SBI,Machhapuchchhre Securities Limited,Opal Securities Investment (PVT) Ltd.,289,443.0,128027.0,2025-07-17 14:12:57.677207
2025-07-17,35950,2025071701032062,SBI,Machhapuchchhre Securities Limited,Opal Securities Investment (PVT) Ltd.,101,443.0,44743.0,2025-07-17 14:13:08.758765
2025-07-17,35949,2025071701032063,SBI,Deevyaa Securities & Stock House Pvt. Ltd,Opal Securities Investment (PVT) Ltd.,189,443.0,83727.0,2025-07-17 14:13:08.758798
2025-07-17,35823,2025071701032096,SBI,Deevyaa Securities & Stock House Pvt. Ltd,Opal Securities Investment (PVT) Ltd.,109,443.0,48287.0,2025-07-17 14:13:17.831311
2025-07-17,35644,2025071701032130,SBI,Deevyaa Securities & Stock House Pvt. Ltd,Dynamic Money Managers Securities Pvt. Ltd.,990,443.0,438570.0,2025-07-17 14:13:31.931150
2025-07-17,34347,2025071701032501,SBI,Deevyaa Securities & Stock House Pvt. Ltd,Vision Securities Pvt. Ltd,712,443.0,315416.0,2025-07-17 14:16:01.207297
2025-07-17,34346,2025071701032502,SBI,Aryatara Investment & Securities,Vision Securities Pvt. Ltd,10,443.0,4430.0,2025-07-17 14:16:01.207480
2025-07-17,34345,2025071701032503,SBI,Sumeru Securities Pvt. Ltd.,Vision Securities Pvt. Ltd,100,442.2,44220.0,2025-07-17 14:16:01.207558
2025-07-17,34344,2025071701032504,SBI,NIMB Stock Markets Limited,Vision Securities Pvt. Ltd,1837,442.1,812137.7,2025-07-17 14:16:01.207628
2025-07-17,34343,2025071701032505,SBI,Dynamic Money Managers Securities Pvt. Ltd.,Vision Securities Pvt. Ltd,5000,442.1,2210500.0,2025-07-17 14:16:01.207698
2025-07-17,34342,2025071701032506,SBI,Naasa Securities Co. Ltd.,Vision Securities Pvt. Ltd,50,442.0,22100.0,2025-07-17 14:16:01.207768
2025-07-17,34341,2025071701032507,SBI,Sri Hari Securities Pvt. Ltd.,Vision Securities Pvt. Ltd,131,442.0,57902.0,2025-07-17 14:16:01.207834
2025-07-17,34340,2025071701032508,SBI,SUN SECURITIES PVT LTD,Vision Securities Pvt. Ltd,266,441.6,117465.6,2025-07-17 14:16:01.207901
2025-07-17,34157,2025071701032562,SBI,SUN SECURITIES PVT LTD,Sani Securities Company Ltd.,1734,441.6,765734.4,2025-07-17 14:16:28.510240
2025-07-17,34156,2025071701032563,SBI,MILKY WAY SHARE BROKER COMPANY LTD ,Sani Securities Company Ltd.,2000,441.2,882400.0,2025-07-17 14:16:28.510409
2025-07-17,34155,2025071701032564,SBI,Asian Securities Private Ltd.,Sani Securities Company Ltd.,100,441.2,44120.0,2025-07-17 14:16:28.510481
2025-07-17,34154,2025071701032565,SBI,Dakshinkali Investment & Securities Pvt. Ltd.,Sani Securities Company Ltd.,2166,441.1,955422.6,2025-07-17 14:16:28.510550
2025-07-17,28511,2025071701034237,SBI,Vision Securities Pvt. Ltd,Nepal Investment And Securities Trading Private Limited,100,442.2,44220.0,2025-07-17 14:26:38.597988
2025-07-17,25147,2025071701035344,SBI,Pragyan Securities (PVT) Ltd.,ABC Securities Private Limited,50,442.2,22110.0,2025-07-17 14:31:48.070786
2025-07-17,24956,2025071701035407,SBI,Pragyan Securities (PVT) Ltd.,Vision Securities Pvt. Ltd,450,442.2,198990.0,2025-07-17 14:32:00.802605
2025-07-17,24460,2025071701035578,SBI,Dipshikha Dhitopatra Karobar Co. Pvt Ltd.,Sri Hari Securities Pvt. Ltd.,500,442.5,221250.0,2025-07-17 14:32:32.881279
2025-07-17,24459,2025071701035579,SBI,Dynamic Money Managers Securities Pvt. Ltd.,Sri Hari Securities Pvt. Ltd.,400,442.1,176840.0,2025-07-17 14:32:32.881465
2025-07-17,24458,2025071701035580,SBI,Sani Securities Company Ltd.,Sri Hari Securities Pvt. Ltd.,20,442.1,8842.0,2025-07-17 14:32:32.881537
2025-07-17,24457,2025071701035581,SBI,Sani Securities Company Ltd.,Sri Hari Securities Pvt. Ltd.,20,442.0,8840.0,2025-07-17 14:32:32.881611
2025-07-17,24456,2025071701035582,SBI,Dakshinkali Investment & Securities Pvt. Ltd.,Sri Hari Securities Pvt. Ltd.,227,442.0,100334.0,2025-07-17 14:32:32.881684
2025-07-17,24455,2025071701035583,SBI,J.F. Securites (PVT) Ltd.,Sri Hari Securities Pvt. Ltd.,200,442.0,88400.0,2025-07-17 14:32:32.881755
2025-07-17,24454,2025071701035584,SBI,Online Securities Pvt. Ltd.,Sri Hari Securities Pvt. Ltd.,50,441.6,22080.0,2025-07-17 14:32:32.881827
2025-07-17,24453,2025071701035585,SBI,Oxford Securities Pvt. Ltd.,Sri Hari Securities Pvt. Ltd.,1000,441.4,441400.0,2025-07-17 14:32:32.881899
2025-07-17,24452,2025071701035586,SBI,Dakshinkali Investment & Securities Pvt. Ltd.,Sri Hari Securities Pvt. Ltd.,2583,441.3,1139877.9,2025-07-17 14:32:32.881969
2025-07-17,24253,2025071701035646,SBI,Blue Chip Securities Ltd,Imperial Securities Company Pvt. Ltd.,500,442.5,221250.0,2025-07-17 14:32:51.311078
2025-07-17,21887,2025071701036452,SBI,Blue Chip Securities Ltd,Trishakti Securities Public Limited,300,442.5,132750.0,2025-07-17 14:35:59.666963
2025-07-17,21775,2025071701036476,SBI,Himalayan Brokerage Company Limited,Online Securities Pvt. Ltd.,2,442.5,885.0,2025-07-17 14:36:09.389991
2025-07-17,21265,2025071701036631,SBI,South Asian Bulls Pvt. Ltd.,Online Securities Pvt. Ltd.,1,441.4,441.4,2025-07-17 14:36:49.380830
2025-07-17,21156,2025071701036684,SBI,Himalayan Brokerage Company Limited,Neev Securities Pvt. Ltd.,500,442.0,221000.0,2025-07-17 14:36:58.996155
2025-07-17,17930,2025071701037541,SBI,Kohinoor Investment & Securities Pvt. Ltd.,Neev Securities Pvt. Ltd.,400,442.0,176800.0,2025-07-17 14:41:30.088320
2025-07-17,17017,2025071701037827,SBI,Market Securities & Exchange (PVT) Ltd.,Trishakti Securities Public Limited,190,441.8,83942.0,2025-07-17 14:42:55.963681
2025-07-17,16507,2025071701037939,SBI,Market Securities & Exchange (PVT) Ltd.,Aryatara Investment & Securities,200,441.7,88340.0,2025-07-17 14:43:40.248543
2025-07-17,16373,2025071701037958,SBI,Market Securities & Exchange (PVT) Ltd.,Aryatara Investment & Securities,200,441.6,88320.0,2025-07-17 14:43:52.590060
2025-07-17,16372,2025071701037959,SBI,Sweta Securities Private Limited,Aryatara Investment & Securities,100,441.6,44160.0,2025-07-17 14:43:52.590244
2025-07-17,16371,2025071701037960,SBI,Bhrikuti Stock Broking Co. Pvt. Ltd.,Aryatara Investment & Securities,100,441.6,44160.0,2025-07-17 14:43:52.590319
2025-07-17,16250,2025071701037998,SBI,Market Securities & Exchange (PVT) Ltd.,Aryatara Investment & Securities,90,441.5,39735.0,2025-07-17 14:44:01.825511
2025-07-17,16043,2025071701038050,SBI,Market Securities & Exchange (PVT) Ltd.,Imperial Securities Company Pvt. Ltd.,10,441.5,4415.0,2025-07-17 14:44:15.307551
2025-07-17,16042,2025071701038051,SBI,Market Securities & Exchange (PVT) Ltd.,Imperial Securities Company Pvt. Ltd.,500,441.4,220700.0,2025-07-17 14:44:15.307748
2025-07-17,16041,2025071701038052,SBI,Oxford Securities Pvt. Ltd.,Imperial Securities Company Pvt. Ltd.,490,441.4,216286.0,2025-07-17 14:44:15.307824
2025-07-17,16027,2025071701038059,SBI,Market Securities & Exchange (PVT) Ltd.,Trishakti Securities Public Limited,120,441.6,52992.0,2025-07-17 14:44:17.056300
2025-07-17,15457,2025071701038245,SBI,Aryatara Investment & Securities,Neev Securities Pvt. Ltd.,20,442.0,8840.0,2025-07-17 14:45:00.447925
2025-07-17,15413,2025071701038252,SBI,Market Securities & Exchange (PVT) Ltd.,Sani Securities Company Ltd.,29,441.6,12806.4,2025-07-17 14:45:04.085879
2025-07-17,15379,2025071701038266,SBI,MILKY WAY SHARE BROKER COMPANY LTD ,Neev Securities Pvt. Ltd.,500,442.0,221000.0,2025-07-17 14:45:07.425334
2025-07-17,14593,2025071701038493,SBI,Market Securities & Exchange (PVT) Ltd.,Neev Securities Pvt. Ltd.,2000,442.0,884000.0,2025-07-17 14:46:15.093677
2025-07-17,12789,2025071701039080,SBI,Dipshikha Dhitopatra Karobar Co. Pvt Ltd.,Nepal Investment And Securities Trading Private Limited,50,441.9,22095.0,2025-07-17 14:48:37.920778
2025-07-17,11497,2025071701039398,SBI,Deevyaa Securities & Stock House Pvt. Ltd,Neev Securities Pvt. Ltd.,383,442.0,169286.0,2025-07-17 14:50:25.873143
2025-07-17,11496,2025071701039399,SBI,Deevyaa Securities & Stock House Pvt. Ltd,Vision Securities Pvt. Ltd,117,442.0,51714.0,2025-07-17 14:50:25.873346
2025-07-17,11231,2025071701039472,SBI,SHUBHAKAMANA SECURITIES PVT. LTD,Vision Securities Pvt. Ltd,50,442.0,22100.0,2025-07-17 14:50:47.725056
2025-07-17,10817,2025071701039571,SBI,Oxford Securities Pvt. Ltd.,Vision Securities Pvt. Ltd,510,442.0,225420.0,2025-07-17 14:51:22.649163
2025-07-17,10696,2025071701039598,SBI,Dipshikha Dhitopatra Karobar Co. Pvt Ltd.,Imperial Securities Company Pvt. Ltd.,350,441.9,154665.0,2025-07-17 14:51:32.524175
2025-07-17,10695,2025071701039599,SBI,Market Securities & Exchange (PVT) Ltd.,Imperial Securities Company Pvt. Ltd.,61,441.6,26937.6,2025-07-17 14:51:32.524361
2025-07-17,10694,2025071701039600,SBI,Deevyaa Securities & Stock House Pvt. Ltd,Imperial Securities Company Pvt. Ltd.,89,441.4,39284.6,2025-07-17 14:51:32.524440
2025-07-17,10690,2025071701039601,SBI,Market Securities & Exchange (PVT) Ltd.,Vision Securities Pvt. Ltd,323,442.0,142766.0,2025-07-17 14:51:32.622281
2025-07-17,9993,2025071701039823,SBI,Online Securities Pvt. Ltd.,Market Securities & Exchange (PVT) Ltd.,173,442.0,76466.0,2025-07-17 14:52:30.263495
2025-07-17,9603,2025071701039902,SBI,Online Securities Pvt. Ltd.,Sumeru Securities Pvt. Ltd.,200,442.3,88460.0,2025-07-17 14:52:55.064178
2025-07-17,9009,2025071701040077,SBI,Online Securities Pvt. Ltd.,Trishakti Securities Public Limited,100,442.5,44250.0,2025-07-17 14:53:29.512000
2025-07-17,8935,2025071701040105,SBI,Capital Max Securities Ltd,Trishakti Securities Public Limited,100,442.5,44250.0,2025-07-17 14:53:34.485570
2025-07-17,8610,2025071701040233,SBI,Online Securities Pvt. Ltd.,Online Securities Pvt. Ltd.,800,442.3,353840.0,2025-07-17 14:53:55.259725
2025-07-17,8609,2025071701040234,SBI,Online Securities Pvt. Ltd.,Online Securities Pvt. Ltd.,200,442.0,88400.0,2025-07-17 14:53:55.259935
2025-07-17,8333,2025071701040336,SBI,Online Securities Pvt. Ltd.,Vision Securities Pvt. Ltd,100,442.0,44200.0,2025-07-17 14:54:17.383797
2025-07-17,8320,2025071701040342,SBI,Online Securities Pvt. Ltd.,Online Securities Pvt. Ltd.,27,442.0,11934.0,2025-07-17 14:54:18.706006
2025-07-17,7895,2025071701040468,SBI,Online Securities Pvt. Ltd.,SUN SECURITIES PVT LTD,276,441.6,121881.6,2025-07-17 14:54:49.415102
2025-07-17,7859,2025071701040482,SBI,Naasa Securities Co. Ltd.,Online Securities Pvt. Ltd.,300,442.0,132600.0,2025-07-17 14:54:51.897106
2025-07-17,7530,2025071701040584,SBI,Market Securities & Exchange (PVT) Ltd.,Online Securities Pvt. Ltd.,673,442.0,297466.0,2025-07-17 14:55:11.907622
2025-07-17,7262,2025071701040669,SBI,Naasa Securities Co. Ltd.,Vision Securities Pvt. Ltd,20,442.0,8840.0,2025-07-17 14:55:30.703396
2025-07-17,6748,2025071701040885,SBI,Imperial Securities Company Pvt. Ltd.,Vision Securities Pvt. Ltd,10,442.0,4420.0,2025-07-17 14:56:02.076506
2025-07-17,6416,2025071701040999,SBI,Market Securities & Exchange (PVT) Ltd.,Vision Securities Pvt. Ltd,104,442.0,45968.0,2025-07-17 14:56:22.631208
2025-07-17,6315,2025071701041043,SBI,ABC Securities Private Limited,Trishakti Securities Public Limited,88,441.7,38869.6,2025-07-17 14:56:28.206912
2025-07-17,6314,2025071701041044,SBI,Online Securities Pvt. Ltd.,Trishakti Securities Public Limited,24,441.6,10598.4,2025-07-17 14:56:28.207283
2025-07-17,6313,2025071701041045,SBI,Deevyaa Securities & Stock House Pvt. Ltd,Trishakti Securities Public Limited,11,441.6,4857.6,2025-07-17 14:56:28.207507
2025-07-17,6312,2025071701041046,SBI,Pragyan Securities (PVT) Ltd.,Trishakti Securities Public Limited,250,441.5,110375.0,2025-07-17 14:56:28.207743
2025-07-17,6311,2025071701041047,SBI,Deevyaa Securities & Stock House Pvt. Ltd,Trishakti Securities Public Limited,1500,441.5,662250.0,2025-07-17 14:56:28.207965
2025-07-17,6242,2025071701041068,SBI,Online Securities Pvt. Ltd.,Trishakti Securities Public Limited,100,441.5,44150.0,2025-07-17 14:56:32.869962
2025-07-17,5631,2025071701041274,SBI,Online Securities Pvt. Ltd.,Trishakti Securities Public Limited,20,441.5,8830.0,2025-07-17 14:57:04.895971
2025-07-17,5502,2025071701041336,SBI,Bhrikuti Stock Broking Co. Pvt. Ltd.,Imperial Securities Company Pvt. Ltd.,1000,441.4,441400.0,2025-07-17 14:57:11.460633
2025-07-17,5463,2025071701041355,SBI,SUN SECURITIES PVT LTD,Trishakti Securities Public Limited,500,441.5,220750.0,2025-07-17 14:57:14.360588
2025-07-17,4837,2025071701041603,SBI,Oxford Securities Pvt. Ltd.,Dipshikha Dhitopatra Karobar Co. Pvt Ltd.,100,441.9,44190.0,2025-07-17 14:57:45.342116
2025-07-17,2921,2025071701042153,SBI,Naasa Securities Co. Ltd.,Dipshikha Dhitopatra Karobar Co. Pvt Ltd.,50,441.6,22080.0,2025-07-17 14:58:57.803444
2025-07-17,2920,2025071701042154,SBI,Nepal Stock House (PVT) Ltd.,Dipshikha Dhitopatra Karobar Co. Pvt Ltd.,30,441.6,13248.0,2025-07-17 14:58:57.803650
2025-07-17,2723,2025071701042211,SBI,J.F. Securites (PVT) Ltd.,Dipshikha Dhitopatra Karobar Co. Pvt Ltd.,220,441.6,97152.0,2025-07-17 14:59:05.334863
2025-07-17,2503,2025071701042251,SBI,J.F. Securites (PVT) Ltd.,Aryatara Investment & Securities,11,441.8,4859.8,2025-07-17 14:59:12.151960
2025-07-17,2426,2025071701042296,SBI,Ashutosh Brokerage & Securities (PVT) Ltd.,Vision Securities Pvt. Ltd,147,442.0,64974.0,2025-07-17 14:59:14.291147
2025-07-17,2160,2025071701042370,SBI,Oxford Securities Pvt. Ltd.,Vision Securities Pvt. Ltd,100,442.0,44200.0,2025-07-17 14:59:21.127587
2025-07-17,1644,2025071701042523,SBI,Neev Securities Pvt. Ltd.,Vision Securities Pvt. Ltd,1000,442.0,442000.0,2025-07-17 14:59:32.955322
2025-07-17,1036,2025071701042726,SBI,Pragyan Securities (PVT) Ltd.,Vision Securities Pvt. Ltd,50,442.0,22100.0,2025-07-17 14:59:42.754253
2025-07-17,1004,2025071701042738,SBI,Sanima Securities Limited,Vision Securities Pvt. Ltd,100,442.0,44200.0,2025-07-17 14:59:43.641605
2025-07-17,672,2025071701042853,SBI,J.F. Securites (PVT) Ltd.,Opal Securities Investment (PVT) Ltd.,69,441.8,30484.2,2025-07-17 14:59:50.640308
2025-07-17,671,2025071701042854,SBI,Vision Securities Pvt. Ltd,Opal Securities Investment (PVT) Ltd.,250,441.4,110350.0,2025-07-17 14:59:50.640351
2025-07-17,670,2025071701042855,SBI,Dakshinkali Investment & Securities Pvt. Ltd.,Opal Securities Investment (PVT) Ltd.,1181,441.3,521175.3,2025-07-17 14:59:50.640375
2025-07-17,258,2025071701042980,SBI,Sani Securities Company Ltd.,Vision Securities Pvt. Ltd,300,442.0,132600.0,2025-07-17 14:59:57.161216
2025-07-17,43,2025071701043015,SBI,Sani Securities Company Ltd.,Vision Securities Pvt. Ltd,30,442.0,13260.0,2025-07-17 14:59:59.379903
