Date,S.N.,Contract ID,Symbol,Buyer Broker,Seller Broker,volume,rate,amount,transaction_time
2025-07-17,141383,2025071704000021,SSHL,Online Securities Pvt. Ltd.,Aryatara Investment & Securities,10,261.0,2610.0,2025-07-17 10:46:00.070781
2025-07-17,140941,2025071704000189,SSHL,S.P.S.A. Securities Limited,Primo Securities (PVT) Ltd.,60,259.9,15594.0,2025-07-17 11:01:48.429396
2025-07-17,140178,2025071704000433,SSHL,Sharepro Securities Private Limited,Nepal Stock House (PVT) Ltd.,50,256.0,12800.0,2025-07-17 11:03:50.213155
2025-07-17,139951,2025071704000514,SSHL,Nepal Stock House (PVT) Ltd.,Siprabi Securities Pvt. Ltd.,150,258.7,38805.0,2025-07-17 11:04:18.335168
2025-07-17,139814,2025071704000556,SSHL,Nepal Stock House (PVT) Ltd.,MILKY WAY SHARE BROKER COMPANY LTD ,150,258.7,38805.0,2025-07-17 11:04:35.775974
2025-07-17,139646,2025071704000628,SSHL,Midas Stock Broking Company Private Limited,Dynamic Money Managers Securities Pvt. Ltd.,10,257.5,2575.0,2025-07-17 11:04:59.544625
2025-07-17,139645,2025071704000629,SSHL,Midas Stock Broking Company Private Limited,Sweta Securities Private Limited,40,258.9,10356.0,2025-07-17 11:04:59.544755
2025-07-17,139071,2025071704000812,SSHL,Naasa Securities Co. Ltd.,Dynamic Money Managers Securities Pvt. Ltd.,10,258.5,2585.0,2025-07-17 11:06:08.562423
2025-07-17,139070,2025071704000813,SSHL,Naasa Securities Co. Ltd.,MILKY WAY SHARE BROKER COMPANY LTD ,350,258.8,90580.0,2025-07-17 11:06:08.562548
2025-07-17,139069,2025071704000814,SSHL,Naasa Securities Co. Ltd.,Sweta Securities Private Limited,160,258.9,41424.0,2025-07-17 11:06:08.562599
2025-07-17,139068,2025071704000815,SSHL,Naasa Securities Co. Ltd.,Naasa Securities Co. Ltd.,100,258.9,25890.0,2025-07-17 11:06:08.562640
2025-07-17,138988,2025071704000843,SSHL,Sani Securities Company Ltd.,Dynamic Money Managers Securities Pvt. Ltd.,90,259.0,23310.0,2025-07-17 11:06:21.870942
2025-07-17,138987,2025071704000844,SSHL,Sani Securities Company Ltd.,Swarna Laxmi Securities Pvt. Ltd.,470,259.0,121730.0,2025-07-17 11:06:21.871022
2025-07-17,138875,2025071704000871,SSHL,Naasa Securities Co. Ltd.,Swarna Laxmi Securities Pvt. Ltd.,30,259.0,7770.0,2025-07-17 11:06:36.772611
2025-07-17,138874,2025071704000872,SSHL,Naasa Securities Co. Ltd.,Secured Securities Ltd.,200,259.0,51800.0,2025-07-17 11:06:36.772724
2025-07-17,138873,2025071704000873,SSHL,Naasa Securities Co. Ltd.,Primo Securities (PVT) Ltd.,150,259.9,38985.0,2025-07-17 11:06:36.772788
2025-07-17,138739,2025071704000929,SSHL,Sani Securities Company Ltd.,MILKY WAY SHARE BROKER COMPANY LTD ,20,258.9,5178.0,2025-07-17 11:06:52.493125
2025-07-17,137289,2025071704001502,SSHL,Property Wiard Limited,Imperial Securities Company Pvt. Ltd.,100,259.0,25900.0,2025-07-17 11:09:39.876489
2025-07-17,136650,2025071704001706,SSHL,Dynamic Money Managers Securities Pvt. Ltd.,Siprabi Securities Pvt. Ltd.,50,258.9,12945.0,2025-07-17 11:10:39.588605
2025-07-17,136260,2025071704001867,SSHL,Premier Securities Company Ltd.,Linch Stock Market Ltd.,500,259.0,129500.0,2025-07-17 11:11:21.213007
2025-07-17,136223,2025071704001883,SSHL,Dynamic Money Managers Securities Pvt. Ltd.,MILKY WAY SHARE BROKER COMPANY LTD ,335,258.9,86731.5,2025-07-17 11:11:24.499260
2025-07-17,135549,2025071704002111,SSHL,Vision Securities Pvt. Ltd,Property Wiard Limited,386,259.0,99974.0,2025-07-17 11:12:26.237512
2025-07-17,135548,2025071704002112,SSHL,Naasa Securities Co. Ltd.,Property Wiard Limited,114,258.9,29514.6,2025-07-17 11:12:26.237632
2025-07-17,135404,2025071704002141,SSHL,Naasa Securities Co. Ltd.,Imperial Securities Company Pvt. Ltd.,276,258.9,71456.4,2025-07-17 11:12:39.796678
2025-07-17,135286,2025071704002173,SSHL,Bhrikuti Stock Broking Co. Pvt. Ltd.,Imperial Securities Company Pvt. Ltd.,600,258.9,155340.0,2025-07-17 11:12:49.094472
2025-07-17,135168,2025071704002214,SSHL,Sundhara Securities Limited,Imperial Securities Company Pvt. Ltd.,75,258.9,19417.5,2025-07-17 11:13:01.600777
2025-07-17,134758,2025071704002324,SSHL,Property Wiard Limited,Pragyan Securities (PVT) Ltd.,200,258.1,51620.0,2025-07-17 11:13:32.701653
2025-07-17,134757,2025071704002325,SSHL,Dipshikha Dhitopatra Karobar Co. Pvt Ltd.,Pragyan Securities (PVT) Ltd.,350,258.0,90300.0,2025-07-17 11:13:32.701793
2025-07-17,134756,2025071704002326,SSHL,Dipshikha Dhitopatra Karobar Co. Pvt Ltd.,Pragyan Securities (PVT) Ltd.,400,258.0,103200.0,2025-07-17 11:13:32.701859
2025-07-17,134755,2025071704002327,SSHL,Dipshikha Dhitopatra Karobar Co. Pvt Ltd.,Pragyan Securities (PVT) Ltd.,50,258.0,12900.0,2025-07-17 11:13:32.701904
2025-07-17,134412,2025071704002447,SSHL,Midas Stock Broking Company Private Limited,MILKY WAY SHARE BROKER COMPANY LTD ,100,258.9,25890.0,2025-07-17 11:14:08.743885
2025-07-17,134251,2025071704002494,SSHL,Kohinoor Investment & Securities Pvt. Ltd.,MILKY WAY SHARE BROKER COMPANY LTD ,25,259.3,6482.5,2025-07-17 11:14:23.906048
2025-07-17,134190,2025071704002511,SSHL,Malla & Malla Stock Broking Company Pvt. Limited,MILKY WAY SHARE BROKER COMPANY LTD ,690,259.3,178917.0,2025-07-17 11:14:30.055644
2025-07-17,133583,2025071704002714,SSHL,Online Securities Pvt. Ltd.,MILKY WAY SHARE BROKER COMPANY LTD ,55,259.2,14256.0,2025-07-17 11:15:24.260207
2025-07-17,133140,2025071704002853,SSHL,Linch Stock Market Ltd.,MILKY WAY SHARE BROKER COMPANY LTD ,280,259.0,72520.0,2025-07-17 11:16:00.943037
2025-07-17,132730,2025071704002996,SSHL,J.F. Securites (PVT) Ltd.,MILKY WAY SHARE BROKER COMPANY LTD ,150,259.2,38880.0,2025-07-17 11:16:39.599363
2025-07-17,132600,2025071704003049,SSHL,Linch Stock Market Ltd.,Sumeru Securities Pvt. Ltd.,50,259.0,12950.0,2025-07-17 11:16:48.473350
2025-07-17,132246,2025071704003178,SSHL,Naasa Securities Co. Ltd.,MILKY WAY SHARE BROKER COMPANY LTD ,10,259.2,2592.0,2025-07-17 11:17:24.228807
2025-07-17,131900,2025071704003297,SSHL,Linch Stock Market Ltd.,Neev Securities Pvt. Ltd.,100,259.0,25900.0,2025-07-17 11:17:53.016690
2025-07-17,131814,2025071704003322,SSHL,Oxford Securities Pvt. Ltd.,MILKY WAY SHARE BROKER COMPANY LTD ,300,259.2,77760.0,2025-07-17 11:18:00.590762
2025-07-17,131167,2025071704003510,SSHL,Linch Stock Market Ltd.,Imperial Securities Company Pvt. Ltd.,500,259.0,129500.0,2025-07-17 11:19:07.706753
2025-07-17,131017,2025071704003538,SSHL,Linch Stock Market Ltd.,Trishakti Securities Public Limited,70,259.0,18130.0,2025-07-17 11:19:21.496735
2025-07-17,130765,2025071704003616,SSHL,Naasa Securities Co. Ltd.,MILKY WAY SHARE BROKER COMPANY LTD ,10,258.5,2585.0,2025-07-17 11:19:48.018189
2025-07-17,130764,2025071704003617,SSHL,Property Wiard Limited,MILKY WAY SHARE BROKER COMPANY LTD ,200,258.1,51620.0,2025-07-17 11:19:48.018458
2025-07-17,130763,2025071704003618,SSHL,Dipshikha Dhitopatra Karobar Co. Pvt Ltd.,MILKY WAY SHARE BROKER COMPANY LTD ,75,258.0,19350.0,2025-07-17 11:19:48.018616
2025-07-17,130281,2025071704003776,SSHL,Dipshikha Dhitopatra Karobar Co. Pvt Ltd.,Creative Securities Pvt Ltd,175,258.0,45150.0,2025-07-17 11:20:38.500072
2025-07-17,130280,2025071704003777,SSHL,Linch Stock Market Ltd.,Creative Securities Pvt Ltd,625,258.0,161250.0,2025-07-17 11:20:38.500200
2025-07-17,130026,2025071704003877,SSHL,Linch Stock Market Ltd.,Deevyaa Securities & Stock House Pvt. Ltd,875,258.0,225750.0,2025-07-17 11:20:57.859619
2025-07-17,130025,2025071704003878,SSHL,Neev Securities Pvt. Ltd.,Deevyaa Securities & Stock House Pvt. Ltd,609,258.0,157122.0,2025-07-17 11:20:57.859756
2025-07-17,129266,2025071704004041,SSHL,KALASH STOCK MARKET PVT. LTD.,MILKY WAY SHARE BROKER COMPANY LTD ,30,259.2,7776.0,2025-07-17 11:21:56.342294
2025-07-17,129265,2025071704004042,SSHL,KALASH STOCK MARKET PVT. LTD.,Agrawal Securities (PVT) Ltd.,60,259.4,15564.0,2025-07-17 11:21:56.342438
2025-07-17,129264,2025071704004043,SSHL,KALASH STOCK MARKET PVT. LTD.,Dynamic Money Managers Securities Pvt. Ltd.,110,259.4,28534.0,2025-07-17 11:21:56.342505
2025-07-17,128435,2025071704004314,SSHL,Agrawal Securities (PVT) Ltd.,Dynamic Money Managers Securities Pvt. Ltd.,190,259.4,49286.0,2025-07-17 11:23:06.470165
2025-07-17,128385,2025071704004322,SSHL,Sundhara Securities Limited,Sipla Securities Private Limited,50,258.2,12910.0,2025-07-17 11:23:10.718819
2025-07-17,128384,2025071704004323,SSHL,Cristal Kanchanjanga Securites Pvt. Ltd.,Sipla Securities Private Limited,110,258.1,28391.0,2025-07-17 11:23:10.718939
2025-07-17,128383,2025071704004324,SSHL,Sani Securities Company Ltd.,Sipla Securities Private Limited,500,258.1,129050.0,2025-07-17 11:23:10.719033
2025-07-17,128382,2025071704004325,SSHL,Infinity Securities Limited,Sipla Securities Private Limited,439,258.1,113305.9,2025-07-17 11:23:10.719099
2025-07-17,126601,2025071704004849,SSHL,Trishakti Securities Public Limited,Naasa Securities Co. Ltd.,90,258.5,23265.0,2025-07-17 11:26:17.090867
2025-07-17,126372,2025071704004926,SSHL,Trishakti Securities Public Limited,Primo Securities (PVT) Ltd.,10,258.5,2585.0,2025-07-17 11:26:46.052761
2025-07-17,126046,2025071704005021,SSHL,Property Wiard Limited,Linch Stock Market Ltd.,200,258.6,51720.0,2025-07-17 11:27:19.726470
2025-07-17,126045,2025071704005022,SSHL,Sewa Securities Pvt. Ltd.,Linch Stock Market Ltd.,50,258.3,12915.0,2025-07-17 11:27:19.726731
2025-07-17,126044,2025071704005023,SSHL,Infinity Securities Limited,Linch Stock Market Ltd.,50,258.3,12915.0,2025-07-17 11:27:19.726938
2025-07-17,126043,2025071704005024,SSHL,Dipshikha Dhitopatra Karobar Co. Pvt Ltd.,Linch Stock Market Ltd.,400,258.3,103320.0,2025-07-17 11:27:19.727016
2025-07-17,126042,2025071704005025,SSHL,Dipshikha Dhitopatra Karobar Co. Pvt Ltd.,Linch Stock Market Ltd.,300,258.3,77490.0,2025-07-17 11:27:19.727085
2025-07-17,126041,2025071704005026,SSHL,Sharepro Securities Private Limited,Linch Stock Market Ltd.,50,258.3,12915.0,2025-07-17 11:27:19.727173
2025-07-17,126040,2025071704005027,SSHL,Agrawal Securities (PVT) Ltd.,Linch Stock Market Ltd.,320,258.2,82624.0,2025-07-17 11:27:19.727228
2025-07-17,126039,2025071704005028,SSHL,Sewa Securities Pvt. Ltd.,Linch Stock Market Ltd.,200,258.1,51620.0,2025-07-17 11:27:19.727281
2025-07-17,126038,2025071704005029,SSHL,Sani Securities Company Ltd.,Linch Stock Market Ltd.,200,258.1,51620.0,2025-07-17 11:27:19.727345
2025-07-17,126037,2025071704005030,SSHL,Neev Securities Pvt. Ltd.,Linch Stock Market Ltd.,391,258.0,100878.0,2025-07-17 11:27:19.727401
2025-07-17,126036,2025071704005031,SSHL,Magnet Securities and Investment Company Private Limited,Linch Stock Market Ltd.,839,258.0,216462.0,2025-07-17 11:27:19.727456
2025-07-17,125336,2025071704005240,SSHL,Naasa Securities Co. Ltd.,Sewa Securities Pvt. Ltd.,20,258.9,5178.0,2025-07-17 11:28:33.099862
2025-07-17,125037,2025071704005327,SSHL,Dipshikha Dhitopatra Karobar Co. Pvt Ltd.,Secured Securities Ltd.,300,258.3,77490.0,2025-07-17 11:29:00.731296
2025-07-17,124896,2025071704005379,SSHL,Dipshikha Dhitopatra Karobar Co. Pvt Ltd.,Secured Securities Ltd.,140,258.2,36148.0,2025-07-17 11:29:17.050518
2025-07-17,124840,2025071704005404,SSHL,Dipshikha Dhitopatra Karobar Co. Pvt Ltd.,Sewa Securities Pvt. Ltd.,230,258.2,59386.0,2025-07-17 11:29:20.187888
2025-07-17,124493,2025071704005466,SSHL,Siprabi Securities Pvt. Ltd.,Deevyaa Securities & Stock House Pvt. Ltd,20,258.6,5172.0,2025-07-17 11:29:49.962893
2025-07-17,123432,2025071704005806,SSHL,Vision Securities Pvt. Ltd,Linch Stock Market Ltd.,30,258.8,7764.0,2025-07-17 11:31:45.421698
2025-07-17,123053,2025071704005922,SSHL,K.B.L. Securities Limited ,Linch Stock Market Ltd.,10,258.8,2588.0,2025-07-17 11:32:17.776372
2025-07-17,122725,2025071704006043,SSHL,Trishakti Securities Public Limited,Linch Stock Market Ltd.,200,258.8,51760.0,2025-07-17 11:32:45.681924
2025-07-17,122487,2025071704006105,SSHL,Creative Securities Pvt Ltd,South Asian Bulls Pvt. Ltd.,210,258.5,54285.0,2025-07-17 11:33:14.393072
2025-07-17,122386,2025071704006148,SSHL,Dynamic Money Managers Securities Pvt. Ltd.,Linch Stock Market Ltd.,100,258.8,25880.0,2025-07-17 11:33:24.774196
2025-07-17,121571,2025071704006419,SSHL,Dipshikha Dhitopatra Karobar Co. Pvt Ltd.,Linch Stock Market Ltd.,30,258.2,7746.0,2025-07-17 11:34:49.072545
2025-07-17,121570,2025071704006420,SSHL,Dipshikha Dhitopatra Karobar Co. Pvt Ltd.,Linch Stock Market Ltd.,250,258.2,64550.0,2025-07-17 11:34:49.072692
2025-07-17,121569,2025071704006421,SSHL,Dipshikha Dhitopatra Karobar Co. Pvt Ltd.,Linch Stock Market Ltd.,300,258.2,77460.0,2025-07-17 11:34:49.072756
2025-07-17,121568,2025071704006422,SSHL,Dynamic Money Managers Securities Pvt. Ltd.,Linch Stock Market Ltd.,200,258.2,51640.0,2025-07-17 11:34:49.072818
2025-07-17,121567,2025071704006423,SSHL,Imperial Securities Company Pvt. Ltd.,Linch Stock Market Ltd.,350,258.2,90370.0,2025-07-17 11:34:49.072879
2025-07-17,121391,2025071704006450,SSHL,Sumeru Securities Pvt. Ltd.,Himalayan Securities Limited,100,258.1,25810.0,2025-07-17 11:35:01.499998
2025-07-17,121204,2025071704006483,SSHL,Sumeru Securities Pvt. Ltd.,Shree Krishna Securities Ltd.,400,258.1,103240.0,2025-07-17 11:35:18.660238
2025-07-17,121203,2025071704006484,SSHL,Asian Securities Private Ltd.,Shree Krishna Securities Ltd.,200,258.1,51620.0,2025-07-17 11:35:18.660280
2025-07-17,121202,2025071704006485,SSHL,Magnet Securities and Investment Company Private Limited,Shree Krishna Securities Ltd.,161,258.0,41538.0,2025-07-17 11:35:18.660359
2025-07-17,121201,2025071704006486,SSHL,Neev Securities Pvt. Ltd.,Shree Krishna Securities Ltd.,34,258.0,8772.0,2025-07-17 11:35:18.660410
2025-07-17,121105,2025071704006521,SSHL,Neev Securities Pvt. Ltd.,Dynamic Money Managers Securities Pvt. Ltd.,50,258.0,12900.0,2025-07-17 11:35:27.920780
2025-07-17,121097,2025071704006526,SSHL,Property Wiard Limited,Linch Stock Market Ltd.,45,258.2,11619.0,2025-07-17 11:35:28.734443
2025-07-17,120828,2025071704006583,SSHL,Neev Securities Pvt. Ltd.,Imperial Securities Company Pvt. Ltd.,916,258.0,236328.0,2025-07-17 11:35:52.553995
2025-07-17,120827,2025071704006584,SSHL,Dynamic Money Managers Securities Pvt. Ltd.,Imperial Securities Company Pvt. Ltd.,584,258.0,150672.0,2025-07-17 11:35:52.554250
2025-07-17,120276,2025071704006753,SSHL,Dynamic Money Managers Securities Pvt. Ltd.,Trishakti Securities Public Limited,350,258.0,90300.0,2025-07-17 11:36:52.890257
2025-07-17,120021,2025071704006854,SSHL,Dynamic Money Managers Securities Pvt. Ltd.,Dynamic Money Managers Securities Pvt. Ltd.,766,258.0,197628.0,2025-07-17 11:37:17.761284
2025-07-17,120020,2025071704006855,SSHL,Sundhara Securities Limited,Dynamic Money Managers Securities Pvt. Ltd.,10,258.0,2580.0,2025-07-17 11:37:17.761475
2025-07-17,120019,2025071704006856,SSHL,Sundhara Securities Limited,Dynamic Money Managers Securities Pvt. Ltd.,15,258.0,3870.0,2025-07-17 11:37:17.761563
2025-07-17,120018,2025071704006857,SSHL,Vision Securities Pvt. Ltd,Dynamic Money Managers Securities Pvt. Ltd.,40,258.0,10320.0,2025-07-17 11:37:17.761625
2025-07-17,120017,2025071704006858,SSHL,Online Securities Pvt. Ltd.,Dynamic Money Managers Securities Pvt. Ltd.,60,258.0,15480.0,2025-07-17 11:37:17.761683
2025-07-17,119084,2025071704007188,SSHL,Naasa Securities Co. Ltd.,Dynamic Money Managers Securities Pvt. Ltd.,66,258.0,17028.0,2025-07-17 11:38:59.432491
2025-07-17,118854,2025071704007252,SSHL,Naasa Securities Co. Ltd.,Dynamic Money Managers Securities Pvt. Ltd.,30,258.0,7740.0,2025-07-17 11:39:19.513476
2025-07-17,118811,2025071704007258,SSHL,Nagarik Stock Dealer ,Dynamic Money Managers Securities Pvt. Ltd.,13,258.0,3354.0,2025-07-17 11:39:24.879476
2025-07-17,118810,2025071704007259,SSHL,Nagarik Stock Dealer ,Linch Stock Market Ltd.,3285,258.6,849501.0,2025-07-17 11:39:24.879645
2025-07-17,118666,2025071704007328,SSHL,Siprabi Securities Pvt. Ltd.,Oxford Securities Pvt. Ltd.,262,258.0,67596.0,2025-07-17 11:39:41.477960
2025-07-17,118498,2025071704007366,SSHL,Primo Securities (PVT) Ltd.,Dynamic Money Managers Securities Pvt. Ltd.,35,257.9,9026.5,2025-07-17 11:40:02.002558
2025-07-17,118485,2025071704007368,SSHL,Garima Securities Limited,Dynamic Money Managers Securities Pvt. Ltd.,15,257.9,3868.5,2025-07-17 11:40:02.731337
2025-07-17,118484,2025071704007369,SSHL,Garima Securities Limited,Oxford Securities Pvt. Ltd.,485,258.0,125130.0,2025-07-17 11:40:02.731473
2025-07-17,118364,2025071704007396,SSHL,Secured Securities Ltd.,Oxford Securities Pvt. Ltd.,600,258.0,154800.0,2025-07-17 11:40:14.220248
2025-07-17,118351,2025071704007400,SSHL,Dakshinkali Investment & Securities Pvt. Ltd.,Oxford Securities Pvt. Ltd.,100,258.0,25800.0,2025-07-17 11:40:15.667896
2025-07-17,118287,2025071704007414,SSHL,Shree Krishna Securities Ltd.,Oxford Securities Pvt. Ltd.,110,258.0,28380.0,2025-07-17 11:40:24.262930
2025-07-17,118206,2025071704007442,SSHL,Asian Securities Private Ltd.,Linch Stock Market Ltd.,100,257.7,25770.0,2025-07-17 11:40:33.212099
2025-07-17,118096,2025071704007465,SSHL,Sewa Securities Pvt. Ltd.,Oxford Securities Pvt. Ltd.,50,258.0,12900.0,2025-07-17 11:40:44.550527
2025-07-17,117768,2025071704007610,SSHL,Asian Securities Private Ltd.,Sweta Securities Private Limited,100,257.7,25770.0,2025-07-17 11:41:16.327689
2025-07-17,117546,2025071704007719,SSHL,Asian Securities Private Ltd.,Sweta Securities Private Limited,200,257.7,51540.0,2025-07-17 11:41:34.461147
2025-07-17,117416,2025071704007769,SSHL,Imperial Securities Company Pvt. Ltd.,Oxford Securities Pvt. Ltd.,100,258.0,25800.0,2025-07-17 11:41:45.162513
2025-07-17,117390,2025071704007773,SSHL,Naasa Securities Co. Ltd.,Oxford Securities Pvt. Ltd.,93,258.0,23994.0,2025-07-17 11:41:49.549553
2025-07-17,117135,2025071704007814,SSHL,Nagarik Stock Dealer ,Trishakti Securities Public Limited,50,258.7,12935.0,2025-07-17 11:42:14.557759
2025-07-17,117134,2025071704007815,SSHL,Nagarik Stock Dealer ,Secured Securities Ltd.,500,259.0,129500.0,2025-07-17 11:42:14.557921
2025-07-17,117133,2025071704007816,SSHL,Nagarik Stock Dealer ,Primo Securities (PVT) Ltd.,200,259.0,51800.0,2025-07-17 11:42:14.557988
2025-07-17,116442,2025071704008034,SSHL,Nagarik Stock Dealer ,Dipshikha Dhitopatra Karobar Co. Pvt Ltd.,952,259.0,246568.0,2025-07-17 11:43:28.885430
2025-07-17,116441,2025071704008035,SSHL,Naasa Securities Co. Ltd.,Dipshikha Dhitopatra Karobar Co. Pvt Ltd.,48,259.0,12432.0,2025-07-17 11:43:28.885653
2025-07-17,116124,2025071704008111,SSHL,Naasa Securities Co. Ltd.,Nepal Stock House (PVT) Ltd.,20,259.4,5188.0,2025-07-17 11:44:02.721470
2025-07-17,116123,2025071704008112,SSHL,Naasa Securities Co. Ltd.,ABC Securities Private Limited,200,259.4,51880.0,2025-07-17 11:44:02.721680
2025-07-17,116122,2025071704008113,SSHL,Naasa Securities Co. Ltd.,Trishakti Securities Public Limited,60,259.5,15570.0,2025-07-17 11:44:02.721751
2025-07-17,116121,2025071704008114,SSHL,Naasa Securities Co. Ltd.,Investment Management Nepal Pvt. Ltd.,1000,259.8,259800.0,2025-07-17 11:44:02.721815
2025-07-17,116120,2025071704008115,SSHL,Naasa Securities Co. Ltd.,Naasa Securities Co. Ltd.,500,259.8,129900.0,2025-07-17 11:44:02.721889
2025-07-17,116119,2025071704008116,SSHL,Naasa Securities Co. Ltd.,Primo Securities (PVT) Ltd.,235,259.9,61076.5,2025-07-17 11:44:02.721954
2025-07-17,116118,2025071704008117,SSHL,Naasa Securities Co. Ltd.,South Asian Bulls Pvt. Ltd.,100,260.0,26000.0,2025-07-17 11:44:02.722021
2025-07-17,116117,2025071704008118,SSHL,Naasa Securities Co. Ltd.,Property Wiard Limited,500,260.0,130000.0,2025-07-17 11:44:02.722083
2025-07-17,116116,2025071704008119,SSHL,Naasa Securities Co. Ltd.,Sri Hari Securities Pvt. Ltd.,40,260.0,10400.0,2025-07-17 11:44:02.722144
2025-07-17,116115,2025071704008120,SSHL,Naasa Securities Co. Ltd.,Dynamic Money Managers Securities Pvt. Ltd.,1000,260.0,260000.0,2025-07-17 11:44:02.722212
2025-07-17,116114,2025071704008121,SSHL,Naasa Securities Co. Ltd.,J.F. Securites (PVT) Ltd.,200,260.0,52000.0,2025-07-17 11:44:02.722273
2025-07-17,116113,2025071704008122,SSHL,Naasa Securities Co. Ltd.,Kohinoor Investment & Securities Pvt. Ltd.,120,260.0,31200.0,2025-07-17 11:44:02.722341
2025-07-17,115925,2025071704008175,SSHL,Naasa Securities Co. Ltd.,Premier Securities Company Ltd.,25,260.0,6500.0,2025-07-17 11:44:27.042020
2025-07-17,115924,2025071704008176,SSHL,Capital Max Securities Ltd,Premier Securities Company Ltd.,275,260.0,71500.0,2025-07-17 11:44:27.042213
2025-07-17,115917,2025071704008181,SSHL,Capital Max Securities Ltd,Sipla Securities Private Limited,25,260.0,6500.0,2025-07-17 11:44:27.956763
2025-07-17,115767,2025071704008236,SSHL,Naasa Securities Co. Ltd.,Dipshikha Dhitopatra Karobar Co. Pvt Ltd.,200,261.0,52200.0,2025-07-17 11:44:44.020760
2025-07-17,115766,2025071704008237,SSHL,Naasa Securities Co. Ltd.,Sweta Securities Private Limited,100,261.0,26100.0,2025-07-17 11:44:44.020948
2025-07-17,115765,2025071704008238,SSHL,Naasa Securities Co. Ltd.,Swarna Laxmi Securities Pvt. Ltd.,500,261.0,130500.0,2025-07-17 11:44:44.021028
2025-07-17,115764,2025071704008239,SSHL,Naasa Securities Co. Ltd.,Naasa Securities Co. Ltd.,500,261.0,130500.0,2025-07-17 11:44:44.021113
2025-07-17,115763,2025071704008240,SSHL,Naasa Securities Co. Ltd.,Asian Securities Private Ltd.,50,261.0,13050.0,2025-07-17 11:44:44.021185
2025-07-17,115762,2025071704008241,SSHL,Naasa Securities Co. Ltd.,Online Securities Pvt. Ltd.,50,261.0,13050.0,2025-07-17 11:44:44.021278
2025-07-17,115761,2025071704008242,SSHL,Naasa Securities Co. Ltd.,Naasa Securities Co. Ltd.,15,261.0,3915.0,2025-07-17 11:44:44.021384
2025-07-17,115760,2025071704008243,SSHL,Naasa Securities Co. Ltd.,Vision Securities Pvt. Ltd,200,261.0,52200.0,2025-07-17 11:44:44.021467
2025-07-17,115759,2025071704008244,SSHL,Naasa Securities Co. Ltd.,Dakshinkali Investment & Securities Pvt. Ltd.,885,261.0,230985.0,2025-07-17 11:44:44.021555
2025-07-17,115514,2025071704008333,SSHL,Imperial Securities Company Pvt. Ltd.,Dakshinkali Investment & Securities Pvt. Ltd.,15,261.0,3915.0,2025-07-17 11:45:14.049071
2025-07-17,115379,2025071704008388,SSHL,Capital Max Securities Ltd,Primo Securities (PVT) Ltd.,200,262.0,52400.0,2025-07-17 11:45:29.253001
2025-07-17,115378,2025071704008389,SSHL,Capital Max Securities Ltd,Aryatara Investment & Securities,60,262.0,15720.0,2025-07-17 11:45:29.253305
2025-07-17,115377,2025071704008390,SSHL,Capital Max Securities Ltd,Deevyaa Securities & Stock House Pvt. Ltd,100,262.0,26200.0,2025-07-17 11:45:29.253511
2025-07-17,115376,2025071704008391,SSHL,Capital Max Securities Ltd,Vision Securities Pvt. Ltd,150,262.0,39300.0,2025-07-17 11:45:29.253744
2025-07-17,115375,2025071704008392,SSHL,Capital Max Securities Ltd,Infinity Securities Limited,1000,263.0,263000.0,2025-07-17 11:45:29.253935
2025-07-17,115374,2025071704008393,SSHL,Capital Max Securities Ltd,Infinity Securities Limited,490,263.0,128870.0,2025-07-17 11:45:29.254106
2025-07-17,115296,2025071704008421,SSHL,Imperial Securities Company Pvt. Ltd.,Sipla Securities Private Limited,85,261.0,22185.0,2025-07-17 11:45:37.132536
2025-07-17,115158,2025071704008466,SSHL,Capital Max Securities Ltd,Infinity Securities Limited,510,263.0,134130.0,2025-07-17 11:45:53.331716
2025-07-17,115157,2025071704008467,SSHL,Capital Max Securities Ltd,Infinity Securities Limited,500,263.0,131500.0,2025-07-17 11:45:53.331966
2025-07-17,115156,2025071704008468,SSHL,Capital Max Securities Ltd,Kohinoor Investment & Securities Pvt. Ltd.,40,263.0,10520.0,2025-07-17 11:45:53.332135
2025-07-17,115155,2025071704008469,SSHL,Capital Max Securities Ltd,Imperial Securities Company Pvt. Ltd.,650,263.0,170950.0,2025-07-17 11:45:53.332308
2025-07-17,115107,2025071704008483,SSHL,Naasa Securities Co. Ltd.,Imperial Securities Company Pvt. Ltd.,152,263.0,39976.0,2025-07-17 11:45:59.827852
2025-07-17,115083,2025071704008492,SSHL,Citizens Share Broker Limited,Imperial Securities Company Pvt. Ltd.,1000,263.0,263000.0,2025-07-17 11:46:03.788092
2025-07-17,115020,2025071704008514,SSHL,Citizens Share Broker Limited,Imperial Securities Company Pvt. Ltd.,334,263.0,87842.0,2025-07-17 11:46:09.828034
2025-07-17,115019,2025071704008515,SSHL,Citizens Share Broker Limited,SUN SECURITIES PVT LTD,100,263.0,26300.0,2025-07-17 11:46:09.828177
2025-07-17,115018,2025071704008516,SSHL,Citizens Share Broker Limited,Imperial Securities Company Pvt. Ltd.,100,263.0,26300.0,2025-07-17 11:46:09.828250
2025-07-17,115017,2025071704008517,SSHL,Citizens Share Broker Limited,Naasa Securities Co. Ltd.,50,263.0,13150.0,2025-07-17 11:46:09.828332
2025-07-17,115016,2025071704008518,SSHL,Citizens Share Broker Limited,Primo Securities (PVT) Ltd.,300,263.0,78900.0,2025-07-17 11:46:09.828388
2025-07-17,115015,2025071704008519,SSHL,Citizens Share Broker Limited,Primo Securities (PVT) Ltd.,100,263.0,26300.0,2025-07-17 11:46:09.828441
2025-07-17,115014,2025071704008520,SSHL,Citizens Share Broker Limited,Siprabi Securities Pvt. Ltd.,16,263.0,4208.0,2025-07-17 11:46:09.828492
2025-07-17,114994,2025071704008529,SSHL,Imperial Securities Company Pvt. Ltd.,Sumeru Securities Pvt. Ltd.,100,263.0,26300.0,2025-07-17 11:46:13.888083
2025-07-17,114970,2025071704008533,SSHL,Citizens Share Broker Limited,Sumeru Securities Pvt. Ltd.,1000,263.0,263000.0,2025-07-17 11:46:16.848380
2025-07-17,114968,2025071704008534,SSHL,Naasa Securities Co. Ltd.,Trishakti Securities Public Limited,200,263.0,52600.0,2025-07-17 11:46:16.981928
2025-07-17,114967,2025071704008535,SSHL,Naasa Securities Co. Ltd.,Malla & Malla Stock Broking Company Pvt. Limited,1250,263.0,328750.0,2025-07-17 11:46:16.982177
2025-07-17,114966,2025071704008536,SSHL,Naasa Securities Co. Ltd.,Imperial Securities Company Pvt. Ltd.,50,263.0,13150.0,2025-07-17 11:46:16.982371
2025-07-17,114965,2025071704008537,SSHL,Naasa Securities Co. Ltd.,Malla & Malla Stock Broking Company Pvt. Limited,500,263.0,131500.0,2025-07-17 11:46:16.982534
2025-07-17,114733,2025071704008610,SSHL,Naasa Securities Co. Ltd.,Trishakti Securities Public Limited,180,263.1,47358.0,2025-07-17 11:46:42.007169
2025-07-17,114732,2025071704008611,SSHL,Naasa Securities Co. Ltd.,Sweta Securities Private Limited,50,263.1,13155.0,2025-07-17 11:46:42.007275
2025-07-17,114731,2025071704008612,SSHL,Naasa Securities Co. Ltd.,Imperial Securities Company Pvt. Ltd.,100,263.1,26310.0,2025-07-17 11:46:42.007364
2025-07-17,114730,2025071704008613,SSHL,Naasa Securities Co. Ltd.,Vision Securities Pvt. Ltd,100,263.1,26310.0,2025-07-17 11:46:42.007434
2025-07-17,114729,2025071704008614,SSHL,Naasa Securities Co. Ltd.,Dakshinkali Investment & Securities Pvt. Ltd.,500,263.2,131600.0,2025-07-17 11:46:42.007508
2025-07-17,114728,2025071704008615,SSHL,Naasa Securities Co. Ltd.,Siprabi Securities Pvt. Ltd.,50,263.5,13175.0,2025-07-17 11:46:42.007581
2025-07-17,114727,2025071704008616,SSHL,Naasa Securities Co. Ltd.,Bhrikuti Stock Broking Co. Pvt. Ltd.,50,263.7,13185.0,2025-07-17 11:46:42.007657
2025-07-17,114726,2025071704008617,SSHL,Naasa Securities Co. Ltd.,Siprabi Securities Pvt. Ltd.,100,263.8,26380.0,2025-07-17 11:46:42.007748
2025-07-17,114725,2025071704008618,SSHL,Naasa Securities Co. Ltd.,Online Securities Pvt. Ltd.,600,263.9,158340.0,2025-07-17 11:46:42.007846
2025-07-17,114724,2025071704008619,SSHL,Naasa Securities Co. Ltd.,Premier Securities Company Ltd.,1585,264.0,418440.0,2025-07-17 11:46:42.007937
2025-07-17,114723,2025071704008620,SSHL,Naasa Securities Co. Ltd.,Midas Stock Broking Company Private Limited,100,264.0,26400.0,2025-07-17 11:46:42.008009
2025-07-17,114722,2025071704008621,SSHL,Naasa Securities Co. Ltd.,Imperial Securities Company Pvt. Ltd.,100,264.0,26400.0,2025-07-17 11:46:42.008078
2025-07-17,114721,2025071704008622,SSHL,Naasa Securities Co. Ltd.,Premier Securities Company Ltd.,485,264.0,128040.0,2025-07-17 11:46:42.008130
2025-07-17,114628,2025071704008650,SSHL,Aryatara Investment & Securities,Sipla Securities Private Limited,500,263.1,131550.0,2025-07-17 11:46:50.316309
2025-07-17,114618,2025071704008658,SSHL,Aryatara Investment & Securities,Premier Securities Company Ltd.,15,264.0,3960.0,2025-07-17 11:46:51.008955
2025-07-17,114617,2025071704008659,SSHL,Aryatara Investment & Securities,Investment Management Nepal Pvt. Ltd.,285,264.0,75240.0,2025-07-17 11:46:51.009139
2025-07-17,114563,2025071704008690,SSHL,Asian Securities Private Ltd.,Investment Management Nepal Pvt. Ltd.,215,264.0,56760.0,2025-07-17 11:47:00.559241
2025-07-17,114562,2025071704008691,SSHL,Asian Securities Private Ltd.,Linch Stock Market Ltd.,400,264.0,105600.0,2025-07-17 11:47:00.559552
2025-07-17,114561,2025071704008692,SSHL,Asian Securities Private Ltd.,Sani Securities Company Ltd.,200,264.0,52800.0,2025-07-17 11:47:00.559699
2025-07-17,114560,2025071704008693,SSHL,Asian Securities Private Ltd.,Kohinoor Investment & Securities Pvt. Ltd.,150,264.0,39600.0,2025-07-17 11:47:00.559841
2025-07-17,114559,2025071704008694,SSHL,Asian Securities Private Ltd.,Imperial Securities Company Pvt. Ltd.,200,264.0,52800.0,2025-07-17 11:47:00.560021
2025-07-17,114558,2025071704008695,SSHL,Asian Securities Private Ltd.,Aryatara Investment & Securities,935,264.0,246840.0,2025-07-17 11:47:00.560183
2025-07-17,114502,2025071704008712,SSHL,Premier Securities Company Ltd.,Aryatara Investment & Securities,30,264.0,7920.0,2025-07-17 11:47:08.268882
2025-07-17,114471,2025071704008729,SSHL,South Asian Bulls Pvt. Ltd.,Aryatara Investment & Securities,35,264.0,9240.0,2025-07-17 11:47:10.838624
2025-07-17,114470,2025071704008730,SSHL,South Asian Bulls Pvt. Ltd.,Sweta Securities Private Limited,50,264.0,13200.0,2025-07-17 11:47:10.838769
2025-07-17,114469,2025071704008731,SSHL,South Asian Bulls Pvt. Ltd.,Citizens Share Broker Limited,15,264.0,3960.0,2025-07-17 11:47:10.838819
2025-07-17,114054,2025071704008883,SSHL,Aryatara Investment & Securities,Asian Securities Private Ltd.,400,263.1,105240.0,2025-07-17 11:47:48.813886
2025-07-17,114015,2025071704008895,SSHL,ABC Securities Private Limited,Citizens Share Broker Limited,85,264.0,22440.0,2025-07-17 11:47:53.704133
2025-07-17,114014,2025071704008896,SSHL,ABC Securities Private Limited,Opal Securities Investment (PVT) Ltd.,40,264.0,10560.0,2025-07-17 11:47:53.704439
2025-07-17,114013,2025071704008897,SSHL,ABC Securities Private Limited,SUN SECURITIES PVT LTD,75,264.0,19800.0,2025-07-17 11:47:53.704587
2025-07-17,113943,2025071704008914,SSHL,Aryatara Investment & Securities,Sundhara Securities Limited,10,263.1,2631.0,2025-07-17 11:48:01.887513
2025-07-17,113791,2025071704008968,SSHL,Malla & Malla Stock Broking Company Pvt. Limited,SUN SECURITIES PVT LTD,25,264.0,6600.0,2025-07-17 11:48:18.959987
2025-07-17,113790,2025071704008969,SSHL,Malla & Malla Stock Broking Company Pvt. Limited,Ashutosh Brokerage & Securities (PVT) Ltd.,155,264.0,40920.0,2025-07-17 11:48:18.960097
2025-07-17,113652,2025071704009030,SSHL,Aryatara Investment & Securities,Vision Securities Pvt. Ltd,90,263.1,23679.0,2025-07-17 11:48:32.567150
2025-07-17,113651,2025071704009031,SSHL,Imperial Securities Company Pvt. Ltd.,Vision Securities Pvt. Ltd,10,263.1,2631.0,2025-07-17 11:48:32.567292
2025-07-17,113650,2025071704009032,SSHL,Naasa Securities Co. Ltd.,Vision Securities Pvt. Ltd,2670,263.0,702210.0,2025-07-17 11:48:32.567363
2025-07-17,113605,2025071704009054,SSHL,Naasa Securities Co. Ltd.,Ashutosh Brokerage & Securities (PVT) Ltd.,165,264.0,43560.0,2025-07-17 11:48:36.218030
2025-07-17,113524,2025071704009077,SSHL,Imperial Securities Company Pvt. Ltd.,Ashutosh Brokerage & Securities (PVT) Ltd.,10,264.0,2640.0,2025-07-17 11:48:43.029465
2025-07-17,113512,2025071704009080,SSHL,Stoxkarts Securities Limited,Ashutosh Brokerage & Securities (PVT) Ltd.,49,264.0,12936.0,2025-07-17 11:48:44.900535
2025-07-17,113499,2025071704009084,SSHL,Naasa Securities Co. Ltd.,ABC Securities Private Limited,300,263.0,78900.0,2025-07-17 11:48:46.270662
2025-07-17,113451,2025071704009104,SSHL,Naasa Securities Co. Ltd.,Investment Management Nepal Pvt. Ltd.,30,263.0,7890.0,2025-07-17 11:48:51.440421
2025-07-17,113450,2025071704009105,SSHL,Citizens Share Broker Limited,Investment Management Nepal Pvt. Ltd.,470,263.0,123610.0,2025-07-17 11:48:51.440560
2025-07-17,113392,2025071704009124,SSHL,Citizens Share Broker Limited,Sani Securities Company Ltd.,500,263.0,131500.0,2025-07-17 11:48:58.498036
2025-07-17,112944,2025071704009274,SSHL,Citizens Share Broker Limited,Naasa Securities Co. Ltd.,30,263.0,7890.0,2025-07-17 11:49:49.367867
2025-07-17,112671,2025071704009370,SSHL,Dipshikha Dhitopatra Karobar Co. Pvt Ltd.,Linch Stock Market Ltd.,50,262.0,13100.0,2025-07-17 11:50:20.625744
2025-07-17,112611,2025071704009391,SSHL,Dipshikha Dhitopatra Karobar Co. Pvt Ltd.,Kumari Securities Private Limited,100,262.0,26200.0,2025-07-17 11:50:25.599598
2025-07-17,112485,2025071704009430,SSHL,Dipshikha Dhitopatra Karobar Co. Pvt Ltd.,Naasa Securities Co. Ltd.,50,262.0,13100.0,2025-07-17 11:50:42.537027
2025-07-17,112484,2025071704009431,SSHL,Aryatara Investment & Securities,Naasa Securities Co. Ltd.,20,262.0,5240.0,2025-07-17 11:50:42.537261
2025-07-17,112327,2025071704009506,SSHL,Aryatara Investment & Securities,Kumari Securities Private Limited,80,262.0,20960.0,2025-07-17 11:50:55.770503
2025-07-17,111215,2025071704009817,SSHL,South Asian Bulls Pvt. Ltd.,Kumari Securities Private Limited,300,262.0,78600.0,2025-07-17 11:52:56.037788
2025-07-17,110799,2025071704009965,SSHL,Imperial Securities Company Pvt. Ltd.,Hatemalo Financial Services Private Limited,80,261.1,20888.0,2025-07-17 11:53:45.579036
2025-07-17,110798,2025071704009966,SSHL,Dynamic Money Managers Securities Pvt. Ltd.,Hatemalo Financial Services Private Limited,720,261.0,187920.0,2025-07-17 11:53:45.579201
2025-07-17,110663,2025071704010003,SSHL,Dynamic Money Managers Securities Pvt. Ltd.,Vision Securities Pvt. Ltd,280,261.0,73080.0,2025-07-17 11:54:00.418722
2025-07-17,110662,2025071704010004,SSHL,Linch Stock Market Ltd.,Vision Securities Pvt. Ltd,300,260.0,78000.0,2025-07-17 11:54:00.418868
2025-07-17,110661,2025071704010005,SSHL,Primo Securities (PVT) Ltd.,Vision Securities Pvt. Ltd,290,260.0,75400.0,2025-07-17 11:54:00.418930
2025-07-17,110660,2025071704010006,SSHL,Sewa Securities Pvt. Ltd.,Vision Securities Pvt. Ltd,100,260.0,26000.0,2025-07-17 11:54:00.418993
2025-07-17,110659,2025071704010007,SSHL,Naasa Securities Co. Ltd.,Vision Securities Pvt. Ltd,943,260.0,245180.0,2025-07-17 11:54:00.419063
2025-07-17,110528,2025071704010040,SSHL,Sewa Securities Pvt. Ltd.,Naasa Securities Co. Ltd.,10,260.1,2601.0,2025-07-17 11:54:18.907084
2025-07-17,109738,2025071704010352,SSHL,Imperial Securities Company Pvt. Ltd.,Kumari Securities Private Limited,10,262.0,2620.0,2025-07-17 11:55:41.890780
2025-07-17,109200,2025071704010526,SSHL,Vision Securities Pvt. Ltd,Aryatara Investment & Securities,200,261.9,52380.0,2025-07-17 11:56:39.326953
2025-07-17,109080,2025071704010547,SSHL,Vision Securities Pvt. Ltd,Agrawal Securities (PVT) Ltd.,50,261.9,13095.0,2025-07-17 11:56:51.520393
2025-07-17,108860,2025071704010598,SSHL,Vision Securities Pvt. Ltd,Agrawal Securities (PVT) Ltd.,50,261.9,13095.0,2025-07-17 11:57:09.806080
2025-07-17,108230,2025071704010793,SSHL,Premier Securities Company Ltd.,Kumari Securities Private Limited,20,262.0,5240.0,2025-07-17 11:58:08.179638
2025-07-17,108031,2025071704010839,SSHL,Sani Securities Company Ltd.,Premier Securities Company Ltd.,10,261.0,2610.0,2025-07-17 11:58:24.305297
2025-07-17,108030,2025071704010840,SSHL,Imperial Securities Company Pvt. Ltd.,Premier Securities Company Ltd.,107,261.0,27927.0,2025-07-17 11:58:24.305510
2025-07-17,106984,2025071704011154,SSHL,Nagarik Stock Dealer ,Trisul Securities & Invt. Ltd.,200,260.3,52060.0,2025-07-17 11:59:55.355809
2025-07-17,105950,2025071704011521,SSHL,Nagarik Stock Dealer ,Premier Securities Company Ltd.,383,260.3,99694.9,2025-07-17 12:01:14.806181
2025-07-17,105581,2025071704011612,SSHL,Nagarik Stock Dealer ,Naasa Securities Co. Ltd.,177,260.3,46073.1,2025-07-17 12:01:46.914733
2025-07-17,105420,2025071704011651,SSHL,Nagarik Stock Dealer ,Siprabi Securities Pvt. Ltd.,500,260.3,130150.0,2025-07-17 12:01:58.192212
2025-07-17,104145,2025071704012060,SSHL,Sani Securities Company Ltd.,Market Securities & Exchange (PVT) Ltd.,76,260.4,19790.4,2025-07-17 12:03:33.368648
2025-07-17,104144,2025071704012061,SSHL,South Asian Bulls Pvt. Ltd.,Market Securities & Exchange (PVT) Ltd.,100,260.4,26040.0,2025-07-17 12:03:33.369046
2025-07-17,104143,2025071704012062,SSHL,Nagarik Stock Dealer ,Market Securities & Exchange (PVT) Ltd.,214,260.3,55704.2,2025-07-17 12:03:33.369382
2025-07-17,104092,2025071704012079,SSHL,Secured Securities Ltd.,Nepal Stock House (PVT) Ltd.,100,261.0,26100.0,2025-07-17 12:03:37.430112
2025-07-17,103699,2025071704012213,SSHL,Nagarik Stock Dealer ,Infinity Securities Limited,500,260.3,130150.0,2025-07-17 12:04:17.092693
2025-07-17,103515,2025071704012255,SSHL,South Asian Bulls Pvt. Ltd.,Sani Securities Company Ltd.,50,260.4,13020.0,2025-07-17 12:04:34.801716
2025-07-17,102894,2025071704012449,SSHL,South Asian Bulls Pvt. Ltd.,Capital Max Securities Ltd,40,260.4,10416.0,2025-07-17 12:05:31.948412
2025-07-17,102886,2025071704012450,SSHL,Dynamic Money Managers Securities Pvt. Ltd.,Investment Management Nepal Pvt. Ltd.,10,260.8,2608.0,2025-07-17 12:05:32.748822
2025-07-17,102641,2025071704012506,SSHL,South Asian Bulls Pvt. Ltd.,Premier Securities Company Ltd.,10,260.4,2604.0,2025-07-17 12:06:01.018237
2025-07-17,102640,2025071704012507,SSHL,Nagarik Stock Dealer ,Premier Securities Company Ltd.,490,260.3,127547.0,2025-07-17 12:06:01.018462
2025-07-17,102582,2025071704012527,SSHL,Nagarik Stock Dealer ,Nepal Stock House (PVT) Ltd.,175,260.3,45552.5,2025-07-17 12:06:08.316274
2025-07-17,102443,2025071704012577,SSHL,Nagarik Stock Dealer ,Sundhara Securities Limited,2361,260.3,614568.3,2025-07-17 12:06:20.455641
2025-07-17,102442,2025071704012578,SSHL,Sani Securities Company Ltd.,Sundhara Securities Limited,639,260.3,166331.7,2025-07-17 12:06:20.455825
2025-07-17,102284,2025071704012625,SSHL,Sani Securities Company Ltd.,Naasa Securities Co. Ltd.,281,260.3,73144.3,2025-07-17 12:06:37.560824
2025-07-17,102259,2025071704012630,SSHL,Online Securities Pvt. Ltd.,Naasa Securities Co. Ltd.,173,260.3,45031.9,2025-07-17 12:06:40.983466
2025-07-17,102094,2025071704012691,SSHL,Dynamic Money Managers Securities Pvt. Ltd.,Capital Max Securities Ltd,500,260.2,130100.0,2025-07-17 12:07:00.399061
2025-07-17,102027,2025071704012715,SSHL,Sri Hari Securities Pvt. Ltd.,Naasa Securities Co. Ltd.,155,260.3,40346.5,2025-07-17 12:07:07.763875
2025-07-17,102019,2025071704012720,SSHL,Dynamic Money Managers Securities Pvt. Ltd.,Naasa Securities Co. Ltd.,400,260.2,104080.0,2025-07-17 12:07:08.784442
2025-07-17,101863,2025071704012778,SSHL,Sewa Securities Pvt. Ltd.,Aryatara Investment & Securities,490,260.1,127449.0,2025-07-17 12:07:26.566797
2025-07-17,101862,2025071704012779,SSHL,Online Securities Pvt. Ltd.,Aryatara Investment & Securities,192,260.1,49939.2,2025-07-17 12:07:26.567030
2025-07-17,101861,2025071704012780,SSHL,Naasa Securities Co. Ltd.,Aryatara Investment & Securities,78,260.0,20280.0,2025-07-17 12:07:26.567168
2025-07-17,101600,2025071704012842,SSHL,Dynamic Money Managers Securities Pvt. Ltd.,Imperial Securities Company Pvt. Ltd.,49,260.1,12744.9,2025-07-17 12:07:57.446145
2025-07-17,100470,2025071704013221,SSHL,INDEX SECURITIES LIMITED,Premier Securities Company Ltd.,320,260.2,83264.0,2025-07-17 12:10:07.503701
2025-07-17,100469,2025071704013222,SSHL,Dynamic Money Managers Securities Pvt. Ltd.,Premier Securities Company Ltd.,180,260.2,46836.0,2025-07-17 12:10:07.504077
2025-07-17,100303,2025071704013276,SSHL,Dynamic Money Managers Securities Pvt. Ltd.,Pragyan Securities (PVT) Ltd.,470,260.2,122294.0,2025-07-17 12:10:34.154299
2025-07-17,99929,2025071704013376,SSHL,Dynamic Money Managers Securities Pvt. Ltd.,Imperial Securities Company Pvt. Ltd.,200,260.1,52020.0,2025-07-17 12:11:24.042741
2025-07-17,99912,2025071704013387,SSHL,Dynamic Money Managers Securities Pvt. Ltd.,Pragyan Securities (PVT) Ltd.,41,260.1,10664.1,2025-07-17 12:11:26.781196
2025-07-17,99861,2025071704013398,SSHL,Dynamic Money Managers Securities Pvt. Ltd.,Dynamic Money Managers Securities Pvt. Ltd.,50,260.1,13005.0,2025-07-17 12:11:31.462038
2025-07-17,99817,2025071704013407,SSHL,Dynamic Money Managers Securities Pvt. Ltd.,Dipshikha Dhitopatra Karobar Co. Pvt Ltd.,1660,260.1,431766.0,2025-07-17 12:11:37.904896
2025-07-17,99816,2025071704013408,SSHL,Sri Hari Securities Pvt. Ltd.,Dipshikha Dhitopatra Karobar Co. Pvt Ltd.,200,260.1,52020.0,2025-07-17 12:11:37.905101
2025-07-17,99815,2025071704013409,SSHL,Naasa Securities Co. Ltd.,Dipshikha Dhitopatra Karobar Co. Pvt Ltd.,140,260.0,36400.0,2025-07-17 12:11:37.905181
2025-07-17,99470,2025071704013518,SSHL,Linch Stock Market Ltd.,Premier Securities Company Ltd.,300,260.8,78240.0,2025-07-17 12:12:09.642676
2025-07-17,99469,2025071704013519,SSHL,Linch Stock Market Ltd.,Linch Stock Market Ltd.,50,260.9,13045.0,2025-07-17 12:12:09.642841
2025-07-17,99386,2025071704013555,SSHL,Linch Stock Market Ltd.,Agrawal Securities (PVT) Ltd.,145,260.9,37830.5,2025-07-17 12:12:20.837086
2025-07-17,99192,2025071704013618,SSHL,Aryatara Investment & Securities,Premier Securities Company Ltd.,500,260.8,130400.0,2025-07-17 12:12:43.745829
2025-07-17,99026,2025071704013672,SSHL,BHOLE GANESH SECURITIES LTD,Oxford Securities Pvt. Ltd.,320,261.0,83520.0,2025-07-17 12:13:05.399240
2025-07-17,99025,2025071704013673,SSHL,BHOLE GANESH SECURITIES LTD,Sani Securities Company Ltd.,60,261.0,15660.0,2025-07-17 12:13:05.399480
2025-07-17,98995,2025071704013686,SSHL,Naasa Securities Co. Ltd.,Premier Securities Company Ltd.,1000,260.0,260000.0,2025-07-17 12:13:11.009465
2025-07-17,98991,2025071704013687,SSHL,Dipshikha Dhitopatra Karobar Co. Pvt Ltd.,Sani Securities Company Ltd.,90,261.0,23490.0,2025-07-17 12:13:11.209278
2025-07-17,98990,2025071704013688,SSHL,Dipshikha Dhitopatra Karobar Co. Pvt Ltd.,Premier Securities Company Ltd.,20,261.0,5220.0,2025-07-17 12:13:11.209358
2025-07-17,98989,2025071704013689,SSHL,Dipshikha Dhitopatra Karobar Co. Pvt Ltd.,Aryatara Investment & Securities,60,261.0,15660.0,2025-07-17 12:13:11.209392
2025-07-17,98478,2025071704013829,SSHL,Aryatara Investment & Securities,Aryatara Investment & Securities,500,261.0,130500.0,2025-07-17 12:14:09.825615
2025-07-17,98280,2025071704013905,SSHL,Naasa Securities Co. Ltd.,Aryatara Investment & Securities,50,261.0,13050.0,2025-07-17 12:14:33.707979
2025-07-17,98065,2025071704013957,SSHL,Premier Securities Company Ltd.,Linch Stock Market Ltd.,100,260.9,26090.0,2025-07-17 12:14:55.017919
2025-07-17,98064,2025071704013958,SSHL,Premier Securities Company Ltd.,Aryatara Investment & Securities,125,261.0,32625.0,2025-07-17 12:14:55.018125
2025-07-17,97881,2025071704014002,SSHL,Siprabi Securities Pvt. Ltd.,Sani Securities Company Ltd.,500,260.5,130250.0,2025-07-17 12:15:08.685483
2025-07-17,97488,2025071704014102,SSHL,Naasa Securities Co. Ltd.,Aryatara Investment & Securities,33,261.0,8613.0,2025-07-17 12:15:43.402901
2025-07-17,97322,2025071704014139,SSHL,Naasa Securities Co. Ltd.,Sani Securities Company Ltd.,100,260.6,26060.0,2025-07-17 12:15:56.528729
2025-07-17,96973,2025071704014244,SSHL,Siprabi Securities Pvt. Ltd.,Pragyan Securities (PVT) Ltd.,200,260.5,52100.0,2025-07-17 12:16:36.158812
2025-07-17,96527,2025071704014352,SSHL,Siprabi Securities Pvt. Ltd.,Aryatara Investment & Securities,120,260.5,31260.0,2025-07-17 12:17:31.582069
2025-07-17,95941,2025071704014494,SSHL,Siprabi Securities Pvt. Ltd.,Arun Securities (PVT) Ltd.,80,260.5,20840.0,2025-07-17 12:18:40.431073
2025-07-17,95868,2025071704014522,SSHL,Sweta Securities Private Limited,Aryatara Investment & Securities,22,261.0,5742.0,2025-07-17 12:18:52.797112
2025-07-17,95867,2025071704014523,SSHL,Sweta Securities Private Limited,Cristal Kanchanjanga Securites Pvt. Ltd.,50,261.0,13050.0,2025-07-17 12:18:52.797355
2025-07-17,95866,2025071704014524,SSHL,Sweta Securities Private Limited,Investment Management Nepal Pvt. Ltd.,100,261.0,26100.0,2025-07-17 12:18:52.797439
2025-07-17,95865,2025071704014525,SSHL,Sweta Securities Private Limited,Vision Securities Pvt. Ltd,50,261.0,13050.0,2025-07-17 12:18:52.797622
2025-07-17,94401,2025071704014858,SSHL,Naasa Securities Co. Ltd.,Kumari Securities Private Limited,14,262.0,3668.0,2025-07-17 12:21:35.141275
2025-07-17,94199,2025071704014925,SSHL,Vision Securities Pvt. Ltd,Kumari Securities Private Limited,76,262.0,19912.0,2025-07-17 12:21:57.139261
2025-07-17,94198,2025071704014926,SSHL,Vision Securities Pvt. Ltd,Secured Securities Ltd.,500,262.0,131000.0,2025-07-17 12:21:57.139515
2025-07-17,94197,2025071704014927,SSHL,Vision Securities Pvt. Ltd,Nepal Stock House (PVT) Ltd.,500,262.0,131000.0,2025-07-17 12:21:57.139614
2025-07-17,94196,2025071704014928,SSHL,Vision Securities Pvt. Ltd,Kohinoor Investment & Securities Pvt. Ltd.,400,262.0,104800.0,2025-07-17 12:21:57.139698
2025-07-17,94195,2025071704014929,SSHL,Vision Securities Pvt. Ltd,Malla & Malla Stock Broking Company Pvt. Limited,24,262.0,6288.0,2025-07-17 12:21:57.139779
2025-07-17,93966,2025071704015000,SSHL,Vision Securities Pvt. Ltd,Malla & Malla Stock Broking Company Pvt. Limited,76,262.0,19912.0,2025-07-17 12:22:23.435838
2025-07-17,93965,2025071704015001,SSHL,Vision Securities Pvt. Ltd,Trishakti Securities Public Limited,20,262.0,5240.0,2025-07-17 12:22:23.436236
2025-07-17,93964,2025071704015002,SSHL,Vision Securities Pvt. Ltd,Premier Securities Company Ltd.,100,262.0,26200.0,2025-07-17 12:22:23.436529
2025-07-17,93498,2025071704015143,SSHL,Bhrikuti Stock Broking Co. Pvt. Ltd.,Naasa Securities Co. Ltd.,100,262.7,26270.0,2025-07-17 12:23:24.109095
2025-07-17,93355,2025071704015199,SSHL,Trishakti Securities Public Limited,Dipshikha Dhitopatra Karobar Co. Pvt Ltd.,10,262.8,2628.0,2025-07-17 12:23:46.591701
2025-07-17,93354,2025071704015200,SSHL,Trishakti Securities Public Limited,Agrawal Securities (PVT) Ltd.,90,262.8,23652.0,2025-07-17 12:23:46.591764
2025-07-17,93273,2025071704015222,SSHL,Sumeru Securities Pvt. Ltd.,Agrawal Securities (PVT) Ltd.,210,262.8,55188.0,2025-07-17 12:23:57.782588
2025-07-17,93272,2025071704015223,SSHL,Sumeru Securities Pvt. Ltd.,Sundhara Securities Limited,500,262.8,131400.0,2025-07-17 12:23:57.782815
2025-07-17,93258,2025071704015230,SSHL,Bhrikuti Stock Broking Co. Pvt. Ltd.,Sewa Securities Pvt. Ltd.,41,263.0,10783.0,2025-07-17 12:24:00.447853
2025-07-17,93257,2025071704015231,SSHL,Bhrikuti Stock Broking Co. Pvt. Ltd.,Swarna Laxmi Securities Pvt. Ltd.,459,263.0,120717.0,2025-07-17 12:24:00.447900
2025-07-17,93246,2025071704015234,SSHL,Sweta Securities Private Limited,Swarna Laxmi Securities Pvt. Ltd.,41,263.0,10783.0,2025-07-17 12:24:01.189218
2025-07-17,93245,2025071704015235,SSHL,Sweta Securities Private Limited,Naasa Securities Co. Ltd.,50,263.0,13150.0,2025-07-17 12:24:01.189673
2025-07-17,93244,2025071704015236,SSHL,Sweta Securities Private Limited,Sipla Securities Private Limited,500,263.0,131500.0,2025-07-17 12:24:01.190066
2025-07-17,93243,2025071704015237,SSHL,Sweta Securities Private Limited,Premier Securities Company Ltd.,20,263.0,5260.0,2025-07-17 12:24:01.190429
2025-07-17,92703,2025071704015397,SSHL,Sweta Securities Private Limited,Kalika Securities Pvt. Ltd.,270,263.0,71010.0,2025-07-17 12:25:04.769122
2025-07-17,92611,2025071704015419,SSHL,Sweta Securities Private Limited,Asian Securities Private Ltd.,119,263.0,31297.0,2025-07-17 12:25:16.485505
2025-07-17,92434,2025071704015452,SSHL,Sundhara Securities Limited,Asian Securities Private Ltd.,100,263.0,26300.0,2025-07-17 12:25:36.056800
2025-07-17,92253,2025071704015506,SSHL,Dipshikha Dhitopatra Karobar Co. Pvt Ltd.,Asian Securities Private Ltd.,81,263.0,21303.0,2025-07-17 12:25:56.252014
2025-07-17,92175,2025071704015527,SSHL,Dipshikha Dhitopatra Karobar Co. Pvt Ltd.,Thrive Brokerage House Pvt. Ltd,69,263.0,18147.0,2025-07-17 12:26:07.155740
2025-07-17,91860,2025071704015596,SSHL,Vision Securities Pvt. Ltd,Thrive Brokerage House Pvt. Ltd,125,263.0,32875.0,2025-07-17 12:26:35.075883
2025-07-17,91464,2025071704015691,SSHL,Nepal Stock House (PVT) Ltd.,Imperial Securities Company Pvt. Ltd.,180,263.0,47340.0,2025-07-17 12:27:27.267205
2025-07-17,91463,2025071704015692,SSHL,Dakshinkali Investment & Securities Pvt. Ltd.,Imperial Securities Company Pvt. Ltd.,394,263.0,103622.0,2025-07-17 12:27:27.267678
2025-07-17,91255,2025071704015754,SSHL,Dakshinkali Investment & Securities Pvt. Ltd.,Dipshikha Dhitopatra Karobar Co. Pvt Ltd.,10,263.0,2630.0,2025-07-17 12:27:51.115454
2025-07-17,91081,2025071704015817,SSHL,Dakshinkali Investment & Securities Pvt. Ltd.,South Asian Bulls Pvt. Ltd.,96,263.0,25248.0,2025-07-17 12:28:13.985094
2025-07-17,91080,2025071704015818,SSHL,Kalika Securities Pvt. Ltd.,South Asian Bulls Pvt. Ltd.,100,263.0,26300.0,2025-07-17 12:28:13.985297
2025-07-17,91066,2025071704015819,SSHL,Sani Securities Company Ltd.,J.F. Securites (PVT) Ltd.,50,263.4,13170.0,2025-07-17 12:28:15.416233
2025-07-17,91065,2025071704015820,SSHL,Sani Securities Company Ltd.,Trishakti Securities Public Limited,20,263.5,5270.0,2025-07-17 12:28:15.416648
2025-07-17,91064,2025071704015821,SSHL,Sani Securities Company Ltd.,Sani Securities Company Ltd.,430,263.5,113305.0,2025-07-17 12:28:15.416896
2025-07-17,90909,2025071704015860,SSHL,Naasa Securities Co. Ltd.,Dipshikha Dhitopatra Karobar Co. Pvt Ltd.,20,263.0,5260.0,2025-07-17 12:28:42.339085
2025-07-17,90802,2025071704015880,SSHL,Sani Securities Company Ltd.,Dipshikha Dhitopatra Karobar Co. Pvt Ltd.,180,263.0,47340.0,2025-07-17 12:28:57.544147
2025-07-17,90801,2025071704015881,SSHL,Sani Securities Company Ltd.,Aryatara Investment & Securities,50,263.0,13150.0,2025-07-17 12:28:57.544532
2025-07-17,90704,2025071704015894,SSHL,Sani Securities Company Ltd.,Siprabi Securities Pvt. Ltd.,240,263.0,63120.0,2025-07-17 12:29:11.237365
2025-07-17,90604,2025071704015915,SSHL,Himalayan Brokerage Company Limited,Sani Securities Company Ltd.,25,263.5,6587.5,2025-07-17 12:29:25.564876
2025-07-17,90462,2025071704015946,SSHL,Sani Securities Company Ltd.,Dakshinkali Investment & Securities Pvt. Ltd.,30,263.4,7902.0,2025-07-17 12:29:40.402150
2025-07-17,88978,2025071704016450,SSHL,Sani Securities Company Ltd.,Thrive Brokerage House Pvt. Ltd,121,263.0,31823.0,2025-07-17 12:32:34.046230
2025-07-17,88667,2025071704016553,SSHL,Sundhara Securities Limited,Siprabi Securities Pvt. Ltd.,100,262.9,26290.0,2025-07-17 12:33:10.840448
2025-07-17,88666,2025071704016554,SSHL,Sri Hari Securities Pvt. Ltd.,Siprabi Securities Pvt. Ltd.,25,262.9,6572.5,2025-07-17 12:33:10.840819
2025-07-17,88340,2025071704016668,SSHL,Sumeru Securities Pvt. Ltd.,Siprabi Securities Pvt. Ltd.,125,262.8,32850.0,2025-07-17 12:33:50.589943
2025-07-17,88282,2025071704016687,SSHL,Sumeru Securities Pvt. Ltd.,Thrive Brokerage House Pvt. Ltd,165,262.8,43362.0,2025-07-17 12:33:58.756285
2025-07-17,88281,2025071704016688,SSHL,Sri Hari Securities Pvt. Ltd.,Thrive Brokerage House Pvt. Ltd,200,262.2,52440.0,2025-07-17 12:33:58.756486
2025-07-17,88280,2025071704016689,SSHL,Vision Securities Pvt. Ltd,Thrive Brokerage House Pvt. Ltd,14,262.0,3668.0,2025-07-17 12:33:58.756577
2025-07-17,87874,2025071704016848,SSHL,Vision Securities Pvt. Ltd,Siprabi Securities Pvt. Ltd.,490,262.0,128380.0,2025-07-17 12:34:42.257746
2025-07-17,87184,2025071704017073,SSHL,Vision Securities Pvt. Ltd,Cristal Kanchanjanga Securites Pvt. Ltd.,70,262.0,18340.0,2025-07-17 12:36:04.467310
2025-07-17,87072,2025071704017122,SSHL,Vision Securities Pvt. Ltd,Pragyan Securities (PVT) Ltd.,20,262.0,5240.0,2025-07-17 12:36:17.023591
2025-07-17,86301,2025071704017311,SSHL,Investment Management Nepal Pvt. Ltd.,Siprabi Securities Pvt. Ltd.,10,262.2,2622.0,2025-07-17 12:37:48.445759
2025-07-17,86085,2025071704017368,SSHL,Investment Management Nepal Pvt. Ltd.,Linch Stock Market Ltd.,100,262.2,26220.0,2025-07-17 12:38:17.338072
2025-07-17,86057,2025071704017375,SSHL,Vision Securities Pvt. Ltd,Vision Securities Pvt. Ltd,500,262.8,131400.0,2025-07-17 12:38:20.289499
2025-07-17,85449,2025071704017593,SSHL,Investment Management Nepal Pvt. Ltd.,Imperial Securities Company Pvt. Ltd.,90,262.2,23598.0,2025-07-17 12:39:33.116691
2025-07-17,85448,2025071704017594,SSHL,Sundhara Securities Limited,Imperial Securities Company Pvt. Ltd.,10,262.1,2621.0,2025-07-17 12:39:33.116931
2025-07-17,84511,2025071704017896,SSHL,Sundhara Securities Limited,Bhrikuti Stock Broking Co. Pvt. Ltd.,140,262.1,36694.0,2025-07-17 12:41:11.936534
2025-07-17,84510,2025071704017897,SSHL,Vision Securities Pvt. Ltd,Bhrikuti Stock Broking Co. Pvt. Ltd.,160,262.0,41920.0,2025-07-17 12:41:11.936938
2025-07-17,84156,2025071704017985,SSHL,Sani Securities Company Ltd.,Secured Securities Ltd.,88,262.8,23126.4,2025-07-17 12:41:48.945266
2025-07-17,83867,2025071704018115,SSHL,Vision Securities Pvt. Ltd,Himalayan Securities Limited,25,262.0,6550.0,2025-07-17 12:42:16.328975
2025-07-17,83659,2025071704018199,SSHL,Vision Securities Pvt. Ltd,Sumeru Securities Pvt. Ltd.,500,262.0,131000.0,2025-07-17 12:42:41.006376
2025-07-17,83650,2025071704018205,SSHL,Sewa Securities Pvt. Ltd.,Secured Securities Ltd.,12,262.8,3153.6,2025-07-17 12:42:41.795612
2025-07-17,83649,2025071704018206,SSHL,Sewa Securities Pvt. Ltd.,Vision Securities Pvt. Ltd,38,262.8,9986.4,2025-07-17 12:42:41.795833
2025-07-17,83485,2025071704018252,SSHL,Linch Stock Market Ltd.,Vision Securities Pvt. Ltd,40,262.8,10512.0,2025-07-17 12:42:57.639805
2025-07-17,83287,2025071704018329,SSHL,Vision Securities Pvt. Ltd,Dynamic Money Managers Securities Pvt. Ltd.,25,262.0,6550.0,2025-07-17 12:43:20.643450
2025-07-17,83286,2025071704018330,SSHL,Dakshinkali Investment & Securities Pvt. Ltd.,Dynamic Money Managers Securities Pvt. Ltd.,500,262.0,131000.0,2025-07-17 12:43:20.643676
2025-07-17,83285,2025071704018331,SSHL,Sri Hari Securities Pvt. Ltd.,Dynamic Money Managers Securities Pvt. Ltd.,100,262.0,26200.0,2025-07-17 12:43:20.643764
2025-07-17,83284,2025071704018332,SSHL,Sri Hari Securities Pvt. Ltd.,Dynamic Money Managers Securities Pvt. Ltd.,100,262.0,26200.0,2025-07-17 12:43:20.643850
2025-07-17,83283,2025071704018333,SSHL,Opal Securities Investment (PVT) Ltd.,Dynamic Money Managers Securities Pvt. Ltd.,200,262.0,52400.0,2025-07-17 12:43:20.643933
2025-07-17,83282,2025071704018334,SSHL,Online Securities Pvt. Ltd.,Dynamic Money Managers Securities Pvt. Ltd.,575,262.0,150650.0,2025-07-17 12:43:20.644016
2025-07-17,82614,2025071704018489,SSHL,Online Securities Pvt. Ltd.,Midas Stock Broking Company Private Limited,185,262.0,48470.0,2025-07-17 12:44:37.222562
2025-07-17,80902,2025071704018980,SSHL,Nepal Stock House (PVT) Ltd.,Dakshinkali Investment & Securities Pvt. Ltd.,50,261.9,13095.0,2025-07-17 12:48:08.933349
2025-07-17,80901,2025071704018981,SSHL,Nepal Stock House (PVT) Ltd.,Midas Stock Broking Company Private Limited,650,262.0,170300.0,2025-07-17 12:48:08.933609
2025-07-17,80648,2025071704019069,SSHL,Capital Max Securities Ltd,Nepal Stock House (PVT) Ltd.,75,261.9,19642.5,2025-07-17 12:48:38.846865
2025-07-17,80647,2025071704019070,SSHL,Capital Max Securities Ltd,Midas Stock Broking Company Private Limited,125,262.0,32750.0,2025-07-17 12:48:38.847306
2025-07-17,79923,2025071704019282,SSHL,Vision Securities Pvt. Ltd,Pragyan Securities (PVT) Ltd.,200,261.9,52380.0,2025-07-17 12:50:01.007863
2025-07-17,79824,2025071704019331,SSHL,Primo Securities (PVT) Ltd.,Midas Stock Broking Company Private Limited,30,262.0,7860.0,2025-07-17 12:50:11.808512
2025-07-17,79823,2025071704019332,SSHL,Primo Securities (PVT) Ltd.,Linch Stock Market Ltd.,470,262.7,123469.0,2025-07-17 12:50:11.808738
2025-07-17,79481,2025071704019445,SSHL,Hatemalo Financial Services Private Limited,Naasa Securities Co. Ltd.,100,262.0,26200.0,2025-07-17 12:50:57.156184
2025-07-17,79429,2025071704019455,SSHL,Cristal Kanchanjanga Securites Pvt. Ltd.,Creative Securities Pvt Ltd,500,262.0,131000.0,2025-07-17 12:51:07.803536
2025-07-17,79211,2025071704019520,SSHL,Hatemalo Financial Services Private Limited,Creative Securities Pvt Ltd,100,262.0,26200.0,2025-07-17 12:51:36.706645
2025-07-17,79205,2025071704019521,SSHL,Vision Securities Pvt. Ltd,Sani Securities Company Ltd.,100,261.9,26190.0,2025-07-17 12:51:37.183843
2025-07-17,79068,2025071704019542,SSHL,Kohinoor Investment & Securities Pvt. Ltd.,Creative Securities Pvt Ltd,300,262.0,78600.0,2025-07-17 12:51:55.047365
2025-07-17,78913,2025071704019600,SSHL,Vision Securities Pvt. Ltd,Midas Stock Broking Company Private Limited,100,261.9,26190.0,2025-07-17 12:52:17.203776
2025-07-17,78719,2025071704019669,SSHL,Vision Securities Pvt. Ltd,Dynamic Money Managers Securities Pvt. Ltd.,50,261.9,13095.0,2025-07-17 12:52:39.154458
2025-07-17,78686,2025071704019676,SSHL,Sani Securities Company Ltd.,Creative Securities Pvt Ltd,1000,262.0,262000.0,2025-07-17 12:52:45.722570
2025-07-17,78360,2025071704019716,SSHL,Sani Securities Company Ltd.,Creative Securities Pvt Ltd,100,262.0,26200.0,2025-07-17 12:53:04.126890
2025-07-17,77952,2025071704019829,SSHL,Agrawal Securities (PVT) Ltd.,Creative Securities Pvt Ltd,500,262.0,131000.0,2025-07-17 12:53:50.693298
2025-07-17,77279,2025071704020027,SSHL,Vision Securities Pvt. Ltd,Kumari Securities Private Limited,550,261.9,144045.0,2025-07-17 12:55:17.075356
2025-07-17,77250,2025071704020029,SSHL,Opal Securities Investment (PVT) Ltd.,Kumari Securities Private Limited,100,261.9,26190.0,2025-07-17 12:55:21.329584
2025-07-17,76824,2025071704020142,SSHL,Dynamic Money Managers Securities Pvt. Ltd.,Trisul Securities & Invt. Ltd.,450,261.1,117495.0,2025-07-17 12:56:16.508990
2025-07-17,76823,2025071704020143,SSHL,Nepal Stock House (PVT) Ltd.,Trisul Securities & Invt. Ltd.,1000,261.1,261100.0,2025-07-17 12:56:16.509277
2025-07-17,76749,2025071704020159,SSHL,Sweta Securities Private Limited,Trisul Securities & Invt. Ltd.,778,261.0,203058.0,2025-07-17 12:56:28.678445
2025-07-17,76748,2025071704020160,SSHL,J.F. Securites (PVT) Ltd.,Trisul Securities & Invt. Ltd.,200,261.0,52200.0,2025-07-17 12:56:28.678688
2025-07-17,76747,2025071704020161,SSHL,Naasa Securities Co. Ltd.,Trisul Securities & Invt. Ltd.,22,261.0,5742.0,2025-07-17 12:56:28.678792
2025-07-17,76582,2025071704020212,SSHL,Naasa Securities Co. Ltd.,Imperial Securities Company Pvt. Ltd.,20,261.0,5220.0,2025-07-17 12:57:01.246561
2025-07-17,75364,2025071704020554,SSHL,Naasa Securities Co. Ltd.,Cristal Kanchanjanga Securites Pvt. Ltd.,200,261.0,52200.0,2025-07-17 12:59:46.164565
2025-07-17,75197,2025071704020596,SSHL,Vision Securities Pvt. Ltd,Vision Securities Pvt. Ltd,200,261.1,52220.0,2025-07-17 13:00:07.718726
2025-07-17,75193,2025071704020597,SSHL,Sundhara Securities Limited,Midas Stock Broking Company Private Limited,50,261.7,13085.0,2025-07-17 13:00:08.735484
2025-07-17,74812,2025071704020733,SSHL,Naasa Securities Co. Ltd.,Imperial Securities Company Pvt. Ltd.,20,261.7,5234.0,2025-07-17 13:01:07.139742
2025-07-17,74811,2025071704020734,SSHL,Naasa Securities Co. Ltd.,Agrawal Securities (PVT) Ltd.,60,261.8,15708.0,2025-07-17 13:01:07.139977
2025-07-17,74810,2025071704020735,SSHL,Naasa Securities Co. Ltd.,Secured Securities Ltd.,1000,261.9,261900.0,2025-07-17 13:01:07.140083
2025-07-17,74809,2025071704020736,SSHL,Naasa Securities Co. Ltd.,Creative Securities Pvt Ltd,500,262.0,131000.0,2025-07-17 13:01:07.140182
2025-07-17,74808,2025071704020737,SSHL,Naasa Securities Co. Ltd.,J.F. Securites (PVT) Ltd.,200,262.0,52400.0,2025-07-17 13:01:07.140351
2025-07-17,74807,2025071704020738,SSHL,Naasa Securities Co. Ltd.,Imperial Securities Company Pvt. Ltd.,59,262.0,15458.0,2025-07-17 13:01:07.140464
2025-07-17,74700,2025071704020768,SSHL,Sumeru Securities Pvt. Ltd.,Imperial Securities Company Pvt. Ltd.,141,262.0,36942.0,2025-07-17 13:01:18.873642
2025-07-17,74699,2025071704020769,SSHL,Sumeru Securities Pvt. Ltd.,ABC Securities Private Limited,310,262.0,81220.0,2025-07-17 13:01:18.873691
2025-07-17,74698,2025071704020770,SSHL,Sumeru Securities Pvt. Ltd.,Bhrikuti Stock Broking Co. Pvt. Ltd.,49,262.0,12838.0,2025-07-17 13:01:18.873739
2025-07-17,74694,2025071704020771,SSHL,Naasa Securities Co. Ltd.,Bhrikuti Stock Broking Co. Pvt. Ltd.,951,262.0,249162.0,2025-07-17 13:01:19.345114
2025-07-17,74390,2025071704020864,SSHL,Naasa Securities Co. Ltd.,Aryatara Investment & Securities,74,262.0,19388.0,2025-07-17 13:01:57.151530
2025-07-17,73671,2025071704021121,SSHL,Naasa Securities Co. Ltd.,Cristal Kanchanjanga Securites Pvt. Ltd.,975,262.0,255450.0,2025-07-17 13:03:26.351759
2025-07-17,73670,2025071704021122,SSHL,Sani Securities Company Ltd.,Cristal Kanchanjanga Securites Pvt. Ltd.,25,262.0,6550.0,2025-07-17 13:03:26.352042
2025-07-17,72764,2025071704021358,SSHL,Sani Securities Company Ltd.,Imperial Securities Company Pvt. Ltd.,10,262.6,2626.0,2025-07-17 13:05:29.584873
2025-07-17,72763,2025071704021359,SSHL,Sani Securities Company Ltd.,Sani Securities Company Ltd.,19,262.6,4989.4,2025-07-17 13:05:29.585127
2025-07-17,72586,2025071704021403,SSHL,Sani Securities Company Ltd.,South Asian Bulls Pvt. Ltd.,10,262.0,2620.0,2025-07-17 13:06:02.026227
2025-07-17,72585,2025071704021404,SSHL,Kumari Securities Private Limited,South Asian Bulls Pvt. Ltd.,15,262.0,3930.0,2025-07-17 13:06:02.026494
2025-07-17,72528,2025071704021418,SSHL,Kumari Securities Private Limited,Kumari Securities Private Limited,65,262.0,17030.0,2025-07-17 13:06:13.680090
2025-07-17,72527,2025071704021419,SSHL,Naasa Securities Co. Ltd.,Kumari Securities Private Limited,2000,262.0,524000.0,2025-07-17 13:06:13.680359
2025-07-17,72506,2025071704021421,SSHL,Naasa Securities Co. Ltd.,Kumari Securities Private Limited,10,262.0,2620.0,2025-07-17 13:06:16.399856
2025-07-17,72219,2025071704021463,SSHL,Deevyaa Securities & Stock House Pvt. Ltd,Sani Securities Company Ltd.,381,262.6,100050.6,2025-07-17 13:06:52.652679
2025-07-17,72218,2025071704021464,SSHL,Deevyaa Securities & Stock House Pvt. Ltd,Kumari Securities Private Limited,1619,262.6,425149.4,2025-07-17 13:06:52.652736
2025-07-17,72127,2025071704021488,SSHL,Sipla Securities Private Limited,Sani Securities Company Ltd.,50,262.0,13100.0,2025-07-17 13:07:04.359848
2025-07-17,72051,2025071704021517,SSHL,Naasa Securities Co. Ltd.,Sani Securities Company Ltd.,1300,261.9,340470.0,2025-07-17 13:07:17.948686
2025-07-17,72015,2025071704021526,SSHL,Naasa Securities Co. Ltd.,Sani Securities Company Ltd.,40,262.0,10480.0,2025-07-17 13:07:25.768059
2025-07-17,71503,2025071704021645,SSHL,Naasa Securities Co. Ltd.,Dynamic Money Managers Securities Pvt. Ltd.,50,262.0,13100.0,2025-07-17 13:08:33.857526
2025-07-17,71471,2025071704021661,SSHL,Naasa Securities Co. Ltd.,Dynamic Money Managers Securities Pvt. Ltd.,10,262.0,2620.0,2025-07-17 13:08:38.052098
2025-07-17,71415,2025071704021673,SSHL,Sundhara Securities Limited,Agrawal Securities (PVT) Ltd.,50,262.5,13125.0,2025-07-17 13:08:46.927916
2025-07-17,71144,2025071704021744,SSHL,Deevyaa Securities & Stock House Pvt. Ltd,Kumari Securities Private Limited,156,262.6,40965.6,2025-07-17 13:09:17.733452
2025-07-17,71143,2025071704021745,SSHL,Deevyaa Securities & Stock House Pvt. Ltd,Aryatara Investment & Securities,20,262.6,5252.0,2025-07-17 13:09:17.733534
2025-07-17,71142,2025071704021746,SSHL,Deevyaa Securities & Stock House Pvt. Ltd,Linch Stock Market Ltd.,30,262.7,7881.0,2025-07-17 13:09:17.733560
2025-07-17,71141,2025071704021747,SSHL,Deevyaa Securities & Stock House Pvt. Ltd,NIMB Stock Markets Limited,1118,262.7,293698.6,2025-07-17 13:09:17.733585
2025-07-17,71140,2025071704021748,SSHL,Deevyaa Securities & Stock House Pvt. Ltd,Vision Securities Pvt. Ltd,22,262.8,5781.6,2025-07-17 13:09:17.733631
2025-07-17,71139,2025071704021749,SSHL,Deevyaa Securities & Stock House Pvt. Ltd,Siprabi Securities Pvt. Ltd.,30,262.8,7884.0,2025-07-17 13:09:17.733654
2025-07-17,71138,2025071704021750,SSHL,Deevyaa Securities & Stock House Pvt. Ltd,Trishakti Securities Public Limited,50,262.8,13140.0,2025-07-17 13:09:17.733684
2025-07-17,71137,2025071704021751,SSHL,Deevyaa Securities & Stock House Pvt. Ltd,Vision Securities Pvt. Ltd,100,262.9,26290.0,2025-07-17 13:09:17.733711
2025-07-17,71136,2025071704021752,SSHL,Deevyaa Securities & Stock House Pvt. Ltd,Himalayan Brokerage Company Limited,300,262.9,78870.0,2025-07-17 13:09:17.733741
2025-07-17,71135,2025071704021753,SSHL,Deevyaa Securities & Stock House Pvt. Ltd,South Asian Bulls Pvt. Ltd.,20,263.0,5260.0,2025-07-17 13:09:17.733763
2025-07-17,71134,2025071704021754,SSHL,Deevyaa Securities & Stock House Pvt. Ltd,Thrive Brokerage House Pvt. Ltd,100,263.0,26300.0,2025-07-17 13:09:17.733787
2025-07-17,71133,2025071704021755,SSHL,Deevyaa Securities & Stock House Pvt. Ltd,Imperial Securities Company Pvt. Ltd.,1000,263.0,263000.0,2025-07-17 13:09:17.733810
2025-07-17,71132,2025071704021756,SSHL,Deevyaa Securities & Stock House Pvt. Ltd,Online Securities Pvt. Ltd.,54,263.0,14202.0,2025-07-17 13:09:17.733831
2025-07-17,70423,2025071704021952,SSHL,Kalika Securities Pvt. Ltd.,Naasa Securities Co. Ltd.,330,262.9,86757.0,2025-07-17 13:10:41.181444
2025-07-17,70216,2025071704022010,SSHL,Himalayan Securities Limited,Naasa Securities Co. Ltd.,29,262.9,7624.1,2025-07-17 13:11:10.735113
2025-07-17,70215,2025071704022011,SSHL,Himalayan Securities Limited,Online Securities Pvt. Ltd.,946,263.0,248798.0,2025-07-17 13:11:10.735387
2025-07-17,70214,2025071704022012,SSHL,Himalayan Securities Limited,Premier Securities Company Ltd.,25,263.0,6575.0,2025-07-17 13:11:10.735492
2025-07-17,70146,2025071704022028,SSHL,Himalayan Securities Limited,Premier Securities Company Ltd.,75,263.0,19725.0,2025-07-17 13:11:20.781187
2025-07-17,70145,2025071704022029,SSHL,Himalayan Securities Limited,Opal Securities Investment (PVT) Ltd.,200,263.0,52600.0,2025-07-17 13:11:20.781469
2025-07-17,70144,2025071704022030,SSHL,Himalayan Securities Limited,Sewa Securities Pvt. Ltd.,400,263.0,105200.0,2025-07-17 13:11:20.781576
2025-07-17,70143,2025071704022031,SSHL,Himalayan Securities Limited,Trishakti Securities Public Limited,20,263.0,5260.0,2025-07-17 13:11:20.781712
2025-07-17,70142,2025071704022032,SSHL,Himalayan Securities Limited,Online Securities Pvt. Ltd.,305,263.0,80215.0,2025-07-17 13:11:20.781839
2025-07-17,70115,2025071704022033,SSHL,Property Wiard Limited,Online Securities Pvt. Ltd.,190,263.0,49970.0,2025-07-17 13:11:26.107411
2025-07-17,70114,2025071704022034,SSHL,Property Wiard Limited,Linch Stock Market Ltd.,300,263.0,78900.0,2025-07-17 13:11:26.107675
2025-07-17,70113,2025071704022035,SSHL,Property Wiard Limited,Dipshikha Dhitopatra Karobar Co. Pvt Ltd.,10,263.0,2630.0,2025-07-17 13:11:26.107777
2025-07-17,70004,2025071704022066,SSHL,Property Wiard Limited,Dipshikha Dhitopatra Karobar Co. Pvt Ltd.,290,263.0,76270.0,2025-07-17 13:11:41.177036
2025-07-17,69763,2025071704022094,SSHL,Property Wiard Limited,Kumari Securities Private Limited,50,263.0,13150.0,2025-07-17 13:12:10.266241
2025-07-17,69247,2025071704022257,SSHL,Property Wiard Limited,Sani Securities Company Ltd.,100,263.0,26300.0,2025-07-17 13:13:09.989785
2025-07-17,69224,2025071704022268,SSHL,Property Wiard Limited,Sumeru Securities Pvt. Ltd.,60,263.0,15780.0,2025-07-17 13:13:14.257430
2025-07-17,69223,2025071704022269,SSHL,Sani Securities Company Ltd.,Sumeru Securities Pvt. Ltd.,200,263.0,52600.0,2025-07-17 13:13:14.257672
2025-07-17,68724,2025071704022427,SSHL,Naasa Securities Co. Ltd.,Thrive Brokerage House Pvt. Ltd,10,262.0,2620.0,2025-07-17 13:14:15.749461
2025-07-17,67967,2025071704022671,SSHL,Naasa Securities Co. Ltd.,Vision Securities Pvt. Ltd,400,262.0,104800.0,2025-07-17 13:15:51.185152
2025-07-17,67933,2025071704022692,SSHL,Naasa Securities Co. Ltd.,Asian Securities Private Ltd.,190,262.0,49780.0,2025-07-17 13:15:56.513251
2025-07-17,67932,2025071704022693,SSHL,Sipla Securities Private Limited,Asian Securities Private Ltd.,50,262.0,13100.0,2025-07-17 13:15:56.513612
2025-07-17,67931,2025071704022694,SSHL,Sri Hari Securities Pvt. Ltd.,Asian Securities Private Ltd.,100,262.0,26200.0,2025-07-17 13:15:56.513719
2025-07-17,67930,2025071704022695,SSHL,Sri Hari Securities Pvt. Ltd.,Asian Securities Private Ltd.,70,262.0,18340.0,2025-07-17 13:15:56.513859
2025-07-17,67889,2025071704022705,SSHL,Sri Hari Securities Pvt. Ltd.,Primo Securities (PVT) Ltd.,30,262.0,7860.0,2025-07-17 13:16:01.859455
2025-07-17,67888,2025071704022706,SSHL,Opal Securities Investment (PVT) Ltd.,Primo Securities (PVT) Ltd.,200,262.0,52400.0,2025-07-17 13:16:01.859731
2025-07-17,66970,2025071704023000,SSHL,Naasa Securities Co. Ltd.,Primo Securities (PVT) Ltd.,170,262.0,44540.0,2025-07-17 13:18:07.726380
2025-07-17,66914,2025071704023023,SSHL,Naasa Securities Co. Ltd.,Naasa Securities Co. Ltd.,10,262.0,2620.0,2025-07-17 13:18:16.000117
2025-07-17,66801,2025071704023052,SSHL,Sri Hari Securities Pvt. Ltd.,Sumeru Securities Pvt. Ltd.,192,263.0,50496.0,2025-07-17 13:18:30.618147
2025-07-17,66700,2025071704023089,SSHL,Sri Hari Securities Pvt. Ltd.,Naasa Securities Co. Ltd.,10,262.9,2629.0,2025-07-17 13:18:42.757211
2025-07-17,66364,2025071704023207,SSHL,SHUBHAKAMANA SECURITIES PVT. LTD,Naasa Securities Co. Ltd.,50,262.9,13145.0,2025-07-17 13:19:26.627483
2025-07-17,66363,2025071704023208,SSHL,SHUBHAKAMANA SECURITIES PVT. LTD,Sumeru Securities Pvt. Ltd.,548,263.0,144124.0,2025-07-17 13:19:26.627833
2025-07-17,66362,2025071704023209,SSHL,SHUBHAKAMANA SECURITIES PVT. LTD,Cristal Kanchanjanga Securites Pvt. Ltd.,30,263.0,7890.0,2025-07-17 13:19:26.627941
2025-07-17,66361,2025071704023210,SSHL,SHUBHAKAMANA SECURITIES PVT. LTD,Sani Securities Company Ltd.,450,263.0,118350.0,2025-07-17 13:19:26.628043
2025-07-17,66360,2025071704023211,SSHL,SHUBHAKAMANA SECURITIES PVT. LTD,Trisul Securities & Invt. Ltd.,200,263.0,52600.0,2025-07-17 13:19:26.628143
2025-07-17,66359,2025071704023212,SSHL,SHUBHAKAMANA SECURITIES PVT. LTD,Trishakti Securities Public Limited,20,263.0,5260.0,2025-07-17 13:19:26.628244
2025-07-17,66269,2025071704023232,SSHL,SHUBHAKAMANA SECURITIES PVT. LTD,Sani Securities Company Ltd.,459,263.1,120762.9,2025-07-17 13:19:35.660032
2025-07-17,66171,2025071704023273,SSHL,SHUBHAKAMANA SECURITIES PVT. LTD,Online Securities Pvt. Ltd.,243,263.1,63933.3,2025-07-17 13:19:48.287644
2025-07-17,66073,2025071704023301,SSHL,Vision Securities Pvt. Ltd,Online Securities Pvt. Ltd.,100,263.0,26300.0,2025-07-17 13:20:03.543241
2025-07-17,65824,2025071704023371,SSHL,Sundhara Securities Limited,Linch Stock Market Ltd.,150,262.2,39330.0,2025-07-17 13:20:32.475503
2025-07-17,65823,2025071704023372,SSHL,Vision Securities Pvt. Ltd,Linch Stock Market Ltd.,50,262.2,13110.0,2025-07-17 13:20:32.793420
2025-07-17,65670,2025071704023404,SSHL,Vision Securities Pvt. Ltd,Online Securities Pvt. Ltd.,657,262.5,172462.5,2025-07-17 13:20:51.127470
2025-07-17,65572,2025071704023422,SSHL,Vision Securities Pvt. Ltd,Kalika Securities Pvt. Ltd.,293,262.5,76912.5,2025-07-17 13:21:03.867051
2025-07-17,65235,2025071704023501,SSHL,Citizens Share Broker Limited,Linch Stock Market Ltd.,100,262.1,26210.0,2025-07-17 13:21:49.073778
2025-07-17,65211,2025071704023510,SSHL,Citizens Share Broker Limited,Oxford Securities Pvt. Ltd.,111,262.1,29093.1,2025-07-17 13:21:53.138232
2025-07-17,64995,2025071704023557,SSHL,Citizens Share Broker Limited,Naasa Securities Co. Ltd.,789,262.1,206796.9,2025-07-17 13:22:25.008288
2025-07-17,64994,2025071704023558,SSHL,Naasa Securities Co. Ltd.,Naasa Securities Co. Ltd.,191,262.0,50042.0,2025-07-17 13:22:25.008571
2025-07-17,64900,2025071704023586,SSHL,Naasa Securities Co. Ltd.,Linch Stock Market Ltd.,200,262.0,52400.0,2025-07-17 13:22:38.609771
2025-07-17,64812,2025071704023622,SSHL,Naasa Securities Co. Ltd.,Online Securities Pvt. Ltd.,429,262.0,112398.0,2025-07-17 13:22:54.812179
2025-07-17,64811,2025071704023623,SSHL,Midas Stock Broking Company Private Limited,Online Securities Pvt. Ltd.,100,262.0,26200.0,2025-07-17 13:22:54.812419
2025-07-17,64810,2025071704023624,SSHL,Naasa Securities Co. Ltd.,Online Securities Pvt. Ltd.,150,262.0,39300.0,2025-07-17 13:22:54.812526
2025-07-17,64502,2025071704023741,SSHL,Vision Securities Pvt. Ltd,Online Securities Pvt. Ltd.,300,261.3,78390.0,2025-07-17 13:23:30.297364
2025-07-17,64501,2025071704023742,SSHL,Cristal Kanchanjanga Securites Pvt. Ltd.,Online Securities Pvt. Ltd.,21,261.3,5487.3,2025-07-17 13:23:30.297868
2025-07-17,64092,2025071704023826,SSHL,Naasa Securities Co. Ltd.,Siprabi Securities Pvt. Ltd.,50,262.0,13100.0,2025-07-17 13:24:16.204336
2025-07-17,63683,2025071704023925,SSHL,Naasa Securities Co. Ltd.,Shree Krishna Securities Ltd.,1450,262.0,379900.0,2025-07-17 13:25:15.159983
2025-07-17,63576,2025071704023953,SSHL,Imperial Securities Company Pvt. Ltd.,Siprabi Securities Pvt. Ltd.,150,262.3,39345.0,2025-07-17 13:25:33.113263
2025-07-17,63575,2025071704023954,SSHL,Imperial Securities Company Pvt. Ltd.,Sani Securities Company Ltd.,150,262.3,39345.0,2025-07-17 13:25:33.113659
2025-07-17,63226,2025071704024040,SSHL,Midas Stock Broking Company Private Limited,Dynamic Money Managers Securities Pvt. Ltd.,50,262.0,13100.0,2025-07-17 13:26:16.710657
2025-07-17,63178,2025071704024060,SSHL,Midas Stock Broking Company Private Limited,Secured Securities Ltd.,150,262.0,39300.0,2025-07-17 13:26:23.920430
2025-07-17,63177,2025071704024061,SSHL,Aryatara Investment & Securities,Secured Securities Ltd.,70,262.0,18340.0,2025-07-17 13:26:23.920676
2025-07-17,63074,2025071704024074,SSHL,Naasa Securities Co. Ltd.,Secured Securities Ltd.,50,262.0,13100.0,2025-07-17 13:26:41.392466
2025-07-17,63073,2025071704024075,SSHL,Naasa Securities Co. Ltd.,Trisul Securities & Invt. Ltd.,200,262.0,52400.0,2025-07-17 13:26:41.392716
2025-07-17,63056,2025071704024084,SSHL,Neev Securities Pvt. Ltd.,Linch Stock Market Ltd.,3,256.8,770.4,2025-07-17 13:26:44.238074
2025-07-17,62865,2025071704024125,SSHL,Naasa Securities Co. Ltd.,Shree Krishna Securities Ltd.,1250,262.0,327500.0,2025-07-17 13:27:12.841017
2025-07-17,62099,2025071704024333,SSHL,Cristal Kanchanjanga Securites Pvt. Ltd.,Kalika Securities Pvt. Ltd.,90,261.3,23517.0,2025-07-17 13:28:53.778647
2025-07-17,61963,2025071704024360,SSHL,Naasa Securities Co. Ltd.,Shree Krishna Securities Ltd.,2000,262.0,524000.0,2025-07-17 13:29:12.800870
2025-07-17,61448,2025071704024528,SSHL,Naasa Securities Co. Ltd.,Dipshikha Dhitopatra Karobar Co. Pvt Ltd.,100,262.0,26200.0,2025-07-17 13:30:12.816569
2025-07-17,61230,2025071704024596,SSHL,Naasa Securities Co. Ltd.,Shree Krishna Securities Ltd.,1300,262.0,340600.0,2025-07-17 13:30:48.052039
2025-07-17,61229,2025071704024597,SSHL,Naasa Securities Co. Ltd.,Aryatara Investment & Securities,600,262.0,157200.0,2025-07-17 13:30:48.193909
2025-07-17,61027,2025071704024644,SSHL,Aryatara Investment & Securities,Aryatara Investment & Securities,400,262.0,104800.0,2025-07-17 13:31:08.620390
2025-07-17,59585,2025071704025039,SSHL,Aryatara Investment & Securities,Kohinoor Investment & Securities Pvt. Ltd.,100,262.0,26200.0,2025-07-17 13:33:45.485756
2025-07-17,59584,2025071704025040,SSHL,Naasa Securities Co. Ltd.,Kohinoor Investment & Securities Pvt. Ltd.,30,262.0,7860.0,2025-07-17 13:33:45.486127
2025-07-17,59112,2025071704025177,SSHL,Naasa Securities Co. Ltd.,Kohinoor Investment & Securities Pvt. Ltd.,273,262.0,71526.0,2025-07-17 13:34:39.137104
2025-07-17,58765,2025071704025231,SSHL,Naasa Securities Co. Ltd.,Shree Krishna Securities Ltd.,1727,262.0,452474.0,2025-07-17 13:35:19.324996
2025-07-17,58764,2025071704025232,SSHL,Primo Securities (PVT) Ltd.,Shree Krishna Securities Ltd.,10,262.0,2620.0,2025-07-17 13:35:19.325302
2025-07-17,58459,2025071704025347,SSHL,Naasa Securities Co. Ltd.,Shree Krishna Securities Ltd.,263,262.0,68906.0,2025-07-17 13:35:56.171273
2025-07-17,57891,2025071704025495,SSHL,Aryatara Investment & Securities,Online Securities Pvt. Ltd.,1000,262.2,262200.0,2025-07-17 13:36:59.370280
2025-07-17,57691,2025071704025518,SSHL,ABC Securities Private Limited,Kalika Securities Pvt. Ltd.,37,262.5,9712.5,2025-07-17 13:37:13.058889
2025-07-17,57690,2025071704025519,SSHL,ABC Securities Private Limited,Vision Securities Pvt. Ltd,200,263.0,52600.0,2025-07-17 13:37:13.059165
2025-07-17,57689,2025071704025520,SSHL,ABC Securities Private Limited,Naasa Securities Co. Ltd.,45,263.0,11835.0,2025-07-17 13:37:13.059279
2025-07-17,57688,2025071704025521,SSHL,ABC Securities Private Limited,Dipshikha Dhitopatra Karobar Co. Pvt Ltd.,40,263.0,10520.0,2025-07-17 13:37:13.059401
2025-07-17,57687,2025071704025522,SSHL,ABC Securities Private Limited,Malla & Malla Stock Broking Company Pvt. Limited,50,263.0,13150.0,2025-07-17 13:37:13.059511
2025-07-17,57686,2025071704025523,SSHL,ABC Securities Private Limited,J.F. Securites (PVT) Ltd.,300,263.0,78900.0,2025-07-17 13:37:13.059619
2025-07-17,57685,2025071704025524,SSHL,ABC Securities Private Limited,Investment Management Nepal Pvt. Ltd.,200,263.0,52600.0,2025-07-17 13:37:13.059726
2025-07-17,57684,2025071704025525,SSHL,ABC Securities Private Limited,Linch Stock Market Ltd.,40,263.0,10520.0,2025-07-17 13:37:13.059835
2025-07-17,57683,2025071704025526,SSHL,ABC Securities Private Limited,Sumeru Securities Pvt. Ltd.,30,263.0,7890.0,2025-07-17 13:37:13.059939
2025-07-17,57492,2025071704025599,SSHL,ABC Securities Private Limited,Secured Securities Ltd.,258,263.0,67854.0,2025-07-17 13:37:28.667698
2025-07-17,57491,2025071704025600,SSHL,Naasa Securities Co. Ltd.,Secured Securities Ltd.,1119,262.0,293178.0,2025-07-17 13:37:28.668222
2025-07-17,55720,2025071704026083,SSHL,Naasa Securities Co. Ltd.,Dakshinkali Investment & Securities Pvt. Ltd.,120,262.0,31440.0,2025-07-17 13:40:45.038851
2025-07-17,55702,2025071704026089,SSHL,Naasa Securities Co. Ltd.,Shree Krishna Securities Ltd.,498,262.0,130476.0,2025-07-17 13:40:47.129511
2025-07-17,55701,2025071704026090,SSHL,Sani Securities Company Ltd.,Shree Krishna Securities Ltd.,200,262.0,52400.0,2025-07-17 13:40:47.130095
2025-07-17,55700,2025071704026091,SSHL,Primo Securities (PVT) Ltd.,Shree Krishna Securities Ltd.,1000,262.0,262000.0,2025-07-17 13:40:47.130487
2025-07-17,55699,2025071704026092,SSHL,Sundhara Securities Limited,Shree Krishna Securities Ltd.,150,262.0,39300.0,2025-07-17 13:40:47.130848
2025-07-17,55698,2025071704026093,SSHL,Midas Stock Broking Company Private Limited,Shree Krishna Securities Ltd.,52,262.0,13624.0,2025-07-17 13:40:47.131193
2025-07-17,55234,2025071704026251,SSHL,Midas Stock Broking Company Private Limited,Thrive Brokerage House Pvt. Ltd,48,262.0,12576.0,2025-07-17 13:41:33.972972
2025-07-17,55233,2025071704026252,SSHL,Sri Hari Securities Pvt. Ltd.,Thrive Brokerage House Pvt. Ltd,100,262.0,26200.0,2025-07-17 13:41:33.973278
2025-07-17,55195,2025071704026263,SSHL,Naasa Securities Co. Ltd.,Thrive Brokerage House Pvt. Ltd,852,262.0,223224.0,2025-07-17 13:41:39.056399
2025-07-17,55110,2025071704026304,SSHL,Sumeru Securities Pvt. Ltd.,Sagarmatha Securities Private Limited,100,262.8,26280.0,2025-07-17 13:41:47.998535
2025-07-17,55109,2025071704026305,SSHL,Sumeru Securities Pvt. Ltd.,Imperial Securities Company Pvt. Ltd.,20,263.0,5260.0,2025-07-17 13:41:47.998604
2025-07-17,55108,2025071704026306,SSHL,Sumeru Securities Pvt. Ltd.,Midas Stock Broking Company Private Limited,580,263.0,152540.0,2025-07-17 13:41:47.998633
2025-07-17,54961,2025071704026372,SSHL,Naasa Securities Co. Ltd.,Shree Krishna Securities Ltd.,2000,262.0,524000.0,2025-07-17 13:41:59.646109
2025-07-17,54814,2025071704026406,SSHL,Naasa Securities Co. Ltd.,Naasa Securities Co. Ltd.,50,262.0,13100.0,2025-07-17 13:42:19.698399
2025-07-17,54606,2025071704026500,SSHL,Naasa Securities Co. Ltd.,Naasa Securities Co. Ltd.,98,262.0,25676.0,2025-07-17 13:42:47.588619
2025-07-17,54605,2025071704026501,SSHL,Naasa Securities Co. Ltd.,Naasa Securities Co. Ltd.,266,262.0,69692.0,2025-07-17 13:42:47.588939
2025-07-17,54375,2025071704026563,SSHL,Naasa Securities Co. Ltd.,Capital Max Securities Ltd,2000,262.0,524000.0,2025-07-17 13:43:08.395133
2025-07-17,53760,2025071704026784,SSHL,Naasa Securities Co. Ltd.,Dakshinkali Investment & Securities Pvt. Ltd.,130,262.0,34060.0,2025-07-17 13:44:17.250358
2025-07-17,53728,2025071704026790,SSHL,Naasa Securities Co. Ltd.,Malla & Malla Stock Broking Company Pvt. Limited,604,262.0,158248.0,2025-07-17 13:44:20.856477
2025-07-17,53727,2025071704026791,SSHL,Aryatara Investment & Securities,Malla & Malla Stock Broking Company Pvt. Limited,100,262.0,26200.0,2025-07-17 13:44:20.856762
2025-07-17,53726,2025071704026792,SSHL,Naasa Securities Co. Ltd.,Malla & Malla Stock Broking Company Pvt. Limited,296,262.0,77552.0,2025-07-17 13:44:20.856877
2025-07-17,53644,2025071704026824,SSHL,Naasa Securities Co. Ltd.,Citizens Share Broker Limited,45,262.0,11790.0,2025-07-17 13:44:26.346488
2025-07-17,53557,2025071704026857,SSHL,Naasa Securities Co. Ltd.,Opal Securities Investment (PVT) Ltd.,2000,262.0,524000.0,2025-07-17 13:44:39.252505
2025-07-17,52705,2025071704027182,SSHL,Dynamic Money Managers Securities Pvt. Ltd.,Shree Krishna Securities Ltd.,1000,262.7,262700.0,2025-07-17 13:45:53.086075
2025-07-17,52261,2025071704027318,SSHL,Siprabi Securities Pvt. Ltd.,Premier Securities Company Ltd.,500,262.7,131350.0,2025-07-17 13:46:39.856249
2025-07-17,52260,2025071704027319,SSHL,Siprabi Securities Pvt. Ltd.,Premier Securities Company Ltd.,150,262.1,39315.0,2025-07-17 13:46:39.856552
2025-07-17,51555,2025071704027539,SSHL,Siprabi Securities Pvt. Ltd.,ABC Securities Private Limited,100,262.1,26210.0,2025-07-17 13:47:54.817091
2025-07-17,51461,2025071704027570,SSHL,Siprabi Securities Pvt. Ltd.,J.F. Securites (PVT) Ltd.,100,262.1,26210.0,2025-07-17 13:48:06.359667
2025-07-17,50259,2025071704027910,SSHL,Siprabi Securities Pvt. Ltd.,Naasa Securities Co. Ltd.,1650,262.1,432465.0,2025-07-17 13:49:57.596389
2025-07-17,49773,2025071704028060,SSHL,Naasa Securities Co. Ltd.,Online Securities Pvt. Ltd.,659,262.0,172658.0,2025-07-17 13:50:35.084541
2025-07-17,49772,2025071704028061,SSHL,Asian Securities Private Ltd.,Online Securities Pvt. Ltd.,500,262.0,131000.0,2025-07-17 13:50:35.084822
2025-07-17,49771,2025071704028062,SSHL,Siprabi Securities Pvt. Ltd.,Online Securities Pvt. Ltd.,500,262.0,131000.0,2025-07-17 13:50:35.084939
2025-07-17,49770,2025071704028063,SSHL,Opal Securities Investment (PVT) Ltd.,Online Securities Pvt. Ltd.,100,262.0,26200.0,2025-07-17 13:50:35.085050
2025-07-17,49769,2025071704028064,SSHL,Midas Stock Broking Company Private Limited,Online Securities Pvt. Ltd.,41,262.0,10742.0,2025-07-17 13:50:35.085163
2025-07-17,49579,2025071704028116,SSHL,Midas Stock Broking Company Private Limited,Naasa Securities Co. Ltd.,59,262.0,15458.0,2025-07-17 13:50:50.572068
2025-07-17,49471,2025071704028153,SSHL,Naasa Securities Co. Ltd.,Naasa Securities Co. Ltd.,13396,262.0,3509752.0,2025-07-17 13:51:02.782652
2025-07-17,49470,2025071704028154,SSHL,Naasa Securities Co. Ltd.,Naasa Securities Co. Ltd.,6000,262.0,1572000.0,2025-07-17 13:51:02.782959
2025-07-17,49226,2025071704028242,SSHL,Naasa Securities Co. Ltd.,Neev Securities Pvt. Ltd.,50,262.7,13135.0,2025-07-17 13:51:24.745125
2025-07-17,49225,2025071704028243,SSHL,Naasa Securities Co. Ltd.,Naasa Securities Co. Ltd.,200,262.8,52560.0,2025-07-17 13:51:24.745690
2025-07-17,49224,2025071704028244,SSHL,Naasa Securities Co. Ltd.,Swarna Laxmi Securities Pvt. Ltd.,250,262.8,65700.0,2025-07-17 13:51:24.746039
2025-07-17,49029,2025071704028328,SSHL,Naasa Securities Co. Ltd.,Sweta Securities Private Limited,700,262.0,183400.0,2025-07-17 13:51:38.123766
2025-07-17,48343,2025071704028552,SSHL,Linch Stock Market Ltd.,Naasa Securities Co. Ltd.,10,262.5,2625.0,2025-07-17 13:52:42.752555
2025-07-17,48290,2025071704028573,SSHL,Opal Securities Investment (PVT) Ltd.,Online Securities Pvt. Ltd.,1000,262.1,262100.0,2025-07-17 13:52:48.810075
2025-07-17,48224,2025071704028592,SSHL,Investment Management Nepal Pvt. Ltd.,Naasa Securities Co. Ltd.,270,262.5,70875.0,2025-07-17 13:53:00.896177
2025-07-17,48223,2025071704028593,SSHL,Investment Management Nepal Pvt. Ltd.,Swarna Laxmi Securities Pvt. Ltd.,250,262.8,65700.0,2025-07-17 13:53:00.896447
2025-07-17,48222,2025071704028594,SSHL,Investment Management Nepal Pvt. Ltd.,Midas Stock Broking Company Private Limited,420,263.0,110460.0,2025-07-17 13:53:00.896589
2025-07-17,48221,2025071704028595,SSHL,Investment Management Nepal Pvt. Ltd.,Malla & Malla Stock Broking Company Pvt. Limited,100,263.0,26300.0,2025-07-17 13:53:00.896714
2025-07-17,48220,2025071704028596,SSHL,Investment Management Nepal Pvt. Ltd.,Midas Stock Broking Company Private Limited,860,263.0,226180.0,2025-07-17 13:53:00.896825
2025-07-17,47797,2025071704028788,SSHL,Sani Securities Company Ltd.,Midas Stock Broking Company Private Limited,100,263.0,26300.0,2025-07-17 13:53:44.489269
2025-07-17,47652,2025071704028832,SSHL,Sani Securities Company Ltd.,Midas Stock Broking Company Private Limited,40,263.0,10520.0,2025-07-17 13:54:02.818165
2025-07-17,47557,2025071704028865,SSHL,Nepal Stock House (PVT) Ltd.,Online Securities Pvt. Ltd.,200,263.0,52600.0,2025-07-17 13:54:16.393372
2025-07-17,47556,2025071704028866,SSHL,Aryatara Investment & Securities,Online Securities Pvt. Ltd.,100,262.5,26250.0,2025-07-17 13:54:16.393638
2025-07-17,47555,2025071704028867,SSHL,Miyo Securities Pvt Ltd,Online Securities Pvt. Ltd.,100,262.5,26250.0,2025-07-17 13:54:16.393787
2025-07-17,47554,2025071704028868,SSHL,Aryatara Investment & Securities,Online Securities Pvt. Ltd.,200,262.3,52460.0,2025-07-17 13:54:16.393918
2025-07-17,47443,2025071704028911,SSHL,ABC Securities Private Limited,Sani Securities Company Ltd.,100,263.0,26300.0,2025-07-17 13:54:28.348185
2025-07-17,46914,2025071704029032,SSHL,ABC Securities Private Limited,Online Securities Pvt. Ltd.,60,263.0,15780.0,2025-07-17 13:55:23.718145
2025-07-17,46750,2025071704029135,SSHL,ABC Securities Private Limited,Dakshinkali Investment & Securities Pvt. Ltd.,170,263.0,44710.0,2025-07-17 13:55:37.826553
2025-07-17,46736,2025071704029146,SSHL,ABC Securities Private Limited,Deevyaa Securities & Stock House Pvt. Ltd,170,263.0,44710.0,2025-07-17 13:55:39.776578
2025-07-17,46735,2025071704029147,SSHL,Dynamic Money Managers Securities Pvt. Ltd.,Deevyaa Securities & Stock House Pvt. Ltd,200,263.0,52600.0,2025-07-17 13:55:39.776866
2025-07-17,45713,2025071704029487,SSHL,Imperial Securities Company Pvt. Ltd.,Deevyaa Securities & Stock House Pvt. Ltd,130,263.0,34190.0,2025-07-17 13:57:12.787273
2025-07-17,45712,2025071704029488,SSHL,Imperial Securities Company Pvt. Ltd.,Naasa Securities Co. Ltd.,200,263.0,52600.0,2025-07-17 13:57:12.787802
2025-07-17,45711,2025071704029489,SSHL,Imperial Securities Company Pvt. Ltd.,Vision Securities Pvt. Ltd,200,263.4,52680.0,2025-07-17 13:57:12.788168
2025-07-17,45710,2025071704029490,SSHL,Imperial Securities Company Pvt. Ltd.,Shree Krishna Securities Ltd.,1000,263.4,263400.0,2025-07-17 13:57:12.788530
2025-07-17,45368,2025071704029658,SSHL,SHUBHAKAMANA SECURITIES PVT. LTD,Bhrikuti Stock Broking Co. Pvt. Ltd.,50,263.4,13170.0,2025-07-17 13:57:48.435327
2025-07-17,45367,2025071704029659,SSHL,SHUBHAKAMANA SECURITIES PVT. LTD,Sani Securities Company Ltd.,84,263.5,22134.0,2025-07-17 13:57:48.435631
2025-07-17,45366,2025071704029660,SSHL,SHUBHAKAMANA SECURITIES PVT. LTD,Sumeru Securities Pvt. Ltd.,200,263.5,52700.0,2025-07-17 13:57:48.435749
2025-07-17,45365,2025071704029661,SSHL,SHUBHAKAMANA SECURITIES PVT. LTD,Dynamic Money Managers Securities Pvt. Ltd.,200,263.5,52700.0,2025-07-17 13:57:48.435866
2025-07-17,45364,2025071704029662,SSHL,SHUBHAKAMANA SECURITIES PVT. LTD,Primo Securities (PVT) Ltd.,300,263.9,79170.0,2025-07-17 13:57:48.435986
2025-07-17,45363,2025071704029663,SSHL,SHUBHAKAMANA SECURITIES PVT. LTD,Sundhara Securities Limited,166,263.9,43807.4,2025-07-17 13:57:48.436101
2025-07-17,44965,2025071704029835,SSHL,SHUBHAKAMANA SECURITIES PVT. LTD,Asian Securities Private Ltd.,500,263.8,131900.0,2025-07-17 13:58:19.554225
2025-07-17,44253,2025071704030021,SSHL,ABC Securities Private Limited,Bhrikuti Stock Broking Co. Pvt. Ltd.,50,263.8,13190.0,2025-07-17 13:59:27.320844
2025-07-17,44252,2025071704030022,SSHL,ABC Securities Private Limited,Sani Securities Company Ltd.,200,263.8,52760.0,2025-07-17 13:59:27.321138
2025-07-17,44145,2025071704030057,SSHL,SHUBHAKAMANA SECURITIES PVT. LTD,Sani Securities Company Ltd.,1000,263.8,263800.0,2025-07-17 13:59:38.833239
2025-07-17,43876,2025071704030148,SSHL,Agrawal Securities (PVT) Ltd.,Imperial Securities Company Pvt. Ltd.,100,263.1,26310.0,2025-07-17 14:00:10.589948
2025-07-17,43359,2025071704030299,SSHL,ABC Securities Private Limited,Imperial Securities Company Pvt. Ltd.,100,263.7,26370.0,2025-07-17 14:01:17.406492
2025-07-17,43358,2025071704030300,SSHL,ABC Securities Private Limited,Trishakti Securities Public Limited,150,263.7,39555.0,2025-07-17 14:01:17.406753
2025-07-17,43161,2025071704030367,SSHL,SHUBHAKAMANA SECURITIES PVT. LTD,Naasa Securities Co. Ltd.,200,263.5,52700.0,2025-07-17 14:01:36.228106
2025-07-17,43160,2025071704030368,SSHL,SHUBHAKAMANA SECURITIES PVT. LTD,Trishakti Securities Public Limited,100,263.7,26370.0,2025-07-17 14:01:36.228390
2025-07-17,43072,2025071704030405,SSHL,SHUBHAKAMANA SECURITIES PVT. LTD,Sani Securities Company Ltd.,230,263.8,60674.0,2025-07-17 14:01:46.265725
2025-07-17,42703,2025071704030494,SSHL,Dipshikha Dhitopatra Karobar Co. Pvt Ltd.,Shree Krishna Securities Ltd.,500,263.5,131750.0,2025-07-17 14:02:23.208042
2025-07-17,42469,2025071704030634,SSHL,Dipshikha Dhitopatra Karobar Co. Pvt Ltd.,Sani Securities Company Ltd.,54,263.8,14245.2,2025-07-17 14:02:42.621167
2025-07-17,42468,2025071704030635,SSHL,Dipshikha Dhitopatra Karobar Co. Pvt Ltd.,Kohinoor Investment & Securities Pvt. Ltd.,16,263.8,4220.8,2025-07-17 14:02:42.621510
2025-07-17,42066,2025071704030735,SSHL,Aryatara Investment & Securities,Kohinoor Investment & Securities Pvt. Ltd.,30,263.2,7896.0,2025-07-17 14:03:24.250345
2025-07-17,42026,2025071704030748,SSHL,Aryatara Investment & Securities,Sundhara Securities Limited,12,263.5,3162.0,2025-07-17 14:03:28.295127
2025-07-17,40719,2025071704031109,SSHL,Aryatara Investment & Securities,Naasa Securities Co. Ltd.,170,263.2,44744.0,2025-07-17 14:05:35.480568
2025-07-17,40718,2025071704031110,SSHL,Siprabi Securities Pvt. Ltd.,Naasa Securities Co. Ltd.,300,263.2,78960.0,2025-07-17 14:05:35.480849
2025-07-17,40687,2025071704031117,SSHL,Investment Management Nepal Pvt. Ltd.,Naasa Securities Co. Ltd.,30,263.2,7896.0,2025-07-17 14:05:39.053691
2025-07-17,40686,2025071704031118,SSHL,Investment Management Nepal Pvt. Ltd.,Sundhara Securities Limited,1488,263.5,392088.0,2025-07-17 14:05:39.053969
2025-07-17,40685,2025071704031119,SSHL,Investment Management Nepal Pvt. Ltd.,Shree Krishna Securities Ltd.,1000,263.7,263700.0,2025-07-17 14:05:39.054087
2025-07-17,40607,2025071704031143,SSHL,Dipshikha Dhitopatra Karobar Co. Pvt Ltd.,Dakshinkali Investment & Securities Pvt. Ltd.,50,263.8,13190.0,2025-07-17 14:05:48.270144
2025-07-17,40606,2025071704031144,SSHL,Dipshikha Dhitopatra Karobar Co. Pvt Ltd.,Dakshinkali Investment & Securities Pvt. Ltd.,200,263.8,52760.0,2025-07-17 14:05:48.270243
2025-07-17,40539,2025071704031160,SSHL,Investment Management Nepal Pvt. Ltd.,South Asian Bulls Pvt. Ltd.,100,263.7,26370.0,2025-07-17 14:05:54.446974
2025-07-17,40229,2025071704031245,SSHL,Citizens Share Broker Limited,Dakshinkali Investment & Securities Pvt. Ltd.,300,263.8,79140.0,2025-07-17 14:06:20.774663
2025-07-17,40228,2025071704031246,SSHL,Citizens Share Broker Limited,Trishakti Securities Public Limited,20,263.8,5276.0,2025-07-17 14:06:20.774946
2025-07-17,40227,2025071704031247,SSHL,Citizens Share Broker Limited,Aryatara Investment & Securities,180,263.8,47484.0,2025-07-17 14:06:20.775077
2025-07-17,39853,2025071704031340,SSHL,Investment Management Nepal Pvt. Ltd.,Online Securities Pvt. Ltd.,200,263.7,52740.0,2025-07-17 14:06:44.799594
2025-07-17,39737,2025071704031376,SSHL,Investment Management Nepal Pvt. Ltd.,Market Securities & Exchange (PVT) Ltd.,210,263.7,55377.0,2025-07-17 14:06:58.600985
2025-07-17,39518,2025071704031467,SSHL,Investment Management Nepal Pvt. Ltd.,ABC Securities Private Limited,500,263.7,131850.0,2025-07-17 14:07:16.855404
2025-07-17,39440,2025071704031495,SSHL,ABC Securities Private Limited,Aryatara Investment & Securities,70,263.8,18466.0,2025-07-17 14:07:24.961841
2025-07-17,39209,2025071704031578,SSHL,Nagarik Stock Dealer ,Sundhara Securities Limited,113,263.9,29820.7,2025-07-17 14:07:42.551948
2025-07-17,39208,2025071704031579,SSHL,Nagarik Stock Dealer ,Secured Securities Ltd.,500,263.9,131950.0,2025-07-17 14:07:42.552452
2025-07-17,39207,2025071704031580,SSHL,Nagarik Stock Dealer ,Ashutosh Brokerage & Securities (PVT) Ltd.,371,264.0,97944.0,2025-07-17 14:07:42.552991
2025-07-17,39206,2025071704031581,SSHL,Nagarik Stock Dealer ,Sumeru Securities Pvt. Ltd.,200,264.0,52800.0,2025-07-17 14:07:42.553558
2025-07-17,39205,2025071704031582,SSHL,Nagarik Stock Dealer ,Aryatara Investment & Securities,280,264.0,73920.0,2025-07-17 14:07:42.554075
2025-07-17,39204,2025071704031583,SSHL,Nagarik Stock Dealer ,J.F. Securites (PVT) Ltd.,500,264.0,132000.0,2025-07-17 14:07:42.554613
2025-07-17,39203,2025071704031584,SSHL,Nagarik Stock Dealer ,Malla & Malla Stock Broking Company Pvt. Limited,100,264.0,26400.0,2025-07-17 14:07:42.555132
2025-07-17,39202,2025071704031585,SSHL,Nagarik Stock Dealer ,Creative Securities Pvt Ltd,100,264.0,26400.0,2025-07-17 14:07:42.555695
2025-07-17,39201,2025071704031586,SSHL,Nagarik Stock Dealer ,Deevyaa Securities & Stock House Pvt. Ltd,1000,264.0,264000.0,2025-07-17 14:07:42.556230
2025-07-17,39200,2025071704031587,SSHL,Nagarik Stock Dealer ,Vision Securities Pvt. Ltd,50,264.0,13200.0,2025-07-17 14:07:42.556768
2025-07-17,39199,2025071704031588,SSHL,Nagarik Stock Dealer ,Linch Stock Market Ltd.,500,264.0,132000.0,2025-07-17 14:07:42.557261
2025-07-17,39198,2025071704031589,SSHL,Nagarik Stock Dealer ,Naasa Securities Co. Ltd.,352,264.0,92928.0,2025-07-17 14:07:42.557759
2025-07-17,39197,2025071704031590,SSHL,Nagarik Stock Dealer ,Kohinoor Investment & Securities Pvt. Ltd.,225,264.0,59400.0,2025-07-17 14:07:42.558264
2025-07-17,39196,2025071704031591,SSHL,Nagarik Stock Dealer ,Naasa Securities Co. Ltd.,128,264.0,33792.0,2025-07-17 14:07:42.558778
2025-07-17,39195,2025071704031592,SSHL,Nagarik Stock Dealer ,Sipla Securities Private Limited,500,264.0,132000.0,2025-07-17 14:07:42.559287
2025-07-17,39194,2025071704031593,SSHL,Nagarik Stock Dealer ,Dynamic Money Managers Securities Pvt. Ltd.,100,264.0,26400.0,2025-07-17 14:07:42.559788
2025-07-17,39193,2025071704031594,SSHL,Nagarik Stock Dealer ,South Asian Bulls Pvt. Ltd.,25,264.0,6600.0,2025-07-17 14:07:42.560214
2025-07-17,39192,2025071704031595,SSHL,Nagarik Stock Dealer ,Trishakti Securities Public Limited,20,264.0,5280.0,2025-07-17 14:07:42.560391
2025-07-17,39191,2025071704031596,SSHL,Nagarik Stock Dealer ,Imperial Securities Company Pvt. Ltd.,50,264.0,13200.0,2025-07-17 14:07:42.560564
2025-07-17,39190,2025071704031597,SSHL,Nagarik Stock Dealer ,Trishakti Securities Public Limited,4886,264.0,1289904.0,2025-07-17 14:07:42.560723
2025-07-17,38691,2025071704031775,SSHL,Asian Securities Private Ltd.,Trishakti Securities Public Limited,100,264.0,26400.0,2025-07-17 14:08:29.363912
2025-07-17,38404,2025071704031833,SSHL,Dakshinkali Investment & Securities Pvt. Ltd.,Trishakti Securities Public Limited,14,264.0,3696.0,2025-07-17 14:08:59.355327
2025-07-17,38403,2025071704031834,SSHL,Dakshinkali Investment & Securities Pvt. Ltd.,Kohinoor Investment & Securities Pvt. Ltd.,140,264.0,36960.0,2025-07-17 14:08:59.355617
2025-07-17,38402,2025071704031835,SSHL,Dakshinkali Investment & Securities Pvt. Ltd.,Sani Securities Company Ltd.,346,264.0,91344.0,2025-07-17 14:08:59.355730
2025-07-17,38186,2025071704031889,SSHL,Dipshikha Dhitopatra Karobar Co. Pvt Ltd.,Sani Securities Company Ltd.,284,264.0,74976.0,2025-07-17 14:09:24.100538
2025-07-17,38185,2025071704031890,SSHL,Dipshikha Dhitopatra Karobar Co. Pvt Ltd.,Sundhara Securities Limited,100,264.0,26400.0,2025-07-17 14:09:24.100819
2025-07-17,38184,2025071704031891,SSHL,Dipshikha Dhitopatra Karobar Co. Pvt Ltd.,Malla & Malla Stock Broking Company Pvt. Limited,116,264.0,30624.0,2025-07-17 14:09:24.100936
2025-07-17,37918,2025071704031987,SSHL,Dipshikha Dhitopatra Karobar Co. Pvt Ltd.,Malla & Malla Stock Broking Company Pvt. Limited,309,264.0,81576.0,2025-07-17 14:09:43.331677
2025-07-17,37917,2025071704031988,SSHL,Dipshikha Dhitopatra Karobar Co. Pvt Ltd.,Sundhara Securities Limited,15,264.0,3960.0,2025-07-17 14:09:43.331929
2025-07-17,37916,2025071704031989,SSHL,Dipshikha Dhitopatra Karobar Co. Pvt Ltd.,Naasa Securities Co. Ltd.,176,264.0,46464.0,2025-07-17 14:09:43.332038
2025-07-17,37798,2025071704032038,SSHL,Naasa Securities Co. Ltd.,Sipla Securities Private Limited,100,263.9,26390.0,2025-07-17 14:09:55.984351
2025-07-17,37797,2025071704032039,SSHL,ABC Securities Private Limited,Sipla Securities Private Limited,30,263.9,7917.0,2025-07-17 14:09:55.984631
2025-07-17,37781,2025071704032046,SSHL,Online Securities Pvt. Ltd.,Naasa Securities Co. Ltd.,24,264.0,6336.0,2025-07-17 14:09:57.519134
2025-07-17,37780,2025071704032047,SSHL,Online Securities Pvt. Ltd.,Primo Securities (PVT) Ltd.,250,264.4,66100.0,2025-07-17 14:09:57.519216
2025-07-17,37779,2025071704032048,SSHL,Online Securities Pvt. Ltd.,Sumeru Securities Pvt. Ltd.,50,265.0,13250.0,2025-07-17 14:09:57.519261
2025-07-17,37778,2025071704032049,SSHL,Online Securities Pvt. Ltd.,Vision Securities Pvt. Ltd,476,265.0,126140.0,2025-07-17 14:09:57.519304
2025-07-17,37565,2025071704032118,SSHL,Dakshinkali Investment & Securities Pvt. Ltd.,Online Securities Pvt. Ltd.,70,264.0,18480.0,2025-07-17 14:10:18.209714
2025-07-17,37169,2025071704032215,SSHL,Dakshinkali Investment & Securities Pvt. Ltd.,Shree Krishna Securities Ltd.,430,264.0,113520.0,2025-07-17 14:11:03.191688
2025-07-17,37168,2025071704032216,SSHL,Dipshikha Dhitopatra Karobar Co. Pvt Ltd.,Shree Krishna Securities Ltd.,500,264.0,132000.0,2025-07-17 14:11:03.191953
2025-07-17,37041,2025071704032252,SSHL,Kohinoor Investment & Securities Pvt. Ltd.,Imperial Securities Company Pvt. Ltd.,50,263.8,13190.0,2025-07-17 14:11:15.766151
2025-07-17,36917,2025071704032285,SSHL,Malla & Malla Stock Broking Company Pvt. Limited,Shree Krishna Securities Ltd.,50,264.0,13200.0,2025-07-17 14:11:27.091270
2025-07-17,36801,2025071704032351,SSHL,ABC Securities Private Limited,Shree Krishna Securities Ltd.,20,264.0,5280.0,2025-07-17 14:11:38.343519
2025-07-17,36781,2025071704032357,SSHL,ABC Securities Private Limited,Vision Securities Pvt. Ltd,80,264.0,21120.0,2025-07-17 14:11:41.340537
2025-07-17,36780,2025071704032358,SSHL,Agrawal Securities (PVT) Ltd.,Vision Securities Pvt. Ltd,1400,263.9,369460.0,2025-07-17 14:11:41.340649
2025-07-17,36779,2025071704032359,SSHL,Kohinoor Investment & Securities Pvt. Ltd.,Vision Securities Pvt. Ltd,150,263.8,39570.0,2025-07-17 14:11:41.340720
2025-07-17,36778,2025071704032360,SSHL,Dipshikha Dhitopatra Karobar Co. Pvt Ltd.,Vision Securities Pvt. Ltd,1000,263.8,263800.0,2025-07-17 14:11:41.340815
2025-07-17,36777,2025071704032361,SSHL,Investment Management Nepal Pvt. Ltd.,Vision Securities Pvt. Ltd,1472,263.7,388166.4,2025-07-17 14:11:41.340900
2025-07-17,36776,2025071704032362,SSHL,Sri Hari Securities Pvt. Ltd.,Vision Securities Pvt. Ltd,200,263.7,52740.0,2025-07-17 14:11:41.340976
2025-07-17,36775,2025071704032363,SSHL,Dakshinkali Investment & Securities Pvt. Ltd.,Vision Securities Pvt. Ltd,500,263.7,131850.0,2025-07-17 14:11:41.341065
2025-07-17,36774,2025071704032364,SSHL,Oxford Securities Pvt. Ltd.,Vision Securities Pvt. Ltd,50,263.0,13150.0,2025-07-17 14:11:41.341171
2025-07-17,36773,2025071704032365,SSHL,Naasa Securities Co. Ltd.,Vision Securities Pvt. Ltd,628,263.0,165164.0,2025-07-17 14:11:41.341256
2025-07-17,36556,2025071704032446,SSHL,Dipshikha Dhitopatra Karobar Co. Pvt Ltd.,Sipla Securities Private Limited,300,264.0,79200.0,2025-07-17 14:12:05.331491
2025-07-17,36544,2025071704032452,SSHL,Dipshikha Dhitopatra Karobar Co. Pvt Ltd.,Premier Securities Company Ltd.,100,264.0,26400.0,2025-07-17 14:12:06.492818
2025-07-17,36468,2025071704032471,SSHL,Dipshikha Dhitopatra Karobar Co. Pvt Ltd.,SHUBHAKAMANA SECURITIES PVT. LTD,600,264.0,158400.0,2025-07-17 14:12:14.556246
2025-07-17,36467,2025071704032472,SSHL,Naasa Securities Co. Ltd.,SHUBHAKAMANA SECURITIES PVT. LTD,372,263.0,97836.0,2025-07-17 14:12:14.556538
