Date,S.N.,Contract ID,Symbol,Buyer Broker,Seller Broker,quantity,rate,amount,transaction_time
2025-07-24,154629,2025072403000005,SIFC,Aryatara Investment & Securities,Ashutosh Brokerage & Securities (PVT) Ltd.,10,584.4,5844.0,2025-07-24 10:46:00.023609
2025-07-24,153905,2025072403000103,SIFC,Online Securities Pvt. Ltd.,Trishakti Securities Public Limited,35,579.0,20265.0,2025-07-24 11:01:43.968080
2025-07-24,151812,2025072403000436,SIFC,Sri Hari Securities Pvt. Ltd.,Trishakti Securities Public Limited,100,572.8,57280.0,2025-07-24 11:05:34.968366
2025-07-24,151811,2025072403000437,SIFC,Linch Stock Market Ltd.,Trishakti Securities Public Limited,100,570.0,57000.0,2025-07-24 11:05:34.968424
2025-07-24,151810,2025072403000438,SIFC,Naasa Securities Co. Ltd.,Trishakti Securities Public Limited,50,570.0,28500.0,2025-07-24 11:05:34.968459
2025-07-24,149237,2025072403000953,SIFC,KALASH STOCK MARKET PVT. LTD.,Neev Securities Pvt. Ltd.,10,575.1,5751.0,2025-07-24 11:09:55.982645
2025-07-24,149189,2025072403000970,SIFC,KALASH STOCK MARKET PVT. LTD.,Opal Securities Investment (PVT) Ltd.,50,575.1,28755.0,2025-07-24 11:09:59.485514
2025-07-24,148035,2025072403001216,SIFC,Aryatara Investment & Securities,Trishakti Securities Public Limited,10,575.0,5750.0,2025-07-24 11:11:49.471474
2025-07-24,146551,2025072403001563,SIFC,Naasa Securities Co. Ltd.,Trishakti Securities Public Limited,340,570.0,193800.0,2025-07-24 11:14:21.562849
2025-07-24,145989,2025072403001714,SIFC,Aryatara Investment & Securities,Trishakti Securities Public Limited,100,570.0,57000.0,2025-07-24 11:15:12.810355
2025-07-24,145721,2025072403001763,SIFC,KALASH STOCK MARKET PVT. LTD.,Nepal Stock House (PVT) Ltd.,140,569.1,79674.0,2025-07-24 11:15:35.068837
2025-07-24,145720,2025072403001764,SIFC,Imperial Securities Company Pvt. Ltd.,Nepal Stock House (PVT) Ltd.,50,569.0,28450.0,2025-07-24 11:15:35.069062
2025-07-24,145719,2025072403001765,SIFC,Vision Securities Pvt. Ltd,Nepal Stock House (PVT) Ltd.,100,568.0,56800.0,2025-07-24 11:15:35.069188
2025-07-24,145718,2025072403001766,SIFC,Imperial Securities Company Pvt. Ltd.,Nepal Stock House (PVT) Ltd.,200,568.0,113600.0,2025-07-24 11:15:35.069318
2025-07-24,145717,2025072403001767,SIFC,Nepal Stock House (PVT) Ltd.,Nepal Stock House (PVT) Ltd.,100,568.0,56800.0,2025-07-24 11:15:35.069440
2025-07-24,145716,2025072403001768,SIFC,Deevyaa Securities & Stock House Pvt. Ltd,Nepal Stock House (PVT) Ltd.,150,568.0,85200.0,2025-07-24 11:15:35.069544
2025-07-24,145120,2025072403001903,SIFC,Dipshikha Dhitopatra Karobar Co. Pvt Ltd.,Trishakti Securities Public Limited,100,567.5,56750.0,2025-07-24 11:16:30.245875
2025-07-24,145119,2025072403001904,SIFC,MILKY WAY SHARE BROKER COMPANY LTD ,Trishakti Securities Public Limited,200,567.0,113400.0,2025-07-24 11:16:30.245941
2025-07-24,145001,2025072403001937,SIFC,Linch Stock Market Ltd.,Trishakti Securities Public Limited,200,566.9,113380.0,2025-07-24 11:16:41.365274
2025-07-24,144238,2025072403002071,SIFC,Imperial Securities Company Pvt. Ltd.,Ashutosh Brokerage & Securities (PVT) Ltd.,50,565.1,28255.0,2025-07-24 11:17:48.341084
2025-07-24,144237,2025072403002072,SIFC,Midas Stock Broking Company Private Limited,Ashutosh Brokerage & Securities (PVT) Ltd.,40,565.0,22600.0,2025-07-24 11:17:48.341159
2025-07-24,143776,2025072403002177,SIFC,Nepal Stock House (PVT) Ltd.,Kumari Securities Private Limited,100,564.0,56400.0,2025-07-24 11:18:34.425225
2025-07-24,143775,2025072403002178,SIFC,MILKY WAY SHARE BROKER COMPANY LTD ,Kumari Securities Private Limited,100,560.0,56000.0,2025-07-24 11:18:34.425266
2025-07-24,143774,2025072403002179,SIFC,Siprabi Securities Pvt. Ltd.,Kumari Securities Private Limited,22,560.0,12320.0,2025-07-24 11:18:34.425293
2025-07-24,143773,2025072403002180,SIFC,Sundhara Securities Limited,Kumari Securities Private Limited,30,560.0,16800.0,2025-07-24 11:18:34.425319
2025-07-24,143113,2025072403002346,SIFC,Naasa Securities Co. Ltd.,Ashutosh Brokerage & Securities (PVT) Ltd.,100,560.1,56010.0,2025-07-24 11:19:34.387223
2025-07-24,143112,2025072403002347,SIFC,Naasa Securities Co. Ltd.,Ashutosh Brokerage & Securities (PVT) Ltd.,100,560.0,56000.0,2025-07-24 11:19:34.387341
2025-07-24,141396,2025072403002759,SIFC,Vision Securities Pvt. Ltd,Dipshikha Dhitopatra Karobar Co. Pvt Ltd.,20,564.0,11280.0,2025-07-24 11:22:13.302767
2025-07-24,141395,2025072403002760,SIFC,Vision Securities Pvt. Ltd,Ashutosh Brokerage & Securities (PVT) Ltd.,48,565.0,27120.0,2025-07-24 11:22:13.302887
2025-07-24,141147,2025072403002798,SIFC,Opal Securities Investment (PVT) Ltd.,Ashutosh Brokerage & Securities (PVT) Ltd.,200,565.0,113000.0,2025-07-24 11:22:36.429904
2025-07-24,141123,2025072403002800,SIFC,Naasa Securities Co. Ltd.,Ashutosh Brokerage & Securities (PVT) Ltd.,100,565.0,56500.0,2025-07-24 11:22:37.851636
2025-07-24,140403,2025072403002953,SIFC,Capital Max Securities Ltd,Ashutosh Brokerage & Securities (PVT) Ltd.,62,565.0,35030.0,2025-07-24 11:23:40.535852
2025-07-24,140020,2025072403003038,SIFC,Capital Max Securities Ltd,Nepal Stock House (PVT) Ltd.,260,570.9,148434.0,2025-07-24 11:24:20.025353
2025-07-24,140019,2025072403003039,SIFC,Capital Max Securities Ltd,Ashutosh Brokerage & Securities (PVT) Ltd.,78,571.0,44538.0,2025-07-24 11:24:20.025538
2025-07-24,139116,2025072403003283,SIFC,Online Securities Pvt. Ltd.,Ashutosh Brokerage & Securities (PVT) Ltd.,300,571.0,171300.0,2025-07-24 11:25:39.628639
2025-07-24,137122,2025072403003697,SIFC,Vision Securities Pvt. Ltd,J.F. Securites (PVT) Ltd.,50,570.0,28500.0,2025-07-24 11:28:18.718950
2025-07-24,137002,2025072403003720,SIFC,Online Securities Pvt. Ltd.,Ashutosh Brokerage & Securities (PVT) Ltd.,122,571.0,69662.0,2025-07-24 11:28:27.978247
2025-07-24,136572,2025072403003808,SIFC,Sri Hari Securities Pvt. Ltd.,Imperial Securities Company Pvt. Ltd.,500,573.0,286500.0,2025-07-24 11:29:00.216264
2025-07-24,135199,2025072403004037,SIFC,Online Securities Pvt. Ltd.,Imperial Securities Company Pvt. Ltd.,160,571.0,91360.0,2025-07-24 11:30:49.472554
2025-07-24,135170,2025072403004039,SIFC,Online Securities Pvt. Ltd.,Oxford Securities Pvt. Ltd.,180,575.0,103500.0,2025-07-24 11:30:51.959152
2025-07-24,133985,2025072403004200,SIFC,Online Securities Pvt. Ltd.,Imperial Securities Company Pvt. Ltd.,92,576.3,53019.6,2025-07-24 11:32:23.470235
2025-07-24,131938,2025072403004595,SIFC,Vision Securities Pvt. Ltd,Vision Securities Pvt. Ltd,200,575.0,115000.0,2025-07-24 11:35:17.260383
2025-07-24,131808,2025072403004629,SIFC,S.P.S.A. Securities Limited,Imperial Securities Company Pvt. Ltd.,500,577.0,288500.0,2025-07-24 11:35:28.047754
2025-07-24,131723,2025072403004640,SIFC,S.P.S.A. Securities Limited,Naasa Securities Co. Ltd.,188,577.0,108476.0,2025-07-24 11:35:38.085881
2025-07-24,131604,2025072403004659,SIFC,S.P.S.A. Securities Limited,Imperial Securities Company Pvt. Ltd.,50,577.9,28895.0,2025-07-24 11:35:47.377897
2025-07-24,131603,2025072403004660,SIFC,S.P.S.A. Securities Limited,Ashutosh Brokerage & Securities (PVT) Ltd.,262,578.0,151436.0,2025-07-24 11:35:47.378021
2025-07-24,131346,2025072403004677,SIFC,Vision Securities Pvt. Ltd,Kohinoor Investment & Securities Pvt. Ltd.,250,575.0,143750.0,2025-07-24 11:36:06.574735
2025-07-24,131345,2025072403004678,SIFC,Blue Chip Securities Ltd,Kohinoor Investment & Securities Pvt. Ltd.,50,575.0,28750.0,2025-07-24 11:36:06.574836
2025-07-24,128256,2025072403005172,SIFC,Sanima Securities Limited,Imperial Securities Company Pvt. Ltd.,500,577.0,288500.0,2025-07-24 11:40:11.567527
2025-07-24,127240,2025072403005365,SIFC,Sanima Securities Limited,Kumari Securities Private Limited,200,577.0,115400.0,2025-07-24 11:41:40.036186
2025-07-24,126561,2025072403005501,SIFC,Trishakti Securities Public Limited,Ashutosh Brokerage & Securities (PVT) Ltd.,50,578.0,28900.0,2025-07-24 11:42:38.938984
2025-07-24,124431,2025072403005947,SIFC,Blue Chip Securities Ltd,Dipshikha Dhitopatra Karobar Co. Pvt Ltd.,50,575.0,28750.0,2025-07-24 11:46:00.280613
2025-07-24,124216,2025072403005981,SIFC,Blue Chip Securities Ltd,Imperial Securities Company Pvt. Ltd.,150,575.0,86250.0,2025-07-24 11:46:21.302507
2025-07-24,124215,2025072403005982,SIFC,Dipshikha Dhitopatra Karobar Co. Pvt Ltd.,Imperial Securities Company Pvt. Ltd.,200,575.0,115000.0,2025-07-24 11:46:21.302627
2025-07-24,124214,2025072403005983,SIFC,Dynamic Money Managers Securities Pvt. Ltd.,Imperial Securities Company Pvt. Ltd.,100,575.0,57500.0,2025-07-24 11:46:21.302675
2025-07-24,123668,2025072403006089,SIFC,Dynamic Money Managers Securities Pvt. Ltd.,Cristal Kanchanjanga Securites Pvt. Ltd.,100,575.0,57500.0,2025-07-24 11:47:19.949418
2025-07-24,123665,2025072403006090,SIFC,Naasa Securities Co. Ltd.,Kumari Securities Private Limited,100,577.9,57790.0,2025-07-24 11:47:20.838479
2025-07-24,123064,2025072403006217,SIFC,Dipshikha Dhitopatra Karobar Co. Pvt Ltd.,Sri Hari Securities Pvt. Ltd.,57,575.0,32775.0,2025-07-24 11:48:16.854142
2025-07-24,122615,2025072403006315,SIFC,Dipshikha Dhitopatra Karobar Co. Pvt Ltd.,Cristal Kanchanjanga Securites Pvt. Ltd.,100,575.0,57500.0,2025-07-24 11:49:04.466463
2025-07-24,122172,2025072403006417,SIFC,Dipshikha Dhitopatra Karobar Co. Pvt Ltd.,Nepal Stock House (PVT) Ltd.,123,575.0,70725.0,2025-07-24 11:49:52.319955
2025-07-24,122171,2025072403006418,SIFC,Imperial Securities Company Pvt. Ltd.,Nepal Stock House (PVT) Ltd.,200,572.0,114400.0,2025-07-24 11:49:52.320201
2025-07-24,122170,2025072403006419,SIFC,Kumari Securities Private Limited,Nepal Stock House (PVT) Ltd.,345,572.0,197340.0,2025-07-24 11:49:52.320368
2025-07-24,122169,2025072403006420,SIFC,Capital Max Securities Ltd,Nepal Stock House (PVT) Ltd.,1500,572.0,858000.0,2025-07-24 11:49:52.320532
2025-07-24,122168,2025072403006421,SIFC,Sharepro Securities Private Limited,Nepal Stock House (PVT) Ltd.,500,571.0,285500.0,2025-07-24 11:49:52.320686
2025-07-24,122167,2025072403006422,SIFC,Sewa Securities Pvt. Ltd.,Nepal Stock House (PVT) Ltd.,50,571.0,28550.0,2025-07-24 11:49:52.320817
2025-07-24,122166,2025072403006423,SIFC,Trishakti Securities Public Limited,Nepal Stock House (PVT) Ltd.,400,571.0,228400.0,2025-07-24 11:49:52.320941
2025-07-24,122165,2025072403006424,SIFC,Dipshikha Dhitopatra Karobar Co. Pvt Ltd.,Nepal Stock House (PVT) Ltd.,200,570.0,114000.0,2025-07-24 11:49:52.321081
2025-07-24,122164,2025072403006425,SIFC,ABC Securities Private Limited,Nepal Stock House (PVT) Ltd.,262,570.0,149340.0,2025-07-24 11:49:52.321206
2025-07-24,121181,2025072403006630,SIFC,Online Securities Pvt. Ltd.,Creative Securities Pvt Ltd,1,579.0,579.0,2025-07-24 11:51:46.576673
2025-07-24,119412,2025072403006945,SIFC,ABC Securities Private Limited,Capital Max Securities Ltd,30,570.0,17100.0,2025-07-24 11:54:34.712822
2025-07-24,117217,2025072403007339,SIFC,KALASH STOCK MARKET PVT. LTD.,Online Securities Pvt. Ltd.,100,571.1,57110.0,2025-07-24 11:58:14.323249
2025-07-24,117213,2025072403007342,SIFC,Nagarik Stock Dealer ,Naasa Securities Co. Ltd.,100,572.0,57200.0,2025-07-24 11:58:14.730826
2025-07-24,116456,2025072403007462,SIFC,Ashutosh Brokerage & Securities (PVT) Ltd.,Naasa Securities Co. Ltd.,100,572.0,57200.0,2025-07-24 11:59:21.561604
2025-07-24,114258,2025072403007894,SIFC,Ashutosh Brokerage & Securities (PVT) Ltd.,J.F. Securites (PVT) Ltd.,100,572.0,57200.0,2025-07-24 12:03:11.625689
2025-07-24,113146,2025072403008098,SIFC,KALASH STOCK MARKET PVT. LTD.,Imperial Securities Company Pvt. Ltd.,100,571.1,57110.0,2025-07-24 12:04:48.233728
2025-07-24,113145,2025072403008099,SIFC,S.P.S.A. Securities Limited,Imperial Securities Company Pvt. Ltd.,300,571.0,171300.0,2025-07-24 12:04:48.233984
2025-07-24,113144,2025072403008100,SIFC,Dynamic Money Managers Securities Pvt. Ltd.,Imperial Securities Company Pvt. Ltd.,100,570.1,57010.0,2025-07-24 12:04:48.234166
2025-07-24,112710,2025072403008139,SIFC,Dynamic Money Managers Securities Pvt. Ltd.,Linch Stock Market Ltd.,400,570.1,228040.0,2025-07-24 12:05:24.134276
2025-07-24,112491,2025072403008164,SIFC,ABC Securities Private Limited,Linch Stock Market Ltd.,208,570.0,118560.0,2025-07-24 12:05:38.973643
2025-07-24,112490,2025072403008165,SIFC,Nagarik Stock Dealer ,Linch Stock Market Ltd.,200,570.0,114000.0,2025-07-24 12:05:38.973785
2025-07-24,112489,2025072403008166,SIFC,Naasa Securities Co. Ltd.,Linch Stock Market Ltd.,50,570.0,28500.0,2025-07-24 12:05:38.973842
2025-07-24,112488,2025072403008167,SIFC,Asian Securities Private Ltd.,Linch Stock Market Ltd.,242,570.0,137940.0,2025-07-24 12:05:38.973895
2025-07-24,109883,2025072403008554,SIFC,Sani Securities Company Ltd.,Sani Securities Company Ltd.,130,570.0,74100.0,2025-07-24 12:09:46.900729
2025-07-24,105992,2025072403009180,SIFC,Capital Max Securities Ltd,Dipshikha Dhitopatra Karobar Co. Pvt Ltd.,50,572.9,28645.0,2025-07-24 12:16:37.622888
2025-07-24,105991,2025072403009181,SIFC,Capital Max Securities Ltd,Siprabi Securities Pvt. Ltd.,20,573.0,11460.0,2025-07-24 12:16:37.623045
2025-07-24,105990,2025072403009182,SIFC,Capital Max Securities Ltd,Sani Securities Company Ltd.,150,573.0,85950.0,2025-07-24 12:16:37.623105
2025-07-24,104509,2025072403009435,SIFC,Capital Max Securities Ltd,Asian Securities Private Ltd.,10,573.0,5730.0,2025-07-24 12:19:26.800837
2025-07-24,104014,2025072403009503,SIFC,Capital Max Securities Ltd,Asian Securities Private Ltd.,10,573.0,5730.0,2025-07-24 12:20:21.896676
2025-07-24,103500,2025072403009585,SIFC,Capital Max Securities Ltd,Nepal Stock House (PVT) Ltd.,50,573.0,28650.0,2025-07-24 12:21:15.500258
2025-07-24,103377,2025072403009614,SIFC,Capital Max Securities Ltd,Ashutosh Brokerage & Securities (PVT) Ltd.,210,573.0,120330.0,2025-07-24 12:21:24.852156
2025-07-24,102256,2025072403009760,SIFC,Kumari Securities Private Limited,Nepal Stock House (PVT) Ltd.,56,573.0,32088.0,2025-07-24 12:23:22.158667
2025-07-24,100980,2025072403009982,SIFC,Kumari Securities Private Limited,Sani Securities Company Ltd.,44,573.0,25212.0,2025-07-24 12:25:33.188885
2025-07-24,100979,2025072403009983,SIFC,Capital Max Securities Ltd,Sani Securities Company Ltd.,56,573.0,32088.0,2025-07-24 12:25:33.189051
2025-07-24,99738,2025072403010215,SIFC,Capital Max Securities Ltd,Sani Securities Company Ltd.,244,573.0,139812.0,2025-07-24 12:27:33.150322
2025-07-24,97177,2025072403010680,SIFC,Bhrikuti Stock Broking Co. Pvt. Ltd.,Sani Securities Company Ltd.,200,572.0,114400.0,2025-07-24 12:32:41.145004
2025-07-24,97176,2025072403010681,SIFC,Nagarik Stock Dealer ,Sani Securities Company Ltd.,200,572.0,114400.0,2025-07-24 12:32:41.145185
2025-07-24,97175,2025072403010682,SIFC,Kohinoor Investment & Securities Pvt. Ltd.,Sani Securities Company Ltd.,50,572.0,28600.0,2025-07-24 12:32:41.145264
2025-07-24,94380,2025072403011160,SIFC,Aryatara Investment & Securities,Deevyaa Securities & Stock House Pvt. Ltd,25,571.5,14287.5,2025-07-24 12:37:51.215727
2025-07-24,94379,2025072403011161,SIFC,Capital Max Securities Ltd,Deevyaa Securities & Stock House Pvt. Ltd,300,571.5,171450.0,2025-07-24 12:37:51.216043
2025-07-24,93396,2025072403011350,SIFC,Dynamic Money Managers Securities Pvt. Ltd.,Deevyaa Securities & Stock House Pvt. Ltd,20,571.2,11424.0,2025-07-24 12:39:48.223791
2025-07-24,92854,2025072403011460,SIFC,Dynamic Money Managers Securities Pvt. Ltd.,Deevyaa Securities & Stock House Pvt. Ltd,296,571.2,169075.2,2025-07-24 12:40:50.792422
2025-07-24,92594,2025072403011521,SIFC,Dynamic Money Managers Securities Pvt. Ltd.,Linch Stock Market Ltd.,10,571.2,5712.0,2025-07-24 12:41:13.298391
2025-07-24,90038,2025072403011955,SIFC,Imperial Securities Company Pvt. Ltd.,Premier Securities Company Ltd.,1,560.0,560.0,2025-07-24 12:46:29.996205
2025-07-24,89675,2025072403012028,SIFC,Trisul Securities & Invt. Ltd.,Midas Stock Broking Company Private Limited,100,571.5,57150.0,2025-07-24 12:47:08.021016
2025-07-24,89328,2025072403012096,SIFC,Oxford Securities Pvt. Ltd.,Online Securities Pvt. Ltd.,100,572.0,57200.0,2025-07-24 12:47:44.901303
2025-07-24,89327,2025072403012097,SIFC,Oxford Securities Pvt. Ltd.,Dipshikha Dhitopatra Karobar Co. Pvt Ltd.,30,572.0,17160.0,2025-07-24 12:47:44.901448
2025-07-24,89326,2025072403012098,SIFC,Oxford Securities Pvt. Ltd.,Ashutosh Brokerage & Securities (PVT) Ltd.,130,572.5,74425.0,2025-07-24 12:47:44.901524
2025-07-24,89325,2025072403012099,SIFC,Oxford Securities Pvt. Ltd.,Deevyaa Securities & Stock House Pvt. Ltd,16,572.5,9160.0,2025-07-24 12:47:44.901578
2025-07-24,89324,2025072403012100,SIFC,Oxford Securities Pvt. Ltd.,Sani Securities Company Ltd.,224,573.0,128352.0,2025-07-24 12:47:44.901638
2025-07-24,88696,2025072403012196,SIFC,Nagarik Stock Dealer ,Asian Securities Private Ltd.,100,571.6,57160.0,2025-07-24 12:48:54.400137
2025-07-24,88695,2025072403012197,SIFC,Capital Max Securities Ltd,Asian Securities Private Ltd.,400,571.6,228640.0,2025-07-24 12:48:54.400409
2025-07-24,88694,2025072403012198,SIFC,Trisul Securities & Invt. Ltd.,Asian Securities Private Ltd.,100,571.5,57150.0,2025-07-24 12:48:54.400583
2025-07-24,88693,2025072403012199,SIFC,Dynamic Money Managers Securities Pvt. Ltd.,Asian Securities Private Ltd.,49,571.2,27988.8,2025-07-24 12:48:54.400787
2025-07-24,88692,2025072403012200,SIFC,Sharepro Securities Private Limited,Asian Securities Private Ltd.,151,571.2,86251.2,2025-07-24 12:48:54.400951
2025-07-24,87828,2025072403012421,SIFC,Sharepro Securities Private Limited,Naasa Securities Co. Ltd.,33,571.2,18849.6,2025-07-24 12:50:24.037384
2025-07-24,87816,2025072403012427,SIFC,Sharepro Securities Private Limited,Kohinoor Investment & Securities Pvt. Ltd.,316,571.2,180499.2,2025-07-24 12:50:25.928346
2025-07-24,87815,2025072403012428,SIFC,Trishakti Securities Public Limited,Kohinoor Investment & Securities Pvt. Ltd.,485,571.1,276983.5,2025-07-24 12:50:25.928492
2025-07-24,87723,2025072403012446,SIFC,Trishakti Securities Public Limited,Vision Securities Pvt. Ltd,15,571.1,8566.5,2025-07-24 12:50:33.646074
2025-07-24,87669,2025072403012452,SIFC,Sani Securities Company Ltd.,Asian Securities Private Ltd.,390,570.0,222300.0,2025-07-24 12:50:41.477322
2025-07-24,87668,2025072403012453,SIFC,Midas Stock Broking Company Private Limited,Asian Securities Private Ltd.,100,570.0,57000.0,2025-07-24 12:50:41.477594
2025-07-24,87667,2025072403012454,SIFC,Aryatara Investment & Securities,Asian Securities Private Ltd.,300,570.0,171000.0,2025-07-24 12:50:41.477752
2025-07-24,87639,2025072403012459,SIFC,Imperial Securities Company Pvt. Ltd.,Asian Securities Private Ltd.,10,570.0,5700.0,2025-07-24 12:50:44.141888
2025-07-24,84377,2025072403013044,SIFC,Ashutosh Brokerage & Securities (PVT) Ltd.,Vision Securities Pvt. Ltd,100,571.0,57100.0,2025-07-24 12:56:34.598128
2025-07-24,84348,2025072403013049,SIFC,Imperial Securities Company Pvt. Ltd.,Sani Securities Company Ltd.,10,570.0,5700.0,2025-07-24 12:56:38.478298
2025-07-24,83645,2025072403013207,SIFC,Kohinoor Investment & Securities Pvt. Ltd.,Cristal Kanchanjanga Securites Pvt. Ltd.,20,569.0,11380.0,2025-07-24 12:57:52.277375
2025-07-24,83644,2025072403013208,SIFC,Sweta Securities Private Limited,Cristal Kanchanjanga Securites Pvt. Ltd.,180,569.0,102420.0,2025-07-24 12:57:52.277543
2025-07-24,80948,2025072403013738,SIFC,Sweta Securities Private Limited,Thrive Brokerage House Pvt. Ltd,20,569.0,11380.0,2025-07-24 13:02:52.525927
2025-07-24,80947,2025072403013739,SIFC,Nagarik Stock Dealer ,Thrive Brokerage House Pvt. Ltd,100,569.0,56900.0,2025-07-24 13:02:52.526233
2025-07-24,80946,2025072403013740,SIFC,J.F. Securites (PVT) Ltd.,Thrive Brokerage House Pvt. Ltd,20,569.0,11380.0,2025-07-24 13:02:52.526402
2025-07-24,80872,2025072403013747,SIFC,Nagarik Stock Dealer ,Thrive Brokerage House Pvt. Ltd,100,569.0,56900.0,2025-07-24 13:02:59.119736
2025-07-24,80684,2025072403013789,SIFC,Sundhara Securities Limited,Kumari Securities Private Limited,100,568.0,56800.0,2025-07-24 13:03:16.290013
2025-07-24,80323,2025072403013864,SIFC,Sundhara Securities Limited,Online Securities Pvt. Ltd.,272,568.0,154496.0,2025-07-24 13:03:50.270516
2025-07-24,78755,2025072403014132,SIFC,Sundhara Securities Limited,Neev Securities Pvt. Ltd.,100,568.0,56800.0,2025-07-24 13:06:25.777324
2025-07-24,76365,2025072403014717,SIFC,Sundhara Securities Limited,Naasa Securities Co. Ltd.,228,568.0,129504.0,2025-07-24 13:10:49.736766
2025-07-24,76364,2025072403014718,SIFC,J.F. Securites (PVT) Ltd.,Naasa Securities Co. Ltd.,10,568.0,5680.0,2025-07-24 13:10:49.736920
2025-07-24,76363,2025072403014719,SIFC,Imperial Securities Company Pvt. Ltd.,Naasa Securities Co. Ltd.,10,568.0,5680.0,2025-07-24 13:10:49.736981
2025-07-24,76362,2025072403014720,SIFC,Nepal Investment And Securities Trading Private Limited,Naasa Securities Co. Ltd.,100,568.0,56800.0,2025-07-24 13:10:49.737046
2025-07-24,76361,2025072403014721,SIFC,Nagarik Stock Dealer ,Naasa Securities Co. Ltd.,40,568.0,22720.0,2025-07-24 13:10:49.737102
2025-07-24,76360,2025072403014722,SIFC,Kohinoor Investment & Securities Pvt. Ltd.,Naasa Securities Co. Ltd.,50,567.0,28350.0,2025-07-24 13:10:49.737160
2025-07-24,76359,2025072403014723,SIFC,Magnet Securities and Investment Company Private Limited,Naasa Securities Co. Ltd.,200,567.0,113400.0,2025-07-24 13:10:49.737216
2025-07-24,76358,2025072403014724,SIFC,Sweta Securities Private Limited,Naasa Securities Co. Ltd.,62,566.0,35092.0,2025-07-24 13:10:49.737271
2025-07-24,75525,2025072403014879,SIFC,J.F. Securites (PVT) Ltd.,Online Securities Pvt. Ltd.,100,565.1,56510.0,2025-07-24 13:12:09.412562
2025-07-24,73145,2025072403015370,SIFC,Trishakti Securities Public Limited,Thrive Brokerage House Pvt. Ltd,20,569.0,11380.0,2025-07-24 13:16:19.111021
2025-07-24,70183,2025072403016035,SIFC,Sweta Securities Private Limited,Premier Securities Company Ltd.,68,565.2,38433.6,2025-07-24 13:21:24.552307
2025-07-24,68999,2025072403016242,SIFC,Capital Max Securities Ltd,Thrive Brokerage House Pvt. Ltd,10,569.0,5690.0,2025-07-24 13:23:22.561080
2025-07-24,65194,2025072403016961,SIFC,Oxford Securities Pvt. Ltd.,Thrive Brokerage House Pvt. Ltd,100,569.0,56900.0,2025-07-24 13:29:28.381518
2025-07-24,64600,2025072403017081,SIFC,Aryatara Investment & Securities,Thrive Brokerage House Pvt. Ltd,40,569.0,22760.0,2025-07-24 13:30:32.494054
2025-07-24,62637,2025072403017415,SIFC,SHUBHAKAMANA SECURITIES PVT. LTD,Thrive Brokerage House Pvt. Ltd,90,569.0,51210.0,2025-07-24 13:34:19.296235
2025-07-24,62636,2025072403017416,SIFC,SHUBHAKAMANA SECURITIES PVT. LTD,South Asian Bulls Pvt. Ltd.,328,569.0,186632.0,2025-07-24 13:34:19.296384
2025-07-24,62635,2025072403017417,SIFC,SHUBHAKAMANA SECURITIES PVT. LTD,Aryatara Investment & Securities,82,569.0,46658.0,2025-07-24 13:34:19.296447
2025-07-24,62539,2025072403017433,SIFC,Secured Securities Ltd.,Aryatara Investment & Securities,47,569.0,26743.0,2025-07-24 13:34:29.988592
2025-07-24,62417,2025072403017474,SIFC,Naasa Securities Co. Ltd.,Imperial Securities Company Pvt. Ltd.,73,568.0,41464.0,2025-07-24 13:34:40.890056
2025-07-24,62416,2025072403017475,SIFC,Investment Management Nepal Pvt. Ltd.,Imperial Securities Company Pvt. Ltd.,100,567.0,56700.0,2025-07-24 13:34:40.890200
2025-07-24,62415,2025072403017476,SIFC,Asian Securities Private Ltd.,Imperial Securities Company Pvt. Ltd.,327,567.0,185409.0,2025-07-24 13:34:40.890255
2025-07-24,61530,2025072403017663,SIFC,Asian Securities Private Ltd.,Sri Hari Securities Pvt. Ltd.,40,567.0,22680.0,2025-07-24 13:36:26.412011
2025-07-24,61287,2025072403017704,SIFC,Naasa Securities Co. Ltd.,Aryatara Investment & Securities,221,569.0,125749.0,2025-07-24 13:36:54.089077
2025-07-24,61286,2025072403017705,SIFC,Naasa Securities Co. Ltd.,Online Securities Pvt. Ltd.,20,569.0,11380.0,2025-07-24 13:36:54.089263
2025-07-24,59821,2025072403018005,SIFC,Kohinoor Investment & Securities Pvt. Ltd.,Aryatara Investment & Securities,10,568.0,5680.0,2025-07-24 13:39:48.075886
2025-07-24,59820,2025072403018006,SIFC,Asian Securities Private Ltd.,Aryatara Investment & Securities,290,567.0,164430.0,2025-07-24 13:39:48.075944
2025-07-24,59213,2025072403018118,SIFC,Capital Max Securities Ltd,Ashutosh Brokerage & Securities (PVT) Ltd.,400,567.2,226880.0,2025-07-24 13:41:06.399402
2025-07-24,58078,2025072403018323,SIFC,Sweta Securities Private Limited,Aryatara Investment & Securities,282,567.5,160035.0,2025-07-24 13:43:38.449754
2025-07-24,58077,2025072403018324,SIFC,Capital Max Securities Ltd,Aryatara Investment & Securities,100,567.2,56720.0,2025-07-24 13:43:38.449947
2025-07-24,58076,2025072403018325,SIFC,Asian Securities Private Ltd.,Aryatara Investment & Securities,118,567.0,66906.0,2025-07-24 13:43:38.450019
2025-07-24,56082,2025072403018746,SIFC,Trishakti Securities Public Limited,Aryatara Investment & Securities,10,568.0,5680.0,2025-07-24 13:47:43.331315
2025-07-24,54334,2025072403019116,SIFC,Asian Securities Private Ltd.,Deevyaa Securities & Stock House Pvt. Ltd,83,567.0,47061.0,2025-07-24 13:51:28.097646
2025-07-24,53986,2025072403019172,SIFC,J.F. Securites (PVT) Ltd.,Sani Securities Company Ltd.,10,567.0,5670.0,2025-07-24 13:52:07.466531
2025-07-24,53985,2025072403019173,SIFC,Swarna Laxmi Securities Pvt. Ltd.,Sani Securities Company Ltd.,248,567.0,140616.0,2025-07-24 13:52:07.466700
2025-07-24,53984,2025072403019174,SIFC,Bhrikuti Stock Broking Co. Pvt. Ltd.,Sani Securities Company Ltd.,50,567.0,28350.0,2025-07-24 13:52:07.466796
2025-07-24,53983,2025072403019175,SIFC,Kohinoor Investment & Securities Pvt. Ltd.,Sani Securities Company Ltd.,20,567.0,11340.0,2025-07-24 13:52:07.466863
2025-07-24,53802,2025072403019211,SIFC,Sharepro Securities Private Limited,Sani Securities Company Ltd.,600,565.4,339240.0,2025-07-24 13:52:33.976211
2025-07-24,53801,2025072403019212,SIFC,Linch Stock Market Ltd.,Sani Securities Company Ltd.,200,565.3,113060.0,2025-07-24 13:52:33.976364
2025-07-24,53740,2025072403019225,SIFC,Linch Stock Market Ltd.,Aryatara Investment & Securities,100,565.3,56530.0,2025-07-24 13:52:44.463785
2025-07-24,53718,2025072403019233,SIFC,Linch Stock Market Ltd.,Sani Securities Company Ltd.,50,565.3,28265.0,2025-07-24 13:52:46.466431
2025-07-24,53717,2025072403019234,SIFC,Bhrikuti Stock Broking Co. Pvt. Ltd.,Sani Securities Company Ltd.,20,565.3,11306.0,2025-07-24 13:52:46.466739
2025-07-24,53716,2025072403019235,SIFC,J.F. Securites (PVT) Ltd.,Sani Securities Company Ltd.,400,565.1,226040.0,2025-07-24 13:52:46.466908
2025-07-24,53715,2025072403019236,SIFC,Kohinoor Investment & Securities Pvt. Ltd.,Sani Securities Company Ltd.,10,565.0,5650.0,2025-07-24 13:52:46.467109
2025-07-24,53714,2025072403019237,SIFC,KALASH STOCK MARKET PVT. LTD.,Sani Securities Company Ltd.,200,565.0,113000.0,2025-07-24 13:52:46.467281
2025-07-24,53713,2025072403019238,SIFC,Trishakti Securities Public Limited,Sani Securities Company Ltd.,120,565.0,67800.0,2025-07-24 13:52:46.467440
2025-07-24,53636,2025072403019264,SIFC,Trishakti Securities Public Limited,Nepal Stock House (PVT) Ltd.,380,565.0,214700.0,2025-07-24 13:52:55.897834
2025-07-24,53635,2025072403019265,SIFC,Vision Securities Pvt. Ltd,Nepal Stock House (PVT) Ltd.,500,565.0,282500.0,2025-07-24 13:52:55.898007
2025-07-24,53634,2025072403019266,SIFC,Bhrikuti Stock Broking Co. Pvt. Ltd.,Nepal Stock House (PVT) Ltd.,100,565.0,56500.0,2025-07-24 13:52:55.898081
2025-07-24,53633,2025072403019267,SIFC,Kohinoor Investment & Securities Pvt. Ltd.,Nepal Stock House (PVT) Ltd.,30,565.0,16950.0,2025-07-24 13:52:55.898136
2025-07-24,53608,2025072403019272,SIFC,Kohinoor Investment & Securities Pvt. Ltd.,South Asian Bulls Pvt. Ltd.,25,565.0,14125.0,2025-07-24 13:53:00.830350
2025-07-24,53607,2025072403019273,SIFC,Primo Securities (PVT) Ltd.,South Asian Bulls Pvt. Ltd.,500,565.0,282500.0,2025-07-24 13:53:00.830542
2025-07-24,53606,2025072403019274,SIFC,Sweta Securities Private Limited,South Asian Bulls Pvt. Ltd.,75,565.0,42375.0,2025-07-24 13:53:00.830601
2025-07-24,52489,2025072403019528,SIFC,South Asian Bulls Pvt. Ltd.,Sani Securities Company Ltd.,200,565.0,113000.0,2025-07-24 13:55:34.869318
2025-07-24,52488,2025072403019529,SIFC,J.F. Securites (PVT) Ltd.,Sani Securities Company Ltd.,20,565.0,11300.0,2025-07-24 13:55:34.869615
2025-07-24,50698,2025072403019987,SIFC,SHUBHAKAMANA SECURITIES PVT. LTD,Kohinoor Investment & Securities Pvt. Ltd.,100,566.0,56600.0,2025-07-24 13:59:59.436263
2025-07-24,50697,2025072403019988,SIFC,SHUBHAKAMANA SECURITIES PVT. LTD,Asian Securities Private Ltd.,20,566.0,11320.0,2025-07-24 13:59:59.436440
2025-07-24,50619,2025072403020001,SIFC,Nepal Stock House (PVT) Ltd.,Sani Securities Company Ltd.,200,564.0,112800.0,2025-07-24 14:00:13.908953
2025-07-24,50618,2025072403020002,SIFC,Sweta Securities Private Limited,Sani Securities Company Ltd.,163,564.0,91932.0,2025-07-24 14:00:13.909159
2025-07-24,50617,2025072403020003,SIFC,Vision Securities Pvt. Ltd,Sani Securities Company Ltd.,263,564.0,148332.0,2025-07-24 14:00:13.909235
2025-07-24,50481,2025072403020021,SIFC,Vision Securities Pvt. Ltd,Dipshikha Dhitopatra Karobar Co. Pvt Ltd.,400,564.0,225600.0,2025-07-24 14:00:36.313543
2025-07-24,50296,2025072403020062,SIFC,Neev Securities Pvt. Ltd.,Aryatara Investment & Securities,10,568.0,5680.0,2025-07-24 14:01:00.695619
2025-07-24,47352,2025072403020768,SIFC,Naasa Securities Co. Ltd.,Imperial Securities Company Pvt. Ltd.,36,565.0,20340.0,2025-07-24 14:07:16.107721
2025-07-24,47351,2025072403020769,SIFC,Aryatara Investment & Securities,Imperial Securities Company Pvt. Ltd.,14,565.0,7910.0,2025-07-24 14:07:16.107989
2025-07-24,46842,2025072403020870,SIFC,Vision Securities Pvt. Ltd,Dakshinkali Investment & Securities Pvt. Ltd.,50,567.9,28395.0,2025-07-24 14:08:06.107301
2025-07-24,46650,2025072403020918,SIFC,Vision Securities Pvt. Ltd,Aryatara Investment & Securities,50,568.0,28400.0,2025-07-24 14:08:29.498742
2025-07-24,40090,2025072403022529,SIFC,Sani Securities Company Ltd.,Aryatara Investment & Securities,50,568.0,28400.0,2025-07-24 14:19:17.534255
2025-07-24,39830,2025072403022618,SIFC,Dipshikha Dhitopatra Karobar Co. Pvt Ltd.,Aryatara Investment & Securities,40,568.0,22720.0,2025-07-24 14:19:40.535225
2025-07-24,39036,2025072403022773,SIFC,Capital Max Securities Ltd,Online Securities Pvt. Ltd.,30,569.0,17070.0,2025-07-24 14:20:54.826072
2025-07-24,39035,2025072403022774,SIFC,Capital Max Securities Ltd,Sani Securities Company Ltd.,10,570.0,5700.0,2025-07-24 14:20:54.826240
2025-07-24,37993,2025072403022969,SIFC,Sani Securities Company Ltd.,Sani Securities Company Ltd.,15,570.0,8550.0,2025-07-24 14:22:18.666422
2025-07-24,37539,2025072403023047,SIFC,Sani Securities Company Ltd.,Sani Securities Company Ltd.,245,570.0,139650.0,2025-07-24 14:22:59.438271
2025-07-24,37538,2025072403023048,SIFC,Sani Securities Company Ltd.,Nepal Investment And Securities Trading Private Limited,100,570.0,57000.0,2025-07-24 14:22:59.438425
2025-07-24,37537,2025072403023049,SIFC,Sani Securities Company Ltd.,Naasa Securities Co. Ltd.,500,570.0,285000.0,2025-07-24 14:22:59.438484
2025-07-24,37536,2025072403023050,SIFC,Sani Securities Company Ltd.,Online Securities Pvt. Ltd.,32,570.0,18240.0,2025-07-24 14:22:59.438541
2025-07-24,37535,2025072403023051,SIFC,Sani Securities Company Ltd.,Bhrikuti Stock Broking Co. Pvt. Ltd.,10,570.0,5700.0,2025-07-24 14:22:59.438596
2025-07-24,35814,2025072403023405,SIFC,Sani Securities Company Ltd.,Imperial Securities Company Pvt. Ltd.,100,570.0,57000.0,2025-07-24 14:25:37.293519
2025-07-24,34766,2025072403023672,SIFC,Online Securities Pvt. Ltd.,Vision Securities Pvt. Ltd,55,571.0,31405.0,2025-07-24 14:27:27.015504
2025-07-24,34765,2025072403023673,SIFC,Online Securities Pvt. Ltd.,NIMB Stock Markets Limited,12,571.0,6852.0,2025-07-24 14:27:27.015636
2025-07-24,32234,2025072403024243,SIFC,Deevyaa Securities & Stock House Pvt. Ltd,Trishakti Securities Public Limited,59,570.5,33659.5,2025-07-24 14:31:13.185516
2025-07-24,32233,2025072403024244,SIFC,Dipshikha Dhitopatra Karobar Co. Pvt Ltd.,Trishakti Securities Public Limited,10,570.1,5701.0,2025-07-24 14:31:13.185618
2025-07-24,32048,2025072403024300,SIFC,Sani Securities Company Ltd.,Trishakti Securities Public Limited,10,570.0,5700.0,2025-07-24 14:31:29.746964
2025-07-24,29778,2025072403024825,SIFC,Aryatara Investment & Securities,Trishakti Securities Public Limited,21,568.0,11928.0,2025-07-24 14:34:38.288260
2025-07-24,29535,2025072403024878,SIFC,Aryatara Investment & Securities,Secured Securities Ltd.,264,568.0,149952.0,2025-07-24 14:35:00.235914
2025-07-24,28744,2025072403025046,SIFC,Aryatara Investment & Securities,Aryatara Investment & Securities,201,568.0,114168.0,2025-07-24 14:35:57.360019
2025-07-24,28321,2025072403025158,SIFC,Trishakti Securities Public Limited,Aryatara Investment & Securities,20,567.2,11344.0,2025-07-24 14:36:29.294621
2025-07-24,28320,2025072403025159,SIFC,Nepal Stock House (PVT) Ltd.,Aryatara Investment & Securities,400,567.0,226800.0,2025-07-24 14:36:29.294664
2025-07-24,28319,2025072403025160,SIFC,Sani Securities Company Ltd.,Aryatara Investment & Securities,80,566.2,45296.0,2025-07-24 14:36:29.294693
2025-07-24,22510,2025072403026492,SIFC,Vision Securities Pvt. Ltd,Online Securities Pvt. Ltd.,200,566.1,113220.0,2025-07-24 14:43:48.819556
2025-07-24,22509,2025072403026493,SIFC,Sani Securities Company Ltd.,Online Securities Pvt. Ltd.,520,566.1,294372.0,2025-07-24 14:43:48.819710
2025-07-24,22508,2025072403026494,SIFC,Bhrikuti Stock Broking Co. Pvt. Ltd.,Online Securities Pvt. Ltd.,60,566.0,33960.0,2025-07-24 14:43:48.819775
2025-07-24,22507,2025072403026495,SIFC,Sani Securities Company Ltd.,Online Securities Pvt. Ltd.,130,566.0,73580.0,2025-07-24 14:43:48.819833
2025-07-24,22362,2025072403026532,SIFC,Nepal Investment And Securities Trading Private Limited,Imperial Securities Company Pvt. Ltd.,100,568.0,56800.0,2025-07-24 14:44:01.035214
2025-07-24,22262,2025072403026564,SIFC,Sani Securities Company Ltd.,ABC Securities Private Limited,46,566.0,26036.0,2025-07-24 14:44:08.224036
2025-07-24,21859,2025072403026655,SIFC,Sundhara Securities Limited,Asian Securities Private Ltd.,170,566.1,96237.0,2025-07-24 14:44:31.814808
2025-07-24,21858,2025072403026656,SIFC,Sani Securities Company Ltd.,Asian Securities Private Ltd.,330,566.0,186780.0,2025-07-24 14:44:31.815154
2025-07-24,20086,2025072403027002,SIFC,Sani Securities Company Ltd.,Aryatara Investment & Securities,294,566.0,166404.0,2025-07-24 14:46:32.405989
2025-07-24,20085,2025072403027003,SIFC,Kohinoor Investment & Securities Pvt. Ltd.,Aryatara Investment & Securities,206,566.0,116596.0,2025-07-24 14:46:32.406154
2025-07-24,18601,2025072403027339,SIFC,Shree Krishna Securities Ltd.,Ashutosh Brokerage & Securities (PVT) Ltd.,1000,568.9,568900.0,2025-07-24 14:48:04.630417
2025-07-24,17186,2025072403027672,SIFC,Shree Krishna Securities Ltd.,Vision Securities Pvt. Ltd,50,570.0,28500.0,2025-07-24 14:49:32.642871
2025-07-24,17185,2025072403027673,SIFC,Shree Krishna Securities Ltd.,Sumeru Securities Pvt. Ltd.,200,571.0,114200.0,2025-07-24 14:49:32.643047
2025-07-24,17184,2025072403027674,SIFC,Shree Krishna Securities Ltd.,Aryatara Investment & Securities,250,572.0,143000.0,2025-07-24 14:49:32.643118
2025-07-24,14151,2025072403028378,SIFC,Dipshikha Dhitopatra Karobar Co. Pvt Ltd.,Aryatara Investment & Securities,50,572.0,28600.0,2025-07-24 14:52:14.544499
2025-07-24,14150,2025072403028379,SIFC,Dipshikha Dhitopatra Karobar Co. Pvt Ltd.,Bhrikuti Stock Broking Co. Pvt. Ltd.,30,572.0,17160.0,2025-07-24 14:52:14.544648
2025-07-24,11690,2025072403028886,SIFC,Capital Max Securities Ltd,Dipshikha Dhitopatra Karobar Co. Pvt Ltd.,11,571.0,6281.0,2025-07-24 14:54:17.129875
2025-07-24,9896,2025072403029301,SIFC,Sweta Securities Private Limited,Nabil Stock Dealer Ltd.,100,567.0,56700.0,2025-07-24 14:55:33.234535
2025-07-24,9172,2025072403029478,SIFC,Sani Securities Company Ltd.,Vision Securities Pvt. Ltd,45,566.1,25474.5,2025-07-24 14:55:58.800805
2025-07-24,9171,2025072403029479,SIFC,Kohinoor Investment & Securities Pvt. Ltd.,Vision Securities Pvt. Ltd,289,566.0,163574.0,2025-07-24 14:55:58.800943
2025-07-24,9170,2025072403029480,SIFC,Nepal Investment And Securities Trading Private Limited,Vision Securities Pvt. Ltd,500,566.0,283000.0,2025-07-24 14:55:58.800999
2025-07-24,9169,2025072403029481,SIFC,Linch Stock Market Ltd.,Vision Securities Pvt. Ltd,100,565.2,56520.0,2025-07-24 14:55:58.801072
2025-07-24,9168,2025072403029482,SIFC,Dynamic Money Managers Securities Pvt. Ltd.,Vision Securities Pvt. Ltd,278,565.2,157125.6,2025-07-24 14:55:58.801130
2025-07-24,9167,2025072403029483,SIFC,Neev Securities Pvt. Ltd.,Vision Securities Pvt. Ltd,388,565.1,219258.8,2025-07-24 14:55:58.801188
2025-07-24,5408,2025072403030366,SIFC,Neev Securities Pvt. Ltd.,Secured Securities Ltd.,112,565.1,63291.2,2025-07-24 14:58:12.865613
2025-07-24,5407,2025072403030367,SIFC,Secured Securities Ltd.,Secured Securities Ltd.,500,565.0,282500.0,2025-07-24 14:58:12.865763
2025-07-24,5406,2025072403030368,SIFC,Imperial Securities Company Pvt. Ltd.,Secured Securities Ltd.,80,565.0,45200.0,2025-07-24 14:58:12.865827
2025-07-24,5405,2025072403030369,SIFC,Sani Securities Company Ltd.,Secured Securities Ltd.,108,565.0,61020.0,2025-07-24 14:58:12.865886
2025-07-24,5045,2025072403030463,SIFC,Trisul Securities & Invt. Ltd.,Premier Securities Company Ltd.,10,565.1,5651.0,2025-07-24 14:58:23.063654
2025-07-24,4726,2025072403030518,SIFC,Trisul Securities & Invt. Ltd.,Sani Securities Company Ltd.,190,565.1,107369.0,2025-07-24 14:58:34.056587
2025-07-24,4725,2025072403030519,SIFC,Sani Securities Company Ltd.,Sani Securities Company Ltd.,92,565.0,51980.0,2025-07-24 14:58:34.056772
2025-07-24,4724,2025072403030520,SIFC,Malla & Malla Stock Broking Company Pvt. Limited,Sani Securities Company Ltd.,50,565.0,28250.0,2025-07-24 14:58:34.056844
2025-07-24,4723,2025072403030521,SIFC,Market Securities & Exchange (PVT) Ltd.,Sani Securities Company Ltd.,268,565.0,151420.0,2025-07-24 14:58:34.056897
2025-07-24,4078,2025072403030641,SIFC,Sani Securities Company Ltd.,Dipshikha Dhitopatra Karobar Co. Pvt Ltd.,10,565.2,5652.0,2025-07-24 14:58:50.721309
2025-07-24,3825,2025072403030679,SIFC,Sani Securities Company Ltd.,Dakshinkali Investment & Securities Pvt. Ltd.,190,565.2,107388.0,2025-07-24 14:58:57.086206
2025-07-24,3174,2025072403030822,SIFC,Kohinoor Investment & Securities Pvt. Ltd.,KALASH STOCK MARKET PVT. LTD.,50,565.1,28255.0,2025-07-24 14:59:13.168362
2025-07-24,3172,2025072403030823,SIFC,Market Securities & Exchange (PVT) Ltd.,KALASH STOCK MARKET PVT. LTD.,150,565.0,84750.0,2025-07-24 14:59:13.168629
2025-07-24,3148,2025072403030824,SIFC,Market Securities & Exchange (PVT) Ltd.,Dipshikha Dhitopatra Karobar Co. Pvt Ltd.,10,565.0,5650.0,2025-07-24 14:59:13.681631
2025-07-24,2563,2025072403030912,SIFC,Market Securities & Exchange (PVT) Ltd.,Dakshinkali Investment & Securities Pvt. Ltd.,72,565.0,40680.0,2025-07-24 14:59:23.213279
2025-07-24,2562,2025072403030913,SIFC,J.F. Securites (PVT) Ltd.,Dakshinkali Investment & Securities Pvt. Ltd.,20,565.0,11300.0,2025-07-24 14:59:23.213403
2025-07-24,2561,2025072403030914,SIFC,South Asian Bulls Pvt. Ltd.,Dakshinkali Investment & Securities Pvt. Ltd.,268,565.0,151420.0,2025-07-24 14:59:23.213461
2025-07-24,1916,2025072403031001,SIFC,South Asian Bulls Pvt. Ltd.,Aryatara Investment & Securities,200,565.0,113000.0,2025-07-24 14:59:32.495948
2025-07-24,1890,2025072403031011,SIFC,South Asian Bulls Pvt. Ltd.,Himalayan Brokerage Company Limited,32,565.0,18080.0,2025-07-24 14:59:32.987398
2025-07-24,1889,2025072403031012,SIFC,Naasa Securities Co. Ltd.,Himalayan Brokerage Company Limited,98,565.0,55370.0,2025-07-24 14:59:32.987529
2025-07-24,1215,2025072403031162,SIFC,Naasa Securities Co. Ltd.,Dipshikha Dhitopatra Karobar Co. Pvt Ltd.,10,565.0,5650.0,2025-07-24 14:59:42.704288
2025-07-24,652,2025072403031273,SIFC,Sundhara Securities Limited,Deevyaa Securities & Stock House Pvt. Ltd,170,565.3,96101.0,2025-07-24 14:59:51.663949
2025-07-24,651,2025072403031274,SIFC,Vision Securities Pvt. Ltd,Deevyaa Securities & Stock House Pvt. Ltd,30,565.1,16953.0,2025-07-24 14:59:51.664110
2025-07-24,128,2025072403031381,SIFC,Vision Securities Pvt. Ltd,BHOLE GANESH SECURITIES LTD,120,565.1,67812.0,2025-07-24 14:59:58.496508
