Date,S.N.,Contract ID,Symbol,Buyer Broker,Seller Broker,volume,rate,amount,transaction_time
2025-09-08,58431,2025090805000253,CIT,Opal Securities Investment (PVT) Ltd.,Trishakti Securities Public Limited,1000,1906.0,1906000.0,2025-09-08 11:10:42.182164
2025-09-08,56920,2025090805000679,CIT,Aryatara Investment & Securities,Shree Krishna Securities Ltd.,12,1905.0,22860.0,2025-09-08 11:20:16.927567
2025-09-08,56919,2025090805000680,CIT,South Asian Bulls Pvt. Ltd.,Shree Krishna Securities Ltd.,10,1905.0,19050.0,2025-09-08 11:20:16.927665
2025-09-08,56200,2025090805000899,CIT,Opal Securities Investment (PVT) Ltd.,Thrive Brokerage House Pvt. Ltd,125,1902.0,237750.0,2025-09-08 11:23:23.491042
2025-09-08,55980,2025090805000941,CIT,Sani Securities Company Ltd.,Shree Krishna Securities Ltd.,10,1905.0,19050.0,2025-09-08 11:24:16.979244
2025-09-08,55942,2025090805000949,CIT,SHUBHAKAMANA SECURITIES PVT. LTD,Shree Krishna Securities Ltd.,15,1905.0,28575.0,2025-09-08 11:24:25.183104
2025-09-08,55940,2025090805000950,CIT,Opal Securities Investment (PVT) Ltd.,Trishakti Securities Public Limited,500,1902.0,951000.0,2025-09-08 11:24:25.301038
2025-09-08,55657,2025090805001035,CIT,Malla & Malla Stock Broking Company Pvt. Limited,Premier Securities Company Ltd.,50,1905.0,95250.0,2025-09-08 11:25:43.765638
2025-09-08,54696,2025090805001322,CIT,Aryatara Investment & Securities,Premier Securities Company Ltd.,50,1905.0,95250.0,2025-09-08 11:30:45.727463
2025-09-08,54363,2025090805001424,CIT,Opal Securities Investment (PVT) Ltd.,Sweta Securities Private Limited,375,1902.0,713250.0,2025-09-08 11:32:09.925523
2025-09-08,54362,2025090805001425,CIT,Online Securities Pvt. Ltd.,Sweta Securities Private Limited,25,1902.0,47550.0,2025-09-08 11:32:09.925602
2025-09-08,53765,2025090805001624,CIT,ABC Securities Private Limited,Siprabi Securities Pvt. Ltd.,20,1906.0,38120.0,2025-09-08 11:35:00.974493
2025-09-08,53727,2025090805001638,CIT,Siprabi Securities Pvt. Ltd.,Imperial Securities Company Pvt. Ltd.,56,1901.0,106456.0,2025-09-08 11:35:15.306338
2025-09-08,52413,2025090805001988,CIT,Linch Stock Market Ltd.,Imperial Securities Company Pvt. Ltd.,15,1901.3,28519.5,2025-09-08 11:42:14.930579
2025-09-08,52235,2025090805002034,CIT,Aryatara Investment & Securities,Malla & Malla Stock Broking Company Pvt. Limited,50,1905.0,95250.0,2025-09-08 11:43:12.865654
2025-09-08,51519,2025090805002260,CIT,Asian Securities Private Ltd.,Aryatara Investment & Securities,21,1902.0,39942.0,2025-09-08 11:46:59.198721
2025-09-08,50489,2025090805002526,CIT,Vision Securities Pvt. Ltd,Shree Krishna Securities Ltd.,30,1903.0,57090.0,2025-09-08 11:52:21.453921
2025-09-08,50488,2025090805002527,CIT,Malla & Malla Stock Broking Company Pvt. Limited,Shree Krishna Securities Ltd.,20,1903.0,38060.0,2025-09-08 11:52:21.454102
2025-09-08,50470,2025090805002538,CIT,Opal Securities Investment (PVT) Ltd.,Nepal Investment And Securities Trading Private Limited,10,1904.0,19040.0,2025-09-08 11:52:25.013363
2025-09-08,50469,2025090805002539,CIT,Opal Securities Investment (PVT) Ltd.,Malla & Malla Stock Broking Company Pvt. Limited,200,1905.0,381000.0,2025-09-08 11:52:25.013654
2025-09-08,50468,2025090805002540,CIT,Opal Securities Investment (PVT) Ltd.,Kalika Securities Pvt. Ltd.,30,1905.0,57150.0,2025-09-08 11:52:25.013840
2025-09-08,49852,2025090805002705,CIT,Opal Securities Investment (PVT) Ltd.,Naasa Securities Co. Ltd.,50,1905.0,95250.0,2025-09-08 11:55:26.756505
2025-09-08,48898,2025090805002924,CIT,Opal Securities Investment (PVT) Ltd.,Dipshikha Dhitopatra Karobar Co. Pvt Ltd.,10,1905.0,19050.0,2025-09-08 12:00:04.508290
2025-09-08,48181,2025090805003072,CIT,Nepal Stock House (PVT) Ltd.,Siprabi Securities Pvt. Ltd.,14,1906.0,26684.0,2025-09-08 12:04:02.323673
2025-09-08,47721,2025090805003199,CIT,Vision Securities Pvt. Ltd,Naasa Securities Co. Ltd.,26,1905.5,49543.0,2025-09-08 12:06:41.034144
2025-09-08,47720,2025090805003200,CIT,Opal Securities Investment (PVT) Ltd.,Naasa Securities Co. Ltd.,124,1905.0,236220.0,2025-09-08 12:06:41.034360
2025-09-08,47268,2025090805003337,CIT,Online Securities Pvt. Ltd.,Siprabi Securities Pvt. Ltd.,41,1906.0,78146.0,2025-09-08 12:08:54.640525
2025-09-08,46881,2025090805003438,CIT,Sri Hari Securities Pvt. Ltd.,Opal Securities Investment (PVT) Ltd.,30,1905.3,57159.0,2025-09-08 12:10:56.421692
2025-09-08,46880,2025090805003439,CIT,Opal Securities Investment (PVT) Ltd.,Opal Securities Investment (PVT) Ltd.,60,1905.0,114300.0,2025-09-08 12:10:56.421871
2025-09-08,46259,2025090805003609,CIT,Opal Securities Investment (PVT) Ltd.,ABC Securities Private Limited,500,1905.0,952500.0,2025-09-08 12:14:39.808508
2025-09-08,46054,2025090805003691,CIT,Opal Securities Investment (PVT) Ltd.,Imperial Securities Company Pvt. Ltd.,16,1905.0,30480.0,2025-09-08 12:15:40.742972
2025-09-08,46053,2025090805003692,CIT,Asian Securities Private Ltd.,Imperial Securities Company Pvt. Ltd.,24,1905.0,45720.0,2025-09-08 12:15:40.743159
2025-09-08,45258,2025090805003928,CIT,Asian Securities Private Ltd.,ABC Securities Private Limited,50,1905.0,95250.0,2025-09-08 12:19:24.186453
2025-09-08,45064,2025090805003977,CIT,Asian Securities Private Ltd.,Malla & Malla Stock Broking Company Pvt. Limited,250,1905.0,476250.0,2025-09-08 12:20:10.384052
2025-09-08,44642,2025090805004111,CIT,Asian Securities Private Ltd.,BHOLE GANESH SECURITIES LTD,155,1905.0,295275.0,2025-09-08 12:22:27.971388
2025-09-08,44641,2025090805004112,CIT,Malla & Malla Stock Broking Company Pvt. Limited,BHOLE GANESH SECURITIES LTD,200,1904.0,380800.0,2025-09-08 12:22:27.971491
2025-09-08,44640,2025090805004113,CIT,Malla & Malla Stock Broking Company Pvt. Limited,BHOLE GANESH SECURITIES LTD,18,1903.0,34254.0,2025-09-08 12:22:27.971572
2025-09-08,43671,2025090805004436,CIT,Naasa Securities Co. Ltd.,Ashutosh Brokerage & Securities (PVT) Ltd.,24,1903.5,45684.0,2025-09-08 12:26:46.349768
2025-09-08,43670,2025090805004437,CIT,Malla & Malla Stock Broking Company Pvt. Limited,Ashutosh Brokerage & Securities (PVT) Ltd.,26,1903.0,49478.0,2025-09-08 12:26:46.349874
2025-09-08,43633,2025090805004445,CIT,Malla & Malla Stock Broking Company Pvt. Limited,Ashutosh Brokerage & Securities (PVT) Ltd.,36,1903.0,68508.0,2025-09-08 12:27:00.405575
2025-09-08,43146,2025090805004587,CIT,Siprabi Securities Pvt. Ltd.,Aryatara Investment & Securities,10,1903.0,19030.0,2025-09-08 12:29:35.404716
2025-09-08,41902,2025090805004996,CIT,Siprabi Securities Pvt. Ltd.,Online Securities Pvt. Ltd.,10,1903.0,19030.0,2025-09-08 12:35:18.374732
2025-09-08,41901,2025090805004997,CIT,Asian Securities Private Ltd.,Online Securities Pvt. Ltd.,30,1903.0,57090.0,2025-09-08 12:35:18.374946
2025-09-08,41900,2025090805004998,CIT,Aryatara Investment & Securities,Online Securities Pvt. Ltd.,19,1902.2,36141.8,2025-09-08 12:35:18.375019
2025-09-08,41899,2025090805004999,CIT,Nepal Investment And Securities Trading Private Limited,Online Securities Pvt. Ltd.,33,1902.0,62766.0,2025-09-08 12:35:18.375085
2025-09-08,41636,2025090805005084,CIT,Neev Securities Pvt. Ltd.,Secured Securities Ltd.,50,1901.4,95070.0,2025-09-08 12:36:17.622561
2025-09-08,40662,2025090805005416,CIT,Secured Securities Ltd.,Primo Securities (PVT) Ltd.,40,1905.0,76200.0,2025-09-08 12:45:33.427547
2025-09-08,40652,2025090805005421,CIT,Nepal Stock House (PVT) Ltd.,Capital Max Securities Ltd,12,1901.1,22813.2,2025-09-08 12:45:44.743044
2025-09-08,40651,2025090805005422,CIT,Imperial Securities Company Pvt. Ltd.,Capital Max Securities Ltd,20,1901.0,38020.0,2025-09-08 12:45:44.743111
2025-09-08,40650,2025090805005423,CIT,Imperial Securities Company Pvt. Ltd.,Capital Max Securities Ltd,10,1901.0,19010.0,2025-09-08 12:45:44.743163
2025-09-08,40649,2025090805005424,CIT,Asian Securities Private Ltd.,Capital Max Securities Ltd,25,1900.5,47512.5,2025-09-08 12:45:44.743197
2025-09-08,40648,2025090805005425,CIT,Dynamic Money Managers Securities Pvt. Ltd.,Capital Max Securities Ltd,10,1900.1,19001.0,2025-09-08 12:45:44.743225
2025-09-08,40647,2025090805005426,CIT,Sani Securities Company Ltd.,Capital Max Securities Ltd,23,1900.0,43700.0,2025-09-08 12:45:44.743254
2025-09-08,39937,2025090805005540,CIT,Neev Securities Pvt. Ltd.,Online Securities Pvt. Ltd.,8,1902.0,15216.0,2025-09-08 12:53:54.362850
2025-09-08,38747,2025090805005975,CIT,Sani Securities Company Ltd.,ABC Securities Private Limited,10,1900.0,19000.0,2025-09-08 13:04:37.977819
2025-09-08,38348,2025090805006104,CIT,Sani Securities Company Ltd.,Global IME Securities Limited,10,1900.0,19000.0,2025-09-08 13:06:35.780137
2025-09-08,38056,2025090805006200,CIT,Sani Securities Company Ltd.,Malla & Malla Stock Broking Company Pvt. Limited,250,1900.0,475000.0,2025-09-08 13:07:42.456160
2025-09-08,36658,2025090805006584,CIT,Sewa Securities Pvt. Ltd.,Siprabi Securities Pvt. Ltd.,100,1900.1,190010.0,2025-09-08 13:16:31.275572
2025-09-08,36511,2025090805006630,CIT,Neev Securities Pvt. Ltd.,Siprabi Securities Pvt. Ltd.,50,1900.2,95010.0,2025-09-08 13:16:59.408514
2025-09-08,36510,2025090805006631,CIT,Sani Securities Company Ltd.,Siprabi Securities Pvt. Ltd.,50,1900.0,95000.0,2025-09-08 13:16:59.408758
2025-09-08,36509,2025090805006632,CIT,Ashutosh Brokerage & Securities (PVT) Ltd.,Siprabi Securities Pvt. Ltd.,100,1900.0,190000.0,2025-09-08 13:16:59.408831
2025-09-08,36368,2025090805006677,CIT,Ashutosh Brokerage & Securities (PVT) Ltd.,Aryatara Investment & Securities,150,1900.0,285000.0,2025-09-08 13:17:34.245628
2025-09-08,36367,2025090805006678,CIT,Ashutosh Brokerage & Securities (PVT) Ltd.,Aryatara Investment & Securities,47,1900.0,89300.0,2025-09-08 13:17:34.245826
2025-09-08,36334,2025090805006683,CIT,Ashutosh Brokerage & Securities (PVT) Ltd.,Siprabi Securities Pvt. Ltd.,200,1900.0,380000.0,2025-09-08 13:17:38.786976
2025-09-08,36331,2025090805006684,CIT,Sumeru Securities Pvt. Ltd.,Aryatara Investment & Securities,25,1900.0,47500.0,2025-09-08 13:17:40.285567
2025-09-08,36330,2025090805006685,CIT,Sani Securities Company Ltd.,Aryatara Investment & Securities,50,1900.0,95000.0,2025-09-08 13:17:40.285793
2025-09-08,36329,2025090805006686,CIT,Aryatara Investment & Securities,Aryatara Investment & Securities,11,1900.0,20900.0,2025-09-08 13:17:40.285864
2025-09-08,36328,2025090805006687,CIT,Malla & Malla Stock Broking Company Pvt. Limited,Aryatara Investment & Securities,14,1900.0,26600.0,2025-09-08 13:17:40.285929
2025-09-08,36314,2025090805006688,CIT,Malla & Malla Stock Broking Company Pvt. Limited,Siprabi Securities Pvt. Ltd.,100,1900.0,190000.0,2025-09-08 13:17:42.807945
2025-09-08,36181,2025090805006740,CIT,Malla & Malla Stock Broking Company Pvt. Limited,Siprabi Securities Pvt. Ltd.,200,1900.0,380000.0,2025-09-08 13:18:13.982056
2025-09-08,36127,2025090805006758,CIT,Malla & Malla Stock Broking Company Pvt. Limited,ABC Securities Private Limited,10,1900.0,19000.0,2025-09-08 13:18:18.510666
2025-09-08,36102,2025090805006773,CIT,Malla & Malla Stock Broking Company Pvt. Limited,Siprabi Securities Pvt. Ltd.,76,1900.0,144400.0,2025-09-08 13:18:29.064365
2025-09-08,36101,2025090805006774,CIT,J.F. Securites (PVT) Ltd.,Siprabi Securities Pvt. Ltd.,16,1900.0,30400.0,2025-09-08 13:18:29.064555
2025-09-08,34459,2025090805007270,CIT,Neev Securities Pvt. Ltd.,Malla & Malla Stock Broking Company Pvt. Limited,50,1900.1,95005.0,2025-09-08 13:24:36.880200
2025-09-08,34458,2025090805007271,CIT,J.F. Securites (PVT) Ltd.,Malla & Malla Stock Broking Company Pvt. Limited,34,1900.0,64600.0,2025-09-08 13:24:36.880424
2025-09-08,34457,2025090805007272,CIT,Naasa Securities Co. Ltd.,Malla & Malla Stock Broking Company Pvt. Limited,20,1900.0,38000.0,2025-09-08 13:24:36.880527
2025-09-08,34456,2025090805007273,CIT,Primo Securities (PVT) Ltd.,Malla & Malla Stock Broking Company Pvt. Limited,20,1900.0,38000.0,2025-09-08 13:24:36.880623
2025-09-08,34455,2025090805007274,CIT,Kalika Securities Pvt. Ltd.,Malla & Malla Stock Broking Company Pvt. Limited,10,1900.0,19000.0,2025-09-08 13:24:36.880738
2025-09-08,34454,2025090805007275,CIT,Naasa Securities Co. Ltd.,Malla & Malla Stock Broking Company Pvt. Limited,21,1900.0,39900.0,2025-09-08 13:24:36.880897
2025-09-08,34453,2025090805007276,CIT,Asian Securities Private Ltd.,Malla & Malla Stock Broking Company Pvt. Limited,95,1900.0,180500.0,2025-09-08 13:24:36.881015
2025-09-08,34173,2025090805007354,CIT,Nepal Stock House (PVT) Ltd.,Dipshikha Dhitopatra Karobar Co. Pvt Ltd.,10,1900.0,19000.0,2025-09-08 13:25:40.416022
2025-09-08,33920,2025090805007398,CIT,Nepal Stock House (PVT) Ltd.,Online Securities Pvt. Ltd.,10,1900.0,19000.0,2025-09-08 13:26:25.623355
2025-09-08,33919,2025090805007399,CIT,Dakshinkali Investment & Securities Pvt. Ltd.,Online Securities Pvt. Ltd.,90,1900.0,171000.0,2025-09-08 13:26:25.623556
2025-09-08,33849,2025090805007420,CIT,Dakshinkali Investment & Securities Pvt. Ltd.,Kumari Securities Private Limited,110,1900.0,209000.0,2025-09-08 13:26:44.911830
2025-09-08,33848,2025090805007421,CIT,Midas Stock Broking Company Private Limited,Kumari Securities Private Limited,40,1900.0,76000.0,2025-09-08 13:26:44.912043
2025-09-08,33847,2025090805007422,CIT,Secured Securities Ltd.,Kumari Securities Private Limited,10,1900.0,19000.0,2025-09-08 13:26:44.912110
2025-09-08,33846,2025090805007423,CIT,Oxford Securities Pvt. Ltd.,Kumari Securities Private Limited,50,1900.0,95000.0,2025-09-08 13:26:44.912170
2025-09-08,33845,2025090805007424,CIT,Asian Securities Private Ltd.,Kumari Securities Private Limited,5,1900.0,9500.0,2025-09-08 13:26:44.912265
2025-09-08,33530,2025090805007538,CIT,Opal Securities Investment (PVT) Ltd.,Himalayan Brokerage Company Limited,10,1900.0,19000.0,2025-09-08 13:27:35.612123
2025-09-08,33529,2025090805007539,CIT,Trisul Securities & Invt. Ltd.,Himalayan Brokerage Company Limited,10,1900.0,19000.0,2025-09-08 13:27:35.612330
2025-09-08,33528,2025090805007540,CIT,Agrawal Securities (PVT) Ltd.,Himalayan Brokerage Company Limited,56,1900.0,106400.0,2025-09-08 13:27:35.612399
2025-09-08,33527,2025090805007541,CIT,Kumari Securities Private Limited,Himalayan Brokerage Company Limited,20,1900.0,38000.0,2025-09-08 13:27:35.612461
2025-09-08,32961,2025090805007715,CIT,Aryatara Investment & Securities,Creative Securities Pvt Ltd,11,1899.0,20889.0,2025-09-08 13:29:38.214795
2025-09-08,32960,2025090805007716,CIT,Malla & Malla Stock Broking Company Pvt. Limited,Creative Securities Pvt Ltd,12,1899.0,22788.0,2025-09-08 13:29:38.214997
2025-09-08,32819,2025090805007758,CIT,Neev Securities Pvt. Ltd.,Nepal Investment And Securities Trading Private Limited,150,1900.0,285000.0,2025-09-08 13:30:13.927647
2025-09-08,32430,2025090805007881,CIT,Neev Securities Pvt. Ltd.,Online Securities Pvt. Ltd.,100,1900.0,190000.0,2025-09-08 13:31:55.389014
2025-09-08,31158,2025090805008251,CIT,Nepal Stock House (PVT) Ltd.,Sewa Securities Pvt. Ltd.,30,1899.1,56973.0,2025-09-08 13:37:35.154969
2025-09-08,31157,2025090805008252,CIT,Agrawal Securities (PVT) Ltd.,Sewa Securities Pvt. Ltd.,70,1899.1,132937.0,2025-09-08 13:37:35.155310
2025-09-08,31145,2025090805008258,CIT,Agrawal Securities (PVT) Ltd.,Arun Securities (PVT) Ltd.,25,1899.1,47477.5,2025-09-08 13:37:37.726042
2025-09-08,31025,2025090805008306,CIT,Agrawal Securities (PVT) Ltd.,Aryatara Investment & Securities,50,1899.1,94955.0,2025-09-08 13:38:16.344483
2025-09-08,30793,2025090805008361,CIT,Agrawal Securities (PVT) Ltd.,Linch Stock Market Ltd.,15,1899.1,28486.5,2025-09-08 13:39:01.078578
2025-09-08,29582,2025090805008664,CIT,Pragyan Securities (PVT) Ltd.,Vision Securities Pvt. Ltd,10,1899.5,18995.0,2025-09-08 13:43:11.860155
2025-09-08,28665,2025090805008982,CIT,Agrawal Securities (PVT) Ltd.,Nepal Investment And Securities Trading Private Limited,50,1899.1,94955.0,2025-09-08 13:46:05.591728
2025-09-08,28487,2025090805009038,CIT,Agrawal Securities (PVT) Ltd.,Premier Securities Company Ltd.,60,1899.1,113946.0,2025-09-08 13:46:33.204451
2025-09-08,28036,2025090805009162,CIT,Malla & Malla Stock Broking Company Pvt. Limited,Asian Securities Private Ltd.,88,1899.0,167112.0,2025-09-08 13:47:35.496472
2025-09-08,28035,2025090805009163,CIT,Sumeru Securities Pvt. Ltd.,Asian Securities Private Ltd.,10,1899.0,18990.0,2025-09-08 13:47:35.496810
2025-09-08,28034,2025090805009164,CIT,Online Securities Pvt. Ltd.,Asian Securities Private Ltd.,10,1899.0,18990.0,2025-09-08 13:47:35.497038
2025-09-08,28033,2025090805009165,CIT,Bhrikuti Stock Broking Co. Pvt. Ltd.,Asian Securities Private Ltd.,10,1899.0,18990.0,2025-09-08 13:47:35.497242
2025-09-08,28032,2025090805009166,CIT,Vision Securities Pvt. Ltd,Asian Securities Private Ltd.,50,1899.0,94950.0,2025-09-08 13:47:35.497485
2025-09-08,28031,2025090805009167,CIT,Naasa Securities Co. Ltd.,Asian Securities Private Ltd.,20,1899.0,37980.0,2025-09-08 13:47:35.497742
2025-09-08,28030,2025090805009168,CIT,Sani Securities Company Ltd.,Asian Securities Private Ltd.,12,1899.0,22788.0,2025-09-08 13:47:35.497945
2025-09-08,27928,2025090805009188,CIT,Sani Securities Company Ltd.,Premier Securities Company Ltd.,10,1899.0,18990.0,2025-09-08 13:47:53.789492
2025-09-08,27600,2025090805009304,CIT,Sani Securities Company Ltd.,Asian Securities Private Ltd.,25,1899.0,47475.0,2025-09-08 13:48:49.734447
2025-09-08,27507,2025090805009362,CIT,Aryatara Investment & Securities,Dipshikha Dhitopatra Karobar Co. Pvt Ltd.,11,1898.0,20878.0,2025-09-08 13:49:01.986055
2025-09-08,27506,2025090805009363,CIT,Malla & Malla Stock Broking Company Pvt. Limited,Dipshikha Dhitopatra Karobar Co. Pvt Ltd.,39,1898.0,74022.0,2025-09-08 13:49:01.986245
2025-09-08,25906,2025090805009893,CIT,Naasa Securities Co. Ltd.,Sumeru Securities Pvt. Ltd.,11,1896.0,20856.0,2025-09-08 13:52:32.978251
2025-09-08,25905,2025090805009894,CIT,Trisul Securities & Invt. Ltd.,Sumeru Securities Pvt. Ltd.,17,1896.0,32232.0,2025-09-08 13:52:32.978608
2025-09-08,24998,2025090805010168,CIT,ABC Securities Private Limited,Sumeru Securities Pvt. Ltd.,10,1896.0,18960.0,2025-09-08 13:54:35.423771
2025-09-08,24766,2025090805010247,CIT,Shree Krishna Securities Ltd.,Trishakti Securities Public Limited,18,1895.2,34113.6,2025-09-08 13:54:58.234408
2025-09-08,24765,2025090805010248,CIT,Asian Securities Private Ltd.,Trishakti Securities Public Limited,25,1895.1,47377.5,2025-09-08 13:54:58.234594
2025-09-08,24764,2025090805010249,CIT,Dynamic Money Managers Securities Pvt. Ltd.,Trishakti Securities Public Limited,10,1895.1,18951.0,2025-09-08 13:54:58.234669
2025-09-08,24763,2025090805010250,CIT,Investment Management Nepal Pvt. Ltd.,Trishakti Securities Public Limited,26,1895.0,49270.0,2025-09-08 13:54:58.234744
2025-09-08,24676,2025090805010262,CIT,Investment Management Nepal Pvt. Ltd.,Aryatara Investment & Securities,38,1895.0,72010.0,2025-09-08 13:55:13.863212
2025-09-08,24291,2025090805010403,CIT,Aryatara Investment & Securities,Sumeru Securities Pvt. Ltd.,12,1896.0,22752.0,2025-09-08 13:55:58.342091
2025-09-08,24082,2025090805010477,CIT,Investment Management Nepal Pvt. Ltd.,Linch Stock Market Ltd.,86,1895.0,162970.0,2025-09-08 13:56:21.293058
2025-09-08,23838,2025090805010535,CIT,Investment Management Nepal Pvt. Ltd.,Aryatara Investment & Securities,17,1895.0,32215.0,2025-09-08 13:56:52.955669
2025-09-08,23795,2025090805010557,CIT,Investment Management Nepal Pvt. Ltd.,Sharepro Securities Private Limited,333,1895.0,631035.0,2025-09-08 13:56:58.787601
2025-09-08,23794,2025090805010558,CIT,Sani Securities Company Ltd.,Sharepro Securities Private Limited,60,1895.0,113700.0,2025-09-08 13:56:58.787771
2025-09-08,23793,2025090805010559,CIT,J.F. Securites (PVT) Ltd.,Sharepro Securities Private Limited,10,1895.0,18950.0,2025-09-08 13:56:58.787840
2025-09-08,23792,2025090805010560,CIT,Online Securities Pvt. Ltd.,Sharepro Securities Private Limited,10,1895.0,18950.0,2025-09-08 13:56:58.787937
2025-09-08,23791,2025090805010561,CIT,Dynamic Money Managers Securities Pvt. Ltd.,Sharepro Securities Private Limited,100,1895.0,189500.0,2025-09-08 13:56:58.788006
2025-09-08,23790,2025090805010562,CIT,Nepal Investment And Securities Trading Private Limited,Sharepro Securities Private Limited,19,1895.0,36005.0,2025-09-08 13:56:58.788066
2025-09-08,23789,2025090805010563,CIT,Ashutosh Brokerage & Securities (PVT) Ltd.,Sharepro Securities Private Limited,68,1895.0,128860.0,2025-09-08 13:56:58.788128
2025-09-08,23629,2025090805010619,CIT,Ashutosh Brokerage & Securities (PVT) Ltd.,Siprabi Securities Pvt. Ltd.,11,1895.0,20845.0,2025-09-08 13:57:17.754438
2025-09-08,23281,2025090805010723,CIT,Ashutosh Brokerage & Securities (PVT) Ltd.,Aryatara Investment & Securities,20,1895.0,37900.0,2025-09-08 13:58:02.635185
2025-09-08,22597,2025090805010921,CIT,Aryatara Investment & Securities,Primo Securities (PVT) Ltd.,32,1898.0,60736.0,2025-09-08 13:59:37.354909
2025-09-08,22469,2025090805010978,CIT,Linch Stock Market Ltd.,Primo Securities (PVT) Ltd.,30,1898.0,56940.0,2025-09-08 13:59:54.438257
2025-09-08,22289,2025090805011048,CIT,Linch Stock Market Ltd.,Primo Securities (PVT) Ltd.,10,1898.0,18980.0,2025-09-08 14:00:17.669614
2025-09-08,22160,2025090805011106,CIT,Sani Securities Company Ltd.,Trishakti Securities Public Limited,75,1895.0,142125.0,2025-09-08 14:00:38.212721
2025-09-08,22159,2025090805011107,CIT,Asian Securities Private Ltd.,Trishakti Securities Public Limited,50,1891.0,94550.0,2025-09-08 14:00:38.213059
2025-09-08,22158,2025090805011108,CIT,Naasa Securities Co. Ltd.,Trishakti Securities Public Limited,16,1890.1,30241.6,2025-09-08 14:00:38.213261
2025-09-08,22157,2025090805011109,CIT,Market Securities & Exchange (PVT) Ltd.,Trishakti Securities Public Limited,150,1890.1,283515.0,2025-09-08 14:00:38.213502
2025-09-08,22156,2025090805011110,CIT,Dynamic Money Managers Securities Pvt. Ltd.,Trishakti Securities Public Limited,10,1890.1,18901.0,2025-09-08 14:00:38.213682
2025-09-08,22155,2025090805011111,CIT,Hatemalo Financial Services Private Limited,Trishakti Securities Public Limited,19,1890.0,35910.0,2025-09-08 14:00:38.213864
2025-09-08,22154,2025090805011112,CIT,Aryatara Investment & Securities,Trishakti Securities Public Limited,11,1890.0,20790.0,2025-09-08 14:00:38.214076
2025-09-08,22153,2025090805011113,CIT,Online Securities Pvt. Ltd.,Trishakti Securities Public Limited,21,1890.0,39690.0,2025-09-08 14:00:38.214253
2025-09-08,22152,2025090805011114,CIT,Siprabi Securities Pvt. Ltd.,Trishakti Securities Public Limited,10,1890.0,18900.0,2025-09-08 14:00:38.214485
2025-09-08,22151,2025090805011115,CIT,Nepal Stock House (PVT) Ltd.,Trishakti Securities Public Limited,50,1890.0,94500.0,2025-09-08 14:00:38.214679
2025-09-08,22150,2025090805011116,CIT,Vision Securities Pvt. Ltd,Trishakti Securities Public Limited,10,1890.0,18900.0,2025-09-08 14:00:38.214872
2025-09-08,22149,2025090805011117,CIT,Dipshikha Dhitopatra Karobar Co. Pvt Ltd.,Trishakti Securities Public Limited,40,1890.0,75600.0,2025-09-08 14:00:38.215074
2025-09-08,22148,2025090805011118,CIT,Trisul Securities & Invt. Ltd.,Trishakti Securities Public Limited,15,1890.0,28350.0,2025-09-08 14:00:38.215246
2025-09-08,22147,2025090805011119,CIT,Kohinoor Investment & Securities Pvt. Ltd.,Trishakti Securities Public Limited,10,1890.0,18900.0,2025-09-08 14:00:38.215462
2025-09-08,22146,2025090805011120,CIT,Vision Securities Pvt. Ltd,Trishakti Securities Public Limited,43,1890.0,81270.0,2025-09-08 14:00:38.215632
2025-09-08,20606,2025090805011640,CIT,Vision Securities Pvt. Ltd,Premier Securities Company Ltd.,50,1890.0,94500.0,2025-09-08 14:03:46.812225
2025-09-08,19532,2025090805011970,CIT,Naasa Securities Co. Ltd.,Primo Securities (PVT) Ltd.,19,1898.0,36062.0,2025-09-08 14:06:36.569457
2025-09-08,19230,2025090805012063,CIT,Neev Securities Pvt. Ltd.,Agrawal Securities (PVT) Ltd.,50,1890.1,94505.0,2025-09-08 14:07:31.658623
2025-09-08,19229,2025090805012064,CIT,Sundhara Securities Limited,Agrawal Securities (PVT) Ltd.,50,1890.1,94505.0,2025-09-08 14:07:31.658823
2025-09-08,19212,2025090805012069,CIT,Agrawal Securities (PVT) Ltd.,Primo Securities (PVT) Ltd.,10,1898.0,18980.0,2025-09-08 14:07:35.682765
2025-09-08,19040,2025090805012103,CIT,Vision Securities Pvt. Ltd,Sri Hari Securities Pvt. Ltd.,10,1890.0,18900.0,2025-09-08 14:08:03.662544
2025-09-08,18414,2025090805012309,CIT,Neev Securities Pvt. Ltd.,Siprabi Securities Pvt. Ltd.,50,1890.1,94505.0,2025-09-08 14:10:00.489502
2025-09-08,18413,2025090805012310,CIT,Vision Securities Pvt. Ltd,Siprabi Securities Pvt. Ltd.,97,1890.0,183330.0,2025-09-08 14:10:00.489712
2025-09-08,18412,2025090805012311,CIT,Sani Securities Company Ltd.,Siprabi Securities Pvt. Ltd.,53,1890.0,100170.0,2025-09-08 14:10:00.489783
2025-09-08,16064,2025090805013007,CIT,Neev Securities Pvt. Ltd.,Trisul Securities & Invt. Ltd.,50,1895.0,94750.0,2025-09-08 14:17:50.785204
2025-09-08,15830,2025090805013061,CIT,Neev Securities Pvt. Ltd.,Trishakti Securities Public Limited,21,1895.0,39795.0,2025-09-08 14:18:45.145834
2025-09-08,15610,2025090805013139,CIT,Neev Securities Pvt. Ltd.,Deevyaa Securities & Stock House Pvt. Ltd,29,1895.0,54955.0,2025-09-08 14:19:35.120581
2025-09-08,15609,2025090805013140,CIT,Kumari Securities Private Limited,Deevyaa Securities & Stock House Pvt. Ltd,50,1895.0,94750.0,2025-09-08 14:19:35.120671
2025-09-08,15608,2025090805013141,CIT,Bhrikuti Stock Broking Co. Pvt. Ltd.,Deevyaa Securities & Stock House Pvt. Ltd,10,1891.5,18915.0,2025-09-08 14:19:35.120699
2025-09-08,15607,2025090805013142,CIT,Naasa Securities Co. Ltd.,Deevyaa Securities & Stock House Pvt. Ltd,30,1891.2,56736.0,2025-09-08 14:19:35.120723
2025-09-08,15606,2025090805013143,CIT,Neev Securities Pvt. Ltd.,Deevyaa Securities & Stock House Pvt. Ltd,50,1891.1,94555.0,2025-09-08 14:19:35.120748
2025-09-08,15605,2025090805013144,CIT,Imperial Securities Company Pvt. Ltd.,Deevyaa Securities & Stock House Pvt. Ltd,50,1890.4,94520.0,2025-09-08 14:19:35.120775
2025-09-08,15604,2025090805013145,CIT,Sundhara Securities Limited,Deevyaa Securities & Stock House Pvt. Ltd,50,1890.2,94510.0,2025-09-08 14:19:35.120799
2025-09-08,15603,2025090805013146,CIT,Dipshikha Dhitopatra Karobar Co. Pvt Ltd.,Deevyaa Securities & Stock House Pvt. Ltd,10,1890.1,18901.0,2025-09-08 14:19:35.120822
2025-09-08,15602,2025090805013147,CIT,Sani Securities Company Ltd.,Deevyaa Securities & Stock House Pvt. Ltd,47,1890.0,88830.0,2025-09-08 14:19:35.120846
2025-09-08,15601,2025090805013148,CIT,Market Securities & Exchange (PVT) Ltd.,Deevyaa Securities & Stock House Pvt. Ltd,50,1890.0,94500.0,2025-09-08 14:19:35.120875
2025-09-08,15600,2025090805013149,CIT,Sani Securities Company Ltd.,Deevyaa Securities & Stock House Pvt. Ltd,50,1890.0,94500.0,2025-09-08 14:19:35.120896
2025-09-08,15599,2025090805013150,CIT,Agrawal Securities (PVT) Ltd.,Deevyaa Securities & Stock House Pvt. Ltd,50,1890.0,94500.0,2025-09-08 14:19:35.120940
2025-09-08,15598,2025090805013151,CIT,Creative Securities Pvt Ltd,Deevyaa Securities & Stock House Pvt. Ltd,15,1890.0,28350.0,2025-09-08 14:19:35.120962
2025-09-08,14234,2025090805013561,CIT,Pragyan Securities (PVT) Ltd.,Oxford Securities Pvt. Ltd.,1,1899.5,1899.5,2025-09-08 14:24:08.430743
2025-09-08,13437,2025090805013808,CIT,Naasa Securities Co. Ltd.,Nepal Investment And Securities Trading Private Limited,10,1894.0,18940.0,2025-09-08 14:27:15.709095
2025-09-08,13178,2025090805013875,CIT,Secured Securities Ltd.,Dipshikha Dhitopatra Karobar Co. Pvt Ltd.,12,1894.0,22728.0,2025-09-08 14:28:25.085193
2025-09-08,12124,2025090805014245,CIT,Naasa Securities Co. Ltd.,Sewa Securities Pvt. Ltd.,50,1895.0,94750.0,2025-09-08 14:32:06.204381
2025-09-08,11471,2025090805014428,CIT,Imperial Securities Company Pvt. Ltd.,Sewa Securities Pvt. Ltd.,10,1895.0,18950.0,2025-09-08 14:35:01.091744
2025-09-08,10823,2025090805014607,CIT,Cristal Kanchanjanga Securites Pvt. Ltd.,Sewa Securities Pvt. Ltd.,19,1895.0,36005.0,2025-09-08 14:37:46.474479
2025-09-08,8116,2025090805015375,CIT,Premier Securities Company Ltd.,KALASH STOCK MARKET PVT. LTD.,10,1893.0,18930.0,2025-09-08 14:45:55.088320
2025-09-08,8000,2025090805015410,CIT,Premier Securities Company Ltd.,Sundhara Securities Limited,40,1893.0,75720.0,2025-09-08 14:46:17.065608
2025-09-08,7999,2025090805015411,CIT,Swarna Laxmi Securities Pvt. Ltd.,Sundhara Securities Limited,11,1892.0,20812.0,2025-09-08 14:46:17.065690
2025-09-08,7998,2025090805015412,CIT,Imperial Securities Company Pvt. Ltd.,Sundhara Securities Limited,10,1892.0,18920.0,2025-09-08 14:46:17.065727
2025-09-08,7201,2025090805015619,CIT,Neev Securities Pvt. Ltd.,Vision Securities Pvt. Ltd,10,1892.0,18920.0,2025-09-08 14:48:01.260071
2025-09-08,7200,2025090805015620,CIT,Sewa Securities Pvt. Ltd.,Vision Securities Pvt. Ltd,50,1892.0,94600.0,2025-09-08 14:48:01.260305
2025-09-08,7199,2025090805015621,CIT,Naasa Securities Co. Ltd.,Vision Securities Pvt. Ltd,10,1892.0,18920.0,2025-09-08 14:48:01.260400
2025-09-08,7124,2025090805015643,CIT,Naasa Securities Co. Ltd.,Agrawal Securities (PVT) Ltd.,10,1892.0,18920.0,2025-09-08 14:48:15.022965
2025-09-08,6467,2025090805015858,CIT,Premier Securities Company Ltd.,Agrawal Securities (PVT) Ltd.,30,1892.0,56760.0,2025-09-08 14:49:59.769816
2025-09-08,6301,2025090805015930,CIT,Deevyaa Securities & Stock House Pvt. Ltd,Agrawal Securities (PVT) Ltd.,10,1892.0,18920.0,2025-09-08 14:50:25.023402
2025-09-08,5719,2025090805016151,CIT,Sri Hari Securities Pvt. Ltd.,Kohinoor Investment & Securities Pvt. Ltd.,100,1892.0,189200.0,2025-09-08 14:51:42.377701
2025-09-08,5718,2025090805016152,CIT,Deevyaa Securities & Stock House Pvt. Ltd,Kohinoor Investment & Securities Pvt. Ltd.,10,1892.0,18920.0,2025-09-08 14:51:42.377919
2025-09-08,5696,2025090805016156,CIT,Cristal Kanchanjanga Securites Pvt. Ltd.,Kohinoor Investment & Securities Pvt. Ltd.,11,1892.0,20812.0,2025-09-08 14:51:44.754814
2025-09-08,5448,2025090805016254,CIT,Naasa Securities Co. Ltd.,Kohinoor Investment & Securities Pvt. Ltd.,73,1892.0,138116.0,2025-09-08 14:52:18.732503
2025-09-08,5447,2025090805016255,CIT,Naasa Securities Co. Ltd.,Oxford Securities Pvt. Ltd.,27,1895.0,51165.0,2025-09-08 14:52:18.732899
2025-09-08,5320,2025090805016286,CIT,Neev Securities Pvt. Ltd.,Oxford Securities Pvt. Ltd.,25,1895.0,47375.0,2025-09-08 14:52:34.419796
2025-09-08,4626,2025090805016510,CIT,Sweta Securities Private Limited,Oxford Securities Pvt. Ltd.,20,1895.0,37900.0,2025-09-08 14:54:02.719347
2025-09-08,4218,2025090805016635,CIT,Opal Securities Investment (PVT) Ltd.,Secured Securities Ltd.,210,1895.0,397950.0,2025-09-08 14:54:51.582141
2025-09-08,4217,2025090805016636,CIT,Opal Securities Investment (PVT) Ltd.,Naasa Securities Co. Ltd.,25,1895.0,47375.0,2025-09-08 14:54:51.582524
2025-09-08,3488,2025090805016880,CIT,Malla & Malla Stock Broking Company Pvt. Limited,Kumari Securities Private Limited,10,1894.0,18940.0,2025-09-08 14:56:07.456858
2025-09-08,3435,2025090805016901,CIT,Online Securities Pvt. Ltd.,Kalika Securities Pvt. Ltd.,10,1892.0,18920.0,2025-09-08 14:56:11.063778
2025-09-08,3434,2025090805016902,CIT,Linch Stock Market Ltd.,Kalika Securities Pvt. Ltd.,300,1891.5,567450.0,2025-09-08 14:56:11.064022
2025-09-08,3433,2025090805016903,CIT,Sani Securities Company Ltd.,Kalika Securities Pvt. Ltd.,10,1891.3,18913.0,2025-09-08 14:56:11.064105
2025-09-08,2887,2025090805017049,CIT,Secured Securities Ltd.,Kalika Securities Pvt. Ltd.,50,1891.3,94565.0,2025-09-08 14:56:59.165835
2025-09-08,2163,2025090805017267,CIT,Kohinoor Investment & Securities Pvt. Ltd.,Kalika Securities Pvt. Ltd.,15,1891.3,28369.5,2025-09-08 14:58:01.373076
2025-09-08,2160,2025090805017268,CIT,Neev Securities Pvt. Ltd.,Kalika Securities Pvt. Ltd.,110,1891.3,208043.0,2025-09-08 14:58:02.089290
2025-09-08,1027,2025090805017620,CIT,Miyo Securities Pvt Ltd,Imperial Securities Company Pvt. Ltd.,20,1899.0,37980.0,2025-09-08 14:59:18.887329
2025-09-08,1026,2025090805017621,CIT,Miyo Securities Pvt Ltd,Ashutosh Brokerage & Securities (PVT) Ltd.,189,1899.0,358911.0,2025-09-08 14:59:18.887372
2025-09-08,1025,2025090805017622,CIT,Miyo Securities Pvt Ltd,Trishakti Securities Public Limited,200,1899.9,379980.0,2025-09-08 14:59:18.887396
2025-09-08,1024,2025090805017623,CIT,Miyo Securities Pvt Ltd,Aryatara Investment & Securities,58,1900.0,110200.0,2025-09-08 14:59:18.887425
2025-09-08,1023,2025090805017624,CIT,Miyo Securities Pvt Ltd,Vision Securities Pvt. Ltd,100,1900.0,190000.0,2025-09-08 14:59:18.887464
2025-09-08,1022,2025090805017625,CIT,Miyo Securities Pvt Ltd,Cristal Kanchanjanga Securites Pvt. Ltd.,20,1900.0,38000.0,2025-09-08 14:59:18.887486
2025-09-08,1021,2025090805017626,CIT,Miyo Securities Pvt Ltd,Cristal Kanchanjanga Securites Pvt. Ltd.,20,1900.0,38000.0,2025-09-08 14:59:18.887508
2025-09-08,1020,2025090805017627,CIT,Miyo Securities Pvt Ltd,Kohinoor Investment & Securities Pvt. Ltd.,10,1900.0,19000.0,2025-09-08 14:59:18.887532
2025-09-08,1019,2025090805017628,CIT,Miyo Securities Pvt Ltd,Kalika Securities Pvt. Ltd.,254,1900.0,482600.0,2025-09-08 14:59:18.887553
2025-09-08,1018,2025090805017629,CIT,Miyo Securities Pvt Ltd,Shree Krishna Securities Ltd.,50,1900.0,95000.0,2025-09-08 14:59:18.887575
2025-09-08,1017,2025090805017630,CIT,Miyo Securities Pvt Ltd,Dakshinkali Investment & Securities Pvt. Ltd.,50,1900.0,95000.0,2025-09-08 14:59:18.887597
2025-09-08,1016,2025090805017631,CIT,Miyo Securities Pvt Ltd,Vision Securities Pvt. Ltd,29,1900.0,55100.0,2025-09-08 14:59:18.887625
