Date,S.N.,contract_id,symbol,buyer_broker,seller_broker,volume,price,amount,transaction_time
2025-09-08,59700,2025090801000001,HBL,Trishakti Securities Public Limited,Midas Stock Broking Company Private Limited,10,200.0,2000.0,2025-09-08 10:46:00.014274
2025-09-08,59699,2025090801000002,HBL,Trishakti Securities Public Limited,Himalayan Securities Limited,10,200.0,2000.0,2025-09-08 10:46:00.014316
2025-09-08,59698,2025090801000003,HBL,Trishakti Securities Public Limited,Himalayan Securities Limited,10,200.0,2000.0,2025-09-08 10:46:00.014350
2025-09-08,59697,2025090801000004,HBL,Trishakti Securities Public Limited,Imperial Securities Company Pvt. Ltd.,10,200.0,2000.0,2025-09-08 10:46:00.014397
2025-09-08,59696,2025090801000005,HBL,Trishakti Securities Public Limited,Imperial Securities Company Pvt. Ltd.,10,200.0,2000.0,2025-09-08 10:46:00.014429
2025-09-08,59623,2025090801000012,HBL,Trishakti Securities Public Limited,Naasa Securities Co. Ltd.,10,200.1,2001.0,2025-09-08 11:00:08.017061
2025-09-08,59597,2025090801000013,HBL,Trishakti Securities Public Limited,Naasa Securities Co. Ltd.,10,200.1,2001.0,2025-09-08 11:00:16.179688
2025-09-08,59588,2025090801000014,HBL,Trishakti Securities Public Limited,Naasa Securities Co. Ltd.,10,200.1,2001.0,2025-09-08 11:00:20.691357
2025-09-08,59586,2025090801000015,HBL,Trishakti Securities Public Limited,Kohinoor Investment & Securities Pvt. Ltd.,10,200.1,2001.0,2025-09-08 11:00:22.326210
2025-09-08,59576,2025090801000016,HBL,Kumari Securities Private Limited,Vision Securities Pvt. Ltd,10,200.2,2002.0,2025-09-08 11:00:40.102443
2025-09-08,59561,2025090801000019,HBL,Kumari Securities Private Limited,Kohinoor Investment & Securities Pvt. Ltd.,10,200.2,2002.0,2025-09-08 11:00:52.400493
2025-09-08,59552,2025090801000022,HBL,Kumari Securities Private Limited,Online Securities Pvt. Ltd.,10,200.2,2002.0,2025-09-08 11:01:00.510073
2025-09-08,59549,2025090801000024,HBL,Kumari Securities Private Limited,Sundhara Securities Limited,10,200.2,2002.0,2025-09-08 11:01:03.029492
2025-09-08,59545,2025090801000025,HBL,Kumari Securities Private Limited,Dipshikha Dhitopatra Karobar Co. Pvt Ltd.,10,200.2,2002.0,2025-09-08 11:01:07.610994
2025-09-08,59543,2025090801000026,HBL,Kumari Securities Private Limited,Naasa Securities Co. Ltd.,10,200.2,2002.0,2025-09-08 11:01:09.001429
2025-09-08,59531,2025090801000027,HBL,Kumari Securities Private Limited,Aryatara Investment & Securities,10,200.2,2002.0,2025-09-08 11:01:15.810721
2025-09-08,59529,2025090801000028,HBL,Kumari Securities Private Limited,Kohinoor Investment & Securities Pvt. Ltd.,10,200.2,2002.0,2025-09-08 11:01:17.479427
2025-09-08,59524,2025090801000031,HBL,Dipshikha Dhitopatra Karobar Co. Pvt Ltd.,Midas Stock Broking Company Private Limited,10,200.3,2003.0,2025-09-08 11:01:22.139130
2025-09-08,59505,2025090801000040,HBL,Dipshikha Dhitopatra Karobar Co. Pvt Ltd.,Kumari Securities Private Limited,10,200.3,2003.0,2025-09-08 11:01:35.360183
2025-09-08,59490,2025090801000042,HBL,Dipshikha Dhitopatra Karobar Co. Pvt Ltd.,Naasa Securities Co. Ltd.,10,200.3,2003.0,2025-09-08 11:01:44.107644
2025-09-08,59489,2025090801000043,HBL,Dipshikha Dhitopatra Karobar Co. Pvt Ltd.,S.P.S.A. Securities Limited,10,200.3,2003.0,2025-09-08 11:01:44.352907
2025-09-08,59488,2025090801000044,HBL,Himalayan Securities Limited,SUN SECURITIES PVT LTD,10,201.0,2010.0,2025-09-08 11:01:44.479013
2025-09-08,59477,2025090801000048,HBL,Dipshikha Dhitopatra Karobar Co. Pvt Ltd.,Kohinoor Investment & Securities Pvt. Ltd.,10,200.3,2003.0,2025-09-08 11:01:55.091107
2025-09-08,59457,2025090801000055,HBL,Dipshikha Dhitopatra Karobar Co. Pvt Ltd.,Dipshikha Dhitopatra Karobar Co. Pvt Ltd.,10,200.3,2003.0,2025-09-08 11:02:20.448087
2025-09-08,59438,2025090801000062,HBL,Nepal Stock House (PVT) Ltd.,Naasa Securities Co. Ltd.,10,201.0,2010.0,2025-09-08 11:02:34.591291
2025-09-08,59437,2025090801000063,HBL,Nepal Stock House (PVT) Ltd.,Naasa Securities Co. Ltd.,10,201.8,2018.0,2025-09-08 11:02:34.591388
2025-09-08,59436,2025090801000064,HBL,Nepal Stock House (PVT) Ltd.,Online Securities Pvt. Ltd.,10,201.9,2019.0,2025-09-08 11:02:34.591413
2025-09-08,59435,2025090801000065,HBL,Nepal Stock House (PVT) Ltd.,Online Securities Pvt. Ltd.,10,202.0,2020.0,2025-09-08 11:02:34.591436
2025-09-08,59434,2025090801000066,HBL,Dipshikha Dhitopatra Karobar Co. Pvt Ltd.,Sani Securities Company Ltd.,10,200.3,2003.0,2025-09-08 11:02:35.843990
2025-09-08,59431,2025090801000068,HBL,Dipshikha Dhitopatra Karobar Co. Pvt Ltd.,South Asian Bulls Pvt. Ltd.,10,200.3,2003.0,2025-09-08 11:02:37.772978
2025-09-08,59429,2025090801000069,HBL,Himalayan Securities Limited,Naasa Securities Co. Ltd.,10,200.3,2003.0,2025-09-08 11:02:39.026273
2025-09-08,59424,2025090801000071,HBL,Kumari Securities Private Limited,Naasa Securities Co. Ltd.,10,200.2,2002.0,2025-09-08 11:02:40.319091
2025-09-08,59418,2025090801000072,HBL,Kumari Securities Private Limited,Neev Securities Pvt. Ltd.,10,200.3,2003.0,2025-09-08 11:02:45.571453
2025-09-08,59417,2025090801000073,HBL,Kumari Securities Private Limited,Sundhara Securities Limited,10,200.3,2003.0,2025-09-08 11:02:45.712851
2025-09-08,59398,2025090801000086,HBL,Dipshikha Dhitopatra Karobar Co. Pvt Ltd.,Sajilo Broker Limited,10,200.3,2003.0,2025-09-08 11:02:59.490078
2025-09-08,59394,2025090801000088,HBL,Dipshikha Dhitopatra Karobar Co. Pvt Ltd.,Dynamic Money Managers Securities Pvt. Ltd.,10,200.3,2003.0,2025-09-08 11:03:04.207019
2025-09-08,59387,2025090801000090,HBL,Dipshikha Dhitopatra Karobar Co. Pvt Ltd.,Online Securities Pvt. Ltd.,10,200.3,2003.0,2025-09-08 11:03:08.203521
2025-09-08,59384,2025090801000093,HBL,Dipshikha Dhitopatra Karobar Co. Pvt Ltd.,Cristal Kanchanjanga Securites Pvt. Ltd.,10,200.3,2003.0,2025-09-08 11:03:10.822006
2025-09-08,59380,2025090801000095,HBL,Dipshikha Dhitopatra Karobar Co. Pvt Ltd.,Sri Hari Securities Pvt. Ltd.,10,200.3,2003.0,2025-09-08 11:03:14.653124
2025-09-08,59364,2025090801000099,HBL,Kumari Securities Private Limited,Naasa Securities Co. Ltd.,10,200.4,2004.0,2025-09-08 11:03:25.143762
2025-09-08,59344,2025090801000105,HBL,Cristal Kanchanjanga Securites Pvt. Ltd.,Trishakti Securities Public Limited,10,202.0,2020.0,2025-09-08 11:03:35.885317
2025-09-08,59343,2025090801000106,HBL,Cristal Kanchanjanga Securites Pvt. Ltd.,Naasa Securities Co. Ltd.,10,202.0,2020.0,2025-09-08 11:03:35.885415
2025-09-08,59342,2025090801000107,HBL,Cristal Kanchanjanga Securites Pvt. Ltd.,Naasa Securities Co. Ltd.,10,202.0,2020.0,2025-09-08 11:03:35.885460
2025-09-08,59341,2025090801000108,HBL,Cristal Kanchanjanga Securites Pvt. Ltd.,Online Securities Pvt. Ltd.,10,202.0,2020.0,2025-09-08 11:03:35.885503
2025-09-08,59340,2025090801000109,HBL,Cristal Kanchanjanga Securites Pvt. Ltd.,Naasa Securities Co. Ltd.,10,202.0,2020.0,2025-09-08 11:03:35.885544
2025-09-08,59327,2025090801000112,HBL,Kumari Securities Private Limited,Naasa Securities Co. Ltd.,10,200.4,2004.0,2025-09-08 11:03:44.256776
2025-09-08,59323,2025090801000113,HBL,Kumari Securities Private Limited,Naasa Securities Co. Ltd.,10,200.4,2004.0,2025-09-08 11:03:46.762456
2025-09-08,59299,2025090801000128,HBL,Kumari Securities Private Limited,Naasa Securities Co. Ltd.,10,200.4,2004.0,2025-09-08 11:04:01.564655
2025-09-08,59297,2025090801000129,HBL,Kumari Securities Private Limited,ABC Securities Private Limited,10,200.4,2004.0,2025-09-08 11:04:03.243640
2025-09-08,59283,2025090801000131,HBL,Himalayan Securities Limited,Nepal Stock House (PVT) Ltd.,10,200.4,2004.0,2025-09-08 11:04:08.419949
2025-09-08,59263,2025090801000135,HBL,Dipshikha Dhitopatra Karobar Co. Pvt Ltd.,Neev Securities Pvt. Ltd.,10,200.3,2003.0,2025-09-08 11:04:20.848331
2025-09-08,59262,2025090801000136,HBL,Dipshikha Dhitopatra Karobar Co. Pvt Ltd.,Sani Securities Company Ltd.,10,200.3,2003.0,2025-09-08 11:04:21.515574
2025-09-08,59258,2025090801000137,HBL,Dipshikha Dhitopatra Karobar Co. Pvt Ltd.,Sundhara Securities Limited,10,200.3,2003.0,2025-09-08 11:04:25.869923
2025-09-08,59257,2025090801000138,HBL,Dipshikha Dhitopatra Karobar Co. Pvt Ltd.,Vision Securities Pvt. Ltd,10,200.3,2003.0,2025-09-08 11:04:25.935473
2025-09-08,59255,2025090801000139,HBL,Dipshikha Dhitopatra Karobar Co. Pvt Ltd.,Naasa Securities Co. Ltd.,10,200.3,2003.0,2025-09-08 11:04:27.965200
2025-09-08,59250,2025090801000141,HBL,Dipshikha Dhitopatra Karobar Co. Pvt Ltd.,Naasa Securities Co. Ltd.,10,200.3,2003.0,2025-09-08 11:04:34.635388
2025-09-08,59249,2025090801000142,HBL,Naasa Securities Co. Ltd.,Naasa Securities Co. Ltd.,10,200.4,2004.0,2025-09-08 11:04:35.695601
2025-09-08,59248,2025090801000143,HBL,Dipshikha Dhitopatra Karobar Co. Pvt Ltd.,Naasa Securities Co. Ltd.,10,200.3,2003.0,2025-09-08 11:04:36.174122
2025-09-08,59247,2025090801000144,HBL,Dipshikha Dhitopatra Karobar Co. Pvt Ltd.,Naasa Securities Co. Ltd.,10,200.3,2003.0,2025-09-08 11:04:39.656972
2025-09-08,59245,2025090801000145,HBL,Dipshikha Dhitopatra Karobar Co. Pvt Ltd.,Opal Securities Investment (PVT) Ltd.,10,200.3,2003.0,2025-09-08 11:04:41.060323
2025-09-08,59244,2025090801000146,HBL,Dipshikha Dhitopatra Karobar Co. Pvt Ltd.,Naasa Securities Co. Ltd.,10,200.3,2003.0,2025-09-08 11:04:41.335745
2025-09-08,59228,2025090801000147,HBL,Dipshikha Dhitopatra Karobar Co. Pvt Ltd.,Opal Securities Investment (PVT) Ltd.,10,200.3,2003.0,2025-09-08 11:04:46.095831
2025-09-08,59221,2025090801000149,HBL,Kumari Securities Private Limited,J.F. Securites (PVT) Ltd.,10,200.4,2004.0,2025-09-08 11:04:48.300407
2025-09-08,59220,2025090801000150,HBL,Kumari Securities Private Limited,Online Securities Pvt. Ltd.,10,200.4,2004.0,2025-09-08 11:04:48.763551
2025-09-08,59219,2025090801000151,HBL,Kumari Securities Private Limited,Online Securities Pvt. Ltd.,10,200.4,2004.0,2025-09-08 11:04:48.768337
2025-09-08,59214,2025090801000152,HBL,Kumari Securities Private Limited,Online Securities Pvt. Ltd.,10,200.4,2004.0,2025-09-08 11:04:51.274155
2025-09-08,59206,2025090801000153,HBL,Kumari Securities Private Limited,Dipshikha Dhitopatra Karobar Co. Pvt Ltd.,10,200.4,2004.0,2025-09-08 11:04:58.486440
2025-09-08,59201,2025090801000155,HBL,Dipshikha Dhitopatra Karobar Co. Pvt Ltd.,Online Securities Pvt. Ltd.,10,200.3,2003.0,2025-09-08 11:04:58.795134
2025-09-08,59200,2025090801000156,HBL,Dipshikha Dhitopatra Karobar Co. Pvt Ltd.,Kumari Securities Private Limited,10,200.3,2003.0,2025-09-08 11:05:00.827403
2025-09-08,59172,2025090801000170,HBL,Himalayan Securities Limited,Dipshikha Dhitopatra Karobar Co. Pvt Ltd.,10,200.3,2003.0,2025-09-08 11:05:21.049716
2025-09-08,59165,2025090801000175,HBL,Himalayan Securities Limited,Hatemalo Financial Services Private Limited,10,200.3,2003.0,2025-09-08 11:05:23.800939
2025-09-08,59154,2025090801000181,HBL,Kumari Securities Private Limited,Dynamic Money Managers Securities Pvt. Ltd.,10,200.2,2002.0,2025-09-08 11:05:29.824146
2025-09-08,59146,2025090801000183,HBL,Kohinoor Investment & Securities Pvt. Ltd.,Naasa Securities Co. Ltd.,10,200.2,2002.0,2025-09-08 11:05:34.353910
2025-09-08,59140,2025090801000186,HBL,Midas Stock Broking Company Private Limited,Online Securities Pvt. Ltd.,10,200.3,2003.0,2025-09-08 11:05:37.584860
2025-09-08,59139,2025090801000187,HBL,Midas Stock Broking Company Private Limited,Sani Securities Company Ltd.,10,200.3,2003.0,2025-09-08 11:05:37.585044
2025-09-08,59138,2025090801000188,HBL,Midas Stock Broking Company Private Limited,Naasa Securities Co. Ltd.,10,200.3,2003.0,2025-09-08 11:05:37.585097
2025-09-08,59137,2025090801000189,HBL,Midas Stock Broking Company Private Limited,Shree Krishna Securities Ltd.,10,200.3,2003.0,2025-09-08 11:05:37.585160
2025-09-08,59132,2025090801000192,HBL,Primo Securities (PVT) Ltd.,Online Securities Pvt. Ltd.,10,200.3,2003.0,2025-09-08 11:05:39.956422
2025-09-08,59130,2025090801000193,HBL,Kohinoor Investment & Securities Pvt. Ltd.,Dipshikha Dhitopatra Karobar Co. Pvt Ltd.,10,200.2,2002.0,2025-09-08 11:05:40.785314
2025-09-08,59122,2025090801000196,HBL,Naasa Securities Co. Ltd.,Kohinoor Investment & Securities Pvt. Ltd.,10,200.3,2003.0,2025-09-08 11:05:43.151143
2025-09-08,59110,2025090801000207,HBL,Naasa Securities Co. Ltd.,SHUBHAKAMANA SECURITIES PVT. LTD,10,200.3,2003.0,2025-09-08 11:05:48.811668
2025-09-08,59109,2025090801000208,HBL,Kohinoor Investment & Securities Pvt. Ltd.,Kohinoor Investment & Securities Pvt. Ltd.,10,200.2,2002.0,2025-09-08 11:05:49.824778
2025-09-08,59108,2025090801000209,HBL,Kohinoor Investment & Securities Pvt. Ltd.,Imperial Securities Company Pvt. Ltd.,10,200.2,2002.0,2025-09-08 11:05:49.881316
2025-09-08,59104,2025090801000211,HBL,Neev Securities Pvt. Ltd.,Dipshikha Dhitopatra Karobar Co. Pvt Ltd.,10,200.4,2004.0,2025-09-08 11:05:53.514856
2025-09-08,59102,2025090801000213,HBL,Sweta Securities Private Limited,Sani Securities Company Ltd.,10,200.3,2003.0,2025-09-08 11:05:56.925886
2025-09-08,59101,2025090801000214,HBL,Sweta Securities Private Limited,Imperial Securities Company Pvt. Ltd.,10,200.3,2003.0,2025-09-08 11:05:57.408070
2025-09-08,59099,2025090801000216,HBL,Sweta Securities Private Limited,Naasa Securities Co. Ltd.,10,200.3,2003.0,2025-09-08 11:05:58.677919
2025-09-08,59085,2025090801000217,HBL,Sweta Securities Private Limited,Dipshikha Dhitopatra Karobar Co. Pvt Ltd.,10,200.3,2003.0,2025-09-08 11:06:13.468893
2025-09-08,59084,2025090801000218,HBL,Sweta Securities Private Limited,Online Securities Pvt. Ltd.,10,200.3,2003.0,2025-09-08 11:06:14.100665
2025-09-08,59079,2025090801000221,HBL,Sweta Securities Private Limited,Agrawal Securities (PVT) Ltd.,10,200.3,2003.0,2025-09-08 11:06:19.241665
2025-09-08,59075,2025090801000224,HBL,Sweta Securities Private Limited,SUN SECURITIES PVT LTD,10,200.3,2003.0,2025-09-08 11:06:24.185748
2025-09-08,59069,2025090801000225,HBL,Sweta Securities Private Limited,Aryatara Investment & Securities,10,200.3,2003.0,2025-09-08 11:06:25.334265
2025-09-08,59068,2025090801000226,HBL,Sweta Securities Private Limited,Dipshikha Dhitopatra Karobar Co. Pvt Ltd.,10,200.3,2003.0,2025-09-08 11:06:26.021781
2025-09-08,59060,2025090801000234,HBL,Kumari Securities Private Limited,Imperial Securities Company Pvt. Ltd.,10,200.4,2004.0,2025-09-08 11:06:26.054242
2025-09-08,59059,2025090801000235,HBL,Kumari Securities Private Limited,Imperial Securities Company Pvt. Ltd.,10,200.4,2004.0,2025-09-08 11:06:26.054361
2025-09-08,59058,2025090801000236,HBL,Kumari Securities Private Limited,Dipshikha Dhitopatra Karobar Co. Pvt Ltd.,10,200.4,2004.0,2025-09-08 11:06:26.054420
2025-09-08,59040,2025090801000241,HBL,Sweta Securities Private Limited,Naasa Securities Co. Ltd.,10,200.3,2003.0,2025-09-08 11:06:33.643920
2025-09-08,59037,2025090801000242,HBL,Naasa Securities Co. Ltd.,Online Securities Pvt. Ltd.,10,200.4,2004.0,2025-09-08 11:06:36.104463
2025-09-08,59035,2025090801000243,HBL,Naasa Securities Co. Ltd.,Linch Stock Market Ltd.,10,200.4,2004.0,2025-09-08 11:06:38.746227
2025-09-08,59034,2025090801000244,HBL,Naasa Securities Co. Ltd.,Secured Securities Ltd.,10,200.4,2004.0,2025-09-08 11:06:41.295551
2025-09-08,59026,2025090801000249,HBL,Naasa Securities Co. Ltd.,Naasa Securities Co. Ltd.,10,200.4,2004.0,2025-09-08 11:06:48.225051
2025-09-08,59021,2025090801000253,HBL,Naasa Securities Co. Ltd.,Dipshikha Dhitopatra Karobar Co. Pvt Ltd.,10,200.4,2004.0,2025-09-08 11:06:53.752555
2025-09-08,59019,2025090801000254,HBL,Naasa Securities Co. Ltd.,Kohinoor Investment & Securities Pvt. Ltd.,10,200.4,2004.0,2025-09-08 11:06:55.025107
2025-09-08,59018,2025090801000255,HBL,Primo Securities (PVT) Ltd.,Naasa Securities Co. Ltd.,10,200.5,2005.0,2025-09-08 11:06:57.581509
2025-09-08,59017,2025090801000256,HBL,Naasa Securities Co. Ltd.,Naasa Securities Co. Ltd.,10,200.4,2004.0,2025-09-08 11:06:57.899175
2025-09-08,59015,2025090801000257,HBL,Naasa Securities Co. Ltd.,pahiinvestment,10,200.4,2004.0,2025-09-08 11:06:59.481338
2025-09-08,59008,2025090801000258,HBL,Naasa Securities Co. Ltd.,Online Securities Pvt. Ltd.,10,200.4,2004.0,2025-09-08 11:07:04.402351
2025-09-08,58983,2025090801000264,HBL,Primo Securities (PVT) Ltd.,Naasa Securities Co. Ltd.,10,200.5,2005.0,2025-09-08 11:07:20.368777
2025-09-08,58964,2025090801000280,HBL,Naasa Securities Co. Ltd.,Kalika Securities Pvt. Ltd.,10,200.4,2004.0,2025-09-08 11:07:21.170119
2025-09-08,58962,2025090801000281,HBL,Nepal Stock House (PVT) Ltd.,Nabil Stock Dealer Ltd.,10,200.5,2005.0,2025-09-08 11:07:24.529250
2025-09-08,58953,2025090801000284,HBL,Trisul Securities & Invt. Ltd.,Midas Stock Broking Company Private Limited,10,200.9,2009.0,2025-09-08 11:07:28.220889
2025-09-08,58952,2025090801000285,HBL,Trisul Securities & Invt. Ltd.,Naasa Securities Co. Ltd.,10,200.9,2009.0,2025-09-08 11:07:28.220982
2025-09-08,58951,2025090801000286,HBL,Trisul Securities & Invt. Ltd.,Naasa Securities Co. Ltd.,10,201.0,2010.0,2025-09-08 11:07:28.221086
2025-09-08,58950,2025090801000287,HBL,Trisul Securities & Invt. Ltd.,Aakashbhairab Securities Ltd.,10,201.0,2010.0,2025-09-08 11:07:28.221153
2025-09-08,58949,2025090801000288,HBL,Trisul Securities & Invt. Ltd.,Naasa Securities Co. Ltd.,10,201.0,2010.0,2025-09-08 11:07:28.221224
2025-09-08,58948,2025090801000289,HBL,Trisul Securities & Invt. Ltd.,Naasa Securities Co. Ltd.,10,201.0,2010.0,2025-09-08 11:07:28.221292
2025-09-08,58947,2025090801000290,HBL,Trisul Securities & Invt. Ltd.,Naasa Securities Co. Ltd.,10,201.0,2010.0,2025-09-08 11:07:28.221359
2025-09-08,58946,2025090801000291,HBL,Trisul Securities & Invt. Ltd.,Trishakti Securities Public Limited,10,201.0,2010.0,2025-09-08 11:07:28.221425
2025-09-08,58945,2025090801000292,HBL,Trisul Securities & Invt. Ltd.,Naasa Securities Co. Ltd.,10,201.0,2010.0,2025-09-08 11:07:28.221492
2025-09-08,58941,2025090801000295,HBL,Nepal Stock House (PVT) Ltd.,Online Securities Pvt. Ltd.,10,200.5,2005.0,2025-09-08 11:07:31.999427
2025-09-08,58940,2025090801000296,HBL,Nepal Stock House (PVT) Ltd.,Online Securities Pvt. Ltd.,10,200.5,2005.0,2025-09-08 11:07:32.002620
2025-09-08,58939,2025090801000297,HBL,Nepal Stock House (PVT) Ltd.,Naasa Securities Co. Ltd.,10,200.5,2005.0,2025-09-08 11:07:33.123446
2025-09-08,58929,2025090801000299,HBL,Nepal Stock House (PVT) Ltd.,Aryatara Investment & Securities,10,200.5,2005.0,2025-09-08 11:07:35.628417
2025-09-08,58925,2025090801000300,HBL,Nepal Stock House (PVT) Ltd.,Secured Securities Ltd.,10,200.5,2005.0,2025-09-08 11:07:38.471456
2025-09-08,58907,2025090801000303,HBL,Trisul Securities & Invt. Ltd.,Online Securities Pvt. Ltd.,10,201.0,2010.0,2025-09-08 11:07:40.743533
2025-09-08,58901,2025090801000306,HBL,Midas Stock Broking Company Private Limited,Neev Securities Pvt. Ltd.,10,200.6,2006.0,2025-09-08 11:07:46.297226
2025-09-08,58891,2025090801000311,HBL,Nepal Stock House (PVT) Ltd.,Investment Management Nepal Pvt. Ltd.,10,200.5,2005.0,2025-09-08 11:07:51.295052
2025-09-08,58876,2025090801000315,HBL,Trisul Securities & Invt. Ltd.,Sani Securities Company Ltd.,10,201.0,2010.0,2025-09-08 11:07:58.308473
2025-09-08,58875,2025090801000316,HBL,Trisul Securities & Invt. Ltd.,Kohinoor Investment & Securities Pvt. Ltd.,10,201.0,2010.0,2025-09-08 11:07:58.308512
2025-09-08,58874,2025090801000317,HBL,Trisul Securities & Invt. Ltd.,Aryatara Investment & Securities,10,201.0,2010.0,2025-09-08 11:07:58.308535
2025-09-08,58873,2025090801000318,HBL,Trisul Securities & Invt. Ltd.,Online Securities Pvt. Ltd.,10,201.9,2019.0,2025-09-08 11:07:58.308556
2025-09-08,58856,2025090801000321,HBL,Nepal Stock House (PVT) Ltd.,Cristal Kanchanjanga Securites Pvt. Ltd.,10,200.5,2005.0,2025-09-08 11:08:01.475743
2025-09-08,58849,2025090801000327,HBL,Nepal Stock House (PVT) Ltd.,Vision Securities Pvt. Ltd,10,200.5,2005.0,2025-09-08 11:08:06.903140
2025-09-08,58839,2025090801000333,HBL,Sani Securities Company Ltd.,Bhrikuti Stock Broking Co. Pvt. Ltd.,10,201.0,2010.0,2025-09-08 11:08:12.533607
2025-09-08,58833,2025090801000336,HBL,Sani Securities Company Ltd.,Sundhara Securities Limited,10,201.0,2010.0,2025-09-08 11:08:16.272303
2025-09-08,58807,2025090801000341,HBL,Nepal Stock House (PVT) Ltd.,ABC Securities Private Limited,175,200.5,35087.5,2025-09-08 11:08:24.255391
2025-09-08,58805,2025090801000342,HBL,Nepal Stock House (PVT) Ltd.,Himalayan Brokerage Company Limited,10,200.5,2005.0,2025-09-08 11:08:27.503079
2025-09-08,58797,2025090801000343,HBL,Nepal Stock House (PVT) Ltd.,ABC Securities Private Limited,10,200.5,2005.0,2025-09-08 11:08:31.783492
2025-09-08,58748,2025090801000363,HBL,Investment Management Nepal Pvt. Ltd.,Sweta Securities Private Limited,10,200.6,2006.0,2025-09-08 11:08:48.569558
2025-09-08,58736,2025090801000367,HBL,Investment Management Nepal Pvt. Ltd.,Naasa Securities Co. Ltd.,10,200.6,2006.0,2025-09-08 11:08:53.484669
2025-09-08,58732,2025090801000368,HBL,Investment Management Nepal Pvt. Ltd.,Neev Securities Pvt. Ltd.,10,200.6,2006.0,2025-09-08 11:08:56.458935
2025-09-08,58726,2025090801000370,HBL,Midas Stock Broking Company Private Limited,Vision Securities Pvt. Ltd,10,200.7,2007.0,2025-09-08 11:08:59.761815
2025-09-08,58698,2025090801000378,HBL,Midas Stock Broking Company Private Limited,Sweta Securities Private Limited,11,200.7,2207.7,2025-09-08 11:09:08.612453
2025-09-08,58673,2025090801000380,HBL,Midas Stock Broking Company Private Limited,Naasa Securities Co. Ltd.,10,200.7,2007.0,2025-09-08 11:09:16.834740
2025-09-08,58665,2025090801000383,HBL,Midas Stock Broking Company Private Limited,Aryatara Investment & Securities,10,200.7,2007.0,2025-09-08 11:09:21.166765
2025-09-08,58654,2025090801000385,HBL,Midas Stock Broking Company Private Limited,Kohinoor Investment & Securities Pvt. Ltd.,10,200.7,2007.0,2025-09-08 11:09:21.830448
2025-09-08,58645,2025090801000388,HBL,Midas Stock Broking Company Private Limited,Naasa Securities Co. Ltd.,10,200.7,2007.0,2025-09-08 11:09:26.970783
2025-09-08,58630,2025090801000391,HBL,Midas Stock Broking Company Private Limited,Dipshikha Dhitopatra Karobar Co. Pvt Ltd.,10,200.7,2007.0,2025-09-08 11:09:29.237311
2025-09-08,58620,2025090801000394,HBL,Midas Stock Broking Company Private Limited,Naasa Securities Co. Ltd.,10,200.7,2007.0,2025-09-08 11:09:37.676981
2025-09-08,58604,2025090801000399,HBL,Midas Stock Broking Company Private Limited,Asian Securities Private Ltd.,10,200.7,2007.0,2025-09-08 11:09:43.414256
2025-09-08,58597,2025090801000401,HBL,Kohinoor Investment & Securities Pvt. Ltd.,ABC Securities Private Limited,10,201.0,2010.0,2025-09-08 11:09:44.371191
2025-09-08,58596,2025090801000402,HBL,Kohinoor Investment & Securities Pvt. Ltd.,Naasa Securities Co. Ltd.,10,201.0,2010.0,2025-09-08 11:09:44.371425
2025-09-08,58595,2025090801000403,HBL,Kohinoor Investment & Securities Pvt. Ltd.,Sweta Securities Private Limited,10,201.0,2010.0,2025-09-08 11:09:44.371521
2025-09-08,58594,2025090801000404,HBL,Kohinoor Investment & Securities Pvt. Ltd.,S.P.S.A. Securities Limited,10,201.0,2010.0,2025-09-08 11:09:44.371594
2025-09-08,58593,2025090801000405,HBL,Kohinoor Investment & Securities Pvt. Ltd.,Opal Securities Investment (PVT) Ltd.,10,201.0,2010.0,2025-09-08 11:09:44.371675
2025-09-08,58558,2025090801000409,HBL,Investment Management Nepal Pvt. Ltd.,Dipshikha Dhitopatra Karobar Co. Pvt Ltd.,10,200.6,2006.0,2025-09-08 11:09:59.379691
2025-09-08,58550,2025090801000411,HBL,Investment Management Nepal Pvt. Ltd.,Sweta Securities Private Limited,10,200.6,2006.0,2025-09-08 11:10:03.791971
2025-09-08,58549,2025090801000412,HBL,Investment Management Nepal Pvt. Ltd.,Naasa Securities Co. Ltd.,10,200.6,2006.0,2025-09-08 11:10:03.895816
2025-09-08,58545,2025090801000413,HBL,Investment Management Nepal Pvt. Ltd.,Asian Securities Private Ltd.,10,200.6,2006.0,2025-09-08 11:10:05.960144
2025-09-08,58537,2025090801000418,HBL,Investment Management Nepal Pvt. Ltd.,Naasa Securities Co. Ltd.,10,200.6,2006.0,2025-09-08 11:10:07.888531
2025-09-08,58509,2025090801000427,HBL,Investment Management Nepal Pvt. Ltd.,Imperial Securities Company Pvt. Ltd.,10,200.6,2006.0,2025-09-08 11:10:16.935991
2025-09-08,58504,2025090801000428,HBL,Investment Management Nepal Pvt. Ltd.,Kohinoor Investment & Securities Pvt. Ltd.,10,200.6,2006.0,2025-09-08 11:10:19.451370
2025-09-08,58503,2025090801000429,HBL,Investment Management Nepal Pvt. Ltd.,Dipshikha Dhitopatra Karobar Co. Pvt Ltd.,10,200.6,2006.0,2025-09-08 11:10:19.501003
2025-09-08,58501,2025090801000431,HBL,Investment Management Nepal Pvt. Ltd.,Himalayan Brokerage Company Limited,10,200.6,2006.0,2025-09-08 11:10:21.498827
2025-09-08,58500,2025090801000432,HBL,Investment Management Nepal Pvt. Ltd.,Premier Securities Company Ltd.,10,200.6,2006.0,2025-09-08 11:10:21.657067
2025-09-08,58499,2025090801000433,HBL,Imperial Securities Company Pvt. Ltd.,Dipshikha Dhitopatra Karobar Co. Pvt Ltd.,10,200.7,2007.0,2025-09-08 11:10:21.961772
2025-09-08,58498,2025090801000434,HBL,Imperial Securities Company Pvt. Ltd.,Naasa Securities Co. Ltd.,10,200.7,2007.0,2025-09-08 11:10:21.961914
2025-09-08,58497,2025090801000435,HBL,Imperial Securities Company Pvt. Ltd.,Siprabi Securities Pvt. Ltd.,10,200.7,2007.0,2025-09-08 11:10:21.961991
2025-09-08,58495,2025090801000437,HBL,Imperial Securities Company Pvt. Ltd.,Naasa Securities Co. Ltd.,10,200.7,2007.0,2025-09-08 11:10:23.963728
2025-09-08,58493,2025090801000438,HBL,Imperial Securities Company Pvt. Ltd.,Dipshikha Dhitopatra Karobar Co. Pvt Ltd.,10,200.7,2007.0,2025-09-08 11:10:24.522008
2025-09-08,58491,2025090801000439,HBL,Imperial Securities Company Pvt. Ltd.,Secured Securities Ltd.,10,200.7,2007.0,2025-09-08 11:10:25.433670
2025-09-08,58489,2025090801000440,HBL,Imperial Securities Company Pvt. Ltd.,Naasa Securities Co. Ltd.,10,200.7,2007.0,2025-09-08 11:10:26.473996
2025-09-08,58448,2025090801000447,HBL,Imperial Securities Company Pvt. Ltd.,Trisul Securities & Invt. Ltd.,10,200.7,2007.0,2025-09-08 11:10:36.179621
2025-09-08,58442,2025090801000449,HBL,Imperial Securities Company Pvt. Ltd.,Dipshikha Dhitopatra Karobar Co. Pvt Ltd.,10,200.7,2007.0,2025-09-08 11:10:39.840141
2025-09-08,58439,2025090801000451,HBL,Imperial Securities Company Pvt. Ltd.,Vision Securities Pvt. Ltd,10,200.7,2007.0,2025-09-08 11:10:40.125440
2025-09-08,58430,2025090801000453,HBL,Imperial Securities Company Pvt. Ltd.,Dipshikha Dhitopatra Karobar Co. Pvt Ltd.,10,200.7,2007.0,2025-09-08 11:10:42.354437
2025-09-08,58415,2025090801000461,HBL,Imperial Securities Company Pvt. Ltd.,Dynamic Money Managers Securities Pvt. Ltd.,10,200.7,2007.0,2025-09-08 11:10:45.870329
2025-09-08,58414,2025090801000462,HBL,Imperial Securities Company Pvt. Ltd.,Sweta Securities Private Limited,10,200.7,2007.0,2025-09-08 11:10:46.413855
2025-09-08,58402,2025090801000464,HBL,Imperial Securities Company Pvt. Ltd.,Naasa Securities Co. Ltd.,10,200.7,2007.0,2025-09-08 11:10:51.580575
2025-09-08,58385,2025090801000466,HBL,Imperial Securities Company Pvt. Ltd.,Naasa Securities Co. Ltd.,10,200.7,2007.0,2025-09-08 11:10:56.617244
2025-09-08,58382,2025090801000468,HBL,Imperial Securities Company Pvt. Ltd.,Dipshikha Dhitopatra Karobar Co. Pvt Ltd.,10,200.7,2007.0,2025-09-08 11:10:57.481734
2025-09-08,58379,2025090801000471,HBL,Imperial Securities Company Pvt. Ltd.,Naasa Securities Co. Ltd.,10,200.7,2007.0,2025-09-08 11:10:58.201796
2025-09-08,58378,2025090801000472,HBL,Imperial Securities Company Pvt. Ltd.,Sani Securities Company Ltd.,10,200.7,2007.0,2025-09-08 11:10:58.286397
2025-09-08,58376,2025090801000473,HBL,Imperial Securities Company Pvt. Ltd.,Himalayan Brokerage Company Limited,10,200.7,2007.0,2025-09-08 11:10:58.429607
2025-09-08,58369,2025090801000474,HBL,Imperial Securities Company Pvt. Ltd.,Dipshikha Dhitopatra Karobar Co. Pvt Ltd.,10,200.7,2007.0,2025-09-08 11:11:00.039113
2025-09-08,58359,2025090801000479,HBL,Naasa Securities Co. Ltd.,Online Securities Pvt. Ltd.,10,200.7,2007.0,2025-09-08 11:11:03.999433
2025-09-08,58358,2025090801000480,HBL,Nepal Stock House (PVT) Ltd.,Kohinoor Investment & Securities Pvt. Ltd.,10,200.7,2007.0,2025-09-08 11:11:04.558315
2025-09-08,58315,2025090801000493,HBL,Nepal Stock House (PVT) Ltd.,Sani Securities Company Ltd.,10,200.7,2007.0,2025-09-08 11:11:20.874009
2025-09-08,58312,2025090801000494,HBL,Nepal Stock House (PVT) Ltd.,Naasa Securities Co. Ltd.,10,200.7,2007.0,2025-09-08 11:11:24.362076
2025-09-08,58301,2025090801000499,HBL,Nepal Stock House (PVT) Ltd.,Dipshikha Dhitopatra Karobar Co. Pvt Ltd.,10,200.7,2007.0,2025-09-08 11:11:27.633962
2025-09-08,58277,2025090801000502,HBL,Nepal Stock House (PVT) Ltd.,Ashutosh Brokerage & Securities (PVT) Ltd.,10,200.7,2007.0,2025-09-08 11:11:32.130315
2025-09-08,58276,2025090801000503,HBL,Nepal Stock House (PVT) Ltd.,Sani Securities Company Ltd.,10,200.7,2007.0,2025-09-08 11:11:33.408865
2025-09-08,58269,2025090801000504,HBL,Nepal Stock House (PVT) Ltd.,Sani Securities Company Ltd.,20,200.7,4014.0,2025-09-08 11:11:35.961792
2025-09-08,58264,2025090801000509,HBL,Nepal Stock House (PVT) Ltd.,Naasa Securities Co. Ltd.,10,200.7,2007.0,2025-09-08 11:11:37.078319
2025-09-08,58255,2025090801000515,HBL,J.F. Securites (PVT) Ltd.,Naasa Securities Co. Ltd.,10,201.0,2010.0,2025-09-08 11:11:42.440922
2025-09-08,58254,2025090801000516,HBL,J.F. Securites (PVT) Ltd.,Naasa Securities Co. Ltd.,10,201.0,2010.0,2025-09-08 11:11:42.441339
2025-09-08,58253,2025090801000517,HBL,J.F. Securites (PVT) Ltd.,Linch Stock Market Ltd.,10,201.0,2010.0,2025-09-08 11:11:42.441583
2025-09-08,58252,2025090801000518,HBL,J.F. Securites (PVT) Ltd.,Dipshikha Dhitopatra Karobar Co. Pvt Ltd.,10,201.0,2010.0,2025-09-08 11:11:42.441825
2025-09-08,58251,2025090801000519,HBL,J.F. Securites (PVT) Ltd.,Sani Securities Company Ltd.,10,201.0,2010.0,2025-09-08 11:11:42.442081
2025-09-08,58250,2025090801000520,HBL,J.F. Securites (PVT) Ltd.,Vision Securities Pvt. Ltd,10,201.0,2010.0,2025-09-08 11:11:42.442341
2025-09-08,58248,2025090801000521,HBL,Nepal Stock House (PVT) Ltd.,Dipshikha Dhitopatra Karobar Co. Pvt Ltd.,10,200.7,2007.0,2025-09-08 11:11:42.669226
2025-09-08,58247,2025090801000522,HBL,Nepal Stock House (PVT) Ltd.,Sundhara Securities Limited,10,200.7,2007.0,2025-09-08 11:11:43.251703
2025-09-08,58246,2025090801000523,HBL,Nepal Stock House (PVT) Ltd.,Sani Securities Company Ltd.,10,200.7,2007.0,2025-09-08 11:11:43.471756
2025-09-08,58233,2025090801000525,HBL,Nepal Stock House (PVT) Ltd.,Naasa Securities Co. Ltd.,10,200.7,2007.0,2025-09-08 11:11:46.968420
2025-09-08,58230,2025090801000526,HBL,Nepal Stock House (PVT) Ltd.,Dipshikha Dhitopatra Karobar Co. Pvt Ltd.,10,200.7,2007.0,2025-09-08 11:11:47.676926
2025-09-08,58222,2025090801000528,HBL,Nepal Stock House (PVT) Ltd.,Oxford Securities Pvt. Ltd.,10,200.7,2007.0,2025-09-08 11:11:50.168534
2025-09-08,58213,2025090801000533,HBL,Nepal Stock House (PVT) Ltd.,Sani Securities Company Ltd.,10,200.7,2007.0,2025-09-08 11:11:56.031078
2025-09-08,58211,2025090801000535,HBL,J.F. Securites (PVT) Ltd.,Thrive Brokerage House Pvt. Ltd,10,201.0,2010.0,2025-09-08 11:11:57.463725
2025-09-08,58210,2025090801000536,HBL,J.F. Securites (PVT) Ltd.,Imperial Securities Company Pvt. Ltd.,10,201.0,2010.0,2025-09-08 11:11:57.463906
2025-09-08,58204,2025090801000537,HBL,Nepal Stock House (PVT) Ltd.,Naasa Securities Co. Ltd.,10,200.7,2007.0,2025-09-08 11:11:59.638252
2025-09-08,58201,2025090801000539,HBL,Nepal Stock House (PVT) Ltd.,Naasa Securities Co. Ltd.,10,200.7,2007.0,2025-09-08 11:12:01.569744
2025-09-08,58188,2025090801000541,HBL,Nepal Stock House (PVT) Ltd.,Sani Securities Company Ltd.,10,200.7,2007.0,2025-09-08 11:12:08.581191
2025-09-08,58187,2025090801000542,HBL,Nepal Stock House (PVT) Ltd.,Dipshikha Dhitopatra Karobar Co. Pvt Ltd.,10,200.7,2007.0,2025-09-08 11:12:10.235777
2025-09-08,58164,2025090801000545,HBL,Nepal Stock House (PVT) Ltd.,Naasa Securities Co. Ltd.,10,200.7,2007.0,2025-09-08 11:12:18.623763
2025-09-08,58163,2025090801000546,HBL,Midas Stock Broking Company Private Limited,Sani Securities Company Ltd.,10,200.7,2007.0,2025-09-08 11:12:18.625425
2025-09-08,58160,2025090801000548,HBL,Midas Stock Broking Company Private Limited,Naasa Securities Co. Ltd.,10,200.7,2007.0,2025-09-08 11:12:20.435743
2025-09-08,58156,2025090801000551,HBL,Midas Stock Broking Company Private Limited,Sri Hari Securities Pvt. Ltd.,10,200.7,2007.0,2025-09-08 11:12:22.425137
2025-09-08,58153,2025090801000553,HBL,Hatemalo Financial Services Private Limited,Naasa Securities Co. Ltd.,10,200.7,2007.0,2025-09-08 11:12:24.186475
2025-09-08,58151,2025090801000554,HBL,Hatemalo Financial Services Private Limited,Dipshikha Dhitopatra Karobar Co. Pvt Ltd.,10,200.7,2007.0,2025-09-08 11:12:25.286965
2025-09-08,58146,2025090801000556,HBL,Hatemalo Financial Services Private Limited,Dynamic Money Managers Securities Pvt. Ltd.,10,200.7,2007.0,2025-09-08 11:12:28.631455
2025-09-08,58145,2025090801000557,HBL,Hatemalo Financial Services Private Limited,Sani Securities Company Ltd.,10,200.7,2007.0,2025-09-08 11:12:28.646051
2025-09-08,58144,2025090801000558,HBL,Hatemalo Financial Services Private Limited,Himalayan Brokerage Company Limited,10,200.7,2007.0,2025-09-08 11:12:28.788015
2025-09-08,58135,2025090801000560,HBL,Hatemalo Financial Services Private Limited,Online Securities Pvt. Ltd.,10,200.7,2007.0,2025-09-08 11:12:31.819067
2025-09-08,58119,2025090801000566,HBL,Hatemalo Financial Services Private Limited,Vision Securities Pvt. Ltd,10,200.7,2007.0,2025-09-08 11:12:35.815946
2025-09-08,58110,2025090801000569,HBL,Hatemalo Financial Services Private Limited,Naasa Securities Co. Ltd.,10,200.7,2007.0,2025-09-08 11:12:37.352732
2025-09-08,58107,2025090801000571,HBL,Hatemalo Financial Services Private Limited,Naasa Securities Co. Ltd.,10,200.7,2007.0,2025-09-08 11:12:38.413650
2025-09-08,58103,2025090801000573,HBL,J.F. Securites (PVT) Ltd.,Dipshikha Dhitopatra Karobar Co. Pvt Ltd.,10,201.0,2010.0,2025-09-08 11:12:40.063872
2025-09-08,58102,2025090801000574,HBL,J.F. Securites (PVT) Ltd.,Dipshikha Dhitopatra Karobar Co. Pvt Ltd.,10,201.0,2010.0,2025-09-08 11:12:40.064325
2025-09-08,58077,2025090801000584,HBL,Hatemalo Financial Services Private Limited,Aryatara Investment & Securities,10,200.7,2007.0,2025-09-08 11:12:44.517295
2025-09-08,58062,2025090801000590,HBL,Investment Management Nepal Pvt. Ltd.,Sani Securities Company Ltd.,10,200.6,2006.0,2025-09-08 11:12:53.801072
2025-09-08,58061,2025090801000591,HBL,Investment Management Nepal Pvt. Ltd.,Naasa Securities Co. Ltd.,10,200.6,2006.0,2025-09-08 11:12:53.948460
2025-09-08,58022,2025090801000605,HBL,Investment Management Nepal Pvt. Ltd.,Vision Securities Pvt. Ltd,10,200.6,2006.0,2025-09-08 11:13:08.527561
2025-09-08,58013,2025090801000611,HBL,Investment Management Nepal Pvt. Ltd.,Dipshikha Dhitopatra Karobar Co. Pvt Ltd.,10,200.6,2006.0,2025-09-08 11:13:10.423160
2025-09-08,58005,2025090801000614,HBL,Investment Management Nepal Pvt. Ltd.,Naasa Securities Co. Ltd.,10,200.6,2006.0,2025-09-08 11:13:16.029237
2025-09-08,58001,2025090801000617,HBL,Investment Management Nepal Pvt. Ltd.,Himalayan Brokerage Company Limited,10,200.6,2006.0,2025-09-08 11:13:17.838230
2025-09-08,57989,2025090801000626,HBL,Investment Management Nepal Pvt. Ltd.,Aryatara Investment & Securities,10,200.6,2006.0,2025-09-08 11:13:22.182013
2025-09-08,57987,2025090801000627,HBL,Investment Management Nepal Pvt. Ltd.,Dipshikha Dhitopatra Karobar Co. Pvt Ltd.,10,200.6,2006.0,2025-09-08 11:13:22.972582
2025-09-08,57981,2025090801000629,HBL,Investment Management Nepal Pvt. Ltd.,Kohinoor Investment & Securities Pvt. Ltd.,10,200.6,2006.0,2025-09-08 11:13:24.892798
2025-09-08,57967,2025090801000634,HBL,Nepal Investment And Securities Trading Private Limited,Primo Securities (PVT) Ltd.,10,200.7,2007.0,2025-09-08 11:13:28.682346
2025-09-08,57962,2025090801000635,HBL,Nepal Investment And Securities Trading Private Limited,Nepal Investment And Securities Trading Private Limited,10,200.7,2007.0,2025-09-08 11:13:31.228514
2025-09-08,57958,2025090801000638,HBL,Nepal Investment And Securities Trading Private Limited,Sani Securities Company Ltd.,10,200.7,2007.0,2025-09-08 11:13:34.059755
2025-09-08,57950,2025090801000644,HBL,Nepal Investment And Securities Trading Private Limited,Dipshikha Dhitopatra Karobar Co. Pvt Ltd.,10,200.7,2007.0,2025-09-08 11:13:40.533279
2025-09-08,57945,2025090801000645,HBL,J.F. Securites (PVT) Ltd.,Sanima Securities Limited,10,201.0,2010.0,2025-09-08 11:13:42.685346
2025-09-08,57944,2025090801000646,HBL,J.F. Securites (PVT) Ltd.,Naasa Securities Co. Ltd.,10,201.0,2010.0,2025-09-08 11:13:42.685555
2025-09-08,57943,2025090801000647,HBL,J.F. Securites (PVT) Ltd.,Nepal Stock House (PVT) Ltd.,10,201.0,2010.0,2025-09-08 11:13:42.685681
2025-09-08,57942,2025090801000648,HBL,J.F. Securites (PVT) Ltd.,Oxford Securities Pvt. Ltd.,10,201.0,2010.0,2025-09-08 11:13:42.685779
2025-09-08,57941,2025090801000649,HBL,J.F. Securites (PVT) Ltd.,Asian Securities Private Ltd.,10,201.0,2010.0,2025-09-08 11:13:42.685906
2025-09-08,57940,2025090801000650,HBL,J.F. Securites (PVT) Ltd.,Imperial Securities Company Pvt. Ltd.,10,201.0,2010.0,2025-09-08 11:13:43.036505
2025-09-08,57932,2025090801000655,HBL,Nepal Investment And Securities Trading Private Limited,Dipshikha Dhitopatra Karobar Co. Pvt Ltd.,10,200.7,2007.0,2025-09-08 11:13:48.062475
2025-09-08,57929,2025090801000656,HBL,Nepal Investment And Securities Trading Private Limited,Dipshikha Dhitopatra Karobar Co. Pvt Ltd.,10,200.7,2007.0,2025-09-08 11:13:48.107788
2025-09-08,57925,2025090801000660,HBL,Nepal Investment And Securities Trading Private Limited,Naasa Securities Co. Ltd.,10,200.7,2007.0,2025-09-08 11:13:49.533838
2025-09-08,57923,2025090801000661,HBL,Nepal Investment And Securities Trading Private Limited,Naasa Securities Co. Ltd.,10,200.7,2007.0,2025-09-08 11:13:54.919901
2025-09-08,57917,2025090801000663,HBL,Nepal Investment And Securities Trading Private Limited,Naasa Securities Co. Ltd.,10,200.7,2007.0,2025-09-08 11:13:57.649672
2025-09-08,57916,2025090801000664,HBL,Investment Management Nepal Pvt. Ltd.,Sri Hari Securities Pvt. Ltd.,10,200.6,2006.0,2025-09-08 11:13:57.811179
2025-09-08,57913,2025090801000666,HBL,Investment Management Nepal Pvt. Ltd.,ABC Securities Private Limited,10,200.6,2006.0,2025-09-08 11:13:58.084392
2025-09-08,57901,2025090801000670,HBL,Investment Management Nepal Pvt. Ltd.,Secured Securities Ltd.,10,200.6,2006.0,2025-09-08 11:14:06.703789
2025-09-08,57900,2025090801000671,HBL,Investment Management Nepal Pvt. Ltd.,Dynamic Money Managers Securities Pvt. Ltd.,10,200.6,2006.0,2025-09-08 11:14:06.851563
2025-09-08,57896,2025090801000673,HBL,Investment Management Nepal Pvt. Ltd.,Online Securities Pvt. Ltd.,10,200.6,2006.0,2025-09-08 11:14:09.739422
2025-09-08,57894,2025090801000675,HBL,Investment Management Nepal Pvt. Ltd.,Market Securities & Exchange (PVT) Ltd.,10,200.6,2006.0,2025-09-08 11:14:10.267251
2025-09-08,57891,2025090801000677,HBL,Investment Management Nepal Pvt. Ltd.,Sundhara Securities Limited,10,200.6,2006.0,2025-09-08 11:14:14.796565
2025-09-08,57879,2025090801000679,HBL,Investment Management Nepal Pvt. Ltd.,Naasa Securities Co. Ltd.,10,200.6,2006.0,2025-09-08 11:14:17.110555
2025-09-08,57877,2025090801000680,HBL,Investment Management Nepal Pvt. Ltd.,Naasa Securities Co. Ltd.,10,200.6,2006.0,2025-09-08 11:14:18.569176
2025-09-08,57875,2025090801000681,HBL,J.F. Securites (PVT) Ltd.,Naasa Securities Co. Ltd.,10,200.7,2007.0,2025-09-08 11:14:20.253049
2025-09-08,57874,2025090801000682,HBL,J.F. Securites (PVT) Ltd.,Imperial Securities Company Pvt. Ltd.,10,200.7,2007.0,2025-09-08 11:14:20.253469
2025-09-08,57873,2025090801000683,HBL,J.F. Securites (PVT) Ltd.,Imperial Securities Company Pvt. Ltd.,10,201.0,2010.0,2025-09-08 11:14:20.253765
2025-09-08,57870,2025090801000684,HBL,Investment Management Nepal Pvt. Ltd.,Naasa Securities Co. Ltd.,10,200.6,2006.0,2025-09-08 11:14:22.065929
2025-09-08,57845,2025090801000700,HBL,Investment Management Nepal Pvt. Ltd.,Himalayan Brokerage Company Limited,10,200.6,2006.0,2025-09-08 11:14:30.518224
2025-09-08,57842,2025090801000702,HBL,Investment Management Nepal Pvt. Ltd.,Midas Stock Broking Company Private Limited,10,200.6,2006.0,2025-09-08 11:14:33.488978
2025-09-08,57831,2025090801000708,HBL,Investment Management Nepal Pvt. Ltd.,Naasa Securities Co. Ltd.,10,200.6,2006.0,2025-09-08 11:14:40.367239
2025-09-08,57827,2025090801000711,HBL,Investment Management Nepal Pvt. Ltd.,Bhrikuti Stock Broking Co. Pvt. Ltd.,10,200.6,2006.0,2025-09-08 11:14:42.703912
2025-09-08,57820,2025090801000714,HBL,Primo Securities (PVT) Ltd.,Imperial Securities Company Pvt. Ltd.,10,200.7,2007.0,2025-09-08 11:14:46.315169
2025-09-08,57819,2025090801000715,HBL,Investment Management Nepal Pvt. Ltd.,J.F. Securites (PVT) Ltd.,10,200.6,2006.0,2025-09-08 11:14:47.803191
2025-09-08,57815,2025090801000716,HBL,Investment Management Nepal Pvt. Ltd.,Naasa Securities Co. Ltd.,10,200.6,2006.0,2025-09-08 11:14:50.460012
2025-09-08,57796,2025090801000722,HBL,Investment Management Nepal Pvt. Ltd.,Naasa Securities Co. Ltd.,10,200.6,2006.0,2025-09-08 11:15:00.505992
2025-09-08,57746,2025090801000730,HBL,Hatemalo Financial Services Private Limited,Imperial Securities Company Pvt. Ltd.,10,200.7,2007.0,2025-09-08 11:15:16.055633
2025-09-08,57744,2025090801000731,HBL,Hatemalo Financial Services Private Limited,Secured Securities Ltd.,10,200.7,2007.0,2025-09-08 11:15:17.609813
2025-09-08,57716,2025090801000735,HBL,Hatemalo Financial Services Private Limited,Naasa Securities Co. Ltd.,10,200.7,2007.0,2025-09-08 11:15:25.045654
2025-09-08,57715,2025090801000736,HBL,Hatemalo Financial Services Private Limited,Sri Hari Securities Pvt. Ltd.,10,200.7,2007.0,2025-09-08 11:15:25.759628
2025-09-08,57697,2025090801000740,HBL,Hatemalo Financial Services Private Limited,Dynamic Money Managers Securities Pvt. Ltd.,10,200.7,2007.0,2025-09-08 11:15:33.468236
2025-09-08,57691,2025090801000746,HBL,Hatemalo Financial Services Private Limited,Sani Securities Company Ltd.,10,200.7,2007.0,2025-09-08 11:15:34.745278
2025-09-08,57689,2025090801000747,HBL,Hatemalo Financial Services Private Limited,Naasa Securities Co. Ltd.,10,200.7,2007.0,2025-09-08 11:15:35.229267
2025-09-08,57686,2025090801000748,HBL,Hatemalo Financial Services Private Limited,Dipshikha Dhitopatra Karobar Co. Pvt Ltd.,10,200.7,2007.0,2025-09-08 11:15:35.916541
2025-09-08,57681,2025090801000751,HBL,Hatemalo Financial Services Private Limited,Secured Securities Ltd.,10,200.7,2007.0,2025-09-08 11:15:37.871341
2025-09-08,57678,2025090801000753,HBL,Hatemalo Financial Services Private Limited,Kohinoor Investment & Securities Pvt. Ltd.,10,200.7,2007.0,2025-09-08 11:15:40.205576
2025-09-08,57677,2025090801000754,HBL,Hatemalo Financial Services Private Limited,Bhrikuti Stock Broking Co. Pvt. Ltd.,10,200.7,2007.0,2025-09-08 11:15:43.055645
2025-09-08,57659,2025090801000756,HBL,Hatemalo Financial Services Private Limited,Dipshikha Dhitopatra Karobar Co. Pvt Ltd.,10,200.7,2007.0,2025-09-08 11:15:48.444714
2025-09-08,57643,2025090801000764,HBL,Hatemalo Financial Services Private Limited,Bhrikuti Stock Broking Co. Pvt. Ltd.,10,200.7,2007.0,2025-09-08 11:15:55.580392
2025-09-08,57629,2025090801000770,HBL,Hatemalo Financial Services Private Limited,Vision Securities Pvt. Ltd,10,200.7,2007.0,2025-09-08 11:16:04.448494
2025-09-08,57623,2025090801000771,HBL,Hatemalo Financial Services Private Limited,Imperial Securities Company Pvt. Ltd.,10,200.7,2007.0,2025-09-08 11:16:06.266280
2025-09-08,57613,2025090801000774,HBL,Hatemalo Financial Services Private Limited,Bhrikuti Stock Broking Co. Pvt. Ltd.,10,200.7,2007.0,2025-09-08 11:16:10.643544
2025-09-08,57606,2025090801000778,HBL,Hatemalo Financial Services Private Limited,Sani Securities Company Ltd.,10,200.7,2007.0,2025-09-08 11:16:14.871238
2025-09-08,57600,2025090801000781,HBL,Hatemalo Financial Services Private Limited,Opal Securities Investment (PVT) Ltd.,10,200.7,2007.0,2025-09-08 11:16:18.360360
2025-09-08,57597,2025090801000783,HBL,Hatemalo Financial Services Private Limited,Sani Securities Company Ltd.,10,200.7,2007.0,2025-09-08 11:16:22.425189
2025-09-08,57590,2025090801000784,HBL,Hatemalo Financial Services Private Limited,Naasa Securities Co. Ltd.,10,200.7,2007.0,2025-09-08 11:16:23.538044
2025-09-08,57562,2025090801000794,HBL,Oxford Securities Pvt. Ltd.,Capital Max Securities Ltd,10,200.7,2007.0,2025-09-08 11:16:33.618803
2025-09-08,57561,2025090801000795,HBL,Oxford Securities Pvt. Ltd.,Naasa Securities Co. Ltd.,10,200.7,2007.0,2025-09-08 11:16:33.619056
2025-09-08,57560,2025090801000796,HBL,Oxford Securities Pvt. Ltd.,Sani Securities Company Ltd.,10,200.7,2007.0,2025-09-08 11:16:33.619181
2025-09-08,57559,2025090801000797,HBL,Oxford Securities Pvt. Ltd.,Naasa Securities Co. Ltd.,10,200.7,2007.0,2025-09-08 11:16:33.619288
2025-09-08,57558,2025090801000798,HBL,Oxford Securities Pvt. Ltd.,Bhrikuti Stock Broking Co. Pvt. Ltd.,10,200.7,2007.0,2025-09-08 11:16:33.619404
2025-09-08,57557,2025090801000799,HBL,Oxford Securities Pvt. Ltd.,Online Securities Pvt. Ltd.,10,201.0,2010.0,2025-09-08 11:16:33.619516
2025-09-08,57556,2025090801000800,HBL,Oxford Securities Pvt. Ltd.,Naasa Securities Co. Ltd.,10,201.0,2010.0,2025-09-08 11:16:33.619622
2025-09-08,57539,2025090801000805,HBL,Investment Management Nepal Pvt. Ltd.,Bhrikuti Stock Broking Co. Pvt. Ltd.,10,200.6,2006.0,2025-09-08 11:16:43.202644
2025-09-08,57538,2025090801000806,HBL,Investment Management Nepal Pvt. Ltd.,Shree Krishna Securities Ltd.,10,200.6,2006.0,2025-09-08 11:16:43.586410
2025-09-08,57528,2025090801000811,HBL,Investment Management Nepal Pvt. Ltd.,Himalayan Brokerage Company Limited,10,200.6,2006.0,2025-09-08 11:16:47.297370
2025-09-08,57507,2025090801000816,HBL,Investment Management Nepal Pvt. Ltd.,Naasa Securities Co. Ltd.,10,200.6,2006.0,2025-09-08 11:16:51.483211
2025-09-08,57505,2025090801000817,HBL,Investment Management Nepal Pvt. Ltd.,Dipshikha Dhitopatra Karobar Co. Pvt Ltd.,10,200.6,2006.0,2025-09-08 11:17:01.174428
2025-09-08,57504,2025090801000818,HBL,Investment Management Nepal Pvt. Ltd.,Naasa Securities Co. Ltd.,10,200.6,2006.0,2025-09-08 11:17:01.734019
2025-09-08,57502,2025090801000820,HBL,Investment Management Nepal Pvt. Ltd.,Neev Securities Pvt. Ltd.,10,200.6,2006.0,2025-09-08 11:17:02.539463
2025-09-08,57500,2025090801000821,HBL,Investment Management Nepal Pvt. Ltd.,Online Securities Pvt. Ltd.,10,200.6,2006.0,2025-09-08 11:17:02.966092
2025-09-08,57488,2025090801000826,HBL,Investment Management Nepal Pvt. Ltd.,Sewa Securities Pvt. Ltd.,10,200.6,2006.0,2025-09-08 11:17:07.515344
2025-09-08,57485,2025090801000827,HBL,Investment Management Nepal Pvt. Ltd.,Imperial Securities Company Pvt. Ltd.,10,200.6,2006.0,2025-09-08 11:17:09.002833
2025-09-08,57475,2025090801000830,HBL,J.F. Securites (PVT) Ltd.,Trishakti Securities Public Limited,10,200.7,2007.0,2025-09-08 11:17:13.133151
2025-09-08,57474,2025090801000831,HBL,J.F. Securites (PVT) Ltd.,Aryatara Investment & Securities,10,200.7,2007.0,2025-09-08 11:17:13.133385
2025-09-08,57473,2025090801000832,HBL,J.F. Securites (PVT) Ltd.,Sri Hari Securities Pvt. Ltd.,10,200.7,2007.0,2025-09-08 11:17:13.729885
2025-09-08,57456,2025090801000835,HBL,J.F. Securites (PVT) Ltd.,Vision Securities Pvt. Ltd,10,200.7,2007.0,2025-09-08 11:17:19.820468
2025-09-08,57452,2025090801000836,HBL,J.F. Securites (PVT) Ltd.,Dynamic Money Managers Securities Pvt. Ltd.,10,200.7,2007.0,2025-09-08 11:17:22.583102
2025-09-08,57450,2025090801000837,HBL,J.F. Securites (PVT) Ltd.,Roadshow securities limited,10,200.7,2007.0,2025-09-08 11:17:24.069750
2025-09-08,57443,2025090801000838,HBL,J.F. Securites (PVT) Ltd.,Bhrikuti Stock Broking Co. Pvt. Ltd.,10,200.7,2007.0,2025-09-08 11:17:25.883789
2025-09-08,57441,2025090801000839,HBL,J.F. Securites (PVT) Ltd.,Himalayan Brokerage Company Limited,10,200.7,2007.0,2025-09-08 11:17:27.216403
2025-09-08,57440,2025090801000840,HBL,J.F. Securites (PVT) Ltd.,Trisul Securities & Invt. Ltd.,10,200.7,2007.0,2025-09-08 11:17:27.458510
2025-09-08,57427,2025090801000842,HBL,J.F. Securites (PVT) Ltd.,Naasa Securities Co. Ltd.,10,200.7,2007.0,2025-09-08 11:17:28.836337
2025-09-08,57417,2025090801000845,HBL,J.F. Securites (PVT) Ltd.,Dipshikha Dhitopatra Karobar Co. Pvt Ltd.,10,200.7,2007.0,2025-09-08 11:17:31.265405
2025-09-08,57416,2025090801000846,HBL,J.F. Securites (PVT) Ltd.,Naasa Securities Co. Ltd.,10,200.7,2007.0,2025-09-08 11:17:31.571552
2025-09-08,57414,2025090801000848,HBL,J.F. Securites (PVT) Ltd.,Primo Securities (PVT) Ltd.,10,200.7,2007.0,2025-09-08 11:17:31.578728
2025-09-08,57410,2025090801000849,HBL,J.F. Securites (PVT) Ltd.,Secured Securities Ltd.,10,200.7,2007.0,2025-09-08 11:17:33.567969
2025-09-08,57401,2025090801000851,HBL,J.F. Securites (PVT) Ltd.,Dipshikha Dhitopatra Karobar Co. Pvt Ltd.,10,200.7,2007.0,2025-09-08 11:17:38.813186
2025-09-08,57391,2025090801000855,HBL,J.F. Securites (PVT) Ltd.,Naasa Securities Co. Ltd.,10,200.7,2007.0,2025-09-08 11:17:43.873195
2025-09-08,57385,2025090801000856,HBL,J.F. Securites (PVT) Ltd.,Sumeru Securities Pvt. Ltd.,10,200.7,2007.0,2025-09-08 11:17:47.226839
2025-09-08,57373,2025090801000860,HBL,J.F. Securites (PVT) Ltd.,Dipshikha Dhitopatra Karobar Co. Pvt Ltd.,10,200.7,2007.0,2025-09-08 11:17:53.923213
2025-09-08,57370,2025090801000862,HBL,J.F. Securites (PVT) Ltd.,Sani Securities Company Ltd.,10,200.7,2007.0,2025-09-08 11:17:55.227976
2025-09-08,57365,2025090801000863,HBL,J.F. Securites (PVT) Ltd.,Naasa Securities Co. Ltd.,10,200.7,2007.0,2025-09-08 11:17:56.450888
2025-09-08,57363,2025090801000865,HBL,J.F. Securites (PVT) Ltd.,Online Securities Pvt. Ltd.,10,200.7,2007.0,2025-09-08 11:17:58.154374
2025-09-08,57360,2025090801000866,HBL,J.F. Securites (PVT) Ltd.,Naasa Securities Co. Ltd.,10,200.7,2007.0,2025-09-08 11:17:58.960339
2025-09-08,57350,2025090801000868,HBL,Capital Max Securities Ltd,Himalayan Brokerage Company Limited,10,200.7,2007.0,2025-09-08 11:18:01.518095
2025-09-08,57349,2025090801000869,HBL,Capital Max Securities Ltd,Opal Securities Investment (PVT) Ltd.,10,200.7,2007.0,2025-09-08 11:18:01.587544
2025-09-08,57341,2025090801000874,HBL,Capital Max Securities Ltd,Online Securities Pvt. Ltd.,10,200.7,2007.0,2025-09-08 11:18:03.173853
2025-09-08,57337,2025090801000875,HBL,Capital Max Securities Ltd,Shree Krishna Securities Ltd.,10,200.7,2007.0,2025-09-08 11:18:06.270539
2025-09-08,57336,2025090801000876,HBL,Asian Securities Private Ltd.,Naasa Securities Co. Ltd.,10,200.7,2007.0,2025-09-08 11:18:06.510058
2025-09-08,57333,2025090801000877,HBL,Kohinoor Investment & Securities Pvt. Ltd.,Sundhara Securities Limited,10,200.7,2007.0,2025-09-08 11:18:07.714659
2025-09-08,57324,2025090801000878,HBL,Kohinoor Investment & Securities Pvt. Ltd.,Himalayan Brokerage Company Limited,10,200.7,2007.0,2025-09-08 11:18:11.151422
2025-09-08,57318,2025090801000880,HBL,Kohinoor Investment & Securities Pvt. Ltd.,Market Securities & Exchange (PVT) Ltd.,10,200.7,2007.0,2025-09-08 11:18:16.199313
2025-09-08,57306,2025090801000887,HBL,Kohinoor Investment & Securities Pvt. Ltd.,Sewa Securities Pvt. Ltd.,10,200.7,2007.0,2025-09-08 11:18:17.606359
2025-09-08,57302,2025090801000891,HBL,Kohinoor Investment & Securities Pvt. Ltd.,Dipshikha Dhitopatra Karobar Co. Pvt Ltd.,10,200.7,2007.0,2025-09-08 11:18:18.986519
2025-09-08,57296,2025090801000893,HBL,Kohinoor Investment & Securities Pvt. Ltd.,Naasa Securities Co. Ltd.,10,200.7,2007.0,2025-09-08 11:18:21.065529
2025-09-08,57276,2025090801000895,HBL,Kohinoor Investment & Securities Pvt. Ltd.,Sweta Securities Private Limited,10,200.7,2007.0,2025-09-08 11:18:25.019162
2025-09-08,57271,2025090801000897,HBL,Kohinoor Investment & Securities Pvt. Ltd.,Naasa Securities Co. Ltd.,10,200.7,2007.0,2025-09-08 11:18:26.442163
2025-09-08,57270,2025090801000898,HBL,Capital Max Securities Ltd,Deevyaa Securities & Stock House Pvt. Ltd,10,201.0,2010.0,2025-09-08 11:18:26.593190
2025-09-08,57269,2025090801000899,HBL,Capital Max Securities Ltd,Online Securities Pvt. Ltd.,10,201.0,2010.0,2025-09-08 11:18:26.593482
2025-09-08,57268,2025090801000900,HBL,Capital Max Securities Ltd,Naasa Securities Co. Ltd.,10,201.0,2010.0,2025-09-08 11:18:26.593673
2025-09-08,57267,2025090801000901,HBL,Capital Max Securities Ltd,Naasa Securities Co. Ltd.,10,201.0,2010.0,2025-09-08 11:18:26.593826
2025-09-08,57266,2025090801000902,HBL,Capital Max Securities Ltd,Online Securities Pvt. Ltd.,10,201.0,2010.0,2025-09-08 11:18:26.593964
2025-09-08,57265,2025090801000903,HBL,Capital Max Securities Ltd,Dipshikha Dhitopatra Karobar Co. Pvt Ltd.,10,201.0,2010.0,2025-09-08 11:18:26.594117
2025-09-08,57264,2025090801000904,HBL,Capital Max Securities Ltd,Cristal Kanchanjanga Securites Pvt. Ltd.,10,201.0,2010.0,2025-09-08 11:18:26.594272
2025-09-08,57263,2025090801000905,HBL,Capital Max Securities Ltd,Sweta Securities Private Limited,10,201.0,2010.0,2025-09-08 11:18:26.594410
2025-09-08,57262,2025090801000906,HBL,Capital Max Securities Ltd,Online Securities Pvt. Ltd.,10,201.0,2010.0,2025-09-08 11:18:26.594549
2025-09-08,57261,2025090801000907,HBL,Capital Max Securities Ltd,Naasa Securities Co. Ltd.,10,201.0,2010.0,2025-09-08 11:18:26.594684
2025-09-08,57260,2025090801000908,HBL,Capital Max Securities Ltd,Secured Securities Ltd.,10,201.2,2012.0,2025-09-08 11:18:26.594822
2025-09-08,57255,2025090801000909,HBL,Capital Max Securities Ltd,Naasa Securities Co. Ltd.,10,201.7,2017.0,2025-09-08 11:18:28.723660
2025-09-08,57245,2025090801000911,HBL,Capital Max Securities Ltd,Kohinoor Investment & Securities Pvt. Ltd.,10,201.7,2017.0,2025-09-08 11:18:33.050678
2025-09-08,57234,2025090801000916,HBL,Capital Max Securities Ltd,Imperial Securities Company Pvt. Ltd.,10,201.7,2017.0,2025-09-08 11:18:36.822991
2025-09-08,57219,2025090801000923,HBL,Capital Max Securities Ltd,Himalayan Brokerage Company Limited,10,201.7,2017.0,2025-09-08 11:18:42.951893
2025-09-08,57201,2025090801000934,HBL,Capital Max Securities Ltd,Linch Stock Market Ltd.,10,201.7,2017.0,2025-09-08 11:18:46.284180
2025-09-08,57170,2025090801000942,HBL,Capital Max Securities Ltd,Secured Securities Ltd.,10,201.7,2017.0,2025-09-08 11:18:54.150392
2025-09-08,57169,2025090801000943,HBL,Capital Max Securities Ltd,Sri Hari Securities Pvt. Ltd.,10,201.7,2017.0,2025-09-08 11:18:54.630567
2025-09-08,57162,2025090801000945,HBL,Capital Max Securities Ltd,Sanima Securities Limited,10,201.7,2017.0,2025-09-08 11:18:55.610204
2025-09-08,57149,2025090801000950,HBL,Capital Max Securities Ltd,Imperial Securities Company Pvt. Ltd.,10,201.7,2017.0,2025-09-08 11:19:01.913987
2025-09-08,57118,2025090801000951,HBL,Capital Max Securities Ltd,Naasa Securities Co. Ltd.,10,201.7,2017.0,2025-09-08 11:19:06.800887
2025-09-08,57117,2025090801000952,HBL,Capital Max Securities Ltd,Imperial Securities Company Pvt. Ltd.,10,201.7,2017.0,2025-09-08 11:19:06.974959
2025-09-08,57110,2025090801000956,HBL,Capital Max Securities Ltd,Naasa Securities Co. Ltd.,10,201.7,2017.0,2025-09-08 11:19:08.404515
2025-09-08,57107,2025090801000959,HBL,Capital Max Securities Ltd,Opal Securities Investment (PVT) Ltd.,10,201.7,2017.0,2025-09-08 11:19:09.434090
2025-09-08,57105,2025090801000961,HBL,Capital Max Securities Ltd,Sani Securities Company Ltd.,10,201.7,2017.0,2025-09-08 11:19:10.580085
2025-09-08,57103,2025090801000962,HBL,Capital Max Securities Ltd,Sri Hari Securities Pvt. Ltd.,10,201.7,2017.0,2025-09-08 11:19:12.268510
2025-09-08,57096,2025090801000967,HBL,Capital Max Securities Ltd,Kumari Securities Private Limited,10,201.7,2017.0,2025-09-08 11:19:14.743054
2025-09-08,57094,2025090801000969,HBL,Capital Max Securities Ltd,Kohinoor Investment & Securities Pvt. Ltd.,10,201.7,2017.0,2025-09-08 11:19:15.659233
2025-09-08,57091,2025090801000971,HBL,Capital Max Securities Ltd,Himalayan Brokerage Company Limited,10,201.7,2017.0,2025-09-08 11:19:16.756251
2025-09-08,57087,2025090801000972,HBL,Capital Max Securities Ltd,Sani Securities Company Ltd.,10,201.7,2017.0,2025-09-08 11:19:18.102906
2025-09-08,57069,2025090801000981,HBL,Capital Max Securities Ltd,Online Securities Pvt. Ltd.,10,201.7,2017.0,2025-09-08 11:19:25.935937
2025-09-08,57068,2025090801000982,HBL,Capital Max Securities Ltd,Online Securities Pvt. Ltd.,10,201.7,2017.0,2025-09-08 11:19:25.937583
2025-09-08,57064,2025090801000983,HBL,Capital Max Securities Ltd,Naasa Securities Co. Ltd.,10,201.7,2017.0,2025-09-08 11:19:27.268840
2025-09-08,57044,2025090801000991,HBL,Capital Max Securities Ltd,Vision Securities Pvt. Ltd,10,201.7,2017.0,2025-09-08 11:19:32.891414
2025-09-08,57042,2025090801000992,HBL,Capital Max Securities Ltd,Online Securities Pvt. Ltd.,10,201.7,2017.0,2025-09-08 11:19:33.457239
2025-09-08,57035,2025090801000994,HBL,Capital Max Securities Ltd,Naasa Securities Co. Ltd.,10,201.7,2017.0,2025-09-08 11:19:34.401718
2025-09-08,57031,2025090801000996,HBL,Capital Max Securities Ltd,Kohinoor Investment & Securities Pvt. Ltd.,10,201.7,2017.0,2025-09-08 11:19:35.695030
2025-09-08,57028,2025090801000998,HBL,Capital Max Securities Ltd,Himalayan Brokerage Company Limited,10,201.7,2017.0,2025-09-08 11:19:37.059925
2025-09-08,57012,2025090801001006,HBL,Capital Max Securities Ltd,J.F. Securites (PVT) Ltd.,10,201.7,2017.0,2025-09-08 11:19:43.441245
2025-09-08,57007,2025090801001008,HBL,Capital Max Securities Ltd,Imperial Securities Company Pvt. Ltd.,10,201.7,2017.0,2025-09-08 11:19:47.291202
2025-09-08,57002,2025090801001011,HBL,Capital Max Securities Ltd,Naasa Securities Co. Ltd.,10,201.7,2017.0,2025-09-08 11:19:50.613318
2025-09-08,57001,2025090801001012,HBL,Capital Max Securities Ltd,Premier Securities Company Ltd.,10,201.7,2017.0,2025-09-08 11:19:51.080864
2025-09-08,56997,2025090801001015,HBL,Capital Max Securities Ltd,Naasa Securities Co. Ltd.,10,201.7,2017.0,2025-09-08 11:19:51.859428
2025-09-08,56986,2025090801001019,HBL,Capital Max Securities Ltd,Himalayan Brokerage Company Limited,10,201.7,2017.0,2025-09-08 11:19:54.839135
2025-09-08,56974,2025090801001021,HBL,Capital Max Securities Ltd,Online Securities Pvt. Ltd.,10,201.7,2017.0,2025-09-08 11:19:58.573278
2025-09-08,56970,2025090801001022,HBL,Capital Max Securities Ltd,Primo Securities (PVT) Ltd.,10,201.7,2017.0,2025-09-08 11:20:01.773374
2025-09-08,56969,2025090801001023,HBL,Capital Max Securities Ltd,Dipshikha Dhitopatra Karobar Co. Pvt Ltd.,10,201.7,2017.0,2025-09-08 11:20:01.973068
2025-09-08,56955,2025090801001025,HBL,Capital Max Securities Ltd,Dynamic Money Managers Securities Pvt. Ltd.,10,201.7,2017.0,2025-09-08 11:20:06.113475
2025-09-08,56912,2025090801001030,HBL,Sipla Securities Private Limited,Naasa Securities Co. Ltd.,10,201.0,2010.0,2025-09-08 11:20:19.600091
2025-09-08,56909,2025090801001031,HBL,Sipla Securities Private Limited,Nabil Stock Dealer Ltd.,10,201.0,2010.0,2025-09-08 11:20:23.015238
2025-09-08,56880,2025090801001034,HBL,Sipla Securities Private Limited,Himalayan Brokerage Company Limited,10,201.0,2010.0,2025-09-08 11:20:34.499719
2025-09-08,56879,2025090801001035,HBL,Sipla Securities Private Limited,Agrawal Securities (PVT) Ltd.,10,201.0,2010.0,2025-09-08 11:20:34.611736
2025-09-08,56876,2025090801001036,HBL,Sipla Securities Private Limited,Sundhara Securities Limited,10,201.0,2010.0,2025-09-08 11:20:35.471319
2025-09-08,56875,2025090801001037,HBL,Sipla Securities Private Limited,Kohinoor Investment & Securities Pvt. Ltd.,10,201.0,2010.0,2025-09-08 11:20:35.831604
2025-09-08,56873,2025090801001038,HBL,Sipla Securities Private Limited,Online Securities Pvt. Ltd.,10,201.0,2010.0,2025-09-08 11:20:36.172549
2025-09-08,56868,2025090801001039,HBL,Sipla Securities Private Limited,Dipshikha Dhitopatra Karobar Co. Pvt Ltd.,10,201.0,2010.0,2025-09-08 11:20:37.116157
2025-09-08,56867,2025090801001040,HBL,Sipla Securities Private Limited,Sri Hari Securities Pvt. Ltd.,10,201.0,2010.0,2025-09-08 11:20:37.701109
2025-09-08,56866,2025090801001041,HBL,Sipla Securities Private Limited,Sundhara Securities Limited,10,201.0,2010.0,2025-09-08 11:20:37.979768
2025-09-08,56862,2025090801001042,HBL,Sipla Securities Private Limited,Vision Securities Pvt. Ltd,10,201.0,2010.0,2025-09-08 11:20:40.637146
2025-09-08,56853,2025090801001044,HBL,Sipla Securities Private Limited,Imperial Securities Company Pvt. Ltd.,10,201.0,2010.0,2025-09-08 11:20:45.012765
2025-09-08,56850,2025090801001045,HBL,Sipla Securities Private Limited,Global IME Securities Limited,10,201.0,2010.0,2025-09-08 11:20:45.828974
2025-09-08,56845,2025090801001047,HBL,Sipla Securities Private Limited,Online Securities Pvt. Ltd.,10,201.0,2010.0,2025-09-08 11:20:48.710148
2025-09-08,56821,2025090801001049,HBL,Sipla Securities Private Limited,Naasa Securities Co. Ltd.,10,201.0,2010.0,2025-09-08 11:20:51.964475
2025-09-08,56816,2025090801001050,HBL,Sipla Securities Private Limited,Sani Securities Company Ltd.,10,201.0,2010.0,2025-09-08 11:20:53.519647
2025-09-08,56787,2025090801001071,HBL,Sipla Securities Private Limited,Naasa Securities Co. Ltd.,10,201.0,2010.0,2025-09-08 11:21:01.826555
2025-09-08,56783,2025090801001074,HBL,Sipla Securities Private Limited,Sani Securities Company Ltd.,10,201.0,2010.0,2025-09-08 11:21:03.540489
2025-09-08,56780,2025090801001075,HBL,Sipla Securities Private Limited,Shree Krishna Securities Ltd.,10,201.0,2010.0,2025-09-08 11:21:04.613674
2025-09-08,56777,2025090801001076,HBL,Sipla Securities Private Limited,Sani Securities Company Ltd.,10,201.0,2010.0,2025-09-08 11:21:06.047176
2025-09-08,56758,2025090801001083,HBL,Kohinoor Investment & Securities Pvt. Ltd.,Naasa Securities Co. Ltd.,10,200.7,2007.0,2025-09-08 11:21:14.861415
2025-09-08,56723,2025090801001095,HBL,Midas Stock Broking Company Private Limited,Online Securities Pvt. Ltd.,10,200.7,2007.0,2025-09-08 11:21:23.878874
2025-09-08,56659,2025090801001125,HBL,Midas Stock Broking Company Private Limited,Imperial Securities Company Pvt. Ltd.,10,200.7,2007.0,2025-09-08 11:21:35.173284
2025-09-08,56655,2025090801001126,HBL,Midas Stock Broking Company Private Limited,Primo Securities (PVT) Ltd.,10,200.7,2007.0,2025-09-08 11:21:36.933722
2025-09-08,56644,2025090801001131,HBL,Midas Stock Broking Company Private Limited,Online Securities Pvt. Ltd.,10,200.7,2007.0,2025-09-08 11:21:39.026752
2025-09-08,56642,2025090801001132,HBL,Hatemalo Financial Services Private Limited,Dipshikha Dhitopatra Karobar Co. Pvt Ltd.,10,200.7,2007.0,2025-09-08 11:21:39.867961
2025-09-08,56624,2025090801001142,HBL,Hatemalo Financial Services Private Limited,Sri Hari Securities Pvt. Ltd.,10,200.7,2007.0,2025-09-08 11:21:40.654388
2025-09-08,56612,2025090801001152,HBL,Global IME Securities Limited,Sweta Securities Private Limited,10,201.0,2010.0,2025-09-08 11:21:43.396803
2025-09-08,56611,2025090801001153,HBL,Global IME Securities Limited,Naasa Securities Co. Ltd.,10,201.0,2010.0,2025-09-08 11:21:43.397361
2025-09-08,56604,2025090801001158,HBL,Hatemalo Financial Services Private Limited,Vision Securities Pvt. Ltd,10,200.7,2007.0,2025-09-08 11:21:46.524920
2025-09-08,56602,2025090801001159,HBL,Hatemalo Financial Services Private Limited,Primo Securities (PVT) Ltd.,10,200.7,2007.0,2025-09-08 11:21:46.949572
2025-09-08,56595,2025090801001160,HBL,Hatemalo Financial Services Private Limited,Naasa Securities Co. Ltd.,10,200.7,2007.0,2025-09-08 11:21:47.393463
2025-09-08,56593,2025090801001161,HBL,Hatemalo Financial Services Private Limited,Online Securities Pvt. Ltd.,10,200.7,2007.0,2025-09-08 11:21:49.021458
2025-09-08,56567,2025090801001166,HBL,Hatemalo Financial Services Private Limited,Kohinoor Investment & Securities Pvt. Ltd.,10,200.7,2007.0,2025-09-08 11:21:54.421536
2025-09-08,56566,2025090801001167,HBL,Hatemalo Financial Services Private Limited,Imperial Securities Company Pvt. Ltd.,10,200.7,2007.0,2025-09-08 11:21:55.245578
2025-09-08,56557,2025090801001169,HBL,Hatemalo Financial Services Private Limited,Primo Securities (PVT) Ltd.,10,200.7,2007.0,2025-09-08 11:21:59.474556
2025-09-08,56554,2025090801001172,HBL,Hatemalo Financial Services Private Limited,Sani Securities Company Ltd.,10,200.7,2007.0,2025-09-08 11:22:01.288170
2025-09-08,56549,2025090801001173,HBL,Hatemalo Financial Services Private Limited,Naasa Securities Co. Ltd.,10,200.7,2007.0,2025-09-08 11:22:02.597147
2025-09-08,56533,2025090801001182,HBL,Hatemalo Financial Services Private Limited,Online Securities Pvt. Ltd.,10,200.7,2007.0,2025-09-08 11:22:04.059368
2025-09-08,56522,2025090801001185,HBL,Hatemalo Financial Services Private Limited,Imperial Securities Company Pvt. Ltd.,10,200.7,2007.0,2025-09-08 11:22:10.305884
2025-09-08,56515,2025090801001186,HBL,Hatemalo Financial Services Private Limited,Naasa Securities Co. Ltd.,10,200.7,2007.0,2025-09-08 11:22:12.647712
2025-09-08,56510,2025090801001187,HBL,Hatemalo Financial Services Private Limited,Linch Stock Market Ltd.,10,200.7,2007.0,2025-09-08 11:22:14.649891
2025-09-08,56509,2025090801001188,HBL,Hatemalo Financial Services Private Limited,Opal Securities Investment (PVT) Ltd.,10,200.7,2007.0,2025-09-08 11:22:15.240849
2025-09-08,56507,2025090801001189,HBL,Hatemalo Financial Services Private Limited,Dynamic Money Managers Securities Pvt. Ltd.,10,200.7,2007.0,2025-09-08 11:22:15.365508
2025-09-08,56502,2025090801001192,HBL,Hatemalo Financial Services Private Limited,Imperial Securities Company Pvt. Ltd.,10,200.7,2007.0,2025-09-08 11:22:17.835986
2025-09-08,56481,2025090801001196,HBL,Hatemalo Financial Services Private Limited,Primo Securities (PVT) Ltd.,10,200.7,2007.0,2025-09-08 11:22:22.002036
2025-09-08,56464,2025090801001200,HBL,Hatemalo Financial Services Private Limited,J.F. Securites (PVT) Ltd.,10,200.7,2007.0,2025-09-08 11:22:23.725567
2025-09-08,56461,2025090801001201,HBL,Investment Management Nepal Pvt. Ltd.,Naasa Securities Co. Ltd.,10,200.6,2006.0,2025-09-08 11:22:24.411821
2025-09-08,56424,2025090801001212,HBL,Investment Management Nepal Pvt. Ltd.,Naasa Securities Co. Ltd.,10,200.6,2006.0,2025-09-08 11:22:33.041224
2025-09-08,56405,2025090801001218,HBL,Investment Management Nepal Pvt. Ltd.,Linch Stock Market Ltd.,10,200.6,2006.0,2025-09-08 11:22:34.752999
2025-09-08,56371,2025090801001221,HBL,Investment Management Nepal Pvt. Ltd.,Kohinoor Investment & Securities Pvt. Ltd.,10,200.6,2006.0,2025-09-08 11:22:44.603088
2025-09-08,56360,2025090801001228,HBL,Investment Management Nepal Pvt. Ltd.,Primo Securities (PVT) Ltd.,10,200.6,2006.0,2025-09-08 11:22:47.025220
2025-09-08,56346,2025090801001231,HBL,Investment Management Nepal Pvt. Ltd.,Indira securities pvt. ltd,10,200.6,2006.0,2025-09-08 11:22:51.280041
2025-09-08,56339,2025090801001234,HBL,S.P.S.A. Securities Limited,Naasa Securities Co. Ltd.,10,200.7,2007.0,2025-09-08 11:22:54.654288
2025-09-08,56338,2025090801001235,HBL,S.P.S.A. Securities Limited,Himalayan Brokerage Company Limited,10,200.7,2007.0,2025-09-08 11:22:54.654940
2025-09-08,56337,2025090801001236,HBL,S.P.S.A. Securities Limited,ABC Securities Private Limited,10,200.7,2007.0,2025-09-08 11:22:54.655721
2025-09-08,56265,2025090801001253,HBL,Investment Management Nepal Pvt. Ltd.,Neev Securities Pvt. Ltd.,10,200.6,2006.0,2025-09-08 11:23:08.309478
2025-09-08,56263,2025090801001254,HBL,Investment Management Nepal Pvt. Ltd.,Nepal Stock House (PVT) Ltd.,10,200.6,2006.0,2025-09-08 11:23:08.343083
2025-09-08,56251,2025090801001256,HBL,Investment Management Nepal Pvt. Ltd.,Nepal Investment And Securities Trading Private Limited,10,200.6,2006.0,2025-09-08 11:23:09.977279
2025-09-08,56214,2025090801001269,HBL,Investment Management Nepal Pvt. Ltd.,Sri Hari Securities Pvt. Ltd.,10,200.6,2006.0,2025-09-08 11:23:18.779840
2025-09-08,56208,2025090801001274,HBL,Investment Management Nepal Pvt. Ltd.,Dipshikha Dhitopatra Karobar Co. Pvt Ltd.,10,200.6,2006.0,2025-09-08 11:23:22.763134
2025-09-08,56201,2025090801001276,HBL,Investment Management Nepal Pvt. Ltd.,Sewa Securities Pvt. Ltd.,10,200.6,2006.0,2025-09-08 11:23:23.433071
2025-09-08,56197,2025090801001277,HBL,Investment Management Nepal Pvt. Ltd.,Sri Hari Securities Pvt. Ltd.,10,200.6,2006.0,2025-09-08 11:23:23.789537
2025-09-08,56195,2025090801001278,HBL,Investment Management Nepal Pvt. Ltd.,Premier Securities Company Ltd.,10,200.6,2006.0,2025-09-08 11:23:24.171096
2025-09-08,56180,2025090801001279,HBL,Investment Management Nepal Pvt. Ltd.,Naasa Securities Co. Ltd.,10,200.6,2006.0,2025-09-08 11:23:24.646144
2025-09-08,56175,2025090801001283,HBL,Investment Management Nepal Pvt. Ltd.,Online Securities Pvt. Ltd.,10,200.6,2006.0,2025-09-08 11:23:26.882943
2025-09-08,56155,2025090801001292,HBL,Investment Management Nepal Pvt. Ltd.,Naasa Securities Co. Ltd.,10,200.6,2006.0,2025-09-08 11:23:31.460453
2025-09-08,56153,2025090801001293,HBL,Investment Management Nepal Pvt. Ltd.,Naasa Securities Co. Ltd.,10,200.6,2006.0,2025-09-08 11:23:33.007843
2025-09-08,56152,2025090801001294,HBL,Investment Management Nepal Pvt. Ltd.,Imperial Securities Company Pvt. Ltd.,10,200.6,2006.0,2025-09-08 11:23:33.172364
2025-09-08,56135,2025090801001298,HBL,Investment Management Nepal Pvt. Ltd.,Aryatara Investment & Securities,10,200.6,2006.0,2025-09-08 11:23:34.640274
2025-09-08,56134,2025090801001299,HBL,Investment Management Nepal Pvt. Ltd.,Opal Securities Investment (PVT) Ltd.,10,200.6,2006.0,2025-09-08 11:23:35.435938
2025-09-08,56126,2025090801001302,HBL,Investment Management Nepal Pvt. Ltd.,Imperial Securities Company Pvt. Ltd.,10,200.6,2006.0,2025-09-08 11:23:38.189750
2025-09-08,56116,2025090801001305,HBL,Investment Management Nepal Pvt. Ltd.,Kohinoor Investment & Securities Pvt. Ltd.,10,200.6,2006.0,2025-09-08 11:23:42.246019
2025-09-08,56100,2025090801001308,HBL,Investment Management Nepal Pvt. Ltd.,Naasa Securities Co. Ltd.,10,200.6,2006.0,2025-09-08 11:23:45.479051
2025-09-08,56078,2025090801001314,HBL,Investment Management Nepal Pvt. Ltd.,Premier Securities Company Ltd.,10,200.6,2006.0,2025-09-08 11:23:51.761172
2025-09-08,56069,2025090801001318,HBL,Investment Management Nepal Pvt. Ltd.,Naasa Securities Co. Ltd.,10,200.6,2006.0,2025-09-08 11:23:53.121385
2025-09-08,56060,2025090801001322,HBL,Investment Management Nepal Pvt. Ltd.,Hatemalo Financial Services Private Limited,10,200.6,2006.0,2025-09-08 11:23:55.111447
2025-09-08,56051,2025090801001323,HBL,Investment Management Nepal Pvt. Ltd.,Naasa Securities Co. Ltd.,10,200.6,2006.0,2025-09-08 11:23:59.122471
2025-09-08,56043,2025090801001324,HBL,Investment Management Nepal Pvt. Ltd.,Naasa Securities Co. Ltd.,10,200.6,2006.0,2025-09-08 11:23:59.784100
2025-09-08,56036,2025090801001326,HBL,Investment Management Nepal Pvt. Ltd.,Dipshikha Dhitopatra Karobar Co. Pvt Ltd.,10,200.6,2006.0,2025-09-08 11:24:00.454595
2025-09-08,56035,2025090801001327,HBL,Investment Management Nepal Pvt. Ltd.,Opal Securities Investment (PVT) Ltd.,10,200.6,2006.0,2025-09-08 11:24:00.500406
2025-09-08,56033,2025090801001329,HBL,Investment Management Nepal Pvt. Ltd.,Naasa Securities Co. Ltd.,10,200.6,2006.0,2025-09-08 11:24:00.678102
2025-09-08,56031,2025090801001330,HBL,Investment Management Nepal Pvt. Ltd.,Naasa Securities Co. Ltd.,10,200.6,2006.0,2025-09-08 11:24:00.691351
2025-09-08,56029,2025090801001331,HBL,Investment Management Nepal Pvt. Ltd.,Sundhara Securities Limited,10,200.6,2006.0,2025-09-08 11:24:00.882279
2025-09-08,56008,2025090801001335,HBL,Investment Management Nepal Pvt. Ltd.,Primo Securities (PVT) Ltd.,10,200.6,2006.0,2025-09-08 11:24:09.663800
2025-09-08,55991,2025090801001337,HBL,Investment Management Nepal Pvt. Ltd.,Dipshikha Dhitopatra Karobar Co. Pvt Ltd.,10,200.6,2006.0,2025-09-08 11:24:13.076008
2025-09-08,55986,2025090801001339,HBL,Investment Management Nepal Pvt. Ltd.,Kohinoor Investment & Securities Pvt. Ltd.,10,200.6,2006.0,2025-09-08 11:24:14.830002
2025-09-08,55972,2025090801001344,HBL,Investment Management Nepal Pvt. Ltd.,Sundhara Securities Limited,10,200.6,2006.0,2025-09-08 11:24:18.415188
2025-09-08,55968,2025090801001345,HBL,Investment Management Nepal Pvt. Ltd.,Sani Securities Company Ltd.,10,200.6,2006.0,2025-09-08 11:24:19.496430
2025-09-08,55966,2025090801001347,HBL,Agrawal Securities (PVT) Ltd.,Aryatara Investment & Securities,10,200.7,2007.0,2025-09-08 11:24:20.509600
2025-09-08,55965,2025090801001348,HBL,Agrawal Securities (PVT) Ltd.,Naasa Securities Co. Ltd.,10,200.7,2007.0,2025-09-08 11:24:20.509889
2025-09-08,55964,2025090801001349,HBL,Agrawal Securities (PVT) Ltd.,Dakshinkali Investment & Securities Pvt. Ltd.,10,200.7,2007.0,2025-09-08 11:24:20.510058
2025-09-08,55963,2025090801001350,HBL,Agrawal Securities (PVT) Ltd.,Online Securities Pvt. Ltd.,10,200.7,2007.0,2025-09-08 11:24:20.510230
2025-09-08,55962,2025090801001351,HBL,Agrawal Securities (PVT) Ltd.,Naasa Securities Co. Ltd.,10,200.7,2007.0,2025-09-08 11:24:20.510433
2025-09-08,55920,2025090801001365,HBL,Agrawal Securities (PVT) Ltd.,Online Securities Pvt. Ltd.,10,200.7,2007.0,2025-09-08 11:24:32.034597
2025-09-08,55910,2025090801001366,HBL,Agrawal Securities (PVT) Ltd.,Arun Securities (PVT) Ltd.,10,200.7,2007.0,2025-09-08 11:24:33.882478
2025-09-08,55904,2025090801001370,HBL,Agrawal Securities (PVT) Ltd.,Nepal Stock House (PVT) Ltd.,10,200.7,2007.0,2025-09-08 11:24:36.697579
2025-09-08,55903,2025090801001371,HBL,Agrawal Securities (PVT) Ltd.,Sundhara Securities Limited,10,200.7,2007.0,2025-09-08 11:24:38.444819
2025-09-08,55901,2025090801001372,HBL,Agrawal Securities (PVT) Ltd.,Sani Securities Company Ltd.,10,200.7,2007.0,2025-09-08 11:24:39.565742
2025-09-08,55900,2025090801001373,HBL,Agrawal Securities (PVT) Ltd.,Primo Securities (PVT) Ltd.,10,200.7,2007.0,2025-09-08 11:24:39.706673
2025-09-08,55877,2025090801001375,HBL,Agrawal Securities (PVT) Ltd.,Naasa Securities Co. Ltd.,10,200.7,2007.0,2025-09-08 11:24:41.865269
2025-09-08,55876,2025090801001376,HBL,Agrawal Securities (PVT) Ltd.,Naasa Securities Co. Ltd.,10,200.7,2007.0,2025-09-08 11:24:41.973350
2025-09-08,55866,2025090801001379,HBL,Agrawal Securities (PVT) Ltd.,Sundhara Securities Limited,10,200.7,2007.0,2025-09-08 11:24:43.452403
2025-09-08,55865,2025090801001380,HBL,Agrawal Securities (PVT) Ltd.,Ashutosh Brokerage & Securities (PVT) Ltd.,10,200.7,2007.0,2025-09-08 11:24:43.607590
2025-09-08,55864,2025090801001381,HBL,Agrawal Securities (PVT) Ltd.,Sundhara Securities Limited,10,200.7,2007.0,2025-09-08 11:24:45.956729
2025-09-08,55859,2025090801001382,HBL,Agrawal Securities (PVT) Ltd.,Aryatara Investment & Securities,10,200.7,2007.0,2025-09-08 11:24:47.487840
2025-09-08,55839,2025090801001385,HBL,Agrawal Securities (PVT) Ltd.,Online Securities Pvt. Ltd.,10,200.7,2007.0,2025-09-08 11:24:52.105520
2025-09-08,55838,2025090801001386,HBL,Agrawal Securities (PVT) Ltd.,Primo Securities (PVT) Ltd.,10,200.7,2007.0,2025-09-08 11:24:52.225596
2025-09-08,55828,2025090801001388,HBL,Agrawal Securities (PVT) Ltd.,Aryatara Investment & Securities,10,200.7,2007.0,2025-09-08 11:24:55.001932
2025-09-08,55821,2025090801001390,HBL,Agrawal Securities (PVT) Ltd.,Sani Securities Company Ltd.,10,200.7,2007.0,2025-09-08 11:24:57.134220
2025-09-08,55814,2025090801001391,HBL,Agrawal Securities (PVT) Ltd.,Naasa Securities Co. Ltd.,10,200.7,2007.0,2025-09-08 11:24:58.432172
2025-09-08,55811,2025090801001392,HBL,Capital Max Securities Ltd,J.F. Securites (PVT) Ltd.,10,201.0,2010.0,2025-09-08 11:25:01.920047
2025-09-08,55810,2025090801001393,HBL,Capital Max Securities Ltd,S.P.S.A. Securities Limited,10,201.0,2010.0,2025-09-08 11:25:01.920356
2025-09-08,55797,2025090801001397,HBL,Agrawal Securities (PVT) Ltd.,K.B.L. Securities Limited ,10,200.7,2007.0,2025-09-08 11:25:06.243227
2025-09-08,55796,2025090801001398,HBL,Agrawal Securities (PVT) Ltd.,Sri Hari Securities Pvt. Ltd.,10,200.7,2007.0,2025-09-08 11:25:06.854608
2025-09-08,55795,2025090801001399,HBL,Agrawal Securities (PVT) Ltd.,Primo Securities (PVT) Ltd.,10,200.7,2007.0,2025-09-08 11:25:07.244441
2025-09-08,55791,2025090801001402,HBL,Agrawal Securities (PVT) Ltd.,Aryatara Investment & Securities,10,200.7,2007.0,2025-09-08 11:25:07.543017
2025-09-08,55789,2025090801001403,HBL,Agrawal Securities (PVT) Ltd.,Asian Securities Private Ltd.,10,200.7,2007.0,2025-09-08 11:25:07.836103
2025-09-08,55769,2025090801001409,HBL,Agrawal Securities (PVT) Ltd.,Imperial Securities Company Pvt. Ltd.,10,200.7,2007.0,2025-09-08 11:25:15.782507
2025-09-08,55759,2025090801001411,HBL,Agrawal Securities (PVT) Ltd.,Opal Securities Investment (PVT) Ltd.,10,200.7,2007.0,2025-09-08 11:25:18.216566
2025-09-08,55750,2025090801001412,HBL,Agrawal Securities (PVT) Ltd.,Midas Stock Broking Company Private Limited,10,200.7,2007.0,2025-09-08 11:25:20.015214
2025-09-08,55721,2025090801001419,HBL,Agrawal Securities (PVT) Ltd.,Agrawal Securities (PVT) Ltd.,10,200.7,2007.0,2025-09-08 11:25:23.243254
2025-09-08,55719,2025090801001420,HBL,Agrawal Securities (PVT) Ltd.,Primo Securities (PVT) Ltd.,10,200.7,2007.0,2025-09-08 11:25:24.816914
2025-09-08,55718,2025090801001421,HBL,Agrawal Securities (PVT) Ltd.,Hatemalo Financial Services Private Limited,10,200.7,2007.0,2025-09-08 11:25:25.210277
2025-09-08,55690,2025090801001427,HBL,Agrawal Securities (PVT) Ltd.,Naasa Securities Co. Ltd.,10,200.7,2007.0,2025-09-08 11:25:34.384263
2025-09-08,55689,2025090801001428,HBL,Agrawal Securities (PVT) Ltd.,Primo Securities (PVT) Ltd.,10,200.7,2007.0,2025-09-08 11:25:34.830085
2025-09-08,55684,2025090801001429,HBL,Agrawal Securities (PVT) Ltd.,Secured Securities Ltd.,10,200.7,2007.0,2025-09-08 11:25:35.643452
2025-09-08,55680,2025090801001430,HBL,Naasa Securities Co. Ltd.,Online Securities Pvt. Ltd.,10,201.0,2010.0,2025-09-08 11:25:37.298008
2025-09-08,55679,2025090801001431,HBL,Naasa Securities Co. Ltd.,Dipshikha Dhitopatra Karobar Co. Pvt Ltd.,10,201.0,2010.0,2025-09-08 11:25:37.298688
2025-09-08,55678,2025090801001432,HBL,Naasa Securities Co. Ltd.,Sani Securities Company Ltd.,10,201.0,2010.0,2025-09-08 11:25:37.299170
2025-09-08,55677,2025090801001433,HBL,Agrawal Securities (PVT) Ltd.,Online Securities Pvt. Ltd.,10,200.7,2007.0,2025-09-08 11:25:37.319244
2025-09-08,55662,2025090801001440,HBL,Agrawal Securities (PVT) Ltd.,Sani Securities Company Ltd.,10,200.7,2007.0,2025-09-08 11:25:42.329795
2025-09-08,55654,2025090801001443,HBL,Agrawal Securities (PVT) Ltd.,Naasa Securities Co. Ltd.,10,200.7,2007.0,2025-09-08 11:25:46.068444
2025-09-08,55648,2025090801001444,HBL,Agrawal Securities (PVT) Ltd.,Sumeru Securities Pvt. Ltd.,10,200.7,2007.0,2025-09-08 11:25:46.542179
2025-09-08,55641,2025090801001446,HBL,Agrawal Securities (PVT) Ltd.,Primo Securities (PVT) Ltd.,10,200.7,2007.0,2025-09-08 11:25:47.352356
2025-09-08,55632,2025090801001451,HBL,Agrawal Securities (PVT) Ltd.,Dynamic Money Managers Securities Pvt. Ltd.,10,200.7,2007.0,2025-09-08 11:25:49.616081
2025-09-08,55627,2025090801001452,HBL,Agrawal Securities (PVT) Ltd.,Naasa Securities Co. Ltd.,10,200.7,2007.0,2025-09-08 11:25:51.510604
2025-09-08,55625,2025090801001453,HBL,Agrawal Securities (PVT) Ltd.,Naasa Securities Co. Ltd.,10,200.7,2007.0,2025-09-08 11:25:51.853149
2025-09-08,55621,2025090801001454,HBL,Agrawal Securities (PVT) Ltd.,Naasa Securities Co. Ltd.,10,200.7,2007.0,2025-09-08 11:25:54.349569
2025-09-08,55619,2025090801001455,HBL,Agrawal Securities (PVT) Ltd.,Sani Securities Company Ltd.,10,200.7,2007.0,2025-09-08 11:25:54.872523
2025-09-08,55607,2025090801001458,HBL,Agrawal Securities (PVT) Ltd.,Imperial Securities Company Pvt. Ltd.,10,200.7,2007.0,2025-09-08 11:25:58.489258
2025-09-08,55606,2025090801001459,HBL,Agrawal Securities (PVT) Ltd.,Sundhara Securities Limited,10,200.7,2007.0,2025-09-08 11:25:58.568310
2025-09-08,55584,2025090801001463,HBL,Agrawal Securities (PVT) Ltd.,Primo Securities (PVT) Ltd.,10,200.7,2007.0,2025-09-08 11:25:59.871575
2025-09-08,55556,2025090801001476,HBL,Agrawal Securities (PVT) Ltd.,Naasa Securities Co. Ltd.,10,200.7,2007.0,2025-09-08 11:26:08.400512
2025-09-08,55553,2025090801001478,HBL,Thrive Brokerage House Pvt. Ltd,J.F. Securites (PVT) Ltd.,10,200.7,2007.0,2025-09-08 11:26:09.169166
2025-09-08,55552,2025090801001479,HBL,Thrive Brokerage House Pvt. Ltd,Premier Securities Company Ltd.,10,200.7,2007.0,2025-09-08 11:26:09.615216
2025-09-08,55544,2025090801001481,HBL,Thrive Brokerage House Pvt. Ltd,Dipshikha Dhitopatra Karobar Co. Pvt Ltd.,10,200.7,2007.0,2025-09-08 11:26:12.323666
2025-09-08,55543,2025090801001482,HBL,Thrive Brokerage House Pvt. Ltd,Primo Securities (PVT) Ltd.,10,200.7,2007.0,2025-09-08 11:26:12.391729
2025-09-08,55542,2025090801001483,HBL,Thrive Brokerage House Pvt. Ltd,Kohinoor Investment & Securities Pvt. Ltd.,10,200.7,2007.0,2025-09-08 11:26:12.581294
2025-09-08,55534,2025090801001486,HBL,Investment Management Nepal Pvt. Ltd.,Indira securities pvt. ltd,10,200.6,2006.0,2025-09-08 11:26:14.024223
2025-09-08,55512,2025090801001495,HBL,Sweta Securities Private Limited,Naasa Securities Co. Ltd.,10,200.7,2007.0,2025-09-08 11:26:19.964740
2025-09-08,55510,2025090801001496,HBL,Sweta Securities Private Limited,Aryatara Investment & Securities,10,200.7,2007.0,2025-09-08 11:26:20.266569
2025-09-08,55506,2025090801001497,HBL,Sweta Securities Private Limited,Sundhara Securities Limited,10,200.7,2007.0,2025-09-08 11:26:21.101463
2025-09-08,55502,2025090801001498,HBL,Sweta Securities Private Limited,Primo Securities (PVT) Ltd.,10,200.7,2007.0,2025-09-08 11:26:22.406179
2025-09-08,55495,2025090801001499,HBL,Investment Management Nepal Pvt. Ltd.,Naasa Securities Co. Ltd.,10,200.9,2009.0,2025-09-08 11:26:23.485724
2025-09-08,55494,2025090801001500,HBL,Investment Management Nepal Pvt. Ltd.,Dipshikha Dhitopatra Karobar Co. Pvt Ltd.,10,200.9,2009.0,2025-09-08 11:26:23.486045
2025-09-08,55493,2025090801001501,HBL,Investment Management Nepal Pvt. Ltd.,Midas Stock Broking Company Private Limited,10,200.9,2009.0,2025-09-08 11:26:23.486213
2025-09-08,55492,2025090801001502,HBL,Investment Management Nepal Pvt. Ltd.,Shree Krishna Securities Ltd.,10,201.0,2010.0,2025-09-08 11:26:23.486381
2025-09-08,55491,2025090801001503,HBL,Investment Management Nepal Pvt. Ltd.,Sewa Securities Pvt. Ltd.,10,201.0,2010.0,2025-09-08 11:26:23.486544
2025-09-08,55490,2025090801001504,HBL,Investment Management Nepal Pvt. Ltd.,Naasa Securities Co. Ltd.,10,201.0,2010.0,2025-09-08 11:26:23.486706
2025-09-08,55489,2025090801001505,HBL,Investment Management Nepal Pvt. Ltd.,Naasa Securities Co. Ltd.,10,201.0,2010.0,2025-09-08 11:26:23.486867
2025-09-08,55488,2025090801001506,HBL,Investment Management Nepal Pvt. Ltd.,Online Securities Pvt. Ltd.,10,201.0,2010.0,2025-09-08 11:26:23.487039
2025-09-08,55487,2025090801001507,HBL,Investment Management Nepal Pvt. Ltd.,ABC Securities Private Limited,10,201.0,2010.0,2025-09-08 11:26:23.487202
2025-09-08,55486,2025090801001508,HBL,Investment Management Nepal Pvt. Ltd.,Sani Securities Company Ltd.,10,201.0,2010.0,2025-09-08 11:26:23.487363
2025-09-08,55485,2025090801001509,HBL,Sweta Securities Private Limited,Sundhara Securities Limited,10,200.7,2007.0,2025-09-08 11:26:23.606394
2025-09-08,55463,2025090801001517,HBL,Sweta Securities Private Limited,J.F. Securites (PVT) Ltd.,10,200.7,2007.0,2025-09-08 11:26:31.716419
2025-09-08,55461,2025090801001519,HBL,Sweta Securities Private Limited,Primo Securities (PVT) Ltd.,10,200.7,2007.0,2025-09-08 11:26:32.422411
2025-09-08,55458,2025090801001520,HBL,Sweta Securities Private Limited,Bhrikuti Stock Broking Co. Pvt. Ltd.,10,200.7,2007.0,2025-09-08 11:26:34.910958
2025-09-08,55457,2025090801001521,HBL,Sweta Securities Private Limited,Imperial Securities Company Pvt. Ltd.,10,200.7,2007.0,2025-09-08 11:26:34.939618
2025-09-08,55454,2025090801001522,HBL,Sweta Securities Private Limited,Kalika Securities Pvt. Ltd.,10,200.7,2007.0,2025-09-08 11:26:35.643552
2025-09-08,55453,2025090801001523,HBL,Sweta Securities Private Limited,Secured Securities Ltd.,10,200.7,2007.0,2025-09-08 11:26:35.652562
2025-09-08,55448,2025090801001524,HBL,Sweta Securities Private Limited,Online Securities Pvt. Ltd.,10,200.7,2007.0,2025-09-08 11:26:37.636491
2025-09-08,55447,2025090801001525,HBL,Sweta Securities Private Limited,Kumari Securities Private Limited,10,200.7,2007.0,2025-09-08 11:26:38.093631
2025-09-08,55445,2025090801001526,HBL,Sweta Securities Private Limited,Thrive Brokerage House Pvt. Ltd,10,200.7,2007.0,2025-09-08 11:26:38.845379
2025-09-08,55425,2025090801001532,HBL,Naasa Securities Co. Ltd.,Imperial Securities Company Pvt. Ltd.,10,200.8,2008.0,2025-09-08 11:26:41.383815
2025-09-08,55423,2025090801001534,HBL,Naasa Securities Co. Ltd.,Sanima Securities Limited,10,200.8,2008.0,2025-09-08 11:26:43.592528
2025-09-08,55409,2025090801001535,HBL,Naasa Securities Co. Ltd.,Primo Securities (PVT) Ltd.,10,200.8,2008.0,2025-09-08 11:26:44.950118
2025-09-08,55405,2025090801001536,HBL,Naasa Securities Co. Ltd.,Midas Stock Broking Company Private Limited,10,200.8,2008.0,2025-09-08 11:26:45.153533
2025-09-08,55400,2025090801001540,HBL,Naasa Securities Co. Ltd.,Vision Securities Pvt. Ltd,10,200.8,2008.0,2025-09-08 11:26:45.798123
2025-09-08,55379,2025090801001546,HBL,Naasa Securities Co. Ltd.,Online Securities Pvt. Ltd.,10,200.8,2008.0,2025-09-08 11:26:57.726260
2025-09-08,55376,2025090801001548,HBL,Naasa Securities Co. Ltd.,Naasa Securities Co. Ltd.,10,200.8,2008.0,2025-09-08 11:26:58.965555
2025-09-08,55357,2025090801001553,HBL,Deevyaa Securities & Stock House Pvt. Ltd,Naasa Securities Co. Ltd.,10,200.9,2009.0,2025-09-08 11:27:06.066180
2025-09-08,55356,2025090801001554,HBL,Deevyaa Securities & Stock House Pvt. Ltd,BHOLE GANESH SECURITIES LTD,10,200.9,2009.0,2025-09-08 11:27:06.066849
2025-09-08,55350,2025090801001556,HBL,Deevyaa Securities & Stock House Pvt. Ltd,Naasa Securities Co. Ltd.,10,200.9,2009.0,2025-09-08 11:27:08.247256
2025-09-08,55340,2025090801001558,HBL,Naasa Securities Co. Ltd.,Sri Hari Securities Pvt. Ltd.,10,200.8,2008.0,2025-09-08 11:27:10.075131
2025-09-08,55337,2025090801001560,HBL,Naasa Securities Co. Ltd.,Aryatara Investment & Securities,10,200.8,2008.0,2025-09-08 11:27:10.451549
2025-09-08,55334,2025090801001563,HBL,Naasa Securities Co. Ltd.,Sweta Securities Private Limited,10,200.8,2008.0,2025-09-08 11:27:11.671472
2025-09-08,55326,2025090801001565,HBL,Sweta Securities Private Limited,ABC Securities Private Limited,10,200.7,2007.0,2025-09-08 11:27:15.028878
2025-09-08,55318,2025090801001567,HBL,Sweta Securities Private Limited,Sewa Securities Pvt. Ltd.,10,200.7,2007.0,2025-09-08 11:27:16.434021
2025-09-08,55317,2025090801001568,HBL,Sweta Securities Private Limited,Primo Securities (PVT) Ltd.,10,200.7,2007.0,2025-09-08 11:27:17.518200
2025-09-08,55309,2025090801001571,HBL,Sweta Securities Private Limited,Malla & Malla Stock Broking Company Pvt. Limited,10,200.7,2007.0,2025-09-08 11:27:21.516538
2025-09-08,55308,2025090801001572,HBL,Sweta Securities Private Limited,Naasa Securities Co. Ltd.,10,200.7,2007.0,2025-09-08 11:27:21.570932
2025-09-08,55302,2025090801001574,HBL,Sweta Securities Private Limited,Online Securities Pvt. Ltd.,10,200.7,2007.0,2025-09-08 11:27:25.350649
2025-09-08,55301,2025090801001575,HBL,Investment Management Nepal Pvt. Ltd.,ABC Securities Private Limited,10,200.6,2006.0,2025-09-08 11:27:27.557630
2025-09-08,55290,2025090801001579,HBL,Investment Management Nepal Pvt. Ltd.,Linch Stock Market Ltd.,10,200.6,2006.0,2025-09-08 11:27:30.455149
2025-09-08,55273,2025090801001586,HBL,Investment Management Nepal Pvt. Ltd.,Secured Securities Ltd.,10,200.6,2006.0,2025-09-08 11:27:34.796771
2025-09-08,55271,2025090801001588,HBL,Investment Management Nepal Pvt. Ltd.,Aryatara Investment & Securities,10,200.6,2006.0,2025-09-08 11:27:35.537646
2025-09-08,55259,2025090801001591,HBL,Investment Management Nepal Pvt. Ltd.,Dipshikha Dhitopatra Karobar Co. Pvt Ltd.,10,200.6,2006.0,2025-09-08 11:27:38.462829
2025-09-08,55206,2025090801001611,HBL,Investment Management Nepal Pvt. Ltd.,SUN SECURITIES PVT LTD,10,200.6,2006.0,2025-09-08 11:27:53.500097
2025-09-08,55205,2025090801001612,HBL,Investment Management Nepal Pvt. Ltd.,Agrawal Securities (PVT) Ltd.,10,200.6,2006.0,2025-09-08 11:27:53.738140
2025-09-08,55196,2025090801001617,HBL,Investment Management Nepal Pvt. Ltd.,Online Securities Pvt. Ltd.,10,200.6,2006.0,2025-09-08 11:27:55.559854
2025-09-08,55194,2025090801001618,HBL,Investment Management Nepal Pvt. Ltd.,Dipshikha Dhitopatra Karobar Co. Pvt Ltd.,10,200.6,2006.0,2025-09-08 11:27:56.033373
2025-09-08,55193,2025090801001619,HBL,Investment Management Nepal Pvt. Ltd.,Agrawal Securities (PVT) Ltd.,10,200.6,2006.0,2025-09-08 11:27:56.246274
2025-09-08,55188,2025090801001621,HBL,Investment Management Nepal Pvt. Ltd.,Naasa Securities Co. Ltd.,10,200.6,2006.0,2025-09-08 11:27:57.707081
2025-09-08,55187,2025090801001622,HBL,Investment Management Nepal Pvt. Ltd.,Kohinoor Investment & Securities Pvt. Ltd.,10,200.6,2006.0,2025-09-08 11:27:57.817350
2025-09-08,55183,2025090801001623,HBL,Investment Management Nepal Pvt. Ltd.,Vision Securities Pvt. Ltd,10,200.6,2006.0,2025-09-08 11:27:58.869523
2025-09-08,55182,2025090801001624,HBL,Investment Management Nepal Pvt. Ltd.,Naasa Securities Co. Ltd.,10,200.6,2006.0,2025-09-08 11:27:58.971550
2025-09-08,55170,2025090801001629,HBL,Investment Management Nepal Pvt. Ltd.,Trisul Securities & Invt. Ltd.,270,200.6,54162.0,2025-09-08 11:28:03.527999
2025-09-08,55169,2025090801001630,HBL,Midas Stock Broking Company Private Limited,Trisul Securities & Invt. Ltd.,10,200.6,2006.0,2025-09-08 11:28:03.528127
2025-09-08,55156,2025090801001638,HBL,Midas Stock Broking Company Private Limited,Secured Securities Ltd.,10,200.6,2006.0,2025-09-08 11:28:07.201745
2025-09-08,55150,2025090801001642,HBL,Midas Stock Broking Company Private Limited,Sundhara Securities Limited,10,200.6,2006.0,2025-09-08 11:28:08.752898
2025-09-08,55121,2025090801001655,HBL,Midas Stock Broking Company Private Limited,N.I.M.B. Stock Markets Limited,10,200.6,2006.0,2025-09-08 11:28:17.767990
2025-09-08,55111,2025090801001658,HBL,Midas Stock Broking Company Private Limited,Naasa Securities Co. Ltd.,10,200.6,2006.0,2025-09-08 11:28:21.779248
2025-09-08,55110,2025090801001659,HBL,Midas Stock Broking Company Private Limited,Sani Securities Company Ltd.,10,200.6,2006.0,2025-09-08 11:28:22.830992
2025-09-08,55108,2025090801001660,HBL,Midas Stock Broking Company Private Limited,Dipshikha Dhitopatra Karobar Co. Pvt Ltd.,10,200.6,2006.0,2025-09-08 11:28:23.656351
2025-09-08,55106,2025090801001662,HBL,Midas Stock Broking Company Private Limited,Sri Hari Securities Pvt. Ltd.,10,200.6,2006.0,2025-09-08 11:28:25.638578
2025-09-08,55090,2025090801001668,HBL,J.F. Securites (PVT) Ltd.,Opal Securities Investment (PVT) Ltd.,10,200.7,2007.0,2025-09-08 11:28:29.436503
2025-09-08,55064,2025090801001672,HBL,Midas Stock Broking Company Private Limited,Sani Securities Company Ltd.,10,200.6,2006.0,2025-09-08 11:28:37.878081
2025-09-08,55054,2025090801001676,HBL,Midas Stock Broking Company Private Limited,Imperial Securities Company Pvt. Ltd.,10,200.6,2006.0,2025-09-08 11:28:40.486013
2025-09-08,55031,2025090801001680,HBL,Midas Stock Broking Company Private Limited,Deevyaa Securities & Stock House Pvt. Ltd,10,200.6,2006.0,2025-09-08 11:28:46.205760
2025-09-08,55027,2025090801001684,HBL,Midas Stock Broking Company Private Limited,Neev Securities Pvt. Ltd.,10,200.6,2006.0,2025-09-08 11:28:46.564944
2025-09-08,55025,2025090801001685,HBL,Midas Stock Broking Company Private Limited,Sundhara Securities Limited,10,200.6,2006.0,2025-09-08 11:28:48.807912
2025-09-08,55008,2025090801001690,HBL,Online Securities Pvt. Ltd.,Sundhara Securities Limited,10,200.8,2008.0,2025-09-08 11:28:53.562390
2025-09-08,55007,2025090801001691,HBL,Online Securities Pvt. Ltd.,Online Securities Pvt. Ltd.,10,200.8,2008.0,2025-09-08 11:28:53.563131
2025-09-08,54984,2025090801001693,HBL,Kohinoor Investment & Securities Pvt. Ltd.,Sani Securities Company Ltd.,10,200.7,2007.0,2025-09-08 11:28:58.335308
2025-09-08,54983,2025090801001694,HBL,Kohinoor Investment & Securities Pvt. Ltd.,Kalika Securities Pvt. Ltd.,10,200.8,2008.0,2025-09-08 11:28:58.335682
2025-09-08,54976,2025090801001699,HBL,Kohinoor Investment & Securities Pvt. Ltd.,Vision Securities Pvt. Ltd,10,200.8,2008.0,2025-09-08 11:29:01.348704
2025-09-08,54968,2025090801001702,HBL,Kohinoor Investment & Securities Pvt. Ltd.,Aryatara Investment & Securities,10,200.8,2008.0,2025-09-08 11:29:04.783641
2025-09-08,54958,2025090801001704,HBL,Kohinoor Investment & Securities Pvt. Ltd.,Secured Securities Ltd.,10,200.8,2008.0,2025-09-08 11:29:10.219308
2025-09-08,54956,2025090801001705,HBL,Midas Stock Broking Company Private Limited,Creative Securities Pvt Ltd,10,200.6,2006.0,2025-09-08 11:29:11.471210
2025-09-08,54955,2025090801001706,HBL,Midas Stock Broking Company Private Limited,Imperial Securities Company Pvt. Ltd.,10,200.6,2006.0,2025-09-08 11:29:11.643399
2025-09-08,54942,2025090801001710,HBL,Hatemalo Financial Services Private Limited,Sri Hari Securities Pvt. Ltd.,10,200.6,2006.0,2025-09-08 11:29:15.856478
2025-09-08,54925,2025090801001714,HBL,Hatemalo Financial Services Private Limited,Malla & Malla Stock Broking Company Pvt. Limited,10,200.6,2006.0,2025-09-08 11:29:27.476993
2025-09-08,54895,2025090801001722,HBL,Hatemalo Financial Services Private Limited,Kohinoor Investment & Securities Pvt. Ltd.,10,200.6,2006.0,2025-09-08 11:29:34.545331
2025-09-08,54886,2025090801001730,HBL,Hatemalo Financial Services Private Limited,Naasa Securities Co. Ltd.,10,200.6,2006.0,2025-09-08 11:29:37.346879
2025-09-08,54884,2025090801001731,HBL,Hatemalo Financial Services Private Limited,Sundhara Securities Limited,10,200.6,2006.0,2025-09-08 11:29:37.747189
2025-09-08,54880,2025090801001732,HBL,Hatemalo Financial Services Private Limited,Imperial Securities Company Pvt. Ltd.,10,200.6,2006.0,2025-09-08 11:29:41.837651
2025-09-08,54873,2025090801001733,HBL,Hatemalo Financial Services Private Limited,Online Securities Pvt. Ltd.,10,200.6,2006.0,2025-09-08 11:29:44.774248
2025-09-08,54870,2025090801001734,HBL,Hatemalo Financial Services Private Limited,Naasa Securities Co. Ltd.,10,200.6,2006.0,2025-09-08 11:29:45.952450
2025-09-08,54866,2025090801001736,HBL,Hatemalo Financial Services Private Limited,Imperial Securities Company Pvt. Ltd.,10,200.6,2006.0,2025-09-08 11:29:49.898419
2025-09-08,54864,2025090801001737,HBL,Hatemalo Financial Services Private Limited,Naasa Securities Co. Ltd.,10,200.6,2006.0,2025-09-08 11:29:51.014542
2025-09-08,54863,2025090801001738,HBL,Asian Securities Private Ltd.,Property Wiard Limited,10,200.6,2006.0,2025-09-08 11:29:51.111962
2025-09-08,54862,2025090801001739,HBL,Market Securities & Exchange (PVT) Ltd.,Property Wiard Limited,10,200.6,2006.0,2025-09-08 11:29:51.112923
2025-09-08,54846,2025090801001744,HBL,Market Securities & Exchange (PVT) Ltd.,Vision Securities Pvt. Ltd,10,200.6,2006.0,2025-09-08 11:29:55.731840
2025-09-08,54839,2025090801001751,HBL,Market Securities & Exchange (PVT) Ltd.,Naasa Securities Co. Ltd.,10,200.6,2006.0,2025-09-08 11:29:56.091192
2025-09-08,54838,2025090801001752,HBL,Market Securities & Exchange (PVT) Ltd.,Sri Hari Securities Pvt. Ltd.,10,200.6,2006.0,2025-09-08 11:29:56.125897
2025-09-08,54837,2025090801001753,HBL,Market Securities & Exchange (PVT) Ltd.,Arun Securities (PVT) Ltd.,10,200.6,2006.0,2025-09-08 11:29:56.797420
2025-09-08,54836,2025090801001754,HBL,Market Securities & Exchange (PVT) Ltd.,Online Securities Pvt. Ltd.,10,200.6,2006.0,2025-09-08 11:29:56.825328
2025-09-08,54828,2025090801001757,HBL,Market Securities & Exchange (PVT) Ltd.,Dipshikha Dhitopatra Karobar Co. Pvt Ltd.,10,200.6,2006.0,2025-09-08 11:29:59.791432
2025-09-08,54807,2025090801001761,HBL,Market Securities & Exchange (PVT) Ltd.,Online Securities Pvt. Ltd.,10,200.6,2006.0,2025-09-08 11:30:06.865975
2025-09-08,54804,2025090801001764,HBL,Market Securities & Exchange (PVT) Ltd.,Dipshikha Dhitopatra Karobar Co. Pvt Ltd.,10,200.6,2006.0,2025-09-08 11:30:09.844917
2025-09-08,54801,2025090801001766,HBL,Market Securities & Exchange (PVT) Ltd.,Naasa Securities Co. Ltd.,10,200.6,2006.0,2025-09-08 11:30:10.232912
2025-09-08,54794,2025090801001767,HBL,Market Securities & Exchange (PVT) Ltd.,Sani Securities Company Ltd.,10,200.6,2006.0,2025-09-08 11:30:11.017859
2025-09-08,54786,2025090801001770,HBL,Naasa Securities Co. Ltd.,Dipshikha Dhitopatra Karobar Co. Pvt Ltd.,10,200.8,2008.0,2025-09-08 11:30:13.523679
2025-09-08,54785,2025090801001771,HBL,Naasa Securities Co. Ltd.,Dynamic Money Managers Securities Pvt. Ltd.,10,200.8,2008.0,2025-09-08 11:30:13.524075
2025-09-08,54784,2025090801001772,HBL,Naasa Securities Co. Ltd.,Oxford Securities Pvt. Ltd.,10,200.8,2008.0,2025-09-08 11:30:13.524266
2025-09-08,54783,2025090801001773,HBL,Naasa Securities Co. Ltd.,J.F. Securites (PVT) Ltd.,10,200.9,2009.0,2025-09-08 11:30:13.524458
2025-09-08,54767,2025090801001779,HBL,Sweta Securities Private Limited,Sri Hari Securities Pvt. Ltd.,10,200.6,2006.0,2025-09-08 11:30:18.338968
2025-09-08,54757,2025090801001785,HBL,Sweta Securities Private Limited,Sundhara Securities Limited,10,200.6,2006.0,2025-09-08 11:30:20.907837
2025-09-08,54755,2025090801001786,HBL,Sweta Securities Private Limited,Nepal Stock House (PVT) Ltd.,10,200.6,2006.0,2025-09-08 11:30:22.769231
2025-09-08,54740,2025090801001791,HBL,Sweta Securities Private Limited,Bhrikuti Stock Broking Co. Pvt. Ltd.,10,200.6,2006.0,2025-09-08 11:30:28.031423
2025-09-08,54735,2025090801001794,HBL,Sweta Securities Private Limited,Naasa Securities Co. Ltd.,10,200.6,2006.0,2025-09-08 11:30:29.042190
2025-09-08,54734,2025090801001795,HBL,Sweta Securities Private Limited,Online Securities Pvt. Ltd.,10,200.6,2006.0,2025-09-08 11:30:29.958083
2025-09-08,54727,2025090801001797,HBL,Sweta Securities Private Limited,Sundhara Securities Limited,10,200.6,2006.0,2025-09-08 11:30:31.997235
2025-09-08,54723,2025090801001799,HBL,Sweta Securities Private Limited,Dipshikha Dhitopatra Karobar Co. Pvt Ltd.,10,200.6,2006.0,2025-09-08 11:30:34.983962
2025-09-08,54722,2025090801001800,HBL,Sweta Securities Private Limited,Dipshikha Dhitopatra Karobar Co. Pvt Ltd.,10,200.6,2006.0,2025-09-08 11:30:34.984823
2025-09-08,54721,2025090801001801,HBL,Sweta Securities Private Limited,N.I.M.B. Stock Markets Limited,10,200.6,2006.0,2025-09-08 11:30:35.040506
2025-09-08,54710,2025090801001808,HBL,Sweta Securities Private Limited,Secured Securities Ltd.,10,200.6,2006.0,2025-09-08 11:30:38.524098
2025-09-08,54703,2025090801001811,HBL,Sweta Securities Private Limited,Kohinoor Investment & Securities Pvt. Ltd.,10,200.6,2006.0,2025-09-08 11:30:42.919673
2025-09-08,54700,2025090801001812,HBL,Sweta Securities Private Limited,Naasa Securities Co. Ltd.,10,200.6,2006.0,2025-09-08 11:30:45.489302
2025-09-08,54698,2025090801001813,HBL,Sweta Securities Private Limited,Opal Securities Investment (PVT) Ltd.,10,200.6,2006.0,2025-09-08 11:30:45.685541
2025-09-08,54688,2025090801001818,HBL,Sweta Securities Private Limited,Nepal Stock House (PVT) Ltd.,10,200.6,2006.0,2025-09-08 11:30:46.284302
2025-09-08,54664,2025090801001835,HBL,Sweta Securities Private Limited,Trishakti Securities Public Limited,10,200.6,2006.0,2025-09-08 11:30:50.062645
2025-09-08,54659,2025090801001837,HBL,Sweta Securities Private Limited,Secured Securities Ltd.,10,200.6,2006.0,2025-09-08 11:30:52.153531
2025-09-08,54650,2025090801001843,HBL,Sweta Securities Private Limited,Sani Securities Company Ltd.,10,200.6,2006.0,2025-09-08 11:30:54.349548
2025-09-08,54634,2025090801001847,HBL,Sweta Securities Private Limited,Naasa Securities Co. Ltd.,10,200.6,2006.0,2025-09-08 11:31:00.593299
2025-09-08,54629,2025090801001849,HBL,Sweta Securities Private Limited,Naasa Securities Co. Ltd.,10,200.6,2006.0,2025-09-08 11:31:01.639155
2025-09-08,54618,2025090801001852,HBL,Thrive Brokerage House Pvt. Ltd,Online Securities Pvt. Ltd.,10,200.5,2005.0,2025-09-08 11:31:04.203565
2025-09-08,54590,2025090801001858,HBL,Thrive Brokerage House Pvt. Ltd,Imperial Securities Company Pvt. Ltd.,10,200.5,2005.0,2025-09-08 11:31:12.448920
2025-09-08,54567,2025090801001862,HBL,Thrive Brokerage House Pvt. Ltd,Secured Securities Ltd.,10,200.5,2005.0,2025-09-08 11:31:18.216496
2025-09-08,54560,2025090801001863,HBL,Thrive Brokerage House Pvt. Ltd,Nepal Investment And Securities Trading Private Limited,470,200.5,94235.0,2025-09-08 11:31:19.605741
2025-09-08,54559,2025090801001864,HBL,Midas Stock Broking Company Private Limited,Nepal Investment And Securities Trading Private Limited,100,200.5,20050.0,2025-09-08 11:31:19.606568
2025-09-08,54558,2025090801001865,HBL,Thrive Brokerage House Pvt. Ltd,Nepal Investment And Securities Trading Private Limited,930,200.5,186465.0,2025-09-08 11:31:19.607193
