Date,S.N.,contract_id,symbol,buyer_broker,seller_broker,volume,price,amount,transaction_time
2025-09-08,59462,2025090804000101,MEN,Dakshinkali Investment & Securities Pvt. Ltd.,Naasa Securities Co. Ltd.,13,618.0,8034.0,2025-09-08 11:02:12.785418
2025-09-08,59421,2025090804000118,MEN,Dakshinkali Investment & Securities Pvt. Ltd.,Sri Hari Securities Pvt. Ltd.,2000,618.0,1236000.0,2025-09-08 11:02:41.976245
2025-09-08,58152,2025090804000529,MEN,Dakshinkali Investment & Securities Pvt. Ltd.,Nabil Stock Dealer Ltd.,100,618.0,61800.0,2025-09-08 11:12:24.897502
2025-09-08,57357,2025090804000743,MEN,Dakshinkali Investment & Securities Pvt. Ltd.,Online Securities Pvt. Ltd.,387,618.0,239166.0,2025-09-08 11:18:00.663520
2025-09-08,57356,2025090804000744,MEN,Sewa Securities Pvt. Ltd.,Online Securities Pvt. Ltd.,113,618.0,69834.0,2025-09-08 11:18:00.663716
2025-09-08,55927,2025090804001122,MEN,Dynamic Money Managers Securities Pvt. Ltd.,Kohinoor Investment & Securities Pvt. Ltd.,13,618.1,8035.3,2025-09-08 11:24:29.858736
2025-09-08,54987,2025090804001368,MEN,Dynamic Money Managers Securities Pvt. Ltd.,Imperial Securities Company Pvt. Ltd.,500,619.9,309950.0,2025-09-08 11:28:56.070555
2025-09-08,54302,2025090804001526,MEN,SHUBHAKAMANA SECURITIES PVT. LTD,Premier Securities Company Ltd.,140,619.8,86772.0,2025-09-08 11:32:28.593695
2025-09-08,53429,2025090804001726,MEN,Dipshikha Dhitopatra Karobar Co. Pvt Ltd.,Premier Securities Company Ltd.,50,619.8,30990.0,2025-09-08 11:36:42.488160
2025-09-08,52133,2025090804002098,MEN,Malla & Malla Stock Broking Company Pvt. Limited,Capital Max Securities Ltd,20,618.5,12370.0,2025-09-08 11:43:38.793834
2025-09-08,52132,2025090804002099,MEN,South Asian Bulls Pvt. Ltd.,Capital Max Securities Ltd,50,618.3,30915.0,2025-09-08 11:43:38.793932
2025-09-08,52131,2025090804002100,MEN,KALASH STOCK MARKET PVT. LTD.,Capital Max Securities Ltd,90,618.2,55638.0,2025-09-08 11:43:38.794032
2025-09-08,52091,2025090804002103,MEN,KALASH STOCK MARKET PVT. LTD.,Property Wiard Limited,230,618.2,142186.0,2025-09-08 11:43:49.548063
2025-09-08,52078,2025090804002106,MEN,KALASH STOCK MARKET PVT. LTD.,Dipshikha Dhitopatra Karobar Co. Pvt Ltd.,100,618.2,61820.0,2025-09-08 11:43:55.254615
2025-09-08,51972,2025090804002127,MEN,Sani Securities Company Ltd.,Premier Securities Company Ltd.,10,619.8,6198.0,2025-09-08 11:44:35.292081
2025-09-08,51847,2025090804002169,MEN,Opal Securities Investment (PVT) Ltd.,Deevyaa Securities & Stock House Pvt. Ltd,100,620.0,62000.0,2025-09-08 11:45:14.450625
2025-09-08,51846,2025090804002170,MEN,Opal Securities Investment (PVT) Ltd.,Naasa Securities Co. Ltd.,900,620.0,558000.0,2025-09-08 11:45:14.450835
2025-09-08,51791,2025090804002177,MEN,Asian Securities Private Ltd.,Naasa Securities Co. Ltd.,100,620.0,62000.0,2025-09-08 11:45:35.178930
2025-09-08,51790,2025090804002178,MEN,Asian Securities Private Ltd.,Investment Management Nepal Pvt. Ltd.,13,620.0,8060.0,2025-09-08 11:45:35.179040
2025-09-08,51455,2025090804002266,MEN,Kohinoor Investment & Securities Pvt. Ltd.,Opal Securities Investment (PVT) Ltd.,150,622.0,93300.0,2025-09-08 11:47:18.900089
2025-09-08,50352,2025090804002607,MEN,Vision Securities Pvt. Ltd,Arun Securities (PVT) Ltd.,160,621.9,99504.0,2025-09-08 11:52:54.599250
2025-09-08,50274,2025090804002627,MEN,Asian Securities Private Ltd.,Arun Securities (PVT) Ltd.,40,621.9,24876.0,2025-09-08 11:53:20.738365
2025-09-08,50273,2025090804002628,MEN,Asian Securities Private Ltd.,Opal Securities Investment (PVT) Ltd.,350,622.0,217700.0,2025-09-08 11:53:20.738635
2025-09-08,50272,2025090804002629,MEN,Asian Securities Private Ltd.,Linch Stock Market Ltd.,50,622.0,31100.0,2025-09-08 11:53:20.738791
2025-09-08,50271,2025090804002630,MEN,Asian Securities Private Ltd.,Online Securities Pvt. Ltd.,447,623.0,278481.0,2025-09-08 11:53:20.738945
2025-09-08,50155,2025090804002665,MEN,K.B.L. Securities Limited ,SUN SECURITIES PVT LTD,10,621.0,6210.0,2025-09-08 11:54:05.854788
2025-09-08,49911,2025090804002714,MEN,Dynamic Money Managers Securities Pvt. Ltd.,ABC Securities Private Limited,10,622.0,6220.0,2025-09-08 11:55:04.673826
2025-09-08,49429,2025090804002871,MEN,K.B.L. Securities Limited ,Online Securities Pvt. Ltd.,53,623.0,33019.0,2025-09-08 11:57:38.932442
2025-09-08,49038,2025090804002979,MEN,Naasa Securities Co. Ltd.,Premier Securities Company Ltd.,100,623.0,62300.0,2025-09-08 11:59:18.308229
2025-09-08,49037,2025090804002980,MEN,Naasa Securities Co. Ltd.,Dynamic Money Managers Securities Pvt. Ltd.,200,623.8,124760.0,2025-09-08 11:59:18.308398
2025-09-08,49036,2025090804002981,MEN,Naasa Securities Co. Ltd.,Dynamic Money Managers Securities Pvt. Ltd.,200,623.9,124780.0,2025-09-08 11:59:18.308457
2025-09-08,48998,2025090804003001,MEN,Secured Securities Ltd.,Market Securities & Exchange (PVT) Ltd.,40,622.0,24880.0,2025-09-08 11:59:30.446352
2025-09-08,46597,2025090804003716,MEN,Secured Securities Ltd.,Capital Max Securities Ltd,10,622.0,6220.0,2025-09-08 12:12:36.970012
2025-09-08,46314,2025090804003803,MEN,Linch Stock Market Ltd.,N.I.M.B. Stock Markets Limited,10,622.0,6220.0,2025-09-08 12:14:21.191699
2025-09-08,46156,2025090804003840,MEN,Capital Max Securities Ltd,Neev Securities Pvt. Ltd.,10,622.0,6220.0,2025-09-08 12:15:12.446550
2025-09-08,45309,2025090804004053,MEN,Dynamic Money Managers Securities Pvt. Ltd.,Kumari Securities Private Limited,137,620.3,84981.1,2025-09-08 12:19:03.283048
2025-09-08,45308,2025090804004054,MEN,Sani Securities Company Ltd.,Kumari Securities Private Limited,137,620.2,84967.4,2025-09-08 12:19:03.283242
2025-09-08,44966,2025090804004223,MEN,K.B.L. Securities Limited ,Naasa Securities Co. Ltd.,17,620.1,10541.7,2025-09-08 12:20:32.230479
2025-09-08,44965,2025090804004224,MEN,Ashutosh Brokerage & Securities (PVT) Ltd.,Naasa Securities Co. Ltd.,25,620.0,15500.0,2025-09-08 12:20:32.230784
2025-09-08,44648,2025090804004287,MEN,Ashutosh Brokerage & Securities (PVT) Ltd.,Sundhara Securities Limited,60,620.0,37200.0,2025-09-08 12:22:24.280993
2025-09-08,44470,2025090804004365,MEN,K.B.L. Securities Limited ,Kumari Securities Private Limited,30,620.2,18606.0,2025-09-08 12:23:12.765070
2025-09-08,44240,2025090804004421,MEN,Ashutosh Brokerage & Securities (PVT) Ltd.,Capital Max Securities Ltd,15,620.0,9300.0,2025-09-08 12:24:11.453306
2025-09-08,43244,2025090804004682,MEN,Neev Securities Pvt. Ltd.,Kumari Securities Private Limited,48,620.2,29769.6,2025-09-08 12:29:12.216457
2025-09-08,43168,2025090804004722,MEN,Opal Securities Investment (PVT) Ltd.,BHOLE GANESH SECURITIES LTD,230,620.0,142600.0,2025-09-08 12:29:30.030705
2025-09-08,43155,2025090804004728,MEN,Opal Securities Investment (PVT) Ltd.,Secured Securities Ltd.,90,620.0,55800.0,2025-09-08 12:29:33.795180
2025-09-08,43154,2025090804004729,MEN,Naasa Securities Co. Ltd.,Secured Securities Ltd.,500,619.0,309500.0,2025-09-08 12:29:33.795490
2025-09-08,43153,2025090804004730,MEN,Miyo Securities Pvt Ltd,Secured Securities Ltd.,500,618.9,309450.0,2025-09-08 12:29:33.795675
2025-09-08,43152,2025090804004731,MEN,Miyo Securities Pvt Ltd,Secured Securities Ltd.,500,618.8,309400.0,2025-09-08 12:29:33.795850
2025-09-08,43151,2025090804004732,MEN,Miyo Securities Pvt Ltd,Secured Securities Ltd.,410,618.7,253667.0,2025-09-08 12:29:33.796023
2025-09-08,42356,2025090804004925,MEN,Miyo Securities Pvt Ltd,Sagarmatha Securities Private Limited,22,618.7,13611.4,2025-09-08 12:33:29.980718
2025-09-08,41501,2025090804005171,MEN,Miyo Securities Pvt Ltd,South Asian Bulls Pvt. Ltd.,68,618.7,42071.6,2025-09-08 12:36:58.997722
2025-09-08,41500,2025090804005172,MEN,Miyo Securities Pvt Ltd,South Asian Bulls Pvt. Ltd.,47,618.6,29074.2,2025-09-08 12:36:58.997883
2025-09-08,41416,2025090804005192,MEN,Miyo Securities Pvt Ltd,Secured Securities Ltd.,36,618.6,22269.6,2025-09-08 12:37:52.218843
2025-09-08,41415,2025090804005193,MEN,Dynamic Money Managers Securities Pvt. Ltd.,Secured Securities Ltd.,300,618.3,185490.0,2025-09-08 12:37:52.219118
2025-09-08,41414,2025090804005194,MEN,KALASH STOCK MARKET PVT. LTD.,Secured Securities Ltd.,380,618.2,234916.0,2025-09-08 12:37:52.219187
2025-09-08,41413,2025090804005195,MEN,Naasa Securities Co. Ltd.,Secured Securities Ltd.,25,618.0,15450.0,2025-09-08 12:37:52.219245
2025-09-08,41412,2025090804005196,MEN,Sagarmatha Securities Private Limited,Secured Securities Ltd.,200,618.0,123600.0,2025-09-08 12:37:52.219306
2025-09-08,41411,2025090804005197,MEN,Sundhara Securities Limited,Secured Securities Ltd.,10,618.0,6180.0,2025-09-08 12:37:52.219376
2025-09-08,41410,2025090804005198,MEN,Dynamic Money Managers Securities Pvt. Ltd.,Secured Securities Ltd.,970,618.0,599460.0,2025-09-08 12:37:52.219429
2025-09-08,41409,2025090804005199,MEN,Ashutosh Brokerage & Securities (PVT) Ltd.,Secured Securities Ltd.,84,618.0,51912.0,2025-09-08 12:37:52.219482
2025-09-08,40852,2025090804005304,MEN,Ashutosh Brokerage & Securities (PVT) Ltd.,Prabhu Stock Market Limited,16,618.0,9888.0,2025-09-08 12:43:13.858127
2025-09-08,40851,2025090804005305,MEN,Bhrikuti Stock Broking Co. Pvt. Ltd.,Prabhu Stock Market Limited,284,618.0,175512.0,2025-09-08 12:43:13.858333
2025-09-08,40077,2025090804005504,MEN,Naasa Securities Co. Ltd.,Blue Chip Securities Ltd,717,618.1,443177.7,2025-09-08 12:52:35.798591
2025-09-08,39144,2025090804005720,MEN,Naasa Securities Co. Ltd.,Naasa Securities Co. Ltd.,283,618.1,174922.3,2025-09-08 13:02:06.727870
2025-09-08,39143,2025090804005721,MEN,Bhrikuti Stock Broking Co. Pvt. Ltd.,Naasa Securities Co. Ltd.,216,618.0,133488.0,2025-09-08 13:02:06.728059
2025-09-08,39142,2025090804005722,MEN,Cristal Kanchanjanga Securites Pvt. Ltd.,Naasa Securities Co. Ltd.,50,618.0,30900.0,2025-09-08 13:02:06.728122
2025-09-08,39141,2025090804005723,MEN,Neev Securities Pvt. Ltd.,Naasa Securities Co. Ltd.,251,618.0,155118.0,2025-09-08 13:02:06.728181
2025-09-08,38582,2025090804005873,MEN,Neev Securities Pvt. Ltd.,Agrawal Securities (PVT) Ltd.,49,618.0,30282.0,2025-09-08 13:05:37.735630
2025-09-08,38581,2025090804005874,MEN,Bhrikuti Stock Broking Co. Pvt. Ltd.,Agrawal Securities (PVT) Ltd.,451,617.5,278492.5,2025-09-08 13:05:37.735705
2025-09-08,38123,2025090804006017,MEN,Bhrikuti Stock Broking Co. Pvt. Ltd.,Naasa Securities Co. Ltd.,59,617.5,36432.5,2025-09-08 13:07:24.106201
2025-09-08,37900,2025090804006091,MEN,Bhrikuti Stock Broking Co. Pvt. Ltd.,Sewa Securities Pvt. Ltd.,200,617.5,123500.0,2025-09-08 13:08:23.811943
2025-09-08,37744,2025090804006141,MEN,Bhrikuti Stock Broking Co. Pvt. Ltd.,Imperial Securities Company Pvt. Ltd.,20,617.5,12350.0,2025-09-08 13:09:37.933104
2025-09-08,37165,2025090804006272,MEN,Bhrikuti Stock Broking Co. Pvt. Ltd.,Capital Max Securities Ltd,20,617.5,12350.0,2025-09-08 13:12:55.980393
2025-09-08,36991,2025090804006314,MEN,Bhrikuti Stock Broking Co. Pvt. Ltd.,Naasa Securities Co. Ltd.,250,617.5,154375.0,2025-09-08 13:14:35.505249
2025-09-08,36990,2025090804006315,MEN,Primo Securities (PVT) Ltd.,Naasa Securities Co. Ltd.,200,617.5,123500.0,2025-09-08 13:14:35.505344
2025-09-08,36989,2025090804006316,MEN,Sagarmatha Securities Private Limited,Naasa Securities Co. Ltd.,100,617.0,61700.0,2025-09-08 13:14:35.505395
2025-09-08,36988,2025090804006317,MEN,Sweta Securities Private Limited,Naasa Securities Co. Ltd.,152,617.0,93784.0,2025-09-08 13:14:35.505418
2025-09-08,36089,2025090804006585,MEN,Neev Securities Pvt. Ltd.,ABC Securities Private Limited,100,617.1,61710.0,2025-09-08 13:18:33.588646
2025-09-08,36088,2025090804006586,MEN,Naasa Securities Co. Ltd.,ABC Securities Private Limited,120,617.0,74040.0,2025-09-08 13:18:33.588715
2025-09-08,36087,2025090804006587,MEN,Bhrikuti Stock Broking Co. Pvt. Ltd.,ABC Securities Private Limited,40,616.5,24660.0,2025-09-08 13:18:33.588742
2025-09-08,36086,2025090804006588,MEN,Dynamic Money Managers Securities Pvt. Ltd.,ABC Securities Private Limited,190,616.0,117040.0,2025-09-08 13:18:33.588769
2025-09-08,36085,2025090804006589,MEN,Secured Securities Ltd.,ABC Securities Private Limited,23,616.0,14168.0,2025-09-08 13:18:33.588796
2025-09-08,36084,2025090804006590,MEN,Siprabi Securities Pvt. Ltd.,ABC Securities Private Limited,100,616.0,61600.0,2025-09-08 13:18:33.588820
2025-09-08,36083,2025090804006591,MEN,Sewa Securities Pvt. Ltd.,ABC Securities Private Limited,100,616.0,61600.0,2025-09-08 13:18:33.588849
2025-09-08,36082,2025090804006592,MEN,Dynamic Money Managers Securities Pvt. Ltd.,ABC Securities Private Limited,500,615.3,307650.0,2025-09-08 13:18:33.588879
2025-09-08,36081,2025090804006593,MEN,Siprabi Securities Pvt. Ltd.,ABC Securities Private Limited,18,615.0,11070.0,2025-09-08 13:18:33.588906
2025-09-08,36080,2025090804006594,MEN,Indira securities pvt. ltd,ABC Securities Private Limited,200,615.0,123000.0,2025-09-08 13:18:33.588934
2025-09-08,36079,2025090804006595,MEN,Nepal Investment And Securities Trading Private Limited,ABC Securities Private Limited,130,615.0,79950.0,2025-09-08 13:18:33.588958
2025-09-08,36078,2025090804006596,MEN,Premier Securities Company Ltd.,ABC Securities Private Limited,10,615.0,6150.0,2025-09-08 13:18:33.588983
2025-09-08,36077,2025090804006597,MEN,Dipshikha Dhitopatra Karobar Co. Pvt Ltd.,ABC Securities Private Limited,100,615.0,61500.0,2025-09-08 13:18:33.589008
2025-09-08,36076,2025090804006598,MEN,Nepal Stock House (PVT) Ltd.,ABC Securities Private Limited,20,615.0,12300.0,2025-09-08 13:18:33.589035
2025-09-08,36075,2025090804006599,MEN,J.F. Securites (PVT) Ltd.,ABC Securities Private Limited,100,615.0,61500.0,2025-09-08 13:18:33.589058
2025-09-08,36074,2025090804006600,MEN,Vision Securities Pvt. Ltd,ABC Securities Private Limited,50,615.0,30750.0,2025-09-08 13:18:33.589082
2025-09-08,36073,2025090804006601,MEN,Creative Securities Pvt Ltd,ABC Securities Private Limited,150,615.0,92250.0,2025-09-08 13:18:33.589105
2025-09-08,36072,2025090804006602,MEN,Capital Hub P. Ltd,ABC Securities Private Limited,49,615.0,30135.0,2025-09-08 13:18:33.589132
2025-09-08,35504,2025090804006745,MEN,Capital Hub P. Ltd,Naasa Securities Co. Ltd.,18,615.0,11070.0,2025-09-08 13:20:51.708947
2025-09-08,35356,2025090804006776,MEN,Capital Hub P. Ltd,ABC Securities Private Limited,133,615.0,81795.0,2025-09-08 13:21:22.381411
2025-09-08,35355,2025090804006777,MEN,Indira securities pvt. ltd,ABC Securities Private Limited,200,614.0,122800.0,2025-09-08 13:21:22.381452
2025-09-08,35354,2025090804006778,MEN,Indira securities pvt. ltd,ABC Securities Private Limited,200,613.0,122600.0,2025-09-08 13:21:22.381479
2025-09-08,35353,2025090804006779,MEN,Vision Securities Pvt. Ltd,ABC Securities Private Limited,300,613.0,183900.0,2025-09-08 13:21:22.381504
2025-09-08,35352,2025090804006780,MEN,Indira securities pvt. ltd,ABC Securities Private Limited,200,612.3,122460.0,2025-09-08 13:21:22.381533
2025-09-08,35351,2025090804006781,MEN,Dynamic Money Managers Securities Pvt. Ltd.,ABC Securities Private Limited,967,612.2,591997.4,2025-09-08 13:21:22.381560
2025-09-08,35301,2025090804006798,MEN,Dynamic Money Managers Securities Pvt. Ltd.,ABC Securities Private Limited,33,612.2,20202.6,2025-09-08 13:21:33.425408
2025-09-08,35300,2025090804006799,MEN,Shree Krishna Securities Ltd.,ABC Securities Private Limited,50,612.0,30600.0,2025-09-08 13:21:33.425455
2025-09-08,35299,2025090804006800,MEN,Aakashbhairab Securities Ltd.,ABC Securities Private Limited,100,611.2,61120.0,2025-09-08 13:21:33.425489
2025-09-08,35298,2025090804006801,MEN,Primo Securities (PVT) Ltd.,ABC Securities Private Limited,2000,611.1,1222200.0,2025-09-08 13:21:33.425518
2025-09-08,35297,2025090804006802,MEN,Indira securities pvt. ltd,ABC Securities Private Limited,150,611.0,91650.0,2025-09-08 13:21:33.425546
2025-09-08,35296,2025090804006803,MEN,Linch Stock Market Ltd.,ABC Securities Private Limited,167,611.0,102037.0,2025-09-08 13:21:33.425573
2025-09-08,33407,2025090804007255,MEN,Nepal Investment And Securities Trading Private Limited,Opal Securities Investment (PVT) Ltd.,13,617.5,8027.5,2025-09-08 13:28:04.561186
2025-09-08,32890,2025090804007393,MEN,Nepal Investment And Securities Trading Private Limited,Imperial Securities Company Pvt. Ltd.,10,619.0,6190.0,2025-09-08 13:29:56.027673
2025-09-08,32320,2025090804007512,MEN,Nepal Investment And Securities Trading Private Limited,Imperial Securities Company Pvt. Ltd.,10,619.0,6190.0,2025-09-08 13:32:22.799790
2025-09-08,32138,2025090804007550,MEN,K.B.L. Securities Limited ,Imperial Securities Company Pvt. Ltd.,30,619.0,18570.0,2025-09-08 13:33:14.021110
2025-09-08,31628,2025090804007689,MEN,Dakshinkali Investment & Securities Pvt. Ltd.,Sundhara Securities Limited,400,618.0,247200.0,2025-09-08 13:35:19.185515
2025-09-08,31571,2025090804007696,MEN,Nepal Investment And Securities Trading Private Limited,Aakashbhairab Securities Ltd.,10,619.7,6197.0,2025-09-08 13:35:37.673550
2025-09-08,31101,2025090804007824,MEN,Dakshinkali Investment & Securities Pvt. Ltd.,Dakshinkali Investment & Securities Pvt. Ltd.,5000,618.0,3090000.0,2025-09-08 13:37:50.995891
2025-09-08,29105,2025090804008327,MEN,K.B.L. Securities Limited ,Cristal Kanchanjanga Securites Pvt. Ltd.,20,614.5,12290.0,2025-09-08 13:44:47.022970
2025-09-08,28636,2025090804008456,MEN,K.B.L. Securities Limited ,Secured Securities Ltd.,30,614.5,18435.0,2025-09-08 13:46:13.612186
2025-09-08,28447,2025090804008523,MEN,Imperial Securities Company Pvt. Ltd.,Secured Securities Ltd.,100,614.2,61420.0,2025-09-08 13:46:44.140089
2025-09-08,28333,2025090804008574,MEN,K.B.L. Securities Limited ,ABC Securities Private Limited,30,614.1,18423.0,2025-09-08 13:46:59.202244
2025-09-08,28332,2025090804008575,MEN,Kalika Securities Pvt. Ltd.,ABC Securities Private Limited,100,614.0,61400.0,2025-09-08 13:46:59.202396
2025-09-08,28331,2025090804008576,MEN,Vision Securities Pvt. Ltd,ABC Securities Private Limited,100,614.0,61400.0,2025-09-08 13:46:59.202485
2025-09-08,28330,2025090804008577,MEN,Neev Securities Pvt. Ltd.,ABC Securities Private Limited,200,613.5,122700.0,2025-09-08 13:46:59.202565
2025-09-08,28329,2025090804008578,MEN,Agrawal Securities (PVT) Ltd.,ABC Securities Private Limited,17,613.2,10424.4,2025-09-08 13:46:59.202641
2025-09-08,28328,2025090804008579,MEN,Sundhara Securities Limited,ABC Securities Private Limited,10,613.2,6132.0,2025-09-08 13:46:59.202709
2025-09-08,28327,2025090804008580,MEN,Nepal Stock House (PVT) Ltd.,ABC Securities Private Limited,40,612.7,24508.0,2025-09-08 13:46:59.202799
2025-09-08,28326,2025090804008581,MEN,Nepal Stock House (PVT) Ltd.,ABC Securities Private Limited,20,612.0,12240.0,2025-09-08 13:46:59.202895
2025-09-08,28325,2025090804008582,MEN,Kohinoor Investment & Securities Pvt. Ltd.,ABC Securities Private Limited,90,612.0,55080.0,2025-09-08 13:46:59.202968
2025-09-08,28324,2025090804008583,MEN,Trisul Securities & Invt. Ltd.,ABC Securities Private Limited,65,611.6,39754.0,2025-09-08 13:46:59.203027
2025-09-08,28323,2025090804008584,MEN,Capital Max Securities Ltd,ABC Securities Private Limited,30,611.5,18345.0,2025-09-08 13:46:59.203142
2025-09-08,28007,2025090804008708,MEN,Capital Max Securities Ltd,Sundhara Securities Limited,70,611.5,42805.0,2025-09-08 13:47:40.029561
2025-09-08,28006,2025090804008709,MEN,Trishakti Securities Public Limited,Sundhara Securities Limited,30,611.3,18339.0,2025-09-08 13:47:40.029836
2025-09-08,26996,2025090804008971,MEN,Trishakti Securities Public Limited,ABC Securities Private Limited,40,611.3,24452.0,2025-09-08 13:50:10.098523
2025-09-08,26995,2025090804008972,MEN,Imperial Securities Company Pvt. Ltd.,ABC Securities Private Limited,100,611.3,61130.0,2025-09-08 13:50:10.098706
2025-09-08,26994,2025090804008973,MEN,Naasa Securities Co. Ltd.,ABC Securities Private Limited,100,611.1,61110.0,2025-09-08 13:50:10.098772
2025-09-08,26993,2025090804008974,MEN,Primo Securities (PVT) Ltd.,ABC Securities Private Limited,110,611.0,67210.0,2025-09-08 13:50:10.098832
2025-09-08,25722,2025090804009281,MEN,Kohinoor Investment & Securities Pvt. Ltd.,Trademow Securities Private Limited,100,611.3,61130.0,2025-09-08 13:53:04.366420
2025-09-08,25721,2025090804009282,MEN,Dipshikha Dhitopatra Karobar Co. Pvt Ltd.,Trademow Securities Private Limited,500,611.2,305600.0,2025-09-08 13:53:04.366600
2025-09-08,25670,2025090804009295,MEN,Dipshikha Dhitopatra Karobar Co. Pvt Ltd.,Indira securities pvt. ltd,100,611.2,61120.0,2025-09-08 13:53:13.139573
2025-09-08,25593,2025090804009305,MEN,Dipshikha Dhitopatra Karobar Co. Pvt Ltd.,Trisul Securities & Invt. Ltd.,500,611.2,305600.0,2025-09-08 13:53:23.858255
2025-09-08,25063,2025090804009455,MEN,Dipshikha Dhitopatra Karobar Co. Pvt Ltd.,Trisul Securities & Invt. Ltd.,500,611.2,305600.0,2025-09-08 13:54:23.138934
2025-09-08,23870,2025090804009793,MEN,Dipshikha Dhitopatra Karobar Co. Pvt Ltd.,Vision Securities Pvt. Ltd,400,611.2,244480.0,2025-09-08 13:56:48.323729
2025-09-08,23636,2025090804009853,MEN,Swarna Laxmi Securities Pvt. Ltd.,Vision Securities Pvt. Ltd,25,611.1,15277.5,2025-09-08 13:57:16.560567
2025-09-08,23635,2025090804009854,MEN,Sundhara Securities Limited,Vision Securities Pvt. Ltd,55,611.0,33605.0,2025-09-08 13:57:16.560867
2025-09-08,22785,2025090804010087,MEN,Sundhara Securities Limited,Aryatara Investment & Securities,45,611.0,27495.0,2025-09-08 13:59:13.148575
2025-09-08,22784,2025090804010088,MEN,Sewa Securities Pvt. Ltd.,Aryatara Investment & Securities,100,611.0,61100.0,2025-09-08 13:59:13.148758
2025-09-08,22783,2025090804010089,MEN,Cristal Kanchanjanga Securites Pvt. Ltd.,Aryatara Investment & Securities,100,610.5,61050.0,2025-09-08 13:59:13.148823
2025-09-08,22782,2025090804010090,MEN,Capital Max Securities Ltd,Aryatara Investment & Securities,20,610.5,12210.0,2025-09-08 13:59:13.148887
2025-09-08,22688,2025090804010119,MEN,Sundhara Securities Limited,Dynamic Money Managers Securities Pvt. Ltd.,10,611.0,6110.0,2025-09-08 13:59:27.158127
2025-09-08,22678,2025090804010120,MEN,Capital Max Securities Ltd,Online Securities Pvt. Ltd.,35,610.5,21367.5,2025-09-08 13:59:27.873858
2025-09-08,22677,2025090804010121,MEN,Ashutosh Brokerage & Securities (PVT) Ltd.,Online Securities Pvt. Ltd.,100,610.4,61040.0,2025-09-08 13:59:27.874027
2025-09-08,22676,2025090804010122,MEN,Neev Securities Pvt. Ltd.,Online Securities Pvt. Ltd.,865,610.4,527996.0,2025-09-08 13:59:27.874088
2025-09-08,22473,2025090804010177,MEN,Neev Securities Pvt. Ltd.,Online Securities Pvt. Ltd.,135,610.4,82404.0,2025-09-08 13:59:54.027388
2025-09-08,22472,2025090804010178,MEN,Dynamic Money Managers Securities Pvt. Ltd.,Online Securities Pvt. Ltd.,965,610.3,588939.5,2025-09-08 13:59:54.027579
2025-09-08,21495,2025090804010382,MEN,Oxford Securities Pvt. Ltd.,Trisul Securities & Invt. Ltd.,300,611.0,183300.0,2025-09-08 14:01:47.069373
2025-09-08,21494,2025090804010383,MEN,Nepal Stock House (PVT) Ltd.,Trisul Securities & Invt. Ltd.,500,611.0,305500.0,2025-09-08 14:01:47.069474
2025-09-08,21493,2025090804010384,MEN,Secured Securities Ltd.,Trisul Securities & Invt. Ltd.,150,610.2,91530.0,2025-09-08 14:01:47.069583
2025-09-08,21492,2025090804010385,MEN,Siprabi Securities Pvt. Ltd.,Trisul Securities & Invt. Ltd.,50,610.1,30505.0,2025-09-08 14:01:47.069658
2025-09-08,21291,2025090804010422,MEN,Siprabi Securities Pvt. Ltd.,Naasa Securities Co. Ltd.,50,610.1,30505.0,2025-09-08 14:02:14.370621
2025-09-08,21290,2025090804010423,MEN,Dipshikha Dhitopatra Karobar Co. Pvt Ltd.,Naasa Securities Co. Ltd.,100,610.1,61010.0,2025-09-08 14:02:14.370797
2025-09-08,21289,2025090804010424,MEN,Imperial Securities Company Pvt. Ltd.,Naasa Securities Co. Ltd.,100,610.0,61000.0,2025-09-08 14:02:14.370863
2025-09-08,21288,2025090804010425,MEN,Agrawal Securities (PVT) Ltd.,Naasa Securities Co. Ltd.,500,610.0,305000.0,2025-09-08 14:02:14.370920
2025-09-08,21287,2025090804010426,MEN,Dynamic Money Managers Securities Pvt. Ltd.,Naasa Securities Co. Ltd.,300,610.0,183000.0,2025-09-08 14:02:14.370978
2025-09-08,21286,2025090804010427,MEN,KALASH STOCK MARKET PVT. LTD.,Naasa Securities Co. Ltd.,100,610.0,61000.0,2025-09-08 14:02:14.371036
2025-09-08,21285,2025090804010428,MEN,Deevyaa Securities & Stock House Pvt. Ltd,Naasa Securities Co. Ltd.,100,610.0,61000.0,2025-09-08 14:02:14.371130
2025-09-08,21284,2025090804010429,MEN,Capital Hub P. Ltd,Naasa Securities Co. Ltd.,200,610.0,122000.0,2025-09-08 14:02:14.371198
2025-09-08,21283,2025090804010430,MEN,Imperial Securities Company Pvt. Ltd.,Naasa Securities Co. Ltd.,250,610.0,152500.0,2025-09-08 14:02:14.371280
2025-09-08,21282,2025090804010431,MEN,Aryatara Investment & Securities,Naasa Securities Co. Ltd.,700,610.0,427000.0,2025-09-08 14:02:14.371347
2025-09-08,20265,2025090804010676,MEN,Aryatara Investment & Securities,Bhrikuti Stock Broking Co. Pvt. Ltd.,10,610.0,6100.0,2025-09-08 14:04:31.210040
2025-09-08,20071,2025090804010711,MEN,Aryatara Investment & Securities,Vision Securities Pvt. Ltd,105,610.0,64050.0,2025-09-08 14:05:04.094260
2025-09-08,20070,2025090804010712,MEN,Dynamic Money Managers Securities Pvt. Ltd.,Vision Securities Pvt. Ltd,60,610.0,36600.0,2025-09-08 14:05:04.094542
2025-09-08,20069,2025090804010713,MEN,Sundhara Securities Limited,Vision Securities Pvt. Ltd,10,610.0,6100.0,2025-09-08 14:05:04.094706
2025-09-08,20068,2025090804010714,MEN,Online Securities Pvt. Ltd.,Vision Securities Pvt. Ltd,19,610.0,11590.0,2025-09-08 14:05:04.094864
2025-09-08,20067,2025090804010715,MEN,Sundhara Securities Limited,Vision Securities Pvt. Ltd,20,609.0,12180.0,2025-09-08 14:05:04.095025
2025-09-08,20066,2025090804010716,MEN,Sani Securities Company Ltd.,Vision Securities Pvt. Ltd,500,608.6,304300.0,2025-09-08 14:05:04.095185
2025-09-08,20065,2025090804010717,MEN,South Asian Bulls Pvt. Ltd.,Vision Securities Pvt. Ltd,50,608.0,30400.0,2025-09-08 14:05:04.095350
2025-09-08,20064,2025090804010718,MEN,Sumeru Securities Pvt. Ltd.,Vision Securities Pvt. Ltd,210,608.0,127680.0,2025-09-08 14:05:04.095499
2025-09-08,19838,2025090804010777,MEN,South Asian Bulls Pvt. Ltd.,Imperial Securities Company Pvt. Ltd.,50,607.7,30385.0,2025-09-08 14:05:42.168494
2025-09-08,19837,2025090804010778,MEN,Online Securities Pvt. Ltd.,Imperial Securities Company Pvt. Ltd.,500,607.6,303800.0,2025-09-08 14:05:42.168764
2025-09-08,19836,2025090804010779,MEN,Sri Hari Securities Pvt. Ltd.,Imperial Securities Company Pvt. Ltd.,550,607.0,333850.0,2025-09-08 14:05:42.168937
2025-09-08,19674,2025090804010833,MEN,Sri Hari Securities Pvt. Ltd.,Naasa Securities Co. Ltd.,178,607.0,108046.0,2025-09-08 14:06:09.497491
2025-09-08,19554,2025090804010871,MEN,Primo Securities (PVT) Ltd.,Vision Securities Pvt. Ltd,26,608.0,15808.0,2025-09-08 14:06:31.637611
2025-09-08,19509,2025090804010886,MEN,Primo Securities (PVT) Ltd.,Siprabi Securities Pvt. Ltd.,40,608.0,24320.0,2025-09-08 14:06:41.505589
2025-09-08,19412,2025090804010921,MEN,Primo Securities (PVT) Ltd.,Kumari Securities Private Limited,34,608.0,20672.0,2025-09-08 14:06:59.421042
2025-09-08,19264,2025090804010980,MEN,Sundhara Securities Limited,Dipshikha Dhitopatra Karobar Co. Pvt Ltd.,30,607.5,18225.0,2025-09-08 14:07:25.053261
2025-09-08,19132,2025090804011020,MEN,South Asian Bulls Pvt. Ltd.,ABC Securities Private Limited,30,607.1,18213.0,2025-09-08 14:07:49.224466
2025-09-08,19131,2025090804011021,MEN,Asian Securities Private Ltd.,ABC Securities Private Limited,50,607.1,30355.0,2025-09-08 14:07:49.224564
2025-09-08,19130,2025090804011022,MEN,Sri Hari Securities Pvt. Ltd.,ABC Securities Private Limited,1930,607.0,1171510.0,2025-09-08 14:07:49.224662
2025-09-08,19073,2025090804011054,MEN,Primo Securities (PVT) Ltd.,Capital Max Securities Ltd,20,607.5,12150.0,2025-09-08 14:07:55.987956
2025-09-08,18899,2025090804011090,MEN,Primo Securities (PVT) Ltd.,ABC Securities Private Limited,70,607.5,42525.0,2025-09-08 14:08:27.450083
2025-09-08,18898,2025090804011091,MEN,Sri Hari Securities Pvt. Ltd.,ABC Securities Private Limited,342,607.0,207594.0,2025-09-08 14:08:27.450211
2025-09-08,18897,2025090804011092,MEN,Aryatara Investment & Securities,ABC Securities Private Limited,87,607.0,52809.0,2025-09-08 14:08:27.450272
2025-09-08,18896,2025090804011093,MEN,Vision Securities Pvt. Ltd,ABC Securities Private Limited,100,607.0,60700.0,2025-09-08 14:08:27.450354
2025-09-08,18895,2025090804011094,MEN,ABC Securities Private Limited,ABC Securities Private Limited,1000,607.0,607000.0,2025-09-08 14:08:27.450416
2025-09-08,18894,2025090804011095,MEN,Oxford Securities Pvt. Ltd.,ABC Securities Private Limited,29,607.0,17603.0,2025-09-08 14:08:27.450478
2025-09-08,18893,2025090804011096,MEN,Kohinoor Investment & Securities Pvt. Ltd.,ABC Securities Private Limited,60,606.2,36372.0,2025-09-08 14:08:27.450541
2025-09-08,18892,2025090804011097,MEN,Sundhara Securities Limited,ABC Securities Private Limited,50,606.1,30305.0,2025-09-08 14:08:27.450605
2025-09-08,18891,2025090804011098,MEN,Market Securities & Exchange (PVT) Ltd.,ABC Securities Private Limited,50,606.1,30305.0,2025-09-08 14:08:27.450696
2025-09-08,18890,2025090804011099,MEN,Nepal Investment And Securities Trading Private Limited,ABC Securities Private Limited,202,606.0,122412.0,2025-09-08 14:08:27.450764
2025-09-08,18507,2025090804011182,MEN,Malla & Malla Stock Broking Company Pvt. Limited,Kumari Securities Private Limited,66,608.0,40128.0,2025-09-08 14:09:45.134203
2025-09-08,18506,2025090804011183,MEN,Malla & Malla Stock Broking Company Pvt. Limited,Sani Securities Company Ltd.,10,608.0,6080.0,2025-09-08 14:09:45.134427
2025-09-08,18241,2025090804011253,MEN,Malla & Malla Stock Broking Company Pvt. Limited,Vision Securities Pvt. Ltd,200,608.0,121600.0,2025-09-08 14:10:35.509250
2025-09-08,18029,2025090804011316,MEN,Malla & Malla Stock Broking Company Pvt. Limited,Siprabi Securities Pvt. Ltd.,124,608.0,75392.0,2025-09-08 14:11:14.801651
2025-09-08,18028,2025090804011317,MEN,Aryatara Investment & Securities,Siprabi Securities Pvt. Ltd.,10,608.0,6080.0,2025-09-08 14:11:14.801818
2025-09-08,18027,2025090804011318,MEN,Sani Securities Company Ltd.,Siprabi Securities Pvt. Ltd.,66,608.0,40128.0,2025-09-08 14:11:14.801899
2025-09-08,16945,2025090804011641,MEN,Sani Securities Company Ltd.,Online Securities Pvt. Ltd.,13,608.0,7904.0,2025-09-08 14:14:59.941602
2025-09-08,16300,2025090804011807,MEN,Sani Securities Company Ltd.,Kohinoor Investment & Securities Pvt. Ltd.,200,610.0,122000.0,2025-09-08 14:16:55.229503
2025-09-08,16173,2025090804011829,MEN,Sani Securities Company Ltd.,Online Securities Pvt. Ltd.,3,600.0,1800.0,2025-09-08 14:17:21.431334
2025-09-08,16015,2025090804011852,MEN,SHUBHAKAMANA SECURITIES PVT. LTD,Sani Securities Company Ltd.,500,613.0,306500.0,2025-09-08 14:18:00.616573
2025-09-08,16003,2025090804011856,MEN,Sundhara Securities Limited,Siprabi Securities Pvt. Ltd.,100,609.0,60900.0,2025-09-08 14:18:02.172215
2025-09-08,15118,2025090804012104,MEN,Sani Securities Company Ltd.,Naasa Securities Co. Ltd.,20,610.0,12200.0,2025-09-08 14:21:04.484268
2025-09-08,14109,2025090804012310,MEN,Investment Management Nepal Pvt. Ltd.,Naasa Securities Co. Ltd.,10,611.0,6110.0,2025-09-08 14:24:38.040214
2025-09-08,14098,2025090804012315,MEN,Linch Stock Market Ltd.,Naasa Securities Co. Ltd.,50,612.0,30600.0,2025-09-08 14:24:41.419805
2025-09-08,14097,2025090804012316,MEN,Linch Stock Market Ltd.,Naasa Securities Co. Ltd.,50,612.0,30600.0,2025-09-08 14:24:41.420128
2025-09-08,14096,2025090804012317,MEN,Linch Stock Market Ltd.,Premier Securities Company Ltd.,50,613.0,30650.0,2025-09-08 14:24:41.420343
2025-09-08,14095,2025090804012318,MEN,Linch Stock Market Ltd.,Investment Management Nepal Pvt. Ltd.,245,613.0,150185.0,2025-09-08 14:24:41.420543
2025-09-08,13969,2025090804012345,MEN,Investment Management Nepal Pvt. Ltd.,Sundhara Securities Limited,10,613.0,6130.0,2025-09-08 14:25:08.185157
2025-09-08,13888,2025090804012376,MEN,Investment Management Nepal Pvt. Ltd.,Nepal Stock House (PVT) Ltd.,20,613.0,12260.0,2025-09-08 14:25:26.258149
2025-09-08,13570,2025090804012450,MEN,Vision Securities Pvt. Ltd,Capital Max Securities Ltd,40,613.0,24520.0,2025-09-08 14:26:39.474338
2025-09-08,13560,2025090804012453,MEN,Midas Stock Broking Company Private Limited,Dynamic Money Managers Securities Pvt. Ltd.,3,611.0,1833.0,2025-09-08 14:26:41.645751
2025-09-08,13559,2025090804012454,MEN,Naasa Securities Co. Ltd.,Naasa Securities Co. Ltd.,49930,614.5,30681985.0,2025-09-08 14:26:42.354047
2025-09-08,13440,2025090804012493,MEN,Naasa Securities Co. Ltd.,Naasa Securities Co. Ltd.,18515,614.5,11377467.5,2025-09-08 14:27:14.733953
2025-09-08,13306,2025090804012528,MEN,Vision Securities Pvt. Ltd,Trademow Securities Private Limited,160,613.0,98080.0,2025-09-08 14:27:47.871513
2025-09-08,13305,2025090804012529,MEN,Online Securities Pvt. Ltd.,Trademow Securities Private Limited,100,613.0,61300.0,2025-09-08 14:27:47.871706
2025-09-08,12213,2025090804012783,MEN,Cristal Kanchanjanga Securites Pvt. Ltd.,Opal Securities Investment (PVT) Ltd.,13,612.0,7956.0,2025-09-08 14:31:47.025485
2025-09-08,11735,2025090804012897,MEN,Cristal Kanchanjanga Securites Pvt. Ltd.,Dakshinkali Investment & Securities Pvt. Ltd.,10,614.0,6140.0,2025-09-08 14:33:46.523124
2025-09-08,11496,2025090804012965,MEN,Cristal Kanchanjanga Securites Pvt. Ltd.,Nepal Stock House (PVT) Ltd.,12,614.2,7370.4,2025-09-08 14:34:54.770521
2025-09-08,11432,2025090804012993,MEN,Deevyaa Securities & Stock House Pvt. Ltd,Primo Securities (PVT) Ltd.,200,614.7,122940.0,2025-09-08 14:35:11.679353
2025-09-08,11431,2025090804012994,MEN,Deevyaa Securities & Stock House Pvt. Ltd,Dynamic Money Managers Securities Pvt. Ltd.,100,614.9,61490.0,2025-09-08 14:35:11.679531
2025-09-08,11369,2025090804013007,MEN,Nabil Stock Dealer Ltd.,Primo Securities (PVT) Ltd.,67,612.2,41017.4,2025-09-08 14:35:33.022772
2025-09-08,11270,2025090804013024,MEN,Sumeru Securities Pvt. Ltd.,Sri Hari Securities Pvt. Ltd.,20,614.9,12298.0,2025-09-08 14:36:04.840220
2025-09-08,11022,2025090804013067,MEN,Linch Stock Market Ltd.,Primo Securities (PVT) Ltd.,100,614.6,61460.0,2025-09-08 14:36:51.196683
2025-09-08,10853,2025090804013109,MEN,Linch Stock Market Ltd.,Dakshinkali Investment & Securities Pvt. Ltd.,15,614.6,9219.0,2025-09-08 14:37:40.417230
2025-09-08,10639,2025090804013183,MEN,Linch Stock Market Ltd.,Primo Securities (PVT) Ltd.,100,614.7,61470.0,2025-09-08 14:38:26.677217
2025-09-08,10608,2025090804013185,MEN,Linch Stock Market Ltd.,BHOLE GANESH SECURITIES LTD,13,612.5,7962.5,2025-09-08 14:38:28.492685
2025-09-08,10476,2025090804013215,MEN,Aryatara Investment & Securities,Dakshinkali Investment & Securities Pvt. Ltd.,11,614.7,6761.7,2025-09-08 14:38:56.668772
2025-09-08,10451,2025090804013230,MEN,Linch Stock Market Ltd.,Primo Securities (PVT) Ltd.,100,614.8,61480.0,2025-09-08 14:39:01.871998
2025-09-08,9807,2025090804013432,MEN,Linch Stock Market Ltd.,Nepal Stock House (PVT) Ltd.,20,614.4,12288.0,2025-09-08 14:41:25.715571
2025-09-08,9660,2025090804013503,MEN,Sri Hari Securities Pvt. Ltd.,Capital Max Securities Ltd,50,614.8,30740.0,2025-09-08 14:41:48.276430
2025-09-08,9494,2025090804013583,MEN,Linch Stock Market Ltd.,Linch Stock Market Ltd.,87,612.5,53287.5,2025-09-08 14:42:13.910388
2025-09-08,9493,2025090804013584,MEN,Naasa Securities Co. Ltd.,Linch Stock Market Ltd.,13,612.5,7962.5,2025-09-08 14:42:13.910626
2025-09-08,9049,2025090804013674,MEN,Naasa Securities Co. Ltd.,Naasa Securities Co. Ltd.,10,612.5,6125.0,2025-09-08 14:43:42.701626
2025-09-08,8999,2025090804013694,MEN,Naasa Securities Co. Ltd.,Bhrikuti Stock Broking Co. Pvt. Ltd.,13,612.5,7962.5,2025-09-08 14:43:54.160740
2025-09-08,8842,2025090804013741,MEN,Hatemalo Financial Services Private Limited,Sri Hari Securities Pvt. Ltd.,480,614.9,295152.0,2025-09-08 14:44:15.932451
2025-09-08,8841,2025090804013742,MEN,Hatemalo Financial Services Private Limited,Online Securities Pvt. Ltd.,200,615.0,123000.0,2025-09-08 14:44:15.932680
2025-09-08,8840,2025090804013743,MEN,Hatemalo Financial Services Private Limited,Premier Securities Company Ltd.,10,615.0,6150.0,2025-09-08 14:44:15.932762
2025-09-08,8839,2025090804013744,MEN,Hatemalo Financial Services Private Limited,Siprabi Securities Pvt. Ltd.,92,615.0,56580.0,2025-09-08 14:44:15.932831
2025-09-08,8651,2025090804013790,MEN,Hatemalo Financial Services Private Limited,INDEX SECURITIES LIMITED,18,615.0,11070.0,2025-09-08 14:44:47.840674
2025-09-08,7950,2025090804013958,MEN,Sweta Securities Private Limited,Dynamic Money Managers Securities Pvt. Ltd.,2,610.0,1220.0,2025-09-08 14:46:23.510593
2025-09-08,7842,2025090804013976,MEN,Aryatara Investment & Securities,Swarna Laxmi Securities Pvt. Ltd.,100,613.0,61300.0,2025-09-08 14:46:38.296349
2025-09-08,7642,2025090804014011,MEN,Aryatara Investment & Securities,MILKY WAY SHARE BROKER COMPANY LTD ,22,613.0,13486.0,2025-09-08 14:47:01.711988
2025-09-08,7641,2025090804014012,MEN,Sani Securities Company Ltd.,MILKY WAY SHARE BROKER COMPANY LTD ,70,613.0,42910.0,2025-09-08 14:47:01.712384
2025-09-08,7561,2025090804014037,MEN,Dynamic Money Managers Securities Pvt. Ltd.,Sweta Securities Private Limited,200,615.0,123000.0,2025-09-08 14:47:14.477981
2025-09-08,7208,2025090804014162,MEN,Imperial Securities Company Pvt. Ltd.,BHOLE GANESH SECURITIES LTD,100,612.7,61270.0,2025-09-08 14:48:01.026907
2025-09-08,7207,2025090804014163,MEN,Linch Stock Market Ltd.,BHOLE GANESH SECURITIES LTD,100,612.6,61260.0,2025-09-08 14:48:01.027241
2025-09-08,7206,2025090804014164,MEN,Naasa Securities Co. Ltd.,BHOLE GANESH SECURITIES LTD,214,612.5,131075.0,2025-09-08 14:48:01.027476
2025-09-08,7205,2025090804014165,MEN,Capital Max Securities Ltd,BHOLE GANESH SECURITIES LTD,100,612.5,61250.0,2025-09-08 14:48:01.027680
2025-09-08,7204,2025090804014166,MEN,Nabil Stock Dealer Ltd.,BHOLE GANESH SECURITIES LTD,33,612.2,20202.6,2025-09-08 14:48:01.027891
2025-09-08,7203,2025090804014167,MEN,Sundhara Securities Limited,BHOLE GANESH SECURITIES LTD,233,612.2,142642.6,2025-09-08 14:48:01.028101
2025-09-08,7053,2025090804014201,MEN,Sundhara Securities Limited,Sundhara Securities Limited,100,612.2,61220.0,2025-09-08 14:48:28.717405
2025-09-08,6965,2025090804014240,MEN,Sundhara Securities Limited,MILKY WAY SHARE BROKER COMPANY LTD ,167,612.2,102237.4,2025-09-08 14:48:39.968179
2025-09-08,6964,2025090804014241,MEN,Shree Krishna Securities Ltd.,MILKY WAY SHARE BROKER COMPANY LTD ,20,612.0,12240.0,2025-09-08 14:48:39.968392
2025-09-08,6963,2025090804014242,MEN,Kumari Securities Private Limited,MILKY WAY SHARE BROKER COMPANY LTD ,200,612.0,122400.0,2025-09-08 14:48:39.968468
2025-09-08,6962,2025090804014243,MEN,Naasa Securities Co. Ltd.,MILKY WAY SHARE BROKER COMPANY LTD ,10,612.0,6120.0,2025-09-08 14:48:39.968538
2025-09-08,6075,2025090804014438,MEN,Kalika Securities Pvt. Ltd.,Trishakti Securities Public Limited,180,614.9,110682.0,2025-09-08 14:50:53.529613
2025-09-08,6074,2025090804014439,MEN,Kalika Securities Pvt. Ltd.,Sri Hari Securities Pvt. Ltd.,320,615.0,196800.0,2025-09-08 14:50:53.529794
2025-09-08,5802,2025090804014508,MEN,INDEX SECURITIES LIMITED,Sri Hari Securities Pvt. Ltd.,180,615.0,110700.0,2025-09-08 14:51:27.951512
2025-09-08,5586,2025090804014565,MEN,Nepal Stock House (PVT) Ltd.,Sri Hari Securities Pvt. Ltd.,100,615.0,61500.0,2025-09-08 14:52:02.629764
2025-09-08,5133,2025090804014742,MEN,INDEX SECURITIES LIMITED,Premier Securities Company Ltd.,100,613.0,61300.0,2025-09-08 14:52:59.862746
2025-09-08,4904,2025090804014813,MEN,INDEX SECURITIES LIMITED,Dakshinkali Investment & Securities Pvt. Ltd.,10,613.0,6130.0,2025-09-08 14:53:31.443691
2025-09-08,4456,2025090804014928,MEN,Sri Hari Securities Pvt. Ltd.,Dakshinkali Investment & Securities Pvt. Ltd.,10,614.8,6148.0,2025-09-08 14:54:23.462491
2025-09-08,3916,2025090804015137,MEN,Neev Securities Pvt. Ltd.,INDEX SECURITIES LIMITED,11,613.5,6748.5,2025-09-08 14:55:20.627997
2025-09-08,2735,2025090804015479,MEN,Dynamic Money Managers Securities Pvt. Ltd.,Sri Hari Securities Pvt. Ltd.,300,614.9,184470.0,2025-09-08 14:57:14.009078
2025-09-08,2734,2025090804015480,MEN,Dynamic Money Managers Securities Pvt. Ltd.,Sri Hari Securities Pvt. Ltd.,400,615.0,246000.0,2025-09-08 14:57:14.009321
2025-09-08,2733,2025090804015481,MEN,Dynamic Money Managers Securities Pvt. Ltd.,Online Securities Pvt. Ltd.,70,615.0,43050.0,2025-09-08 14:57:14.009441
2025-09-08,2732,2025090804015482,MEN,Dynamic Money Managers Securities Pvt. Ltd.,Capital Max Securities Ltd,50,615.0,30750.0,2025-09-08 14:57:14.009513
2025-09-08,2731,2025090804015483,MEN,Dynamic Money Managers Securities Pvt. Ltd.,Miyo Securities Pvt Ltd,100,615.0,61500.0,2025-09-08 14:57:14.009583
2025-09-08,2616,2025090804015509,MEN,Dynamic Money Managers Securities Pvt. Ltd.,INDEX SECURITIES LIMITED,11,615.0,6765.0,2025-09-08 14:57:23.031707
2025-09-08,2100,2025090804015633,MEN,Dynamic Money Managers Securities Pvt. Ltd.,Sri Hari Securities Pvt. Ltd.,1000,615.0,615000.0,2025-09-08 14:58:06.796659
2025-09-08,1936,2025090804015679,MEN,Dynamic Money Managers Securities Pvt. Ltd.,Kohinoor Investment & Securities Pvt. Ltd.,69,615.0,42435.0,2025-09-08 14:58:20.486031
2025-09-08,1676,2025090804015749,MEN,Kalika Securities Pvt. Ltd.,Kohinoor Investment & Securities Pvt. Ltd.,15,615.0,9225.0,2025-09-08 14:58:37.264876
2025-09-08,1572,2025090804015768,MEN,Sweta Securities Private Limited,Kohinoor Investment & Securities Pvt. Ltd.,15,615.0,9225.0,2025-09-08 14:58:44.458971
2025-09-08,1430,2025090804015799,MEN,Aryatara Investment & Securities,Kohinoor Investment & Securities Pvt. Ltd.,20,615.0,12300.0,2025-09-08 14:58:52.659083
2025-09-08,1374,2025090804015813,MEN,Sri Hari Securities Pvt. Ltd.,INDEX SECURITIES LIMITED,10,614.8,6148.0,2025-09-08 14:58:58.310213
2025-09-08,1265,2025090804015833,MEN,Sri Hari Securities Pvt. Ltd.,INDEX SECURITIES LIMITED,10,614.0,6140.0,2025-09-08 14:59:04.333420
2025-09-08,918,2025090804015913,MEN,Sri Hari Securities Pvt. Ltd.,INDEX SECURITIES LIMITED,10,614.9,6149.0,2025-09-08 14:59:22.388402
2025-09-08,897,2025090804015920,MEN,Opal Securities Investment (PVT) Ltd.,Kohinoor Investment & Securities Pvt. Ltd.,2000,615.0,1230000.0,2025-09-08 14:59:23.201192
2025-09-08,639,2025090804015988,MEN,Sani Securities Company Ltd.,ABC Securities Private Limited,170,614.0,104380.0,2025-09-08 14:59:33.146865
