Date,S.N.,contract_id,symbol,buyer_broker,seller_broker,volume,price,amount,transaction_time
2025-09-08,59652,2025090803000006,MNBBL,Cristal Kanchanjanga Securites Pvt. Ltd.,Imperial Securities Company Pvt. Ltd.,10,450.0,4500.0,2025-09-08 10:46:00.046106
2025-09-08,58525,2025090803000117,MNBBL,Trishakti Securities Public Limited,Secured Securities Ltd.,2500,441.1,1102750.0,2025-09-08 11:10:14.891631
2025-09-08,58342,2025090803000131,MNBBL,ABC Securities Private Limited,Online Securities Pvt. Ltd.,20,441.0,8820.0,2025-09-08 11:11:09.030140
2025-09-08,58322,2025090803000133,MNBBL,ABC Securities Private Limited,Thrive Brokerage House Pvt. Ltd,10,441.0,4410.0,2025-09-08 11:11:17.104361
2025-09-08,57817,2025090803000159,MNBBL,Sani Securities Company Ltd.,Aryatara Investment & Securities,10,443.0,4430.0,2025-09-08 11:14:49.399592
2025-09-08,57332,2025090803000195,MNBBL,Ashutosh Brokerage & Securities (PVT) Ltd.,Aryatara Investment & Securities,873,443.0,386739.0,2025-09-08 11:18:10.311439
2025-09-08,57331,2025090803000196,MNBBL,Ashutosh Brokerage & Securities (PVT) Ltd.,Nabil Stock Dealer Ltd.,127,443.0,56261.0,2025-09-08 11:18:10.311645
2025-09-08,56918,2025090803000228,MNBBL,Investment Management Nepal Pvt. Ltd.,Vision Securities Pvt. Ltd,50,439.0,21950.0,2025-09-08 11:20:18.040937
2025-09-08,56917,2025090803000229,MNBBL,Ashutosh Brokerage & Securities (PVT) Ltd.,Vision Securities Pvt. Ltd,500,438.3,219150.0,2025-09-08 11:20:18.041096
2025-09-08,56916,2025090803000230,MNBBL,Imperial Securities Company Pvt. Ltd.,Vision Securities Pvt. Ltd,500,438.2,219100.0,2025-09-08 11:20:18.041147
2025-09-08,56915,2025090803000231,MNBBL,Imperial Securities Company Pvt. Ltd.,Vision Securities Pvt. Ltd,1000,438.1,438100.0,2025-09-08 11:20:18.041212
2025-09-08,56571,2025090803000257,MNBBL,Nepal Stock House (PVT) Ltd.,Vision Securities Pvt. Ltd,400,438.0,175200.0,2025-09-08 11:21:54.061910
2025-09-08,56148,2025090803000306,MNBBL,Imperial Securities Company Pvt. Ltd.,Secured Securities Ltd.,500,437.6,218800.0,2025-09-08 11:23:33.809424
2025-09-08,56147,2025090803000307,MNBBL,Sumeru Securities Pvt. Ltd.,Secured Securities Ltd.,150,437.5,65625.0,2025-09-08 11:23:33.809658
2025-09-08,56146,2025090803000308,MNBBL,Nepal Stock House (PVT) Ltd.,Secured Securities Ltd.,100,437.5,43750.0,2025-09-08 11:23:33.809801
2025-09-08,56145,2025090803000309,MNBBL,Kohinoor Investment & Securities Pvt. Ltd.,Secured Securities Ltd.,150,437.4,65610.0,2025-09-08 11:23:33.809937
2025-09-08,56144,2025090803000310,MNBBL,K.B.L. Securities Limited ,Secured Securities Ltd.,103,437.1,45021.3,2025-09-08 11:23:33.810092
2025-09-08,56143,2025090803000311,MNBBL,Capital Hub P. Ltd,Secured Securities Ltd.,1000,437.1,437100.0,2025-09-08 11:23:33.810227
2025-09-08,56142,2025090803000312,MNBBL,Kohinoor Investment & Securities Pvt. Ltd.,Secured Securities Ltd.,20,437.0,8740.0,2025-09-08 11:23:33.810351
2025-09-08,56141,2025090803000313,MNBBL,Siprabi Securities Pvt. Ltd.,Secured Securities Ltd.,100,436.5,43650.0,2025-09-08 11:23:33.810488
2025-09-08,56140,2025090803000314,MNBBL,Sani Securities Company Ltd.,Secured Securities Ltd.,100,436.2,43620.0,2025-09-08 11:23:33.810619
2025-09-08,56139,2025090803000315,MNBBL,Deevyaa Securities & Stock House Pvt. Ltd,Secured Securities Ltd.,277,436.0,120772.0,2025-09-08 11:23:33.810750
2025-09-08,56016,2025090803000331,MNBBL,Naasa Securities Co. Ltd.,Nabil Stock Dealer Ltd.,173,443.0,76639.0,2025-09-08 11:24:04.589225
2025-09-08,56015,2025090803000332,MNBBL,Naasa Securities Co. Ltd.,Nepal Stock House (PVT) Ltd.,24,443.0,10632.0,2025-09-08 11:24:04.589434
2025-09-08,55594,2025090803000368,MNBBL,Naasa Securities Co. Ltd.,Trisul Securities & Invt. Ltd.,500,443.0,221500.0,2025-09-08 11:25:59.724768
2025-09-08,55593,2025090803000369,MNBBL,Naasa Securities Co. Ltd.,Dipshikha Dhitopatra Karobar Co. Pvt Ltd.,313,443.9,138940.7,2025-09-08 11:25:59.725010
2025-09-08,55592,2025090803000370,MNBBL,Naasa Securities Co. Ltd.,Nabil Stock Dealer Ltd.,187,444.0,83028.0,2025-09-08 11:25:59.725177
2025-09-08,55061,2025090803000408,MNBBL,Secured Securities Ltd.,Trisul Securities & Invt. Ltd.,15,443.0,6645.0,2025-09-08 11:28:38.819209
2025-09-08,54623,2025090803000436,MNBBL,Trisul Securities & Invt. Ltd.,Sani Securities Company Ltd.,500,438.0,219000.0,2025-09-08 11:31:03.479152
2025-09-08,54622,2025090803000437,MNBBL,Nepal Stock House (PVT) Ltd.,Sani Securities Company Ltd.,282,438.0,123516.0,2025-09-08 11:31:03.479215
2025-09-08,54552,2025090803000447,MNBBL,Secured Securities Ltd.,Naasa Securities Co. Ltd.,25,440.0,11000.0,2025-09-08 11:31:22.217862
2025-09-08,52567,2025090803000688,MNBBL,Opal Securities Investment (PVT) Ltd.,Trisul Securities & Invt. Ltd.,55,441.8,24299.0,2025-09-08 11:41:20.406048
2025-09-08,52009,2025090803000728,MNBBL,Naasa Securities Co. Ltd.,ABC Securities Private Limited,3,443.0,1329.0,2025-09-08 11:44:24.652212
2025-09-08,50945,2025090803000853,MNBBL,South Asian Bulls Pvt. Ltd.,Premier Securities Company Ltd.,50,441.0,22050.0,2025-09-08 11:49:58.927141
2025-09-08,50092,2025090803000926,MNBBL,Bhrikuti Stock Broking Co. Pvt. Ltd.,Trisul Securities & Invt. Ltd.,70,441.8,30926.0,2025-09-08 11:54:21.971770
2025-09-08,49756,2025090803000967,MNBBL,South Asian Bulls Pvt. Ltd.,Online Securities Pvt. Ltd.,12,439.7,5276.4,2025-09-08 11:56:00.849315
2025-09-08,49112,2025090803001031,MNBBL,South Asian Bulls Pvt. Ltd.,Agrawal Securities (PVT) Ltd.,38,439.7,16708.6,2025-09-08 11:58:59.795101
2025-09-08,49111,2025090803001032,MNBBL,Imperial Securities Company Pvt. Ltd.,Agrawal Securities (PVT) Ltd.,262,439.5,115149.0,2025-09-08 11:58:59.795154
2025-09-08,48673,2025090803001086,MNBBL,Kumari Securities Private Limited,Sani Securities Company Ltd.,200,440.0,88000.0,2025-09-08 12:01:28.328839
2025-09-08,48110,2025090803001174,MNBBL,Imperial Securities Company Pvt. Ltd.,Aakashbhairab Securities Ltd.,190,442.0,83980.0,2025-09-08 12:04:38.392368
2025-09-08,48109,2025090803001175,MNBBL,Imperial Securities Company Pvt. Ltd.,Trishakti Securities Public Limited,30,442.0,13260.0,2025-09-08 12:04:38.392682
2025-09-08,48108,2025090803001176,MNBBL,Imperial Securities Company Pvt. Ltd.,Sweta Securities Private Limited,280,443.0,124040.0,2025-09-08 12:04:38.392870
2025-09-08,48050,2025090803001182,MNBBL,Imperial Securities Company Pvt. Ltd.,Sweta Securities Private Limited,220,443.0,97460.0,2025-09-08 12:05:04.653196
2025-09-08,48049,2025090803001183,MNBBL,Imperial Securities Company Pvt. Ltd.,Primo Securities (PVT) Ltd.,18,443.0,7974.0,2025-09-08 12:05:04.653329
2025-09-08,47434,2025090803001249,MNBBL,Capital Max Securities Ltd,Midas Stock Broking Company Private Limited,100,441.8,44180.0,2025-09-08 12:08:10.147135
2025-09-08,47324,2025090803001258,MNBBL,Capital Max Securities Ltd,Naasa Securities Co. Ltd.,80,441.8,35344.0,2025-09-08 12:08:43.038093
2025-09-08,46853,2025090803001312,MNBBL,Trisul Securities & Invt. Ltd.,Aryatara Investment & Securities,100,440.0,44000.0,2025-09-08 12:11:05.451544
2025-09-08,46852,2025090803001313,MNBBL,Naasa Securities Co. Ltd.,Aryatara Investment & Securities,12,440.0,5280.0,2025-09-08 12:11:05.451862
2025-09-08,46851,2025090803001314,MNBBL,Aryatara Investment & Securities,Aryatara Investment & Securities,10,439.1,4391.0,2025-09-08 12:11:05.452080
2025-09-08,46850,2025090803001315,MNBBL,Trisul Securities & Invt. Ltd.,Aryatara Investment & Securities,928,439.1,407484.8,2025-09-08 12:11:05.452298
2025-09-08,44887,2025090803001488,MNBBL,Trisul Securities & Invt. Ltd.,Secured Securities Ltd.,50,439.1,21955.0,2025-09-08 12:21:01.194035
2025-09-08,43534,2025090803001668,MNBBL,Trisul Securities & Invt. Ltd.,Naasa Securities Co. Ltd.,22,439.1,9660.2,2025-09-08 12:27:30.446480
2025-09-08,43533,2025090803001669,MNBBL,Aryatara Investment & Securities,Naasa Securities Co. Ltd.,15,439.0,6585.0,2025-09-08 12:27:30.446671
2025-09-08,43532,2025090803001670,MNBBL,Cristal Kanchanjanga Securites Pvt. Ltd.,Naasa Securities Co. Ltd.,85,439.0,37315.0,2025-09-08 12:27:30.446750
2025-09-08,43511,2025090803001679,MNBBL,Cristal Kanchanjanga Securites Pvt. Ltd.,Vision Securities Pvt. Ltd,100,439.0,43900.0,2025-09-08 12:27:35.722267
2025-09-08,43404,2025090803001694,MNBBL,Naasa Securities Co. Ltd.,Aakashbhairab Securities Ltd.,10,440.0,4400.0,2025-09-08 12:28:19.073245
2025-09-08,43403,2025090803001695,MNBBL,Naasa Securities Co. Ltd.,Midas Stock Broking Company Private Limited,16,440.0,7040.0,2025-09-08 12:28:19.073399
2025-09-08,43315,2025090803001705,MNBBL,Cristal Kanchanjanga Securites Pvt. Ltd.,Trishakti Securities Public Limited,300,439.0,131700.0,2025-09-08 12:28:50.661045
2025-09-08,43257,2025090803001710,MNBBL,Cristal Kanchanjanga Securites Pvt. Ltd.,Miyo Securities Pvt Ltd,500,439.0,219500.0,2025-09-08 12:29:09.855496
2025-09-08,43145,2025090803001720,MNBBL,Cristal Kanchanjanga Securites Pvt. Ltd.,Midas Stock Broking Company Private Limited,15,439.0,6585.0,2025-09-08 12:29:35.734291
2025-09-08,43144,2025090803001721,MNBBL,Sani Securities Company Ltd.,Midas Stock Broking Company Private Limited,100,439.0,43900.0,2025-09-08 12:29:35.734449
2025-09-08,43143,2025090803001722,MNBBL,Kumari Securities Private Limited,Midas Stock Broking Company Private Limited,50,439.0,21950.0,2025-09-08 12:29:35.734520
2025-09-08,43044,2025090803001735,MNBBL,Online Securities Pvt. Ltd.,Midas Stock Broking Company Private Limited,90,439.0,39510.0,2025-09-08 12:30:28.407950
2025-09-08,43043,2025090803001736,MNBBL,Online Securities Pvt. Ltd.,Trisul Securities & Invt. Ltd.,165,439.0,72435.0,2025-09-08 12:30:28.408303
2025-09-08,43042,2025090803001737,MNBBL,Online Securities Pvt. Ltd.,Trisul Securities & Invt. Ltd.,100,439.9,43990.0,2025-09-08 12:30:28.408544
2025-09-08,42754,2025090803001770,MNBBL,Online Securities Pvt. Ltd.,Trisul Securities & Invt. Ltd.,95,440.2,41819.0,2025-09-08 12:31:56.609637
2025-09-08,42662,2025090803001780,MNBBL,Online Securities Pvt. Ltd.,Kohinoor Investment & Securities Pvt. Ltd.,56,440.2,24651.2,2025-09-08 12:32:17.926286
2025-09-08,42551,2025090803001804,MNBBL,Miyo Securities Pvt Ltd,Naasa Securities Co. Ltd.,44,441.0,19404.0,2025-09-08 12:32:47.266553
2025-09-08,42550,2025090803001805,MNBBL,Miyo Securities Pvt Ltd,Sweta Securities Private Limited,14,441.0,6174.0,2025-09-08 12:32:47.266852
2025-09-08,42391,2025090803001816,MNBBL,Miyo Securities Pvt Ltd,Premier Securities Company Ltd.,42,441.0,18522.0,2025-09-08 12:33:19.016519
2025-09-08,42372,2025090803001817,MNBBL,Online Securities Pvt. Ltd.,Linch Stock Market Ltd.,400,440.2,176080.0,2025-09-08 12:33:26.685342
2025-09-08,42244,2025090803001821,MNBBL,Online Securities Pvt. Ltd.,Premier Securities Company Ltd.,958,440.2,421711.6,2025-09-08 12:33:51.135727
2025-09-08,41353,2025090803001962,MNBBL,Online Securities Pvt. Ltd.,Capital Max Securities Ltd,40,441.0,17640.0,2025-09-08 12:38:14.144360
2025-09-08,41352,2025090803001963,MNBBL,Online Securities Pvt. Ltd.,Capital Max Securities Ltd,66,440.2,29053.2,2025-09-08 12:38:14.144467
2025-09-08,41170,2025090803001996,MNBBL,Online Securities Pvt. Ltd.,Dynamic Money Managers Securities Pvt. Ltd.,50,440.2,22010.0,2025-09-08 12:39:58.674448
2025-09-08,41120,2025090803002003,MNBBL,Secured Securities Ltd.,Dynamic Money Managers Securities Pvt. Ltd.,20,441.9,8838.0,2025-09-08 12:40:33.638147
2025-09-08,40903,2025090803002031,MNBBL,Online Securities Pvt. Ltd.,Kalika Securities Pvt. Ltd.,191,440.2,84078.2,2025-09-08 12:42:49.126000
2025-09-08,40605,2025090803002059,MNBBL,Online Securities Pvt. Ltd.,K.B.L. Securities Limited ,500,440.2,220100.0,2025-09-08 12:46:37.045671
2025-09-08,40587,2025090803002065,MNBBL,Online Securities Pvt. Ltd.,Himalayan Brokerage Company Limited,329,440.2,144825.8,2025-09-08 12:47:09.055705
2025-09-08,40569,2025090803002068,MNBBL,Nepal Investment And Securities Trading Private Limited,Himalayan Brokerage Company Limited,250,438.1,109525.0,2025-09-08 12:47:37.373151
2025-09-08,40568,2025090803002069,MNBBL,Online Securities Pvt. Ltd.,Himalayan Brokerage Company Limited,25,438.0,10950.0,2025-09-08 12:47:37.373454
2025-09-08,40567,2025090803002070,MNBBL,ABC Securities Private Limited,Himalayan Brokerage Company Limited,396,438.0,173448.0,2025-09-08 12:47:37.373644
2025-09-08,40268,2025090803002149,MNBBL,ABC Securities Private Limited,Shree Krishna Securities Ltd.,200,438.0,87600.0,2025-09-08 12:51:12.155146
2025-09-08,40119,2025090803002194,MNBBL,Dynamic Money Managers Securities Pvt. Ltd.,Kalika Securities Pvt. Ltd.,50,440.9,22045.0,2025-09-08 12:52:15.884542
2025-09-08,39594,2025090803002262,MNBBL,Market Securities & Exchange (PVT) Ltd.,Neev Securities Pvt. Ltd.,20,438.1,8762.0,2025-09-08 12:56:23.784661
2025-09-08,36441,2025090803002671,MNBBL,Nepal Stock House (PVT) Ltd.,Trishakti Securities Public Limited,35,439.0,15365.0,2025-09-08 13:17:20.503219
2025-09-08,36200,2025090803002708,MNBBL,ABC Securities Private Limited,Online Securities Pvt. Ltd.,100,440.0,44000.0,2025-09-08 13:18:08.443907
2025-09-08,35989,2025090803002735,MNBBL,Nepal Stock House (PVT) Ltd.,Bhrikuti Stock Broking Co. Pvt. Ltd.,100,439.0,43900.0,2025-09-08 13:18:50.984732
2025-09-08,35939,2025090803002738,MNBBL,Nepal Stock House (PVT) Ltd.,Trishakti Securities Public Limited,207,439.0,90873.0,2025-09-08 13:19:00.955408
2025-09-08,35583,2025090803002810,MNBBL,Market Securities & Exchange (PVT) Ltd.,Kohinoor Investment & Securities Pvt. Ltd.,30,439.1,13173.0,2025-09-08 13:20:36.796454
2025-09-08,35582,2025090803002811,MNBBL,Nepal Stock House (PVT) Ltd.,Kohinoor Investment & Securities Pvt. Ltd.,31,439.0,13609.0,2025-09-08 13:20:36.796785
2025-09-08,35012,2025090803002893,MNBBL,Shree Krishna Securities Ltd.,Trishakti Securities Public Limited,1000,440.0,440000.0,2025-09-08 13:22:42.454868
2025-09-08,35011,2025090803002894,MNBBL,Shree Krishna Securities Ltd.,Imperial Securities Company Pvt. Ltd.,200,440.0,88000.0,2025-09-08 13:22:42.455097
2025-09-08,35008,2025090803002895,MNBBL,Shree Krishna Securities Ltd.,Agrawal Securities (PVT) Ltd.,115,440.0,50600.0,2025-09-08 13:22:43.177835
2025-09-08,34438,2025090803003015,MNBBL,Nepal Stock House (PVT) Ltd.,Nabil Stock Dealer Ltd.,82,439.0,35998.0,2025-09-08 13:24:40.562562
2025-09-08,33747,2025090803003151,MNBBL,Market Securities & Exchange (PVT) Ltd.,Nabil Stock Dealer Ltd.,30,439.0,13170.0,2025-09-08 13:27:05.912372
2025-09-08,33351,2025090803003189,MNBBL,MILKY WAY SHARE BROKER COMPANY LTD ,South Asian Bulls Pvt. Ltd.,111,438.3,48651.3,2025-09-08 13:28:15.105578
2025-09-08,33266,2025090803003204,MNBBL,MILKY WAY SHARE BROKER COMPANY LTD ,Trishakti Securities Public Limited,389,438.3,170498.7,2025-09-08 13:28:32.926316
2025-09-08,33265,2025090803003205,MNBBL,South Asian Bulls Pvt. Ltd.,Trishakti Securities Public Limited,50,438.2,21910.0,2025-09-08 13:28:32.926478
2025-09-08,33264,2025090803003206,MNBBL,ABC Securities Private Limited,Trishakti Securities Public Limited,404,438.0,176952.0,2025-09-08 13:28:32.926550
2025-09-08,33263,2025090803003207,MNBBL,Kumari Securities Private Limited,Trishakti Securities Public Limited,100,438.0,43800.0,2025-09-08 13:28:32.926621
2025-09-08,33262,2025090803003208,MNBBL,Aryatara Investment & Securities,Trishakti Securities Public Limited,500,438.0,219000.0,2025-09-08 13:28:32.926690
2025-09-08,33261,2025090803003209,MNBBL,Opal Securities Investment (PVT) Ltd.,Trishakti Securities Public Limited,500,438.0,219000.0,2025-09-08 13:28:32.926757
2025-09-08,32472,2025090803003336,MNBBL,Cristal Kanchanjanga Securites Pvt. Ltd.,Trishakti Securities Public Limited,1000,438.0,438000.0,2025-09-08 13:31:44.283536
2025-09-08,30863,2025090803003584,MNBBL,South Asian Bulls Pvt. Ltd.,Secured Securities Ltd.,50,437.3,21865.0,2025-09-08 13:38:46.754392
2025-09-08,30862,2025090803003585,MNBBL,Trishakti Securities Public Limited,Secured Securities Ltd.,200,437.2,87440.0,2025-09-08 13:38:46.754736
2025-09-08,30861,2025090803003586,MNBBL,J.F. Securites (PVT) Ltd.,Secured Securities Ltd.,123,437.2,53775.6,2025-09-08 13:38:46.754955
2025-09-08,30115,2025090803003722,MNBBL,Sweta Securities Private Limited,Siprabi Securities Pvt. Ltd.,13,437.3,5684.9,2025-09-08 13:41:57.576293
2025-09-08,30114,2025090803003723,MNBBL,Sweta Securities Private Limited,Naasa Securities Co. Ltd.,17,437.3,7434.1,2025-09-08 13:41:57.647401
2025-09-08,30113,2025090803003724,MNBBL,J.F. Securites (PVT) Ltd.,Naasa Securities Co. Ltd.,83,437.2,36287.6,2025-09-08 13:41:57.647771
2025-09-08,30094,2025090803003730,MNBBL,J.F. Securites (PVT) Ltd.,Sewa Securities Pvt. Ltd.,137,437.2,59896.4,2025-09-08 13:42:04.229830
2025-09-08,29554,2025090803003776,MNBBL,Online Securities Pvt. Ltd.,Trishakti Securities Public Limited,57,438.0,24966.0,2025-09-08 13:43:16.252303
2025-09-08,29553,2025090803003777,MNBBL,Online Securities Pvt. Ltd.,Trishakti Securities Public Limited,43,438.0,18834.0,2025-09-08 13:43:16.252645
2025-09-08,29289,2025090803003813,MNBBL,Nagarik Stock Dealer ,Trishakti Securities Public Limited,157,438.0,68766.0,2025-09-08 13:44:15.224586
2025-09-08,29288,2025090803003814,MNBBL,Nagarik Stock Dealer ,Premier Securities Company Ltd.,100,438.0,43800.0,2025-09-08 13:44:15.224914
2025-09-08,28727,2025090803003880,MNBBL,Sweta Securities Private Limited,Online Securities Pvt. Ltd.,30,437.3,13119.0,2025-09-08 13:45:56.731719
2025-09-08,28726,2025090803003881,MNBBL,Nagarik Stock Dealer ,Online Securities Pvt. Ltd.,100,437.3,43730.0,2025-09-08 13:45:56.731842
2025-09-08,28725,2025090803003882,MNBBL,J.F. Securites (PVT) Ltd.,Online Securities Pvt. Ltd.,1270,437.2,555244.0,2025-09-08 13:45:56.731910
2025-09-08,27895,2025090803003982,MNBBL,J.F. Securites (PVT) Ltd.,Premier Securities Company Ltd.,99,437.2,43282.8,2025-09-08 13:48:01.829932
2025-09-08,27608,2025090803004037,MNBBL,J.F. Securites (PVT) Ltd.,Vision Securities Pvt. Ltd,100,437.2,43720.0,2025-09-08 13:48:48.104641
2025-09-08,27484,2025090803004045,MNBBL,J.F. Securites (PVT) Ltd.,Kalika Securities Pvt. Ltd.,1000,437.2,437200.0,2025-09-08 13:49:05.027947
2025-09-08,27278,2025090803004092,MNBBL,J.F. Securites (PVT) Ltd.,Imperial Securities Company Pvt. Ltd.,100,437.2,43720.0,2025-09-08 13:49:24.564197
2025-09-08,26916,2025090803004186,MNBBL,J.F. Securites (PVT) Ltd.,Trishakti Securities Public Limited,1000,437.2,437200.0,2025-09-08 13:50:20.479101
2025-09-08,26877,2025090803004190,MNBBL,J.F. Securites (PVT) Ltd.,Trishakti Securities Public Limited,88,437.2,38473.6,2025-09-08 13:50:29.558814
2025-09-08,26876,2025090803004191,MNBBL,Bhrikuti Stock Broking Co. Pvt. Ltd.,Trishakti Securities Public Limited,50,437.2,21860.0,2025-09-08 13:50:29.559154
2025-09-08,26875,2025090803004192,MNBBL,Trisul Securities & Invt. Ltd.,Trishakti Securities Public Limited,100,437.1,43710.0,2025-09-08 13:50:29.559368
2025-09-08,26874,2025090803004193,MNBBL,Shree Krishna Securities Ltd.,Trishakti Securities Public Limited,1000,437.1,437100.0,2025-09-08 13:50:29.559572
2025-09-08,26873,2025090803004194,MNBBL,Online Securities Pvt. Ltd.,Trishakti Securities Public Limited,1000,437.0,437000.0,2025-09-08 13:50:29.559779
2025-09-08,26872,2025090803004195,MNBBL,Agrawal Securities (PVT) Ltd.,Trishakti Securities Public Limited,100,437.0,43700.0,2025-09-08 13:50:29.559971
2025-09-08,26871,2025090803004196,MNBBL,Nepal Stock House (PVT) Ltd.,Trishakti Securities Public Limited,18,437.0,7866.0,2025-09-08 13:50:29.560183
2025-09-08,26870,2025090803004197,MNBBL,Online Securities Pvt. Ltd.,Trishakti Securities Public Limited,25,437.0,10925.0,2025-09-08 13:50:29.560377
2025-09-08,26869,2025090803004198,MNBBL,Market Securities & Exchange (PVT) Ltd.,Trishakti Securities Public Limited,10,437.0,4370.0,2025-09-08 13:50:29.560573
2025-09-08,26868,2025090803004199,MNBBL,Capital Max Securities Ltd,Trishakti Securities Public Limited,45,437.0,19665.0,2025-09-08 13:50:29.560758
2025-09-08,26867,2025090803004200,MNBBL,Shree Krishna Securities Ltd.,Trishakti Securities Public Limited,64,437.0,27968.0,2025-09-08 13:50:29.560957
2025-09-08,26835,2025090803004212,MNBBL,Bhrikuti Stock Broking Co. Pvt. Ltd.,Naasa Securities Co. Ltd.,5,430.0,2150.0,2025-09-08 13:50:33.620684
2025-09-08,26758,2025090803004222,MNBBL,Shree Krishna Securities Ltd.,Kumari Securities Private Limited,850,437.0,371450.0,2025-09-08 13:50:46.865697
2025-09-08,26637,2025090803004249,MNBBL,Shree Krishna Securities Ltd.,Market Securities & Exchange (PVT) Ltd.,93,437.0,40641.0,2025-09-08 13:51:02.401382
2025-09-08,26636,2025090803004250,MNBBL,Shree Krishna Securities Ltd.,Market Securities & Exchange (PVT) Ltd.,407,437.0,177859.0,2025-09-08 13:51:02.401705
2025-09-08,26192,2025090803004312,MNBBL,Shree Krishna Securities Ltd.,Trishakti Securities Public Limited,123,437.0,53751.0,2025-09-08 13:51:54.096904
2025-09-08,26077,2025090803004333,MNBBL,Shree Krishna Securities Ltd.,Online Securities Pvt. Ltd.,650,437.0,284050.0,2025-09-08 13:52:14.720675
2025-09-08,25815,2025090803004375,MNBBL,Swarna Laxmi Securities Pvt. Ltd.,Indira securities pvt. ltd,50,437.1,21855.0,2025-09-08 13:52:47.079315
2025-09-08,25814,2025090803004376,MNBBL,Swarna Laxmi Securities Pvt. Ltd.,Nepal Stock House (PVT) Ltd.,450,437.1,196695.0,2025-09-08 13:52:47.575721
2025-09-08,25803,2025090803004377,MNBBL,Shree Krishna Securities Ltd.,N.I.M.B. Stock Markets Limited,1000,437.0,437000.0,2025-09-08 13:52:51.549638
2025-09-08,25696,2025090803004395,MNBBL,Shree Krishna Securities Ltd.,Dakshinkali Investment & Securities Pvt. Ltd.,200,437.0,87400.0,2025-09-08 13:53:09.686369
2025-09-08,25683,2025090803004402,MNBBL,Shree Krishna Securities Ltd.,Nepal Stock House (PVT) Ltd.,100,437.0,43700.0,2025-09-08 13:53:11.410807
2025-09-08,25578,2025090803004439,MNBBL,Shree Krishna Securities Ltd.,Nepal Stock House (PVT) Ltd.,50,437.0,21850.0,2025-09-08 13:53:25.090543
2025-09-08,25347,2025090803004466,MNBBL,Shree Krishna Securities Ltd.,Nagarik Stock Dealer ,470,437.0,205390.0,2025-09-08 13:53:54.918441
2025-09-08,25346,2025090803004467,MNBBL,Naasa Securities Co. Ltd.,Nagarik Stock Dealer ,100,437.0,43700.0,2025-09-08 13:53:54.918621
2025-09-08,25345,2025090803004468,MNBBL,Shree Krishna Securities Ltd.,Nagarik Stock Dealer ,630,436.1,274743.0,2025-09-08 13:53:54.918745
2025-09-08,24988,2025090803004539,MNBBL,Agrawal Securities (PVT) Ltd.,Sani Securities Company Ltd.,10,437.2,4372.0,2025-09-08 13:54:37.051274
2025-09-08,24499,2025090803004584,MNBBL,Shree Krishna Securities Ltd.,J.F. Securites (PVT) Ltd.,180,436.1,78498.0,2025-09-08 13:55:33.008525
2025-09-08,24231,2025090803004635,MNBBL,Shree Krishna Securities Ltd.,Secured Securities Ltd.,700,436.1,305270.0,2025-09-08 13:56:02.881278
2025-09-08,22441,2025090803004909,MNBBL,Neev Securities Pvt. Ltd.,Dipshikha Dhitopatra Karobar Co. Pvt Ltd.,15,437.0,6555.0,2025-09-08 13:59:57.154202
2025-09-08,22138,2025090803004970,MNBBL,Neev Securities Pvt. Ltd.,Linch Stock Market Ltd.,55,437.0,24035.0,2025-09-08 14:00:39.808730
2025-09-08,22137,2025090803004971,MNBBL,Aryatara Investment & Securities,Linch Stock Market Ltd.,500,436.3,218150.0,2025-09-08 14:00:39.808942
2025-09-08,22136,2025090803004972,MNBBL,Nagarik Stock Dealer ,Linch Stock Market Ltd.,100,436.2,43620.0,2025-09-08 14:00:39.809036
2025-09-08,22135,2025090803004973,MNBBL,Naasa Securities Co. Ltd.,Linch Stock Market Ltd.,50,436.2,21810.0,2025-09-08 14:00:39.809107
2025-09-08,22134,2025090803004974,MNBBL,Shree Krishna Securities Ltd.,Linch Stock Market Ltd.,490,436.1,213689.0,2025-09-08 14:00:39.809176
2025-09-08,22133,2025090803004975,MNBBL,KALASH STOCK MARKET PVT. LTD.,Linch Stock Market Ltd.,605,436.1,263840.5,2025-09-08 14:00:39.809245
2025-09-08,21986,2025090803004996,MNBBL,KALASH STOCK MARKET PVT. LTD.,Naasa Securities Co. Ltd.,353,436.1,153943.3,2025-09-08 14:00:48.722878
2025-09-08,21813,2025090803005028,MNBBL,Online Securities Pvt. Ltd.,Online Securities Pvt. Ltd.,110,438.8,48268.0,2025-09-08 14:01:09.762467
2025-09-08,21812,2025090803005029,MNBBL,Online Securities Pvt. Ltd.,Dipshikha Dhitopatra Karobar Co. Pvt Ltd.,14,438.8,6143.2,2025-09-08 14:01:09.762792
2025-09-08,21811,2025090803005030,MNBBL,Online Securities Pvt. Ltd.,Dynamic Money Managers Securities Pvt. Ltd.,30,438.9,13167.0,2025-09-08 14:01:09.763008
2025-09-08,21810,2025090803005031,MNBBL,Online Securities Pvt. Ltd.,Ashutosh Brokerage & Securities (PVT) Ltd.,36,439.0,15804.0,2025-09-08 14:01:09.763233
2025-09-08,21467,2025090803005069,MNBBL,KALASH STOCK MARKET PVT. LTD.,J.F. Securites (PVT) Ltd.,150,436.1,65415.0,2025-09-08 14:01:51.581497
2025-09-08,21055,2025090803005113,MNBBL,Trishakti Securities Public Limited,Sri Hari Securities Pvt. Ltd.,200,438.0,87600.0,2025-09-08 14:02:47.198308
2025-09-08,21054,2025090803005114,MNBBL,Trishakti Securities Public Limited,Ashutosh Brokerage & Securities (PVT) Ltd.,64,439.0,28096.0,2025-09-08 14:02:47.198469
2025-09-08,21053,2025090803005115,MNBBL,Trishakti Securities Public Limited,Premier Securities Company Ltd.,86,439.0,37754.0,2025-09-08 14:02:47.198567
2025-09-08,20979,2025090803005138,MNBBL,South Asian Bulls Pvt. Ltd.,Aryatara Investment & Securities,50,436.3,21815.0,2025-09-08 14:03:01.056569
2025-09-08,20879,2025090803005162,MNBBL,Dipshikha Dhitopatra Karobar Co. Pvt Ltd.,Aryatara Investment & Securities,100,436.3,43630.0,2025-09-08 14:03:14.480916
2025-09-08,20762,2025090803005178,MNBBL,Cristal Kanchanjanga Securites Pvt. Ltd.,Imperial Securities Company Pvt. Ltd.,100,436.2,43620.0,2025-09-08 14:03:29.474357
2025-09-08,20641,2025090803005195,MNBBL,Cristal Kanchanjanga Securites Pvt. Ltd.,Dipshikha Dhitopatra Karobar Co. Pvt Ltd.,100,436.2,43620.0,2025-09-08 14:03:42.701799
2025-09-08,20345,2025090803005229,MNBBL,Trishakti Securities Public Limited,Aryatara Investment & Securities,150,436.3,65445.0,2025-09-08 14:04:17.751433
2025-09-08,20231,2025090803005249,MNBBL,Dipshikha Dhitopatra Karobar Co. Pvt Ltd.,Aryatara Investment & Securities,50,436.3,21815.0,2025-09-08 14:04:39.104100
2025-09-08,19999,2025090803005290,MNBBL,Cristal Kanchanjanga Securites Pvt. Ltd.,Aryatara Investment & Securities,150,436.3,65445.0,2025-09-08 14:05:13.752579
2025-09-08,19961,2025090803005298,MNBBL,Dipshikha Dhitopatra Karobar Co. Pvt Ltd.,Premier Securities Company Ltd.,14,439.0,6146.0,2025-09-08 14:05:19.350275
2025-09-08,19960,2025090803005299,MNBBL,Dipshikha Dhitopatra Karobar Co. Pvt Ltd.,Ashutosh Brokerage & Securities (PVT) Ltd.,16,439.0,7024.0,2025-09-08 14:05:19.350372
2025-09-08,19872,2025090803005311,MNBBL,Cristal Kanchanjanga Securites Pvt. Ltd.,Dipshikha Dhitopatra Karobar Co. Pvt Ltd.,125,436.3,54537.5,2025-09-08 14:05:36.520971
2025-09-08,19109,2025090803005423,MNBBL,Cristal Kanchanjanga Securites Pvt. Ltd.,Primo Securities (PVT) Ltd.,25,436.3,10907.5,2025-09-08 14:07:51.971993
2025-09-08,19108,2025090803005424,MNBBL,Swarna Laxmi Securities Pvt. Ltd.,Primo Securities (PVT) Ltd.,275,436.2,119955.0,2025-09-08 14:07:51.972355
2025-09-08,18986,2025090803005436,MNBBL,Swarna Laxmi Securities Pvt. Ltd.,Midas Stock Broking Company Private Limited,63,436.2,27480.6,2025-09-08 14:08:14.857239
2025-09-08,18910,2025090803005454,MNBBL,Swarna Laxmi Securities Pvt. Ltd.,Sweta Securities Private Limited,100,436.2,43620.0,2025-09-08 14:08:25.266044
2025-09-08,18909,2025090803005455,MNBBL,Swarna Laxmi Securities Pvt. Ltd.,Sanima Securities Limited,62,436.2,27044.4,2025-09-08 14:08:25.272585
2025-09-08,18908,2025090803005456,MNBBL,MILKY WAY SHARE BROKER COMPANY LTD ,Sanima Securities Limited,238,436.2,103815.6,2025-09-08 14:08:25.272746
2025-09-08,18594,2025090803005502,MNBBL,MILKY WAY SHARE BROKER COMPANY LTD ,S.P.S.A. Securities Limited,262,436.2,114284.4,2025-09-08 14:09:33.304420
2025-09-08,18593,2025090803005503,MNBBL,KALASH STOCK MARKET PVT. LTD.,S.P.S.A. Securities Limited,892,436.1,389001.2,2025-09-08 14:09:33.304620
2025-09-08,18592,2025090803005504,MNBBL,Shree Krishna Securities Ltd.,S.P.S.A. Securities Limited,1000,436.1,436100.0,2025-09-08 14:09:33.304750
2025-09-08,18591,2025090803005505,MNBBL,Swarna Laxmi Securities Pvt. Ltd.,S.P.S.A. Securities Limited,1000,436.1,436100.0,2025-09-08 14:09:33.304819
2025-09-08,18590,2025090803005506,MNBBL,Kohinoor Investment & Securities Pvt. Ltd.,S.P.S.A. Securities Limited,20,436.0,8720.0,2025-09-08 14:09:33.304885
2025-09-08,18589,2025090803005507,MNBBL,Imperial Securities Company Pvt. Ltd.,S.P.S.A. Securities Limited,10,436.0,4360.0,2025-09-08 14:09:33.304953
2025-09-08,18588,2025090803005508,MNBBL,Sewa Securities Pvt. Ltd.,S.P.S.A. Securities Limited,200,436.0,87200.0,2025-09-08 14:09:33.305018
2025-09-08,18587,2025090803005509,MNBBL,Nepal Stock House (PVT) Ltd.,S.P.S.A. Securities Limited,116,436.0,50576.0,2025-09-08 14:09:33.305093
2025-09-08,18458,2025090803005528,MNBBL,Imperial Securities Company Pvt. Ltd.,Premier Securities Company Ltd.,75,437.0,32775.0,2025-09-08 14:09:53.480086
2025-09-08,18231,2025090803005589,MNBBL,Nepal Stock House (PVT) Ltd.,Sri Hari Securities Pvt. Ltd.,20,436.0,8720.0,2025-09-08 14:10:37.680065
2025-09-08,18194,2025090803005592,MNBBL,Nepal Stock House (PVT) Ltd.,Premier Securities Company Ltd.,16,437.0,6992.0,2025-09-08 14:10:42.137306
2025-09-08,18193,2025090803005593,MNBBL,Nepal Stock House (PVT) Ltd.,Kalika Securities Pvt. Ltd.,184,437.0,80408.0,2025-09-08 14:10:42.137616
2025-09-08,18158,2025090803005597,MNBBL,Trisul Securities & Invt. Ltd.,Kalika Securities Pvt. Ltd.,316,437.0,138092.0,2025-09-08 14:10:48.222790
2025-09-08,18157,2025090803005598,MNBBL,Trisul Securities & Invt. Ltd.,Siprabi Securities Pvt. Ltd.,29,437.0,12673.0,2025-09-08 14:10:48.223017
2025-09-08,18087,2025090803005603,MNBBL,Trisul Securities & Invt. Ltd.,Agrawal Securities (PVT) Ltd.,100,437.0,43700.0,2025-09-08 14:11:04.244235
2025-09-08,18070,2025090803005604,MNBBL,Trisul Securities & Invt. Ltd.,Nepal Stock House (PVT) Ltd.,100,437.0,43700.0,2025-09-08 14:11:07.531286
2025-09-08,17341,2025090803005730,MNBBL,Siprabi Securities Pvt. Ltd.,Nepal Stock House (PVT) Ltd.,100,437.0,43700.0,2025-09-08 14:13:28.479680
2025-09-08,15927,2025090803005952,MNBBL,Dipshikha Dhitopatra Karobar Co. Pvt Ltd.,Trishakti Securities Public Limited,129,438.0,56502.0,2025-09-08 14:18:17.932061
2025-09-08,15839,2025090803005980,MNBBL,Dipshikha Dhitopatra Karobar Co. Pvt Ltd.,Thrive Brokerage House Pvt. Ltd,371,438.0,162498.0,2025-09-08 14:18:42.287666
2025-09-08,15685,2025090803006021,MNBBL,Capital Hub P. Ltd,Thrive Brokerage House Pvt. Ltd,329,438.0,144102.0,2025-09-08 14:19:19.612721
2025-09-08,15037,2025090803006100,MNBBL,Sagarmatha Securities Private Limited,Nagarik Stock Dealer ,50,438.0,21900.0,2025-09-08 14:21:17.628282
2025-09-08,15036,2025090803006101,MNBBL,Siprabi Securities Pvt. Ltd.,Nagarik Stock Dealer ,400,437.0,174800.0,2025-09-08 14:21:17.628615
2025-09-08,15035,2025090803006102,MNBBL,ABC Securities Private Limited,Nagarik Stock Dealer ,12,437.0,5244.0,2025-09-08 14:21:17.628843
2025-09-08,15034,2025090803006103,MNBBL,Kohinoor Investment & Securities Pvt. Ltd.,Nagarik Stock Dealer ,306,437.0,133722.0,2025-09-08 14:21:17.629082
2025-09-08,15033,2025090803006104,MNBBL,Sweta Securities Private Limited,Nagarik Stock Dealer ,13,437.0,5681.0,2025-09-08 14:21:17.629289
2025-09-08,14607,2025090803006164,MNBBL,Sewa Securities Pvt. Ltd.,Deevyaa Securities & Stock House Pvt. Ltd,200,437.0,87400.0,2025-09-08 14:22:53.837936
2025-09-08,14477,2025090803006170,MNBBL,Dipshikha Dhitopatra Karobar Co. Pvt Ltd.,Linch Stock Market Ltd.,10,438.5,4385.0,2025-09-08 14:23:16.339659
2025-09-08,14246,2025090803006212,MNBBL,Kohinoor Investment & Securities Pvt. Ltd.,Linch Stock Market Ltd.,500,438.0,219000.0,2025-09-08 14:24:07.691463
2025-09-08,13846,2025090803006278,MNBBL,Dipshikha Dhitopatra Karobar Co. Pvt Ltd.,Dakshinkali Investment & Securities Pvt. Ltd.,200,436.6,87320.0,2025-09-08 14:25:37.946227
2025-09-08,13772,2025090803006285,MNBBL,ABC Securities Private Limited,Linch Stock Market Ltd.,500,438.0,219000.0,2025-09-08 14:25:53.782281
2025-09-08,13771,2025090803006286,MNBBL,ABC Securities Private Limited,Shree Krishna Securities Ltd.,100,438.0,43800.0,2025-09-08 14:25:53.782490
2025-09-08,13669,2025090803006298,MNBBL,N.M.B. SECURITIES LIMITED,Dakshinkali Investment & Securities Pvt. Ltd.,500,436.7,218350.0,2025-09-08 14:26:15.122846
2025-09-08,13425,2025090803006348,MNBBL,Dipshikha Dhitopatra Karobar Co. Pvt Ltd.,Secured Securities Ltd.,10,436.6,4366.0,2025-09-08 14:27:19.830690
2025-09-08,13424,2025090803006349,MNBBL,Sweta Securities Private Limited,Secured Securities Ltd.,12,436.5,5238.0,2025-09-08 14:27:19.831064
2025-09-08,13423,2025090803006350,MNBBL,Market Securities & Exchange (PVT) Ltd.,Secured Securities Ltd.,1000,436.5,436500.0,2025-09-08 14:27:19.831292
2025-09-08,13422,2025090803006351,MNBBL,KALASH STOCK MARKET PVT. LTD.,Secured Securities Ltd.,202,436.5,88173.0,2025-09-08 14:27:19.831510
2025-09-08,13060,2025090803006435,MNBBL,Capital Hub P. Ltd,Dakshinkali Investment & Securities Pvt. Ltd.,744,436.8,324979.2,2025-09-08 14:28:48.915639
2025-09-08,12805,2025090803006463,MNBBL,Capital Hub P. Ltd,K.B.L. Securities Limited ,927,436.8,404913.6,2025-09-08 14:29:50.619250
2025-09-08,12804,2025090803006464,MNBBL,Vision Securities Pvt. Ltd,K.B.L. Securities Limited ,50,436.7,21835.0,2025-09-08 14:29:50.619379
2025-09-08,12803,2025090803006465,MNBBL,KALASH STOCK MARKET PVT. LTD.,K.B.L. Securities Limited ,23,436.5,10039.5,2025-09-08 14:29:50.619442
2025-09-08,12627,2025090803006473,MNBBL,Deevyaa Securities & Stock House Pvt. Ltd,Siprabi Securities Pvt. Ltd.,300,438.1,131430.0,2025-09-08 14:30:18.491406
2025-09-08,12626,2025090803006474,MNBBL,Deevyaa Securities & Stock House Pvt. Ltd,Trishakti Securities Public Limited,155,438.1,67905.5,2025-09-08 14:30:18.491769
2025-09-08,12625,2025090803006475,MNBBL,Deevyaa Securities & Stock House Pvt. Ltd,Asian Securities Private Ltd.,118,438.4,51731.2,2025-09-08 14:30:18.491998
2025-09-08,12624,2025090803006476,MNBBL,Deevyaa Securities & Stock House Pvt. Ltd,Linch Stock Market Ltd.,290,438.5,127165.0,2025-09-08 14:30:18.492234
2025-09-08,12623,2025090803006477,MNBBL,Deevyaa Securities & Stock House Pvt. Ltd,K.B.L. Securities Limited ,1000,438.6,438600.0,2025-09-08 14:30:18.492449
2025-09-08,12622,2025090803006478,MNBBL,Deevyaa Securities & Stock House Pvt. Ltd,K.B.L. Securities Limited ,1000,438.7,438700.0,2025-09-08 14:30:18.492664
2025-09-08,12621,2025090803006479,MNBBL,Deevyaa Securities & Stock House Pvt. Ltd,Nagarik Stock Dealer ,219,438.8,96097.2,2025-09-08 14:30:18.492944
2025-09-08,12620,2025090803006480,MNBBL,Deevyaa Securities & Stock House Pvt. Ltd,Ashutosh Brokerage & Securities (PVT) Ltd.,204,439.0,89556.0,2025-09-08 14:30:18.493181
2025-09-08,12619,2025090803006481,MNBBL,Deevyaa Securities & Stock House Pvt. Ltd,Sani Securities Company Ltd.,10,439.0,4390.0,2025-09-08 14:30:18.493387
2025-09-08,12618,2025090803006482,MNBBL,Deevyaa Securities & Stock House Pvt. Ltd,Vision Securities Pvt. Ltd,346,439.0,151894.0,2025-09-08 14:30:18.493594
2025-09-08,12544,2025090803006491,MNBBL,Deevyaa Securities & Stock House Pvt. Ltd,K.B.L. Securities Limited ,5000,439.0,2195000.0,2025-09-08 14:30:35.768202
2025-09-08,12052,2025090803006555,MNBBL,Miyo Securities Pvt Ltd,Garima Securities Limited,1000,439.8,439800.0,2025-09-08 14:32:23.172173
2025-09-08,12051,2025090803006556,MNBBL,Miyo Securities Pvt Ltd,Sani Securities Company Ltd.,500,439.9,219950.0,2025-09-08 14:32:23.172245
2025-09-08,12050,2025090803006557,MNBBL,Miyo Securities Pvt Ltd,Sweta Securities Private Limited,100,440.0,44000.0,2025-09-08 14:32:23.172271
2025-09-08,12049,2025090803006558,MNBBL,Miyo Securities Pvt Ltd,Aryatara Investment & Securities,1000,440.0,440000.0,2025-09-08 14:32:23.172292
2025-09-08,12048,2025090803006559,MNBBL,Miyo Securities Pvt Ltd,Premier Securities Company Ltd.,100,440.0,44000.0,2025-09-08 14:32:23.172314
2025-09-08,12047,2025090803006560,MNBBL,Miyo Securities Pvt Ltd,Kumari Securities Private Limited,100,440.0,44000.0,2025-09-08 14:32:23.172334
2025-09-08,12046,2025090803006561,MNBBL,Miyo Securities Pvt Ltd,Agrawal Securities (PVT) Ltd.,200,440.0,88000.0,2025-09-08 14:32:23.172358
2025-09-08,11585,2025090803006668,MNBBL,Malla & Malla Stock Broking Company Pvt. Limited,Dakshinkali Investment & Securities Pvt. Ltd.,400,437.0,174800.0,2025-09-08 14:34:27.051774
2025-09-08,10784,2025090803006787,MNBBL,Cristal Kanchanjanga Securites Pvt. Ltd.,Imperial Securities Company Pvt. Ltd.,300,436.7,131010.0,2025-09-08 14:37:56.640573
2025-09-08,10776,2025090803006789,MNBBL,Dynamic Money Managers Securities Pvt. Ltd.,Deevyaa Securities & Stock House Pvt. Ltd,100,439.9,43990.0,2025-09-08 14:38:00.170997
2025-09-08,10297,2025090803006844,MNBBL,Nepal Stock House (PVT) Ltd.,South Asian Bulls Pvt. Ltd.,10,439.9,4399.0,2025-09-08 14:39:31.706314
2025-09-08,10296,2025090803006845,MNBBL,Kumari Securities Private Limited,South Asian Bulls Pvt. Ltd.,100,436.8,43680.0,2025-09-08 14:39:31.706506
2025-09-08,10295,2025090803006846,MNBBL,Sweta Securities Private Limited,South Asian Bulls Pvt. Ltd.,10,436.8,4368.0,2025-09-08 14:39:31.706585
2025-09-08,10294,2025090803006847,MNBBL,Cristal Kanchanjanga Securites Pvt. Ltd.,South Asian Bulls Pvt. Ltd.,680,436.7,296956.0,2025-09-08 14:39:31.706655
2025-09-08,10241,2025090803006862,MNBBL,Cristal Kanchanjanga Securites Pvt. Ltd.,Naasa Securities Co. Ltd.,20,436.7,8734.0,2025-09-08 14:39:46.178746
2025-09-08,10240,2025090803006863,MNBBL,Sweta Securities Private Limited,Naasa Securities Co. Ltd.,200,436.6,87320.0,2025-09-08 14:39:46.178931
2025-09-08,10239,2025090803006864,MNBBL,KALASH STOCK MARKET PVT. LTD.,Naasa Securities Co. Ltd.,275,436.5,120037.5,2025-09-08 14:39:46.179013
2025-09-08,10238,2025090803006865,MNBBL,Oxford Securities Pvt. Ltd.,Naasa Securities Co. Ltd.,60,436.5,26190.0,2025-09-08 14:39:46.179094
2025-09-08,10237,2025090803006866,MNBBL,Shree Krishna Securities Ltd.,Naasa Securities Co. Ltd.,1000,436.3,436300.0,2025-09-08 14:39:46.179163
2025-09-08,10236,2025090803006867,MNBBL,South Asian Bulls Pvt. Ltd.,Naasa Securities Co. Ltd.,50,436.2,21810.0,2025-09-08 14:39:46.179234
2025-09-08,10235,2025090803006868,MNBBL,Miyo Securities Pvt Ltd,Naasa Securities Co. Ltd.,2000,436.2,872400.0,2025-09-08 14:39:46.179302
2025-09-08,10234,2025090803006869,MNBBL,Sundhara Securities Limited,Naasa Securities Co. Ltd.,300,436.2,130860.0,2025-09-08 14:39:46.179373
2025-09-08,10233,2025090803006870,MNBBL,ABC Securities Private Limited,Naasa Securities Co. Ltd.,95,436.1,41429.5,2025-09-08 14:39:46.179442
2025-09-08,7742,2025090803007369,MNBBL,Opal Securities Investment (PVT) Ltd.,Dynamic Money Managers Securities Pvt. Ltd.,600,439.9,263940.0,2025-09-08 14:46:47.074206
2025-09-08,7353,2025090803007440,MNBBL,Sundhara Securities Limited,Dynamic Money Managers Securities Pvt. Ltd.,570,439.9,250743.0,2025-09-08 14:47:40.436162
2025-09-08,6850,2025090803007520,MNBBL,Kumari Securities Private Limited,Nagarik Stock Dealer ,500,437.0,218500.0,2025-09-08 14:49:00.730272
2025-09-08,6019,2025090803007624,MNBBL,Miyo Securities Pvt Ltd,Investment Management Nepal Pvt. Ltd.,200,438.0,87600.0,2025-09-08 14:50:58.791867
2025-09-08,6018,2025090803007625,MNBBL,Miyo Securities Pvt Ltd,Nepal Stock House (PVT) Ltd.,100,439.0,43900.0,2025-09-08 14:50:58.791972
2025-09-08,6017,2025090803007626,MNBBL,Miyo Securities Pvt Ltd,Dynamic Money Managers Securities Pvt. Ltd.,330,439.9,145167.0,2025-09-08 14:50:58.792072
2025-09-08,6016,2025090803007627,MNBBL,Miyo Securities Pvt Ltd,Aakashbhairab Securities Ltd.,595,439.9,261740.5,2025-09-08 14:50:58.792147
2025-09-08,6015,2025090803007628,MNBBL,Miyo Securities Pvt Ltd,Bhrikuti Stock Broking Co. Pvt. Ltd.,1000,440.0,440000.0,2025-09-08 14:50:58.792221
2025-09-08,6014,2025090803007629,MNBBL,Miyo Securities Pvt Ltd,Imperial Securities Company Pvt. Ltd.,200,440.0,88000.0,2025-09-08 14:50:58.792297
2025-09-08,6013,2025090803007630,MNBBL,Miyo Securities Pvt Ltd,Imperial Securities Company Pvt. Ltd.,300,440.0,132000.0,2025-09-08 14:50:58.792370
2025-09-08,6012,2025090803007631,MNBBL,Miyo Securities Pvt Ltd,Aryatara Investment & Securities,150,440.0,66000.0,2025-09-08 14:50:58.792432
2025-09-08,6011,2025090803007632,MNBBL,Miyo Securities Pvt Ltd,Sagarmatha Securities Private Limited,125,440.0,55000.0,2025-09-08 14:50:58.792500
2025-09-08,5342,2025090803007713,MNBBL,Naasa Securities Co. Ltd.,Midas Stock Broking Company Private Limited,25,437.1,10927.5,2025-09-08 14:52:30.112392
2025-09-08,5341,2025090803007714,MNBBL,Kumari Securities Private Limited,Midas Stock Broking Company Private Limited,30,437.0,13110.0,2025-09-08 14:52:30.112619
2025-09-08,5097,2025090803007758,MNBBL,Kumari Securities Private Limited,Agrawal Securities (PVT) Ltd.,101,437.0,44137.0,2025-09-08 14:53:05.187797
2025-09-08,4948,2025090803007778,MNBBL,Kumari Securities Private Limited,Naasa Securities Co. Ltd.,469,437.0,204953.0,2025-09-08 14:53:24.450847
2025-09-08,4947,2025090803007779,MNBBL,Opal Securities Investment (PVT) Ltd.,Naasa Securities Co. Ltd.,153,437.0,66861.0,2025-09-08 14:53:24.451214
2025-09-08,2988,2025090803008058,MNBBL,Opal Securities Investment (PVT) Ltd.,Imperial Securities Company Pvt. Ltd.,50,438.0,21900.0,2025-09-08 14:56:50.227039
2025-09-08,2987,2025090803008059,MNBBL,Opal Securities Investment (PVT) Ltd.,Trishakti Securities Public Limited,40,438.0,17520.0,2025-09-08 14:56:50.227229
2025-09-08,2986,2025090803008060,MNBBL,Opal Securities Investment (PVT) Ltd.,Aakashbhairab Securities Ltd.,10,439.0,4390.0,2025-09-08 14:56:50.227317
2025-09-08,2985,2025090803008061,MNBBL,Opal Securities Investment (PVT) Ltd.,Sagarmatha Securities Private Limited,175,440.0,77000.0,2025-09-08 14:56:50.227387
2025-09-08,2984,2025090803008062,MNBBL,Opal Securities Investment (PVT) Ltd.,Shree Krishna Securities Ltd.,100,440.0,44000.0,2025-09-08 14:56:50.227462
2025-09-08,2983,2025090803008063,MNBBL,Opal Securities Investment (PVT) Ltd.,Kohinoor Investment & Securities Pvt. Ltd.,25,440.0,11000.0,2025-09-08 14:56:50.227531
2025-09-08,2568,2025090803008122,MNBBL,Online Securities Pvt. Ltd.,Kohinoor Investment & Securities Pvt. Ltd.,200,440.0,88000.0,2025-09-08 14:57:27.971157
2025-09-08,2511,2025090803008126,MNBBL,Sani Securities Company Ltd.,Kohinoor Investment & Securities Pvt. Ltd.,10,440.0,4400.0,2025-09-08 14:57:31.898138
2025-09-08,2103,2025090803008218,MNBBL,Sani Securities Company Ltd.,Kohinoor Investment & Securities Pvt. Ltd.,15,440.0,6600.0,2025-09-08 14:58:06.737393
2025-09-08,2102,2025090803008219,MNBBL,Sani Securities Company Ltd.,Dynamic Money Managers Securities Pvt. Ltd.,50,440.0,22000.0,2025-09-08 14:58:06.737729
2025-09-08,2101,2025090803008220,MNBBL,Sani Securities Company Ltd.,Dipshikha Dhitopatra Karobar Co. Pvt Ltd.,435,440.0,191400.0,2025-09-08 14:58:06.737949
2025-09-08,1747,2025090803008288,MNBBL,Sewa Securities Pvt. Ltd.,Trisul Securities & Invt. Ltd.,10,438.1,4381.0,2025-09-08 14:58:33.083677
2025-09-08,1746,2025090803008289,MNBBL,Opal Securities Investment (PVT) Ltd.,Trisul Securities & Invt. Ltd.,50,438.0,21900.0,2025-09-08 14:58:33.084001
2025-09-08,1745,2025090803008290,MNBBL,Creative Securities Pvt Ltd,Trisul Securities & Invt. Ltd.,500,437.3,218650.0,2025-09-08 14:58:33.084228
2025-09-08,1744,2025090803008291,MNBBL,Sundhara Securities Limited,Trisul Securities & Invt. Ltd.,50,437.2,21860.0,2025-09-08 14:58:33.084436
2025-09-08,1743,2025090803008292,MNBBL,J.F. Securites (PVT) Ltd.,Trisul Securities & Invt. Ltd.,500,437.1,218550.0,2025-09-08 14:58:33.084642
2025-09-08,1742,2025090803008293,MNBBL,Dynamic Money Managers Securities Pvt. Ltd.,Trisul Securities & Invt. Ltd.,800,437.1,349680.0,2025-09-08 14:58:33.084857
2025-09-08,1741,2025090803008294,MNBBL,Opal Securities Investment (PVT) Ltd.,Trisul Securities & Invt. Ltd.,847,437.0,370139.0,2025-09-08 14:58:33.085133
2025-09-08,1740,2025090803008295,MNBBL,Siprabi Securities Pvt. Ltd.,Trisul Securities & Invt. Ltd.,2000,437.0,874000.0,2025-09-08 14:58:33.085403
2025-09-08,1739,2025090803008296,MNBBL,South Asian Bulls Pvt. Ltd.,Trisul Securities & Invt. Ltd.,180,436.3,78534.0,2025-09-08 14:58:33.085618
2025-09-08,1738,2025090803008297,MNBBL,Hatemalo Financial Services Private Limited,Trisul Securities & Invt. Ltd.,1000,436.3,436300.0,2025-09-08 14:58:33.085817
2025-09-08,1737,2025090803008298,MNBBL,Sweta Securities Private Limited,Trisul Securities & Invt. Ltd.,10,436.2,4362.0,2025-09-08 14:58:33.086013
2025-09-08,1736,2025090803008299,MNBBL,Trisul Securities & Invt. Ltd.,Trisul Securities & Invt. Ltd.,163,436.1,71084.3,2025-09-08 14:58:33.086226
2025-09-08,1735,2025090803008300,MNBBL,Malla & Malla Stock Broking Company Pvt. Limited,Trisul Securities & Invt. Ltd.,100,436.1,43610.0,2025-09-08 14:58:33.086418
2025-09-08,1734,2025090803008301,MNBBL,Kohinoor Investment & Securities Pvt. Ltd.,Trisul Securities & Invt. Ltd.,59,436.1,25729.9,2025-09-08 14:58:33.086611
2025-09-08,1733,2025090803008302,MNBBL,Aryatara Investment & Securities,Trisul Securities & Invt. Ltd.,200,436.1,87220.0,2025-09-08 14:58:33.086806
2025-09-08,1732,2025090803008303,MNBBL,Nepal Stock House (PVT) Ltd.,Trisul Securities & Invt. Ltd.,464,436.0,202304.0,2025-09-08 14:58:33.087020
2025-09-08,1731,2025090803008304,MNBBL,Bhrikuti Stock Broking Co. Pvt. Ltd.,Trisul Securities & Invt. Ltd.,1000,436.0,436000.0,2025-09-08 14:58:33.087225
2025-09-08,1730,2025090803008305,MNBBL,Pragyan Securities (PVT) Ltd.,Trisul Securities & Invt. Ltd.,1000,436.0,436000.0,2025-09-08 14:58:33.087412
2025-09-08,1729,2025090803008306,MNBBL,Kohinoor Investment & Securities Pvt. Ltd.,Trisul Securities & Invt. Ltd.,200,436.0,87200.0,2025-09-08 14:58:33.087612
2025-09-08,1728,2025090803008307,MNBBL,Market Securities & Exchange (PVT) Ltd.,Trisul Securities & Invt. Ltd.,20,436.0,8720.0,2025-09-08 14:58:33.087806
2025-09-08,1727,2025090803008308,MNBBL,Deevyaa Securities & Stock House Pvt. Ltd,Trisul Securities & Invt. Ltd.,852,436.0,371472.0,2025-09-08 14:58:33.088019
