Date,S.N.,Contract ID,Symbol,Buyer Broker,Seller Broker,volume,rate,amount,transaction_time
2025-09-08,59624,2025090804000041,NGPL,Aryatara Investment & Securities,Nepal Stock House (PVT) Ltd.,300,399.0,119700.0,2025-09-08 11:00:05.671647
2025-09-08,59580,2025090804000071,NGPL,Aryatara Investment & Securities,Capital Max Securities Ltd,200,399.0,79800.0,2025-09-08 11:00:30.738354
2025-09-08,59134,2025090804000195,NGPL,Linch Stock Market Ltd.,Deevyaa Securities & Stock House Pvt. Ltd,25,396.9,9922.5,2025-09-08 11:05:38.651415
2025-09-08,59095,2025090804000206,NGPL,Nepal Stock House (PVT) Ltd.,Sagarmatha Securities Private Limited,100,396.0,39600.0,2025-09-08 11:06:07.689885
2025-09-08,58678,2025090804000340,NGPL,Imperial Securities Company Pvt. Ltd.,Market Securities & Exchange (PVT) Ltd.,300,396.0,118800.0,2025-09-08 11:09:15.997063
2025-09-08,58599,2025090804000379,NGPL,Dakshinkali Investment & Securities Pvt. Ltd.,Market Securities & Exchange (PVT) Ltd.,500,396.0,198000.0,2025-09-08 11:09:44.243084
2025-09-08,58533,2025090804000409,NGPL,Nepal Stock House (PVT) Ltd.,N.M.B. SECURITIES LIMITED,20,396.0,7920.0,2025-09-08 11:10:11.077621
2025-09-08,58483,2025090804000423,NGPL,Pragyan Securities (PVT) Ltd.,Imperial Securities Company Pvt. Ltd.,500,395.7,197850.0,2025-09-08 11:10:29.491932
2025-09-08,58413,2025090804000456,NGPL,Nepal Stock House (PVT) Ltd.,Market Securities & Exchange (PVT) Ltd.,50,395.1,19755.0,2025-09-08 11:10:47.313058
2025-09-08,58412,2025090804000457,NGPL,Imperial Securities Company Pvt. Ltd.,Market Securities & Exchange (PVT) Ltd.,200,395.0,79000.0,2025-09-08 11:10:47.313338
2025-09-08,58313,2025090804000476,NGPL,Aryatara Investment & Securities,Market Securities & Exchange (PVT) Ltd.,250,395.0,98750.0,2025-09-08 11:11:24.174585
2025-09-08,58280,2025090804000494,NGPL,Aryatara Investment & Securities,Midas Stock Broking Company Private Limited,200,395.7,79140.0,2025-09-08 11:11:30.636985
2025-09-08,57862,2025090804000598,NGPL,Prabhu Stock Market Limited,K.B.L. Securities Limited ,500,395.1,197550.0,2025-09-08 11:14:22.980794
2025-09-08,57849,2025090804000600,NGPL,Market Securities & Exchange (PVT) Ltd.,Siprabi Securities Pvt. Ltd.,500,395.0,197500.0,2025-09-08 11:14:26.821632
2025-09-08,57577,2025090804000685,NGPL,Nepal Stock House (PVT) Ltd.,Sweta Securities Private Limited,30,394.6,11838.0,2025-09-08 11:16:29.563833
2025-09-08,57576,2025090804000686,NGPL,Premier Securities Company Ltd.,Sweta Securities Private Limited,470,394.5,185415.0,2025-09-08 11:16:29.564041
2025-09-08,57480,2025090804000714,NGPL,Nepal Stock House (PVT) Ltd.,Kalika Securities Pvt. Ltd.,50,394.6,19730.0,2025-09-08 11:17:12.286486
2025-09-08,57454,2025090804000722,NGPL,Premier Securities Company Ltd.,Sweta Securities Private Limited,30,394.5,11835.0,2025-09-08 11:17:22.268764
2025-09-08,57453,2025090804000723,NGPL,Market Securities & Exchange (PVT) Ltd.,Sweta Securities Private Limited,308,394.1,121382.8,2025-09-08 11:17:22.268998
2025-09-08,57338,2025090804000747,NGPL,Nepal Stock House (PVT) Ltd.,Dynamic Money Managers Securities Pvt. Ltd.,30,394.2,11826.0,2025-09-08 11:18:05.941177
2025-09-08,57238,2025090804000774,NGPL,Nepal Stock House (PVT) Ltd.,Dynamic Money Managers Securities Pvt. Ltd.,50,394.2,19710.0,2025-09-08 11:18:35.583898
2025-09-08,56972,2025090804000835,NGPL,Miyo Securities Pvt Ltd,Dynamic Money Managers Securities Pvt. Ltd.,220,394.2,86724.0,2025-09-08 11:20:01.020802
2025-09-08,56526,2025090804000946,NGPL,Miyo Securities Pvt Ltd,Deevyaa Securities & Stock House Pvt. Ltd,31,394.2,12220.2,2025-09-08 11:22:07.939703
2025-09-08,56525,2025090804000947,NGPL,Market Securities & Exchange (PVT) Ltd.,Deevyaa Securities & Stock House Pvt. Ltd,192,394.1,75667.2,2025-09-08 11:22:07.939792
2025-09-08,56524,2025090804000948,NGPL,Online Securities Pvt. Ltd.,Deevyaa Securities & Stock House Pvt. Ltd,110,394.0,43340.0,2025-09-08 11:22:07.939861
2025-09-08,56323,2025090804000996,NGPL,Stoxkarts Securities Limited,Kalika Securities Pvt. Ltd.,50,394.6,19730.0,2025-09-08 11:23:00.840224
2025-09-08,56322,2025090804000997,NGPL,Stoxkarts Securities Limited,Sewa Securities Pvt. Ltd.,200,394.6,78920.0,2025-09-08 11:23:00.840399
2025-09-08,56253,2025090804001016,NGPL,Aryatara Investment & Securities,Sagarmatha Securities Private Limited,80,395.0,31600.0,2025-09-08 11:23:09.563816
2025-09-08,56138,2025090804001052,NGPL,Sani Securities Company Ltd.,Sagarmatha Securities Private Limited,20,395.0,7900.0,2025-09-08 11:23:34.248624
2025-09-08,56137,2025090804001053,NGPL,Sani Securities Company Ltd.,MILKY WAY SHARE BROKER COMPANY LTD ,20,395.0,7900.0,2025-09-08 11:23:34.248857
2025-09-08,56136,2025090804001054,NGPL,Sani Securities Company Ltd.,Sumeru Securities Pvt. Ltd.,500,395.1,197550.0,2025-09-08 11:23:34.249023
2025-09-08,56103,2025090804001066,NGPL,Sani Securities Company Ltd.,Market Securities & Exchange (PVT) Ltd.,50,395.1,19755.0,2025-09-08 11:23:44.588059
2025-09-08,56058,2025090804001081,NGPL,SHUBHAKAMANA SECURITIES PVT. LTD,Sumeru Securities Pvt. Ltd.,300,396.6,118980.0,2025-09-08 11:23:55.132122
2025-09-08,56057,2025090804001082,NGPL,SHUBHAKAMANA SECURITIES PVT. LTD,Dipshikha Dhitopatra Karobar Co. Pvt Ltd.,400,396.7,158680.0,2025-09-08 11:23:55.132189
2025-09-08,56056,2025090804001083,NGPL,SHUBHAKAMANA SECURITIES PVT. LTD,Himalayan Brokerage Company Limited,800,396.8,317440.0,2025-09-08 11:23:55.132264
2025-09-08,55332,2025090804001281,NGPL,SHUBHAKAMANA SECURITIES PVT. LTD,Nepal Stock House (PVT) Ltd.,180,396.7,71406.0,2025-09-08 11:27:12.863196
2025-09-08,55331,2025090804001282,NGPL,SHUBHAKAMANA SECURITIES PVT. LTD,Himalayan Brokerage Company Limited,200,396.8,79360.0,2025-09-08 11:27:12.863338
2025-09-08,55330,2025090804001283,NGPL,SHUBHAKAMANA SECURITIES PVT. LTD,Nepal Investment And Securities Trading Private Limited,56,396.8,22220.8,2025-09-08 11:27:12.863396
2025-09-08,55329,2025090804001284,NGPL,SHUBHAKAMANA SECURITIES PVT. LTD,Deevyaa Securities & Stock House Pvt. Ltd,264,396.9,104781.6,2025-09-08 11:27:12.863456
2025-09-08,55219,2025090804001310,NGPL,Nepal Stock House (PVT) Ltd.,Deevyaa Securities & Stock House Pvt. Ltd,100,396.9,39690.0,2025-09-08 11:27:48.971562
2025-09-08,54986,2025090804001369,NGPL,Nepal Stock House (PVT) Ltd.,Deevyaa Securities & Stock House Pvt. Ltd,111,396.9,44055.9,2025-09-08 11:28:56.802426
2025-09-08,54928,2025090804001381,NGPL,Aryatara Investment & Securities,Imperial Securities Company Pvt. Ltd.,400,396.9,158760.0,2025-09-08 11:29:23.758411
2025-09-08,54695,2025090804001447,NGPL,Aryatara Investment & Securities,Premier Securities Company Ltd.,100,396.9,39690.0,2025-09-08 11:30:45.859042
2025-09-08,54694,2025090804001448,NGPL,Linch Stock Market Ltd.,Premier Securities Company Ltd.,50,396.9,19845.0,2025-09-08 11:30:45.859295
2025-09-08,54541,2025090804001474,NGPL,Nepal Stock House (PVT) Ltd.,Naasa Securities Co. Ltd.,35,396.0,13860.0,2025-09-08 11:31:26.409123
2025-09-08,54520,2025090804001482,NGPL,Nepal Stock House (PVT) Ltd.,Sundhara Securities Limited,115,396.0,45540.0,2025-09-08 11:31:33.159503
2025-09-08,54479,2025090804001490,NGPL,Nepal Stock House (PVT) Ltd.,Sundhara Securities Limited,285,396.0,112860.0,2025-09-08 11:31:42.351391
2025-09-08,54478,2025090804001491,NGPL,Nepal Stock House (PVT) Ltd.,Premier Securities Company Ltd.,150,396.9,59535.0,2025-09-08 11:31:42.351665
2025-09-08,54477,2025090804001492,NGPL,Nepal Stock House (PVT) Ltd.,Vision Securities Pvt. Ltd,91,397.0,36127.0,2025-09-08 11:31:42.351854
2025-09-08,54476,2025090804001493,NGPL,Nepal Stock House (PVT) Ltd.,Agrawal Securities (PVT) Ltd.,104,397.0,41288.0,2025-09-08 11:31:42.352016
2025-09-08,54451,2025090804001498,NGPL,Nepal Investment And Securities Trading Private Limited,Kumari Securities Private Limited,100,395.3,39530.0,2025-09-08 11:31:48.699802
2025-09-08,54212,2025090804001554,NGPL,Prabhu Stock Market Limited,Siprabi Securities Pvt. Ltd.,100,396.0,39600.0,2025-09-08 11:32:51.585380
2025-09-08,54203,2025090804001555,NGPL,Himalayan Brokerage Company Limited,Agrawal Securities (PVT) Ltd.,96,397.0,38112.0,2025-09-08 11:32:54.599758
2025-09-08,54202,2025090804001556,NGPL,Himalayan Brokerage Company Limited,Citizens Share Broker Limited,254,397.0,100838.0,2025-09-08 11:32:54.600029
2025-09-08,54022,2025090804001587,NGPL,Miyo Securities Pvt Ltd,Citizens Share Broker Limited,46,397.0,18262.0,2025-09-08 11:33:52.102260
2025-09-08,53712,2025090804001649,NGPL,Himalayan Brokerage Company Limited,Aryatara Investment & Securities,200,397.9,79580.0,2025-09-08 11:35:17.355755
2025-09-08,53360,2025090804001747,NGPL,Online Securities Pvt. Ltd.,Sumeru Securities Pvt. Ltd.,100,398.0,39800.0,2025-09-08 11:37:15.245981
2025-09-08,53359,2025090804001748,NGPL,Online Securities Pvt. Ltd.,Imperial Securities Company Pvt. Ltd.,500,398.0,199000.0,2025-09-08 11:37:15.246304
2025-09-08,53299,2025090804001757,NGPL,Online Securities Pvt. Ltd.,Naasa Securities Co. Ltd.,1085,398.0,431830.0,2025-09-08 11:37:36.407913
2025-09-08,53298,2025090804001758,NGPL,Online Securities Pvt. Ltd.,Naasa Securities Co. Ltd.,15,398.0,5970.0,2025-09-08 11:37:36.408090
2025-09-08,53108,2025090804001785,NGPL,Premier Securities Company Ltd.,Naasa Securities Co. Ltd.,35,398.0,13930.0,2025-09-08 11:38:15.184225
2025-09-08,52980,2025090804001824,NGPL,Nepal Stock House (PVT) Ltd.,Naasa Securities Co. Ltd.,500,398.0,199000.0,2025-09-08 11:39:03.907871
2025-09-08,52966,2025090804001826,NGPL,Sani Securities Company Ltd.,Naasa Securities Co. Ltd.,500,398.0,199000.0,2025-09-08 11:39:07.153625
2025-09-08,52951,2025090804001827,NGPL,Sani Securities Company Ltd.,Imperial Securities Company Pvt. Ltd.,55,398.0,21890.0,2025-09-08 11:39:13.930756
2025-09-08,52950,2025090804001828,NGPL,Online Securities Pvt. Ltd.,Imperial Securities Company Pvt. Ltd.,224,398.0,89152.0,2025-09-08 11:39:13.931113
2025-09-08,52907,2025090804001843,NGPL,Himalayan Brokerage Company Limited,Capital Max Securities Ltd,300,399.0,119700.0,2025-09-08 11:39:28.098428
2025-09-08,52869,2025090804001854,NGPL,Nepal Stock House (PVT) Ltd.,Dipshikha Dhitopatra Karobar Co. Pvt Ltd.,46,399.0,18354.0,2025-09-08 11:39:38.142115
2025-09-08,52863,2025090804001855,NGPL,Nepal Stock House (PVT) Ltd.,Aryatara Investment & Securities,100,399.0,39900.0,2025-09-08 11:39:39.526662
2025-09-08,52796,2025090804001868,NGPL,Deevyaa Securities & Stock House Pvt. Ltd,Trishakti Securities Public Limited,100,399.9,39990.0,2025-09-08 11:40:05.103224
2025-09-08,52795,2025090804001869,NGPL,Deevyaa Securities & Stock House Pvt. Ltd,Trisul Securities & Invt. Ltd.,1025,399.9,409897.5,2025-09-08 11:40:05.103652
2025-09-08,52794,2025090804001870,NGPL,Deevyaa Securities & Stock House Pvt. Ltd,Market Securities & Exchange (PVT) Ltd.,300,399.9,119970.0,2025-09-08 11:40:05.103958
2025-09-08,52793,2025090804001871,NGPL,Deevyaa Securities & Stock House Pvt. Ltd,Bhrikuti Stock Broking Co. Pvt. Ltd.,300,400.0,120000.0,2025-09-08 11:40:05.104216
2025-09-08,52792,2025090804001872,NGPL,Deevyaa Securities & Stock House Pvt. Ltd,Arun Securities (PVT) Ltd.,200,400.0,80000.0,2025-09-08 11:40:05.104431
2025-09-08,52791,2025090804001873,NGPL,Deevyaa Securities & Stock House Pvt. Ltd,Kohinoor Investment & Securities Pvt. Ltd.,20,400.0,8000.0,2025-09-08 11:40:05.104624
2025-09-08,52790,2025090804001874,NGPL,Deevyaa Securities & Stock House Pvt. Ltd,Dynamic Money Managers Securities Pvt. Ltd.,50,400.0,20000.0,2025-09-08 11:40:05.104824
2025-09-08,52789,2025090804001875,NGPL,Deevyaa Securities & Stock House Pvt. Ltd,Naasa Securities Co. Ltd.,100,400.0,40000.0,2025-09-08 11:40:05.105021
2025-09-08,52788,2025090804001876,NGPL,Deevyaa Securities & Stock House Pvt. Ltd,Arun Securities (PVT) Ltd.,400,400.0,160000.0,2025-09-08 11:40:05.105296
2025-09-08,52787,2025090804001877,NGPL,Deevyaa Securities & Stock House Pvt. Ltd,Midas Stock Broking Company Private Limited,200,400.0,80000.0,2025-09-08 11:40:05.105556
2025-09-08,52786,2025090804001878,NGPL,Deevyaa Securities & Stock House Pvt. Ltd,Sewa Securities Pvt. Ltd.,250,400.0,100000.0,2025-09-08 11:40:05.105825
2025-09-08,52785,2025090804001879,NGPL,Deevyaa Securities & Stock House Pvt. Ltd,Kohinoor Investment & Securities Pvt. Ltd.,20,400.0,8000.0,2025-09-08 11:40:05.106057
2025-09-08,52784,2025090804001880,NGPL,Deevyaa Securities & Stock House Pvt. Ltd,Malla & Malla Stock Broking Company Pvt. Limited,35,400.0,14000.0,2025-09-08 11:40:05.106237
2025-09-08,52776,2025090804001882,NGPL,Online Securities Pvt. Ltd.,Malla & Malla Stock Broking Company Pvt. Limited,265,400.0,106000.0,2025-09-08 11:40:08.394169
2025-09-08,52749,2025090804001890,NGPL,Nepal Stock House (PVT) Ltd.,Nepal Stock House (PVT) Ltd.,100,401.0,40100.0,2025-09-08 11:40:20.057466
2025-09-08,52748,2025090804001891,NGPL,Nepal Stock House (PVT) Ltd.,Sri Hari Securities Pvt. Ltd.,128,401.0,51328.0,2025-09-08 11:40:20.057609
2025-09-08,52747,2025090804001892,NGPL,Nepal Stock House (PVT) Ltd.,Trisul Securities & Invt. Ltd.,200,401.0,80200.0,2025-09-08 11:40:20.057673
2025-09-08,52746,2025090804001893,NGPL,Nepal Stock House (PVT) Ltd.,Asian Securities Private Ltd.,40,401.0,16040.0,2025-09-08 11:40:20.057770
2025-09-08,52745,2025090804001894,NGPL,Nepal Stock House (PVT) Ltd.,Imperial Securities Company Pvt. Ltd.,32,401.0,12832.0,2025-09-08 11:40:20.057829
2025-09-08,52712,2025090804001906,NGPL,Magnet Securities and Investment Company Private Limited,Imperial Securities Company Pvt. Ltd.,18,401.0,7218.0,2025-09-08 11:40:29.536382
2025-09-08,52677,2025090804001925,NGPL,Nepal Stock House (PVT) Ltd.,Bhrikuti Stock Broking Co. Pvt. Ltd.,300,402.0,120600.0,2025-09-08 11:40:36.955050
2025-09-08,52676,2025090804001926,NGPL,Nepal Stock House (PVT) Ltd.,South Asian Bulls Pvt. Ltd.,500,402.0,201000.0,2025-09-08 11:40:36.955254
2025-09-08,52675,2025090804001927,NGPL,Nepal Stock House (PVT) Ltd.,MILKY WAY SHARE BROKER COMPANY LTD ,1500,402.0,603000.0,2025-09-08 11:40:36.955326
2025-09-08,52674,2025090804001928,NGPL,Nepal Stock House (PVT) Ltd.,Sumeru Securities Pvt. Ltd.,100,402.0,40200.0,2025-09-08 11:40:36.955413
2025-09-08,52673,2025090804001929,NGPL,Nepal Stock House (PVT) Ltd.,Aryatara Investment & Securities,500,402.0,201000.0,2025-09-08 11:40:36.955496
2025-09-08,52672,2025090804001930,NGPL,Nepal Stock House (PVT) Ltd.,Imperial Securities Company Pvt. Ltd.,100,402.0,40200.0,2025-09-08 11:40:36.955555
2025-09-08,52653,2025090804001939,NGPL,Nepal Stock House (PVT) Ltd.,Shree Krishna Securities Ltd.,100,402.0,40200.0,2025-09-08 11:40:40.919902
2025-09-08,52605,2025090804001944,NGPL,Nepal Stock House (PVT) Ltd.,Vision Securities Pvt. Ltd,400,402.0,160800.0,2025-09-08 11:41:06.461956
2025-09-08,52512,2025090804001964,NGPL,Magnet Securities and Investment Company Private Limited,Vision Securities Pvt. Ltd,182,402.0,73164.0,2025-09-08 11:41:40.737876
2025-09-08,52486,2025090804001973,NGPL,Nepal Stock House (PVT) Ltd.,Vision Securities Pvt. Ltd,418,402.0,168036.0,2025-09-08 11:41:53.176131
2025-09-08,52485,2025090804001974,NGPL,Nepal Stock House (PVT) Ltd.,Naasa Securities Co. Ltd.,82,402.0,32964.0,2025-09-08 11:41:53.176294
2025-09-08,52465,2025090804001977,NGPL,Online Securities Pvt. Ltd.,Sundhara Securities Limited,200,400.0,80000.0,2025-09-08 11:42:00.302062
2025-09-08,52452,2025090804001979,NGPL,Sundhara Securities Limited,Capital Max Securities Ltd,300,401.0,120300.0,2025-09-08 11:42:06.321416
2025-09-08,52307,2025090804002013,NGPL,Nepal Stock House (PVT) Ltd.,Capital Max Securities Ltd,500,401.0,200500.0,2025-09-08 11:42:51.008701
2025-09-08,52245,2025090804002035,NGPL,Online Securities Pvt. Ltd.,Sundhara Securities Limited,180,400.0,72000.0,2025-09-08 11:43:07.635401
2025-09-08,52210,2025090804002044,NGPL,Online Securities Pvt. Ltd.,Sani Securities Company Ltd.,205,400.0,82000.0,2025-09-08 11:43:22.873470
2025-09-08,52060,2025090804002112,NGPL,Online Securities Pvt. Ltd.,Linch Stock Market Ltd.,806,400.0,322400.0,2025-09-08 11:44:01.680360
2025-09-08,51987,2025090804002126,NGPL,Dakshinkali Investment & Securities Pvt. Ltd.,Capital Max Securities Ltd,200,401.0,80200.0,2025-09-08 11:44:30.316355
2025-09-08,51947,2025090804002134,NGPL,Dakshinkali Investment & Securities Pvt. Ltd.,J.F. Securites (PVT) Ltd.,100,401.0,40100.0,2025-09-08 11:44:44.675802
2025-09-08,51946,2025090804002135,NGPL,Sumeru Securities Pvt. Ltd.,J.F. Securites (PVT) Ltd.,300,400.0,120000.0,2025-09-08 11:44:44.675991
2025-09-08,51945,2025090804002136,NGPL,Imperial Securities Company Pvt. Ltd.,J.F. Securites (PVT) Ltd.,500,400.0,200000.0,2025-09-08 11:44:44.676060
2025-09-08,51733,2025090804002199,NGPL,Dipshikha Dhitopatra Karobar Co. Pvt Ltd.,J.F. Securites (PVT) Ltd.,100,398.2,39820.0,2025-09-08 11:45:50.927213
2025-09-08,51626,2025090804002214,NGPL,Dipshikha Dhitopatra Karobar Co. Pvt Ltd.,Market Securities & Exchange (PVT) Ltd.,80,398.2,31856.0,2025-09-08 11:46:23.924806
2025-09-08,51581,2025090804002227,NGPL,Dipshikha Dhitopatra Karobar Co. Pvt Ltd.,Cristal Kanchanjanga Securites Pvt. Ltd.,20,398.2,7964.0,2025-09-08 11:46:45.301475
2025-09-08,51580,2025090804002228,NGPL,Himalayan Brokerage Company Limited,Cristal Kanchanjanga Securites Pvt. Ltd.,200,397.2,79440.0,2025-09-08 11:46:45.301704
2025-09-08,51579,2025090804002229,NGPL,Primo Securities (PVT) Ltd.,Cristal Kanchanjanga Securites Pvt. Ltd.,100,397.1,39710.0,2025-09-08 11:46:45.301782
2025-09-08,51578,2025090804002230,NGPL,Market Securities & Exchange (PVT) Ltd.,Cristal Kanchanjanga Securites Pvt. Ltd.,680,397.1,270028.0,2025-09-08 11:46:45.301862
2025-09-08,51453,2025090804002267,NGPL,Trishakti Securities Public Limited,Sani Securities Company Ltd.,77,398.4,30676.8,2025-09-08 11:47:19.359713
2025-09-08,50956,2025090804002411,NGPL,Nepal Investment And Securities Trading Private Limited,Cristal Kanchanjanga Securites Pvt. Ltd.,150,401.0,60150.0,2025-09-08 11:49:54.637598
2025-09-08,50927,2025090804002415,NGPL,Nepal Investment And Securities Trading Private Limited,Sumeru Securities Pvt. Ltd.,200,401.0,80200.0,2025-09-08 11:50:07.906623
2025-09-08,50902,2025090804002419,NGPL,Nepal Investment And Securities Trading Private Limited,Naasa Securities Co. Ltd.,150,401.0,60150.0,2025-09-08 11:50:17.326995
2025-09-08,50799,2025090804002457,NGPL,Market Securities & Exchange (PVT) Ltd.,Naasa Securities Co. Ltd.,130,400.0,52000.0,2025-09-08 11:50:45.222360
2025-09-08,50794,2025090804002460,NGPL,Creative Securities Pvt Ltd,Sagarmatha Securities Private Limited,35,401.0,14035.0,2025-09-08 11:50:49.941554
2025-09-08,50793,2025090804002461,NGPL,Creative Securities Pvt Ltd,Sajilo Broker Limited,100,401.5,40150.0,2025-09-08 11:50:49.941745
2025-09-08,50792,2025090804002462,NGPL,Creative Securities Pvt Ltd,Deevyaa Securities & Stock House Pvt. Ltd,1000,401.7,401700.0,2025-09-08 11:50:49.941816
2025-09-08,50791,2025090804002463,NGPL,Creative Securities Pvt Ltd,Kohinoor Investment & Securities Pvt. Ltd.,865,401.7,347470.5,2025-09-08 11:50:49.941891
2025-09-08,50711,2025090804002498,NGPL,Nepal Stock House (PVT) Ltd.,Kohinoor Investment & Securities Pvt. Ltd.,854,401.0,342454.0,2025-09-08 11:51:24.230354
2025-09-08,50601,2025090804002533,NGPL,Nepal Stock House (PVT) Ltd.,Kohinoor Investment & Securities Pvt. Ltd.,1146,401.0,459546.0,2025-09-08 11:51:56.694710
2025-09-08,50521,2025090804002555,NGPL,Creative Securities Pvt Ltd,Kohinoor Investment & Securities Pvt. Ltd.,135,401.7,54229.5,2025-09-08 11:52:13.407310
2025-09-08,50520,2025090804002556,NGPL,Creative Securities Pvt Ltd,Nepal Stock House (PVT) Ltd.,50,401.8,20090.0,2025-09-08 11:52:13.407495
2025-09-08,50519,2025090804002557,NGPL,Creative Securities Pvt Ltd,Capital Max Securities Ltd,500,401.9,200950.0,2025-09-08 11:52:13.407574
2025-09-08,50518,2025090804002558,NGPL,Creative Securities Pvt Ltd,Indira securities pvt. ltd,180,401.9,72342.0,2025-09-08 11:52:13.407646
2025-09-08,50517,2025090804002559,NGPL,Creative Securities Pvt Ltd,Cristal Kanchanjanga Securites Pvt. Ltd.,1000,401.9,401900.0,2025-09-08 11:52:13.407717
2025-09-08,50513,2025090804002561,NGPL,Sri Hari Securities Pvt. Ltd.,SHUBHAKAMANA SECURITIES PVT. LTD,1000,402.0,402000.0,2025-09-08 11:52:18.234921
2025-09-08,50512,2025090804002562,NGPL,Sri Hari Securities Pvt. Ltd.,ABC Securities Private Limited,77,402.0,30954.0,2025-09-08 11:52:18.235264
2025-09-08,50511,2025090804002563,NGPL,Sri Hari Securities Pvt. Ltd.,Premier Securities Company Ltd.,100,402.0,40200.0,2025-09-08 11:52:18.235501
2025-09-08,50510,2025090804002564,NGPL,Sri Hari Securities Pvt. Ltd.,Kohinoor Investment & Securities Pvt. Ltd.,1000,402.0,402000.0,2025-09-08 11:52:18.235783
2025-09-08,50509,2025090804002565,NGPL,Sri Hari Securities Pvt. Ltd.,Miyo Securities Pvt Ltd,310,402.0,124620.0,2025-09-08 11:52:18.235995
2025-09-08,50508,2025090804002566,NGPL,Sri Hari Securities Pvt. Ltd.,Sewa Securities Pvt. Ltd.,200,402.0,80400.0,2025-09-08 11:52:18.236195
2025-09-08,50507,2025090804002567,NGPL,Sri Hari Securities Pvt. Ltd.,Sajilo Broker Limited,100,402.0,40200.0,2025-09-08 11:52:18.236451
2025-09-08,50506,2025090804002568,NGPL,Sri Hari Securities Pvt. Ltd.,Kumari Securities Private Limited,100,402.0,40200.0,2025-09-08 11:52:18.236676
2025-09-08,50505,2025090804002569,NGPL,Sri Hari Securities Pvt. Ltd.,Deevyaa Securities & Stock House Pvt. Ltd,1000,402.0,402000.0,2025-09-08 11:52:18.236907
2025-09-08,50504,2025090804002570,NGPL,Sri Hari Securities Pvt. Ltd.,Midas Stock Broking Company Private Limited,113,402.0,45426.0,2025-09-08 11:52:18.237112
2025-09-08,50465,2025090804002583,NGPL,Aryatara Investment & Securities,Midas Stock Broking Company Private Limited,137,402.0,55074.0,2025-09-08 11:52:26.213131
2025-09-08,50406,2025090804002590,NGPL,Creative Securities Pvt Ltd,Agrawal Securities (PVT) Ltd.,135,402.7,54364.5,2025-09-08 11:52:46.599275
2025-09-08,50386,2025090804002599,NGPL,Sri Hari Securities Pvt. Ltd.,Agrawal Securities (PVT) Ltd.,265,402.7,106715.5,2025-09-08 11:52:50.485679
2025-09-08,50385,2025090804002600,NGPL,Sri Hari Securities Pvt. Ltd.,Sweta Securities Private Limited,180,402.8,72504.0,2025-09-08 11:52:50.486009
2025-09-08,50384,2025090804002601,NGPL,Sri Hari Securities Pvt. Ltd.,Dynamic Money Managers Securities Pvt. Ltd.,200,402.9,80580.0,2025-09-08 11:52:50.486244
2025-09-08,50341,2025090804002612,NGPL,Citizens Share Broker Limited,Nepal Stock House (PVT) Ltd.,490,403.0,197470.0,2025-09-08 11:52:59.982617
2025-09-08,50340,2025090804002613,NGPL,Citizens Share Broker Limited,Sumeru Securities Pvt. Ltd.,300,403.0,120900.0,2025-09-08 11:52:59.982846
2025-09-08,50339,2025090804002614,NGPL,Citizens Share Broker Limited,Pragyan Securities (PVT) Ltd.,100,403.0,40300.0,2025-09-08 11:52:59.982920
2025-09-08,50338,2025090804002615,NGPL,Citizens Share Broker Limited,Bhrikuti Stock Broking Co. Pvt. Ltd.,50,403.0,20150.0,2025-09-08 11:52:59.983032
2025-09-08,50309,2025090804002620,NGPL,Citizens Share Broker Limited,Sweta Securities Private Limited,60,403.0,24180.0,2025-09-08 11:53:10.472083
2025-09-08,50251,2025090804002633,NGPL,Market Securities & Exchange (PVT) Ltd.,Sweta Securities Private Limited,140,403.0,56420.0,2025-09-08 11:53:27.876581
2025-09-08,50250,2025090804002634,NGPL,Market Securities & Exchange (PVT) Ltd.,Vision Securities Pvt. Ltd,230,403.0,92690.0,2025-09-08 11:53:27.876910
2025-09-08,50238,2025090804002638,NGPL,Market Securities & Exchange (PVT) Ltd.,Vision Securities Pvt. Ltd,500,403.0,201500.0,2025-09-08 11:53:35.902549
2025-09-08,50231,2025090804002640,NGPL,Aryatara Investment & Securities,Kohinoor Investment & Securities Pvt. Ltd.,190,402.9,76551.0,2025-09-08 11:53:38.814243
2025-09-08,50230,2025090804002641,NGPL,Aryatara Investment & Securities,Vision Securities Pvt. Ltd,73,403.0,29419.0,2025-09-08 11:53:38.814597
2025-09-08,50180,2025090804002654,NGPL,Citizens Share Broker Limited,Vision Securities Pvt. Ltd,1197,403.0,482391.0,2025-09-08 11:53:59.126511
2025-09-08,50179,2025090804002655,NGPL,Citizens Share Broker Limited,Miyo Securities Pvt Ltd,280,403.0,112840.0,2025-09-08 11:53:59.126710
2025-09-08,50178,2025090804002656,NGPL,Citizens Share Broker Limited,Sweta Securities Private Limited,23,403.0,9269.0,2025-09-08 11:53:59.126790
2025-09-08,50126,2025090804002669,NGPL,Asian Securities Private Ltd.,Sweta Securities Private Limited,327,403.0,131781.0,2025-09-08 11:54:10.886943
2025-09-08,50105,2025090804002672,NGPL,Asian Securities Private Ltd.,Trademow Securities Private Limited,173,403.0,69719.0,2025-09-08 11:54:16.370815
2025-09-08,50104,2025090804002673,NGPL,Sri Hari Securities Pvt. Ltd.,Trademow Securities Private Limited,127,402.1,51066.7,2025-09-08 11:54:16.371046
2025-09-08,50063,2025090804002683,NGPL,Naasa Securities Co. Ltd.,Sumeru Securities Pvt. Ltd.,150,403.0,60450.0,2025-09-08 11:54:29.366335
2025-09-08,50062,2025090804002684,NGPL,Naasa Securities Co. Ltd.,Agrawal Securities (PVT) Ltd.,100,403.1,40310.0,2025-09-08 11:54:29.366556
2025-09-08,50061,2025090804002685,NGPL,Naasa Securities Co. Ltd.,Market Securities & Exchange (PVT) Ltd.,150,403.7,60555.0,2025-09-08 11:54:29.366633
2025-09-08,50060,2025090804002686,NGPL,Naasa Securities Co. Ltd.,Bhrikuti Stock Broking Co. Pvt. Ltd.,400,403.7,161480.0,2025-09-08 11:54:29.366722
2025-09-08,50059,2025090804002687,NGPL,Naasa Securities Co. Ltd.,Nepal Stock House (PVT) Ltd.,50,403.9,20195.0,2025-09-08 11:54:29.366794
2025-09-08,50058,2025090804002688,NGPL,Naasa Securities Co. Ltd.,Capital Max Securities Ltd,50,404.0,20200.0,2025-09-08 11:54:29.366866
2025-09-08,50030,2025090804002695,NGPL,Opal Securities Investment (PVT) Ltd.,Capital Max Securities Ltd,250,404.0,101000.0,2025-09-08 11:54:37.521609
2025-09-08,49952,2025090804002699,NGPL,Online Securities Pvt. Ltd.,Capital Max Securities Ltd,200,404.0,80800.0,2025-09-08 11:54:48.374169
2025-09-08,49951,2025090804002700,NGPL,Online Securities Pvt. Ltd.,Naasa Securities Co. Ltd.,800,404.0,323200.0,2025-09-08 11:54:48.374503
2025-09-08,49901,2025090804002718,NGPL,Naasa Securities Co. Ltd.,Naasa Securities Co. Ltd.,200,404.0,80800.0,2025-09-08 11:55:08.781285
2025-09-08,49900,2025090804002719,NGPL,Naasa Securities Co. Ltd.,Garima Securities Limited,100,404.4,40440.0,2025-09-08 11:55:08.781643
2025-09-08,49899,2025090804002720,NGPL,Naasa Securities Co. Ltd.,Vision Securities Pvt. Ltd,100,404.7,40470.0,2025-09-08 11:55:08.781853
2025-09-08,49898,2025090804002721,NGPL,Naasa Securities Co. Ltd.,Imperial Securities Company Pvt. Ltd.,100,404.9,40490.0,2025-09-08 11:55:08.782050
2025-09-08,49897,2025090804002722,NGPL,Naasa Securities Co. Ltd.,Nepal Stock House (PVT) Ltd.,60,404.9,24294.0,2025-09-08 11:55:08.782245
2025-09-08,49896,2025090804002723,NGPL,Naasa Securities Co. Ltd.,Magnet Securities and Investment Company Private Limited,140,405.0,56700.0,2025-09-08 11:55:08.782457
2025-09-08,49837,2025090804002748,NGPL,Imperial Securities Company Pvt. Ltd.,Kohinoor Investment & Securities Pvt. Ltd.,500,404.0,202000.0,2025-09-08 11:55:31.594777
2025-09-08,49735,2025090804002776,NGPL,Imperial Securities Company Pvt. Ltd.,Magnet Securities and Investment Company Private Limited,110,405.0,44550.0,2025-09-08 11:56:06.817429
2025-09-08,49734,2025090804002777,NGPL,Imperial Securities Company Pvt. Ltd.,Naasa Securities Co. Ltd.,200,405.0,81000.0,2025-09-08 11:56:06.817630
2025-09-08,49733,2025090804002778,NGPL,Imperial Securities Company Pvt. Ltd.,Market Securities & Exchange (PVT) Ltd.,10,405.0,4050.0,2025-09-08 11:56:06.817707
2025-09-08,49732,2025090804002779,NGPL,Imperial Securities Company Pvt. Ltd.,Sagarmatha Securities Private Limited,50,405.0,20250.0,2025-09-08 11:56:06.817776
2025-09-08,49731,2025090804002780,NGPL,Imperial Securities Company Pvt. Ltd.,Kohinoor Investment & Securities Pvt. Ltd.,10,405.0,4050.0,2025-09-08 11:56:06.817863
2025-09-08,49730,2025090804002781,NGPL,Imperial Securities Company Pvt. Ltd.,Nepal Stock House (PVT) Ltd.,100,405.0,40500.0,2025-09-08 11:56:06.817974
2025-09-08,49729,2025090804002782,NGPL,Imperial Securities Company Pvt. Ltd.,Dipshikha Dhitopatra Karobar Co. Pvt Ltd.,20,405.0,8100.0,2025-09-08 11:56:06.818057
2025-09-08,49583,2025090804002841,NGPL,Aryatara Investment & Securities,Agrawal Securities (PVT) Ltd.,200,403.0,80600.0,2025-09-08 11:56:44.914979
2025-09-08,49446,2025090804002864,NGPL,Imperial Securities Company Pvt. Ltd.,Sweta Securities Private Limited,350,402.9,141015.0,2025-09-08 11:57:31.178026
2025-09-08,49445,2025090804002865,NGPL,Imperial Securities Company Pvt. Ltd.,Shree Krishna Securities Ltd.,50,402.9,20145.0,2025-09-08 11:57:31.178209
2025-09-08,49444,2025090804002866,NGPL,Imperial Securities Company Pvt. Ltd.,J.F. Securites (PVT) Ltd.,100,403.0,40300.0,2025-09-08 11:57:31.178286
2025-09-08,49393,2025090804002882,NGPL,Imperial Securities Company Pvt. Ltd.,J.F. Securites (PVT) Ltd.,100,403.0,40300.0,2025-09-08 11:57:50.311759
2025-09-08,49392,2025090804002883,NGPL,Imperial Securities Company Pvt. Ltd.,Asian Securities Private Ltd.,50,403.0,20150.0,2025-09-08 11:57:50.311817
2025-09-08,49337,2025090804002897,NGPL,Citizens Share Broker Limited,Naasa Securities Co. Ltd.,1000,403.0,403000.0,2025-09-08 11:58:14.918446
2025-09-08,49336,2025090804002898,NGPL,Sri Hari Securities Pvt. Ltd.,Naasa Securities Co. Ltd.,228,402.3,91724.4,2025-09-08 11:58:14.918696
2025-09-08,49335,2025090804002899,NGPL,Sri Hari Securities Pvt. Ltd.,Naasa Securities Co. Ltd.,500,402.3,201150.0,2025-09-08 11:58:14.918785
2025-09-08,49334,2025090804002900,NGPL,Secured Securities Ltd.,Naasa Securities Co. Ltd.,1000,402.3,402300.0,2025-09-08 11:58:14.918907
2025-09-08,49226,2025090804002925,NGPL,Premier Securities Company Ltd.,Online Securities Pvt. Ltd.,100,402.2,40220.0,2025-09-08 11:58:38.080637
2025-09-08,49222,2025090804002928,NGPL,Premier Securities Company Ltd.,Cristal Kanchanjanga Securites Pvt. Ltd.,500,402.2,201100.0,2025-09-08 11:58:39.638465
2025-09-08,49123,2025090804002951,NGPL,Kumari Securities Private Limited,Sewa Securities Pvt. Ltd.,51,402.0,20502.0,2025-09-08 11:58:56.168734
2025-09-08,49095,2025090804002955,NGPL,Imperial Securities Company Pvt. Ltd.,Naasa Securities Co. Ltd.,200,402.3,80460.0,2025-09-08 11:59:06.524219
2025-09-08,49067,2025090804002975,NGPL,Kumari Securities Private Limited,Online Securities Pvt. Ltd.,49,402.0,19698.0,2025-09-08 11:59:11.319216
2025-09-08,49061,2025090804002978,NGPL,Kohinoor Investment & Securities Pvt. Ltd.,Naasa Securities Co. Ltd.,350,402.3,140805.0,2025-09-08 11:59:13.196842
2025-09-08,49032,2025090804002983,NGPL,BHOLE GANESH SECURITIES LTD,Naasa Securities Co. Ltd.,1000,402.3,402300.0,2025-09-08 11:59:21.499098
2025-09-08,49002,2025090804003000,NGPL,KALASH STOCK MARKET PVT. LTD.,Imperial Securities Company Pvt. Ltd.,50,402.0,20100.0,2025-09-08 11:59:30.276139
2025-09-08,48973,2025090804003008,NGPL,Siprabi Securities Pvt. Ltd.,Imperial Securities Company Pvt. Ltd.,200,402.0,80400.0,2025-09-08 11:59:38.698633
2025-09-08,48928,2025090804003012,NGPL,Nepal Stock House (PVT) Ltd.,Imperial Securities Company Pvt. Ltd.,50,402.0,20100.0,2025-09-08 11:59:55.304435
2025-09-08,48924,2025090804003013,NGPL,Nepal Stock House (PVT) Ltd.,Premier Securities Company Ltd.,50,402.0,20100.0,2025-09-08 11:59:57.010658
2025-09-08,48895,2025090804003016,NGPL,Himalayan Brokerage Company Limited,Premier Securities Company Ltd.,10,402.2,4022.0,2025-09-08 12:00:04.902972
2025-09-08,48894,2025090804003017,NGPL,Himalayan Brokerage Company Limited,Naasa Securities Co. Ltd.,2990,402.3,1202877.0,2025-09-08 12:00:04.903590
2025-09-08,48891,2025090804003019,NGPL,Online Securities Pvt. Ltd.,Naasa Securities Co. Ltd.,827,402.3,332702.1,2025-09-08 12:00:06.783387
2025-09-08,48851,2025090804003033,NGPL,Aryatara Investment & Securities,K.B.L. Securities Limited ,2000,403.0,806000.0,2025-09-08 12:00:25.322754
2025-09-08,48843,2025090804003039,NGPL,Swarna Laxmi Securities Pvt. Ltd.,K.B.L. Securities Limited ,400,403.0,161200.0,2025-09-08 12:00:27.006920
2025-09-08,48841,2025090804003040,NGPL,KALASH STOCK MARKET PVT. LTD.,K.B.L. Securities Limited ,30,403.0,12090.0,2025-09-08 12:00:28.440671
2025-09-08,48824,2025090804003041,NGPL,Online Securities Pvt. Ltd.,SHUBHAKAMANA SECURITIES PVT. LTD,30,402.3,12069.0,2025-09-08 12:00:35.714095
2025-09-08,48794,2025090804003053,NGPL,Himalayan Brokerage Company Limited,K.B.L. Securities Limited ,50,403.0,20150.0,2025-09-08 12:00:51.186695
2025-09-08,48749,2025090804003070,NGPL,Trisul Securities & Invt. Ltd.,K.B.L. Securities Limited ,520,403.0,209560.0,2025-09-08 12:01:03.999898
2025-09-08,48748,2025090804003071,NGPL,Trisul Securities & Invt. Ltd.,Shree Krishna Securities Ltd.,100,403.4,40340.0,2025-09-08 12:01:03.999998
2025-09-08,48747,2025090804003072,NGPL,Trisul Securities & Invt. Ltd.,Garima Securities Limited,100,403.5,40350.0,2025-09-08 12:01:04.000077
2025-09-08,48746,2025090804003073,NGPL,Trisul Securities & Invt. Ltd.,Garima Securities Limited,20,403.9,8078.0,2025-09-08 12:01:04.000136
2025-09-08,48745,2025090804003074,NGPL,Trisul Securities & Invt. Ltd.,Asian Securities Private Ltd.,100,403.9,40390.0,2025-09-08 12:01:04.000200
2025-09-08,48744,2025090804003075,NGPL,Trisul Securities & Invt. Ltd.,Dynamic Money Managers Securities Pvt. Ltd.,2000,404.0,808000.0,2025-09-08 12:01:04.000265
2025-09-08,48743,2025090804003076,NGPL,Trisul Securities & Invt. Ltd.,Malla & Malla Stock Broking Company Pvt. Limited,80,404.0,32320.0,2025-09-08 12:01:04.000357
2025-09-08,48742,2025090804003077,NGPL,Trisul Securities & Invt. Ltd.,Vision Securities Pvt. Ltd,80,404.0,32320.0,2025-09-08 12:01:04.000461
2025-09-08,48688,2025090804003094,NGPL,Imperial Securities Company Pvt. Ltd.,Sani Securities Company Ltd.,200,403.0,80600.0,2025-09-08 12:01:22.946477
2025-09-08,48670,2025090804003098,NGPL,KALASH STOCK MARKET PVT. LTD.,Sani Securities Company Ltd.,500,403.0,201500.0,2025-09-08 12:01:29.604757
2025-09-08,48634,2025090804003111,NGPL,Aryatara Investment & Securities,Sani Securities Company Ltd.,800,403.0,322400.0,2025-09-08 12:01:45.883171
2025-09-08,48633,2025090804003112,NGPL,Aryatara Investment & Securities,Naasa Securities Co. Ltd.,200,403.0,80600.0,2025-09-08 12:01:45.883570
2025-09-08,48582,2025090804003114,NGPL,Opal Securities Investment (PVT) Ltd.,Naasa Securities Co. Ltd.,300,403.0,120900.0,2025-09-08 12:01:56.240760
2025-09-08,48581,2025090804003115,NGPL,Opal Securities Investment (PVT) Ltd.,Vision Securities Pvt. Ltd,200,404.0,80800.0,2025-09-08 12:01:56.241054
2025-09-08,48432,2025090804003150,NGPL,ABC Securities Private Limited,Malla & Malla Stock Broking Company Pvt. Limited,170,403.0,68510.0,2025-09-08 12:02:34.898866
2025-09-08,48431,2025090804003151,NGPL,ABC Securities Private Limited,Vision Securities Pvt. Ltd,170,404.0,68680.0,2025-09-08 12:02:34.898971
2025-09-08,48430,2025090804003152,NGPL,ABC Securities Private Limited,Vision Securities Pvt. Ltd,200,404.0,80800.0,2025-09-08 12:02:34.899060
2025-09-08,48429,2025090804003153,NGPL,ABC Securities Private Limited,Shree Krishna Securities Ltd.,225,404.0,90900.0,2025-09-08 12:02:34.899120
2025-09-08,48428,2025090804003154,NGPL,ABC Securities Private Limited,Dakshinkali Investment & Securities Pvt. Ltd.,235,404.0,94940.0,2025-09-08 12:02:34.899187
2025-09-08,48391,2025090804003172,NGPL,ABC Securities Private Limited,Dakshinkali Investment & Securities Pvt. Ltd.,1000,404.0,404000.0,2025-09-08 12:02:46.950385
2025-09-08,48207,2025090804003236,NGPL,R.B.B. Securities Company Ltd,J.F. Securites (PVT) Ltd.,250,403.0,100750.0,2025-09-08 12:03:52.977393
2025-09-08,48011,2025090804003279,NGPL,SUN SECURITIES PVT LTD,K.B.L. Securities Limited ,1000,402.6,402600.0,2025-09-08 12:05:12.726956
2025-09-08,47819,2025090804003321,NGPL,Premier Securities Company Ltd.,Online Securities Pvt. Ltd.,20,402.8,8056.0,2025-09-08 12:06:06.716101
2025-09-08,47818,2025090804003322,NGPL,Premier Securities Company Ltd.,Online Securities Pvt. Ltd.,20,402.9,8058.0,2025-09-08 12:06:06.716182
2025-09-08,47817,2025090804003323,NGPL,Premier Securities Company Ltd.,Midas Stock Broking Company Private Limited,400,403.0,161200.0,2025-09-08 12:06:06.716211
2025-09-08,47816,2025090804003324,NGPL,Premier Securities Company Ltd.,Shree Krishna Securities Ltd.,50,403.9,20195.0,2025-09-08 12:06:06.716234
2025-09-08,47815,2025090804003325,NGPL,Premier Securities Company Ltd.,Agrawal Securities (PVT) Ltd.,50,403.9,20195.0,2025-09-08 12:06:06.716276
2025-09-08,47814,2025090804003326,NGPL,Premier Securities Company Ltd.,Capital Max Securities Ltd,460,403.9,185794.0,2025-09-08 12:06:06.716299
2025-09-08,47779,2025090804003335,NGPL,Aryatara Investment & Securities,Deevyaa Securities & Stock House Pvt. Ltd,500,402.6,201300.0,2025-09-08 12:06:22.242918
2025-09-08,47778,2025090804003336,NGPL,Naasa Securities Co. Ltd.,Deevyaa Securities & Stock House Pvt. Ltd,10,402.6,4026.0,2025-09-08 12:06:22.243183
2025-09-08,47777,2025090804003337,NGPL,KALASH STOCK MARKET PVT. LTD.,Deevyaa Securities & Stock House Pvt. Ltd,500,402.5,201250.0,2025-09-08 12:06:22.243321
2025-09-08,47776,2025090804003338,NGPL,Dynamic Money Managers Securities Pvt. Ltd.,Deevyaa Securities & Stock House Pvt. Ltd,40,402.2,16088.0,2025-09-08 12:06:22.243425
2025-09-08,47775,2025090804003339,NGPL,Naasa Securities Co. Ltd.,Deevyaa Securities & Stock House Pvt. Ltd,1450,402.2,583190.0,2025-09-08 12:06:22.243531
2025-09-08,47722,2025090804003355,NGPL,Sanima Securities Limited,Online Securities Pvt. Ltd.,10,402.7,4027.0,2025-09-08 12:06:40.996336
2025-09-08,47688,2025090804003360,NGPL,Imperial Securities Company Pvt. Ltd.,Capital Max Securities Ltd,500,403.5,201750.0,2025-09-08 12:06:49.490777
2025-09-08,47674,2025090804003368,NGPL,Sanima Securities Limited,Primo Securities (PVT) Ltd.,51,403.0,20553.0,2025-09-08 12:06:59.021361
2025-09-08,47629,2025090804003377,NGPL,Sanima Securities Limited,Dakshinkali Investment & Securities Pvt. Ltd.,1939,403.0,781417.0,2025-09-08 12:07:09.630687
2025-09-08,47455,2025090804003429,NGPL,Aryatara Investment & Securities,Siprabi Securities Pvt. Ltd.,150,402.1,60315.0,2025-09-08 12:08:05.698660
2025-09-08,47454,2025090804003430,NGPL,Sri Hari Securities Pvt. Ltd.,Siprabi Securities Pvt. Ltd.,400,402.1,160840.0,2025-09-08 12:08:05.698952
2025-09-08,47453,2025090804003431,NGPL,Sri Hari Securities Pvt. Ltd.,Siprabi Securities Pvt. Ltd.,450,402.1,180945.0,2025-09-08 12:08:05.699153
2025-09-08,47452,2025090804003432,NGPL,Sri Hari Securities Pvt. Ltd.,Siprabi Securities Pvt. Ltd.,129,402.1,51870.9,2025-09-08 12:08:05.699300
2025-09-08,47432,2025090804003435,NGPL,Sanima Securities Limited,Dakshinkali Investment & Securities Pvt. Ltd.,61,403.0,24583.0,2025-09-08 12:08:11.233897
2025-09-08,47431,2025090804003436,NGPL,Sanima Securities Limited,Dipshikha Dhitopatra Karobar Co. Pvt Ltd.,200,403.0,80600.0,2025-09-08 12:08:11.234190
2025-09-08,47429,2025090804003437,NGPL,Sri Hari Securities Pvt. Ltd.,Dakshinkali Investment & Securities Pvt. Ltd.,871,402.1,350229.1,2025-09-08 12:08:11.879913
2025-09-08,47428,2025090804003438,NGPL,Sani Securities Company Ltd.,Dakshinkali Investment & Securities Pvt. Ltd.,200,402.0,80400.0,2025-09-08 12:08:11.880167
2025-09-08,47427,2025090804003439,NGPL,Neev Securities Pvt. Ltd.,Dakshinkali Investment & Securities Pvt. Ltd.,500,402.0,201000.0,2025-09-08 12:08:11.880271
2025-09-08,47426,2025090804003440,NGPL,Secured Securities Ltd.,Dakshinkali Investment & Securities Pvt. Ltd.,429,402.0,172458.0,2025-09-08 12:08:11.880386
2025-09-08,47376,2025090804003452,NGPL,Sanima Securities Limited,Sri Hari Securities Pvt. Ltd.,300,403.0,120900.0,2025-09-08 12:08:28.287030
2025-09-08,47370,2025090804003455,NGPL,Secured Securities Ltd.,Deevyaa Securities & Stock House Pvt. Ltd,571,402.0,229542.0,2025-09-08 12:08:30.631489
2025-09-08,47321,2025090804003476,NGPL,Himalayan Brokerage Company Limited,Dynamic Money Managers Securities Pvt. Ltd.,400,401.1,160440.0,2025-09-08 12:08:44.733489
2025-09-08,47320,2025090804003477,NGPL,Nepal Stock House (PVT) Ltd.,Dynamic Money Managers Securities Pvt. Ltd.,854,401.0,342454.0,2025-09-08 12:08:44.733781
2025-09-08,47319,2025090804003478,NGPL,Property Wiard Limited,Dynamic Money Managers Securities Pvt. Ltd.,500,401.0,200500.0,2025-09-08 12:08:44.733890
2025-09-08,47318,2025090804003479,NGPL,SUN SECURITIES PVT LTD,Dynamic Money Managers Securities Pvt. Ltd.,300,401.0,120300.0,2025-09-08 12:08:44.733987
2025-09-08,47317,2025090804003480,NGPL,Sumeru Securities Pvt. Ltd.,Dynamic Money Managers Securities Pvt. Ltd.,200,400.0,80000.0,2025-09-08 12:08:44.734090
2025-09-08,47316,2025090804003481,NGPL,Imperial Securities Company Pvt. Ltd.,Dynamic Money Managers Securities Pvt. Ltd.,250,400.0,100000.0,2025-09-08 12:08:44.734189
2025-09-08,47315,2025090804003482,NGPL,Trishakti Securities Public Limited,Dynamic Money Managers Securities Pvt. Ltd.,2496,400.0,998400.0,2025-09-08 12:08:44.734284
2025-09-08,47188,2025090804003533,NGPL,Online Securities Pvt. Ltd.,Trisul Securities & Invt. Ltd.,1,394.0,394.0,2025-09-08 12:09:17.044594
2025-09-08,47067,2025090804003567,NGPL,Miyo Securities Pvt Ltd,Deevyaa Securities & Stock House Pvt. Ltd,180,402.0,72360.0,2025-09-08 12:09:55.117043
2025-09-08,47061,2025090804003571,NGPL,Aryatara Investment & Securities,Trisul Securities & Invt. Ltd.,150,401.2,60180.0,2025-09-08 12:09:57.591610
2025-09-08,47060,2025090804003572,NGPL,Sri Hari Securities Pvt. Ltd.,Trisul Securities & Invt. Ltd.,500,400.1,200050.0,2025-09-08 12:09:57.591731
2025-09-08,47059,2025090804003573,NGPL,Sani Securities Company Ltd.,Trisul Securities & Invt. Ltd.,200,400.1,80020.0,2025-09-08 12:09:57.591815
2025-09-08,47058,2025090804003574,NGPL,Trishakti Securities Public Limited,Trisul Securities & Invt. Ltd.,330,400.0,132000.0,2025-09-08 12:09:57.591888
2025-09-08,46872,2025090804003612,NGPL,Asian Securities Private Ltd.,South Asian Bulls Pvt. Ltd.,150,400.1,60015.0,2025-09-08 12:11:00.212782
2025-09-08,46746,2025090804003662,NGPL,Asian Securities Private Ltd.,Infinity Securities Limited,300,400.1,120030.0,2025-09-08 12:11:39.055691
2025-09-08,46546,2025090804003726,NGPL,Asian Securities Private Ltd.,K.B.L. Securities Limited ,550,400.3,220165.0,2025-09-08 12:13:03.053522
2025-09-08,46545,2025090804003727,NGPL,Dipshikha Dhitopatra Karobar Co. Pvt Ltd.,K.B.L. Securities Limited ,100,400.2,40020.0,2025-09-08 12:13:03.053625
2025-09-08,46544,2025090804003728,NGPL,Trishakti Securities Public Limited,K.B.L. Securities Limited ,174,400.0,69600.0,2025-09-08 12:13:03.053710
2025-09-08,46543,2025090804003729,NGPL,Opal Securities Investment (PVT) Ltd.,K.B.L. Securities Limited ,400,400.0,160000.0,2025-09-08 12:13:03.053816
2025-09-08,46542,2025090804003730,NGPL,Nepal Stock House (PVT) Ltd.,K.B.L. Securities Limited ,250,400.0,100000.0,2025-09-08 12:13:03.053892
2025-09-08,46541,2025090804003731,NGPL,Kohinoor Investment & Securities Pvt. Ltd.,K.B.L. Securities Limited ,200,400.0,80000.0,2025-09-08 12:13:03.053963
2025-09-08,46540,2025090804003732,NGPL,Imperial Securities Company Pvt. Ltd.,K.B.L. Securities Limited ,100,400.0,40000.0,2025-09-08 12:13:03.054037
2025-09-08,46539,2025090804003733,NGPL,Dipshikha Dhitopatra Karobar Co. Pvt Ltd.,K.B.L. Securities Limited ,350,400.0,140000.0,2025-09-08 12:13:03.054119
2025-09-08,46538,2025090804003734,NGPL,Kumari Securities Private Limited,K.B.L. Securities Limited ,100,399.0,39900.0,2025-09-08 12:13:03.054196
2025-09-08,46537,2025090804003735,NGPL,Aryatara Investment & Securities,K.B.L. Securities Limited ,150,399.0,59850.0,2025-09-08 12:13:03.054346
2025-09-08,46536,2025090804003736,NGPL,Premier Securities Company Ltd.,K.B.L. Securities Limited ,50,398.6,19930.0,2025-09-08 12:13:03.054461
2025-09-08,46535,2025090804003737,NGPL,Sweta Securities Private Limited,K.B.L. Securities Limited ,25,398.6,9965.0,2025-09-08 12:13:03.054580
2025-09-08,46534,2025090804003738,NGPL,Trishakti Securities Public Limited,K.B.L. Securities Limited ,13,398.4,5179.2,2025-09-08 12:13:03.054673
2025-09-08,46533,2025090804003739,NGPL,Naasa Securities Co. Ltd.,K.B.L. Securities Limited ,38,398.3,15135.4,2025-09-08 12:13:03.054796
2025-09-08,46410,2025090804003771,NGPL,Sanima Securities Limited,Imperial Securities Company Pvt. Ltd.,500,401.0,200500.0,2025-09-08 12:13:48.165587
2025-09-08,46344,2025090804003783,NGPL,Sanima Securities Limited,Trademow Securities Private Limited,665,401.0,266665.0,2025-09-08 12:14:16.290525
2025-09-08,46343,2025090804003784,NGPL,Imperial Securities Company Pvt. Ltd.,Trademow Securities Private Limited,200,400.0,80000.0,2025-09-08 12:14:16.290814
2025-09-08,46342,2025090804003785,NGPL,Imperial Securities Company Pvt. Ltd.,Trademow Securities Private Limited,200,400.0,80000.0,2025-09-08 12:14:16.290920
2025-09-08,46341,2025090804003786,NGPL,Pragyan Securities (PVT) Ltd.,Trademow Securities Private Limited,50,400.0,20000.0,2025-09-08 12:14:16.291021
2025-09-08,46340,2025090804003787,NGPL,Imperial Securities Company Pvt. Ltd.,Trademow Securities Private Limited,200,400.0,80000.0,2025-09-08 12:14:16.291117
2025-09-08,46315,2025090804003802,NGPL,Dynamic Money Managers Securities Pvt. Ltd.,Trademow Securities Private Limited,50,400.0,20000.0,2025-09-08 12:14:20.997262
2025-09-08,46042,2025090804003861,NGPL,Imperial Securities Company Pvt. Ltd.,Bhrikuti Stock Broking Co. Pvt. Ltd.,150,400.1,60015.0,2025-09-08 12:15:44.779009
2025-09-08,45980,2025090804003873,NGPL,Aryatara Investment & Securities,Opal Securities Investment (PVT) Ltd.,209,400.0,83600.0,2025-09-08 12:16:13.520347
2025-09-08,45758,2025090804003894,NGPL,Aryatara Investment & Securities,K.B.L. Securities Limited ,791,400.0,316400.0,2025-09-08 12:16:57.678059
2025-09-08,45721,2025090804003918,NGPL,Pragyan Securities (PVT) Ltd.,Nepal Stock House (PVT) Ltd.,50,400.0,20000.0,2025-09-08 12:17:09.908835
2025-09-08,45634,2025090804003938,NGPL,Imperial Securities Company Pvt. Ltd.,Secured Securities Ltd.,100,399.0,39900.0,2025-09-08 12:17:41.093447
2025-09-08,45633,2025090804003939,NGPL,Imperial Securities Company Pvt. Ltd.,Secured Securities Ltd.,20,399.0,7980.0,2025-09-08 12:17:41.093924
2025-09-08,45334,2025090804004045,NGPL,Imperial Securities Company Pvt. Ltd.,ABC Securities Private Limited,80,399.0,31920.0,2025-09-08 12:18:55.076121
2025-09-08,45333,2025090804004046,NGPL,Imperial Securities Company Pvt. Ltd.,ABC Securities Private Limited,100,399.0,39900.0,2025-09-08 12:18:55.076191
2025-09-08,45332,2025090804004047,NGPL,Malla & Malla Stock Broking Company Pvt. Limited,ABC Securities Private Limited,200,398.7,79740.0,2025-09-08 12:18:55.076223
2025-09-08,45331,2025090804004048,NGPL,Garima Securities Limited,ABC Securities Private Limited,120,398.6,47832.0,2025-09-08 12:18:55.076255
2025-09-08,45229,2025090804004091,NGPL,Citizens Share Broker Limited,Nepal Stock House (PVT) Ltd.,200,400.0,80000.0,2025-09-08 12:19:28.271056
2025-09-08,45121,2025090804004154,NGPL,Himalayan Brokerage Company Limited,Nepal Stock House (PVT) Ltd.,1000,400.0,400000.0,2025-09-08 12:19:54.857527
2025-09-08,44886,2025090804004242,NGPL,Creative Securities Pvt Ltd,Nepal Stock House (PVT) Ltd.,1840,400.0,736000.0,2025-09-08 12:21:01.207856
2025-09-08,44885,2025090804004243,NGPL,Creative Securities Pvt Ltd,Premier Securities Company Ltd.,160,400.0,64000.0,2025-09-08 12:21:01.208159
2025-09-08,44840,2025090804004251,NGPL,Imperial Securities Company Pvt. Ltd.,Premier Securities Company Ltd.,100,400.0,40000.0,2025-09-08 12:21:16.439433
2025-09-08,44721,2025090804004278,NGPL,Imperial Securities Company Pvt. Ltd.,K.B.L. Securities Limited ,200,399.0,79800.0,2025-09-08 12:22:00.563188
2025-09-08,44720,2025090804004279,NGPL,Garima Securities Limited,K.B.L. Securities Limited ,500,398.8,199400.0,2025-09-08 12:22:00.563235
2025-09-08,44719,2025090804004280,NGPL,ABC Securities Private Limited,K.B.L. Securities Limited ,1000,398.7,398700.0,2025-09-08 12:22:00.563260
2025-09-08,44485,2025090804004361,NGPL,Trishakti Securities Public Limited,Trishakti Securities Public Limited,117,398.5,46624.5,2025-09-08 12:23:07.281540
2025-09-08,44436,2025090804004373,NGPL,Online Securities Pvt. Ltd.,Thrive Brokerage House Pvt. Ltd,1,393.0,393.0,2025-09-08 12:23:21.353075
2025-09-08,44346,2025090804004395,NGPL,Nepal Stock House (PVT) Ltd.,Premier Securities Company Ltd.,200,400.0,80000.0,2025-09-08 12:23:41.582363
2025-09-08,43344,2025090804004650,NGPL,Agrawal Securities (PVT) Ltd.,Premier Securities Company Ltd.,540,400.0,216000.0,2025-09-08 12:28:41.309328
2025-09-08,43343,2025090804004651,NGPL,Agrawal Securities (PVT) Ltd.,SHUBHAKAMANA SECURITIES PVT. LTD,20,400.0,8000.0,2025-09-08 12:28:41.309656
2025-09-08,43342,2025090804004652,NGPL,Agrawal Securities (PVT) Ltd.,Online Securities Pvt. Ltd.,300,400.0,120000.0,2025-09-08 12:28:41.309784
2025-09-08,43341,2025090804004653,NGPL,Agrawal Securities (PVT) Ltd.,APPLE SECURITIES PRIVATE LIMITED,50,400.0,20000.0,2025-09-08 12:28:41.309891
2025-09-08,43340,2025090804004654,NGPL,Agrawal Securities (PVT) Ltd.,INDEX SECURITIES LIMITED,400,400.0,160000.0,2025-09-08 12:28:41.309996
2025-09-08,43339,2025090804004655,NGPL,Agrawal Securities (PVT) Ltd.,Sagarmatha Securities Private Limited,50,400.0,20000.0,2025-09-08 12:28:41.310122
2025-09-08,43321,2025090804004661,NGPL,Agrawal Securities (PVT) Ltd.,Primo Securities (PVT) Ltd.,100,400.0,40000.0,2025-09-08 12:28:49.364067
2025-09-08,43224,2025090804004694,NGPL,Agrawal Securities (PVT) Ltd.,Elite Stock House Limited,40,400.0,16000.0,2025-09-08 12:29:19.065667
2025-09-08,43141,2025090804004733,NGPL,Agrawal Securities (PVT) Ltd.,Elite Stock House Limited,360,400.0,144000.0,2025-09-08 12:29:36.604506
2025-09-08,43139,2025090804004735,NGPL,Agrawal Securities (PVT) Ltd.,Imperial Securities Company Pvt. Ltd.,140,400.0,56000.0,2025-09-08 12:29:37.827453
2025-09-08,42832,2025090804004795,NGPL,Online Securities Pvt. Ltd.,Kalika Securities Pvt. Ltd.,1,392.0,392.0,2025-09-08 12:31:35.218041
2025-09-08,42773,2025090804004815,NGPL,Bhrikuti Stock Broking Co. Pvt. Ltd.,Imperial Securities Company Pvt. Ltd.,333,400.0,133200.0,2025-09-08 12:31:53.172300
2025-09-08,42772,2025090804004816,NGPL,Bhrikuti Stock Broking Co. Pvt. Ltd.,K.B.L. Securities Limited ,667,400.0,266800.0,2025-09-08 12:31:53.172616
2025-09-08,42747,2025090804004821,NGPL,Citizens Share Broker Limited,Dynamic Money Managers Securities Pvt. Ltd.,200,398.9,79780.0,2025-09-08 12:31:57.260186
2025-09-08,42746,2025090804004822,NGPL,R.B.B. Securities Company Ltd,Dynamic Money Managers Securities Pvt. Ltd.,800,398.8,319040.0,2025-09-08 12:31:57.260492
2025-09-08,42704,2025090804004834,NGPL,Kalika Securities Pvt. Ltd.,K.B.L. Securities Limited ,260,400.0,104000.0,2025-09-08 12:32:05.440924
2025-09-08,42684,2025090804004842,NGPL,R.B.B. Securities Company Ltd,Vision Securities Pvt. Ltd,94,398.8,37487.2,2025-09-08 12:32:14.220338
2025-09-08,42434,2025090804004899,NGPL,R.B.B. Securities Company Ltd,Dynamic Money Managers Securities Pvt. Ltd.,106,398.8,42272.8,2025-09-08 12:33:12.439198
2025-09-08,42433,2025090804004900,NGPL,Nagarik Stock Dealer ,Dynamic Money Managers Securities Pvt. Ltd.,500,398.8,199400.0,2025-09-08 12:33:12.439490
2025-09-08,42432,2025090804004901,NGPL,Oxford Securities Pvt. Ltd.,Dynamic Money Managers Securities Pvt. Ltd.,1000,398.7,398700.0,2025-09-08 12:33:12.439630
2025-09-08,42431,2025090804004902,NGPL,Aryatara Investment & Securities,Dynamic Money Managers Securities Pvt. Ltd.,50,398.6,19930.0,2025-09-08 12:33:12.439742
2025-09-08,42430,2025090804004903,NGPL,Trishakti Securities Public Limited,Dynamic Money Managers Securities Pvt. Ltd.,383,398.5,152625.5,2025-09-08 12:33:12.439855
2025-09-08,42429,2025090804004904,NGPL,Online Securities Pvt. Ltd.,Dynamic Money Managers Securities Pvt. Ltd.,200,398.5,79700.0,2025-09-08 12:33:12.439964
2025-09-08,42428,2025090804004905,NGPL,Himalayan Brokerage Company Limited,Dynamic Money Managers Securities Pvt. Ltd.,200,398.4,79680.0,2025-09-08 12:33:12.440072
2025-09-08,42427,2025090804004906,NGPL,Sani Securities Company Ltd.,Dynamic Money Managers Securities Pvt. Ltd.,500,398.4,199200.0,2025-09-08 12:33:12.440184
2025-09-08,42426,2025090804004907,NGPL,Naasa Securities Co. Ltd.,Dynamic Money Managers Securities Pvt. Ltd.,962,398.3,383164.6,2025-09-08 12:33:12.440294
2025-09-08,42425,2025090804004908,NGPL,Midas Stock Broking Company Private Limited,Dynamic Money Managers Securities Pvt. Ltd.,100,398.3,39830.0,2025-09-08 12:33:12.440408
2025-09-08,42424,2025090804004909,NGPL,Sundhara Securities Limited,Dynamic Money Managers Securities Pvt. Ltd.,500,398.1,199050.0,2025-09-08 12:33:12.440511
2025-09-08,42423,2025090804004910,NGPL,Trishakti Securities Public Limited,Dynamic Money Managers Securities Pvt. Ltd.,499,398.0,198602.0,2025-09-08 12:33:12.440618
2025-09-08,42195,2025090804004959,NGPL,Kohinoor Investment & Securities Pvt. Ltd.,Sumeru Securities Pvt. Ltd.,100,399.0,39900.0,2025-09-08 12:34:06.059517
2025-09-08,42130,2025090804004975,NGPL,Agrawal Securities (PVT) Ltd.,K.B.L. Securities Limited ,73,400.0,29200.0,2025-09-08 12:34:15.125876
2025-09-08,42129,2025090804004976,NGPL,Agrawal Securities (PVT) Ltd.,Kalika Securities Pvt. Ltd.,500,400.0,200000.0,2025-09-08 12:34:15.126386
2025-09-08,42128,2025090804004977,NGPL,Agrawal Securities (PVT) Ltd.,Secured Securities Ltd.,261,400.0,104400.0,2025-09-08 12:34:15.126712
2025-09-08,42127,2025090804004978,NGPL,Agrawal Securities (PVT) Ltd.,Naasa Securities Co. Ltd.,166,400.0,66400.0,2025-09-08 12:34:15.127029
2025-09-08,41931,2025090804005032,NGPL,Arun Securities (PVT) Ltd.,Capital Max Securities Ltd,1000,398.7,398700.0,2025-09-08 12:35:09.556257
2025-09-08,41850,2025090804005047,NGPL,Sweta Securities Private Limited,K.B.L. Securities Limited ,20,398.5,7970.0,2025-09-08 12:35:32.922829
2025-09-08,41849,2025090804005048,NGPL,Agrawal Securities (PVT) Ltd.,K.B.L. Securities Limited ,500,398.1,199050.0,2025-09-08 12:35:32.922943
2025-09-08,41848,2025090804005049,NGPL,Trishakti Securities Public Limited,K.B.L. Securities Limited ,210,398.0,83580.0,2025-09-08 12:35:32.922971
2025-09-08,41847,2025090804005050,NGPL,Capital Max Securities Ltd,K.B.L. Securities Limited ,300,398.0,119400.0,2025-09-08 12:35:32.923000
2025-09-08,41846,2025090804005051,NGPL,SUN SECURITIES PVT LTD,K.B.L. Securities Limited ,300,398.0,119400.0,2025-09-08 12:35:32.923026
2025-09-08,41845,2025090804005052,NGPL,Thrive Brokerage House Pvt. Ltd,K.B.L. Securities Limited ,150,398.0,59700.0,2025-09-08 12:35:32.923054
2025-09-08,41844,2025090804005053,NGPL,Vision Securities Pvt. Ltd,K.B.L. Securities Limited ,100,398.0,39800.0,2025-09-08 12:35:32.923078
2025-09-08,41843,2025090804005054,NGPL,Market Securities & Exchange (PVT) Ltd.,K.B.L. Securities Limited ,20,397.1,7942.0,2025-09-08 12:35:32.923106
2025-09-08,41808,2025090804005057,NGPL,Creative Securities Pvt Ltd,Naasa Securities Co. Ltd.,10,400.0,4000.0,2025-09-08 12:35:36.458927
2025-09-08,41718,2025090804005099,NGPL,Market Securities & Exchange (PVT) Ltd.,Kohinoor Investment & Securities Pvt. Ltd.,300,397.1,119130.0,2025-09-08 12:35:55.783759
2025-09-08,41717,2025090804005100,NGPL,Miyo Securities Pvt Ltd,Kohinoor Investment & Securities Pvt. Ltd.,104,397.0,41288.0,2025-09-08 12:35:55.783839
2025-09-08,41716,2025090804005101,NGPL,Trishakti Securities Public Limited,Kohinoor Investment & Securities Pvt. Ltd.,96,397.0,38112.0,2025-09-08 12:35:55.783870
2025-09-08,41667,2025090804005122,NGPL,Pragyan Securities (PVT) Ltd.,Aryatara Investment & Securities,50,397.0,19850.0,2025-09-08 12:36:09.749904
2025-09-08,41666,2025090804005123,NGPL,Market Securities & Exchange (PVT) Ltd.,Aryatara Investment & Securities,500,397.0,198500.0,2025-09-08 12:36:09.750210
2025-09-08,41665,2025090804005124,NGPL,Imperial Securities Company Pvt. Ltd.,Aryatara Investment & Securities,100,396.2,39620.0,2025-09-08 12:36:09.750331
2025-09-08,41664,2025090804005125,NGPL,Nagarik Stock Dealer ,Aryatara Investment & Securities,500,396.1,198050.0,2025-09-08 12:36:09.750444
2025-09-08,41663,2025090804005126,NGPL,Aryatara Investment & Securities,Aryatara Investment & Securities,500,396.0,198000.0,2025-09-08 12:36:09.750552
2025-09-08,41662,2025090804005127,NGPL,Sundhara Securities Limited,Aryatara Investment & Securities,100,396.0,39600.0,2025-09-08 12:36:09.750660
2025-09-08,41661,2025090804005128,NGPL,Kohinoor Investment & Securities Pvt. Ltd.,Aryatara Investment & Securities,500,396.0,198000.0,2025-09-08 12:36:09.750767
2025-09-08,41660,2025090804005129,NGPL,Market Securities & Exchange (PVT) Ltd.,Aryatara Investment & Securities,2000,396.0,792000.0,2025-09-08 12:36:09.750875
2025-09-08,41659,2025090804005130,NGPL,Oxford Securities Pvt. Ltd.,Aryatara Investment & Securities,750,396.0,297000.0,2025-09-08 12:36:09.750981
2025-09-08,41122,2025090804005244,NGPL,Nepal Stock House (PVT) Ltd.,Kalika Securities Pvt. Ltd.,50,396.1,19805.0,2025-09-08 12:40:32.347516
2025-09-08,41121,2025090804005245,NGPL,Oxford Securities Pvt. Ltd.,Kalika Securities Pvt. Ltd.,250,396.0,99000.0,2025-09-08 12:40:32.347789
2025-09-08,41068,2025090804005253,NGPL,KALASH STOCK MARKET PVT. LTD.,Kalika Securities Pvt. Ltd.,700,396.0,277200.0,2025-09-08 12:41:06.642507
2025-09-08,41044,2025090804005258,NGPL,Malla & Malla Stock Broking Company Pvt. Limited,K.B.L. Securities Limited ,10,397.0,3970.0,2025-09-08 12:41:33.020055
2025-09-08,41043,2025090804005259,NGPL,Malla & Malla Stock Broking Company Pvt. Limited,Nepal Stock House (PVT) Ltd.,600,397.0,238200.0,2025-09-08 12:41:33.020664
2025-09-08,41039,2025090804005261,NGPL,Malla & Malla Stock Broking Company Pvt. Limited,Market Securities & Exchange (PVT) Ltd.,390,397.0,154830.0,2025-09-08 12:41:40.122215
2025-09-08,41018,2025090804005268,NGPL,Agrawal Securities (PVT) Ltd.,Market Securities & Exchange (PVT) Ltd.,380,397.0,150860.0,2025-09-08 12:41:53.378206
2025-09-08,41017,2025090804005269,NGPL,Agrawal Securities (PVT) Ltd.,Sundhara Securities Limited,120,398.0,47760.0,2025-09-08 12:41:53.378502
2025-09-08,40724,2025090804005331,NGPL,Online Securities Pvt. Ltd.,Kalika Securities Pvt. Ltd.,1,392.0,392.0,2025-09-08 12:44:28.944308
2025-09-08,40692,2025090804005338,NGPL,Trishakti Securities Public Limited,Kalika Securities Pvt. Ltd.,1,398.0,398.0,2025-09-08 12:44:58.365674
2025-09-08,40589,2025090804005359,NGPL,Miyo Securities Pvt Ltd,Naasa Securities Co. Ltd.,10,396.2,3962.0,2025-09-08 12:47:03.508679
2025-09-08,40362,2025090804005417,NGPL,Naasa Securities Co. Ltd.,Sundhara Securities Limited,15,398.0,5970.0,2025-09-08 12:50:05.805492
2025-09-08,39113,2025090804005729,NGPL,Miyo Securities Pvt Ltd,KALASH STOCK MARKET PVT. LTD.,250,397.2,99300.0,2025-09-08 13:02:18.238500
2025-09-08,39031,2025090804005743,NGPL,Nepal Stock House (PVT) Ltd.,Sundhara Securities Limited,200,398.0,79600.0,2025-09-08 13:03:02.187000
2025-09-08,38774,2025090804005813,NGPL,Pragyan Securities (PVT) Ltd.,Dynamic Money Managers Securities Pvt. Ltd.,500,396.7,198350.0,2025-09-08 13:04:31.458989
2025-09-08,38773,2025090804005814,NGPL,Nepal Stock House (PVT) Ltd.,Dynamic Money Managers Securities Pvt. Ltd.,50,396.1,19805.0,2025-09-08 13:04:31.459303
2025-09-08,38772,2025090804005815,NGPL,KALASH STOCK MARKET PVT. LTD.,Dynamic Money Managers Securities Pvt. Ltd.,300,396.0,118800.0,2025-09-08 13:04:31.459465
2025-09-08,38771,2025090804005816,NGPL,Nepal Stock House (PVT) Ltd.,Dynamic Money Managers Securities Pvt. Ltd.,50,395.5,19775.0,2025-09-08 13:04:31.459583
2025-09-08,38770,2025090804005817,NGPL,Himalayan Brokerage Company Limited,Dynamic Money Managers Securities Pvt. Ltd.,300,395.4,118620.0,2025-09-08 13:04:31.459695
2025-09-08,38769,2025090804005818,NGPL,KALASH STOCK MARKET PVT. LTD.,Dynamic Money Managers Securities Pvt. Ltd.,1000,395.4,395400.0,2025-09-08 13:04:31.459908
2025-09-08,38768,2025090804005819,NGPL,Sumeru Securities Pvt. Ltd.,Dynamic Money Managers Securities Pvt. Ltd.,35,395.2,13832.0,2025-09-08 13:04:31.460073
2025-09-08,38767,2025090804005820,NGPL,Malla & Malla Stock Broking Company Pvt. Limited,Dynamic Money Managers Securities Pvt. Ltd.,100,395.1,39510.0,2025-09-08 13:04:31.460218
2025-09-08,38766,2025090804005821,NGPL,Nepal Stock House (PVT) Ltd.,Dynamic Money Managers Securities Pvt. Ltd.,100,395.1,39510.0,2025-09-08 13:04:31.460389
2025-09-08,38765,2025090804005822,NGPL,Nepal Stock House (PVT) Ltd.,Dynamic Money Managers Securities Pvt. Ltd.,1000,395.1,395100.0,2025-09-08 13:04:31.460535
2025-09-08,38764,2025090804005823,NGPL,Thrive Brokerage House Pvt. Ltd,Dynamic Money Managers Securities Pvt. Ltd.,300,395.0,118500.0,2025-09-08 13:04:31.460654
2025-09-08,38763,2025090804005824,NGPL,Kumari Securities Private Limited,Dynamic Money Managers Securities Pvt. Ltd.,200,395.0,79000.0,2025-09-08 13:04:31.460769
2025-09-08,38762,2025090804005825,NGPL,Sundhara Securities Limited,Dynamic Money Managers Securities Pvt. Ltd.,50,395.0,19750.0,2025-09-08 13:04:31.460952
2025-09-08,38761,2025090804005826,NGPL,Sani Securities Company Ltd.,Dynamic Money Managers Securities Pvt. Ltd.,1015,395.0,400925.0,2025-09-08 13:04:31.461079
2025-09-08,38039,2025090804006040,NGPL,Sani Securities Company Ltd.,Imperial Securities Company Pvt. Ltd.,1000,395.0,395000.0,2025-09-08 13:07:46.474371
2025-09-08,37964,2025090804006051,NGPL,Sani Securities Company Ltd.,Himalayan Brokerage Company Limited,385,395.0,152075.0,2025-09-08 13:08:05.490018
2025-09-08,37963,2025090804006052,NGPL,Imperial Securities Company Pvt. Ltd.,Himalayan Brokerage Company Limited,200,395.0,79000.0,2025-09-08 13:08:05.490751
2025-09-08,37962,2025090804006053,NGPL,Capital Hub P. Ltd,Himalayan Brokerage Company Limited,200,395.0,79000.0,2025-09-08 13:08:05.491353
2025-09-08,37961,2025090804006054,NGPL,Bhrikuti Stock Broking Co. Pvt. Ltd.,Himalayan Brokerage Company Limited,10,395.0,3950.0,2025-09-08 13:08:05.491868
2025-09-08,37960,2025090804006055,NGPL,Premier Securities Company Ltd.,Himalayan Brokerage Company Limited,205,395.0,80975.0,2025-09-08 13:08:05.492409
2025-09-08,37231,2025090804006251,NGPL,R.B.B. Securities Company Ltd,Dynamic Money Managers Securities Pvt. Ltd.,3,393.0,1179.0,2025-09-08 13:12:25.942113
2025-09-08,37222,2025090804006254,NGPL,R.B.B. Securities Company Ltd,Online Securities Pvt. Ltd.,1,390.0,390.0,2025-09-08 13:12:31.960171
2025-09-08,37205,2025090804006259,NGPL,Ashutosh Brokerage & Securities (PVT) Ltd.,Sundhara Securities Limited,450,395.3,177885.0,2025-09-08 13:12:47.331134
2025-09-08,37204,2025090804006260,NGPL,Nepal Stock House (PVT) Ltd.,Sundhara Securities Limited,50,395.2,19760.0,2025-09-08 13:12:47.331438
2025-09-08,37203,2025090804006261,NGPL,Sweta Securities Private Limited,Sundhara Securities Limited,500,395.2,197600.0,2025-09-08 13:12:47.331626
2025-09-08,37202,2025090804006262,NGPL,Secured Securities Ltd.,Sundhara Securities Limited,500,395.2,197600.0,2025-09-08 13:12:47.331741
2025-09-08,37201,2025090804006263,NGPL,Nepal Stock House (PVT) Ltd.,Sundhara Securities Limited,1000,395.1,395100.0,2025-09-08 13:12:47.331851
2025-09-08,37200,2025090804006264,NGPL,Shree Krishna Securities Ltd.,Sundhara Securities Limited,75,395.1,29632.5,2025-09-08 13:12:47.331972
2025-09-08,37047,2025090804006302,NGPL,Online Securities Pvt. Ltd.,Linch Stock Market Ltd.,5,392.0,1960.0,2025-09-08 13:13:59.942345
2025-09-08,36700,2025090804006396,NGPL,Shree Krishna Securities Ltd.,Online Securities Pvt. Ltd.,200,395.1,79020.0,2025-09-08 13:16:13.709506
2025-09-08,36546,2025090804006455,NGPL,Sani Securities Company Ltd.,Asian Securities Private Ltd.,125,395.2,49400.0,2025-09-08 13:16:52.397026
2025-09-08,36534,2025090804006456,NGPL,Sani Securities Company Ltd.,Shree Krishna Securities Ltd.,75,395.2,29640.0,2025-09-08 13:16:55.332667
2025-09-08,36533,2025090804006457,NGPL,Shree Krishna Securities Ltd.,Shree Krishna Securities Ltd.,25,395.1,9877.5,2025-09-08 13:16:55.333248
2025-09-08,36479,2025090804006477,NGPL,Trishakti Securities Public Limited,Asian Securities Private Ltd.,100,395.1,39510.0,2025-09-08 13:17:11.443258
2025-09-08,36478,2025090804006478,NGPL,SHUBHAKAMANA SECURITIES PVT. LTD,Asian Securities Private Ltd.,300,395.1,118530.0,2025-09-08 13:17:11.443579
2025-09-08,36477,2025090804006479,NGPL,Premier Securities Company Ltd.,Asian Securities Private Ltd.,795,395.0,314025.0,2025-09-08 13:17:11.443695
2025-09-08,36476,2025090804006480,NGPL,Asian Securities Private Ltd.,Asian Securities Private Ltd.,3000,395.0,1185000.0,2025-09-08 13:17:11.443802
2025-09-08,36475,2025090804006481,NGPL,Property Wiard Limited,Asian Securities Private Ltd.,680,395.0,268600.0,2025-09-08 13:17:11.443907
2025-09-08,36309,2025090804006549,NGPL,Aryatara Investment & Securities,Opal Securities Investment (PVT) Ltd.,100,395.2,39520.0,2025-09-08 13:17:44.413367
2025-09-08,36308,2025090804006550,NGPL,Property Wiard Limited,Opal Securities Investment (PVT) Ltd.,320,395.0,126400.0,2025-09-08 13:17:44.413923
2025-09-08,36307,2025090804006551,NGPL,Nepal Stock House (PVT) Ltd.,Opal Securities Investment (PVT) Ltd.,80,395.0,31600.0,2025-09-08 13:17:44.414250
2025-09-08,36057,2025090804006612,NGPL,Imperial Securities Company Pvt. Ltd.,INDEX SECURITIES LIMITED,100,396.9,39690.0,2025-09-08 13:18:35.995210
2025-09-08,36028,2025090804006622,NGPL,Ashutosh Brokerage & Securities (PVT) Ltd.,KALASH STOCK MARKET PVT. LTD.,211,395.1,83366.1,2025-09-08 13:18:44.892025
2025-09-08,36027,2025090804006623,NGPL,Nepal Stock House (PVT) Ltd.,KALASH STOCK MARKET PVT. LTD.,120,395.0,47400.0,2025-09-08 13:18:44.892090
2025-09-08,36026,2025090804006624,NGPL,Investment Management Nepal Pvt. Ltd.,KALASH STOCK MARKET PVT. LTD.,200,395.0,79000.0,2025-09-08 13:18:44.892141
2025-09-08,36025,2025090804006625,NGPL,Imperial Securities Company Pvt. Ltd.,KALASH STOCK MARKET PVT. LTD.,35,395.0,13825.0,2025-09-08 13:18:44.892168
2025-09-08,35998,2025090804006627,NGPL,Imperial Securities Company Pvt. Ltd.,Shree Krishna Securities Ltd.,65,395.0,25675.0,2025-09-08 13:18:48.740673
2025-09-08,35997,2025090804006628,NGPL,Nepal Stock House (PVT) Ltd.,Shree Krishna Securities Ltd.,100,395.0,39500.0,2025-09-08 13:18:48.740938
2025-09-08,35877,2025090804006662,NGPL,Stoxkarts Securities Limited,INDEX SECURITIES LIMITED,100,394.6,39460.0,2025-09-08 13:19:12.755898
2025-09-08,35804,2025090804006673,NGPL,Stoxkarts Securities Limited,Shree Krishna Securities Ltd.,250,394.6,98650.0,2025-09-08 13:19:28.210449
2025-09-08,35803,2025090804006674,NGPL,Nepal Stock House (PVT) Ltd.,Shree Krishna Securities Ltd.,50,394.2,19710.0,2025-09-08 13:19:28.210742
2025-09-08,35802,2025090804006675,NGPL,Market Securities & Exchange (PVT) Ltd.,Shree Krishna Securities Ltd.,235,394.1,92613.5,2025-09-08 13:19:28.210854
2025-09-08,35760,2025090804006683,NGPL,Imperial Securities Company Pvt. Ltd.,Nepal Stock House (PVT) Ltd.,100,396.0,39600.0,2025-09-08 13:19:41.489692
2025-09-08,35698,2025090804006699,NGPL,Market Securities & Exchange (PVT) Ltd.,Shree Krishna Securities Ltd.,200,394.1,78820.0,2025-09-08 13:20:01.523414
2025-09-08,35634,2025090804006708,NGPL,Market Securities & Exchange (PVT) Ltd.,Bhrikuti Stock Broking Co. Pvt. Ltd.,65,394.1,25616.5,2025-09-08 13:20:22.413565
2025-09-08,35633,2025090804006709,NGPL,Online Securities Pvt. Ltd.,Bhrikuti Stock Broking Co. Pvt. Ltd.,235,394.1,92613.5,2025-09-08 13:20:22.414069
2025-09-08,35348,2025090804006783,NGPL,Online Securities Pvt. Ltd.,Capital Max Securities Ltd,765,394.1,301486.5,2025-09-08 13:21:22.829638
2025-09-08,35347,2025090804006784,NGPL,Online Securities Pvt. Ltd.,Capital Max Securities Ltd,1235,394.0,486590.0,2025-09-08 13:21:22.829734
2025-09-08,35271,2025090804006812,NGPL,Online Securities Pvt. Ltd.,Naasa Securities Co. Ltd.,10,394.0,3940.0,2025-09-08 13:21:38.593157
2025-09-08,35092,2025090804006848,NGPL,Kohinoor Investment & Securities Pvt. Ltd.,INDEX SECURITIES LIMITED,50,394.5,19725.0,2025-09-08 13:22:24.270900
2025-09-08,34534,2025090804006992,NGPL,Kohinoor Investment & Securities Pvt. Ltd.,Aryatara Investment & Securities,300,394.5,118350.0,2025-09-08 13:24:24.291490
2025-09-08,34489,2025090804007005,NGPL,Kohinoor Investment & Securities Pvt. Ltd.,Aryatara Investment & Securities,30,394.5,11835.0,2025-09-08 13:24:32.644343
2025-09-08,34488,2025090804007006,NGPL,Naasa Securities Co. Ltd.,Aryatara Investment & Securities,500,394.5,197250.0,2025-09-08 13:24:32.644892
2025-09-08,34487,2025090804007007,NGPL,Ashutosh Brokerage & Securities (PVT) Ltd.,Aryatara Investment & Securities,510,394.1,200991.0,2025-09-08 13:24:32.645243
2025-09-08,34486,2025090804007008,NGPL,Online Securities Pvt. Ltd.,Aryatara Investment & Securities,3260,394.0,1284440.0,2025-09-08 13:24:32.645612
2025-09-08,34312,2025090804007036,NGPL,Kumari Securities Private Limited,Investment Management Nepal Pvt. Ltd.,500,395.0,197500.0,2025-09-08 13:25:06.494416
2025-09-08,33841,2025090804007125,NGPL,Nepal Stock House (PVT) Ltd.,Opal Securities Investment (PVT) Ltd.,20,394.5,7890.0,2025-09-08 13:26:46.101224
2025-09-08,33619,2025090804007180,NGPL,Malla & Malla Stock Broking Company Pvt. Limited,Imperial Securities Company Pvt. Ltd.,100,394.6,39460.0,2025-09-08 13:27:26.587953
2025-09-08,33618,2025090804007181,NGPL,Nepal Stock House (PVT) Ltd.,Imperial Securities Company Pvt. Ltd.,180,394.5,71010.0,2025-09-08 13:27:26.588513
2025-09-08,33168,2025090804007301,NGPL,Ashutosh Brokerage & Securities (PVT) Ltd.,Aryatara Investment & Securities,201,394.1,79214.1,2025-09-08 13:28:55.560857
2025-09-08,33167,2025090804007302,NGPL,Online Securities Pvt. Ltd.,Aryatara Investment & Securities,14,394.0,5516.0,2025-09-08 13:28:55.561124
2025-09-08,33166,2025090804007303,NGPL,Imperial Securities Company Pvt. Ltd.,Aryatara Investment & Securities,250,394.0,98500.0,2025-09-08 13:28:55.561260
2025-09-08,33165,2025090804007304,NGPL,Imperial Securities Company Pvt. Ltd.,Aryatara Investment & Securities,100,394.0,39400.0,2025-09-08 13:28:55.561384
2025-09-08,33164,2025090804007305,NGPL,Pragyan Securities (PVT) Ltd.,Aryatara Investment & Securities,200,393.5,78700.0,2025-09-08 13:28:55.561498
2025-09-08,33163,2025090804007306,NGPL,Oxford Securities Pvt. Ltd.,Aryatara Investment & Securities,250,393.5,98375.0,2025-09-08 13:28:55.561608
2025-09-08,32963,2025090804007367,NGPL,Pragyan Securities (PVT) Ltd.,Aryatara Investment & Securities,45,393.5,17707.5,2025-09-08 13:29:37.910414
2025-09-08,32877,2025090804007398,NGPL,Linch Stock Market Ltd.,Magnet Securities and Investment Company Private Limited,100,394.0,39400.0,2025-09-08 13:30:01.701841
2025-09-08,32745,2025090804007427,NGPL,Linch Stock Market Ltd.,Aryatara Investment & Securities,10,394.0,3940.0,2025-09-08 13:30:29.301174
2025-09-08,32700,2025090804007436,NGPL,Linch Stock Market Ltd.,Nepal Stock House (PVT) Ltd.,100,394.0,39400.0,2025-09-08 13:30:42.592374
2025-09-08,32643,2025090804007453,NGPL,Linch Stock Market Ltd.,Market Securities & Exchange (PVT) Ltd.,89,394.0,35066.0,2025-09-08 13:30:55.910930
2025-09-08,32642,2025090804007454,NGPL,Pragyan Securities (PVT) Ltd.,Market Securities & Exchange (PVT) Ltd.,363,393.5,142840.5,2025-09-08 13:30:55.911469
2025-09-08,31837,2025090804007615,NGPL,Nepal Stock House (PVT) Ltd.,Imperial Securities Company Pvt. Ltd.,500,394.5,197250.0,2025-09-08 13:34:34.134413
2025-09-08,31804,2025090804007619,NGPL,Malla & Malla Stock Broking Company Pvt. Limited,Sani Securities Company Ltd.,100,393.6,39360.0,2025-09-08 13:34:40.403945
2025-09-08,31803,2025090804007620,NGPL,Pragyan Securities (PVT) Ltd.,Sani Securities Company Ltd.,92,393.5,36202.0,2025-09-08 13:34:40.404538
2025-09-08,31802,2025090804007621,NGPL,Nepal Stock House (PVT) Ltd.,Sani Securities Company Ltd.,70,393.3,27531.0,2025-09-08 13:34:40.404891
2025-09-08,31801,2025090804007622,NGPL,Premier Securities Company Ltd.,Sani Securities Company Ltd.,100,393.2,39320.0,2025-09-08 13:34:40.405236
2025-09-08,31800,2025090804007623,NGPL,Online Securities Pvt. Ltd.,Sani Securities Company Ltd.,100,393.1,39310.0,2025-09-08 13:34:40.405586
2025-09-08,31799,2025090804007624,NGPL,Online Securities Pvt. Ltd.,Sani Securities Company Ltd.,100,393.1,39310.0,2025-09-08 13:34:40.405950
2025-09-08,31798,2025090804007625,NGPL,Dynamic Money Managers Securities Pvt. Ltd.,Sani Securities Company Ltd.,200,393.1,78620.0,2025-09-08 13:34:40.406286
2025-09-08,31797,2025090804007626,NGPL,Ashutosh Brokerage & Securities (PVT) Ltd.,Sani Securities Company Ltd.,201,393.1,79013.1,2025-09-08 13:34:40.406627
2025-09-08,31796,2025090804007627,NGPL,Trademow Securities Private Limited,Sani Securities Company Ltd.,200,393.0,78600.0,2025-09-08 13:34:40.406953
2025-09-08,31795,2025090804007628,NGPL,Trisul Securities & Invt. Ltd.,Sani Securities Company Ltd.,500,393.0,196500.0,2025-09-08 13:34:40.407273
2025-09-08,31794,2025090804007629,NGPL,Opal Securities Investment (PVT) Ltd.,Sani Securities Company Ltd.,1100,393.0,432300.0,2025-09-08 13:34:40.407600
2025-09-08,31793,2025090804007630,NGPL,Imperial Securities Company Pvt. Ltd.,Sani Securities Company Ltd.,100,393.0,39300.0,2025-09-08 13:34:40.407925
2025-09-08,31792,2025090804007631,NGPL,Vision Securities Pvt. Ltd,Sani Securities Company Ltd.,20,393.0,7860.0,2025-09-08 13:34:40.408235
2025-09-08,31768,2025090804007636,NGPL,Sumeru Securities Pvt. Ltd.,Sani Securities Company Ltd.,20,393.0,7860.0,2025-09-08 13:34:45.796591
2025-09-08,31558,2025090804007699,NGPL,Sharepro Securities Private Limited,Sani Securities Company Ltd.,722,393.0,283746.0,2025-09-08 13:35:43.641784
2025-09-08,30933,2025090804007873,NGPL,Nepal Stock House (PVT) Ltd.,Premier Securities Company Ltd.,50,393.0,19650.0,2025-09-08 13:38:35.498819
2025-09-08,30912,2025090804007890,NGPL,Nepal Stock House (PVT) Ltd.,Aryatara Investment & Securities,100,392.2,39220.0,2025-09-08 13:38:40.496119
2025-09-08,30911,2025090804007891,NGPL,Ashutosh Brokerage & Securities (PVT) Ltd.,Aryatara Investment & Securities,201,392.2,78832.2,2025-09-08 13:38:40.496688
2025-09-08,30910,2025090804007892,NGPL,Dakshinkali Investment & Securities Pvt. Ltd.,Aryatara Investment & Securities,300,392.2,117660.0,2025-09-08 13:38:40.497039
2025-09-08,30909,2025090804007893,NGPL,Kohinoor Investment & Securities Pvt. Ltd.,Aryatara Investment & Securities,500,392.2,196100.0,2025-09-08 13:38:40.497422
2025-09-08,30908,2025090804007894,NGPL,Sri Hari Securities Pvt. Ltd.,Aryatara Investment & Securities,1000,392.2,392200.0,2025-09-08 13:38:40.497744
2025-09-08,30907,2025090804007895,NGPL,Aryatara Investment & Securities,Aryatara Investment & Securities,200,392.2,78440.0,2025-09-08 13:38:40.498071
2025-09-08,30906,2025090804007896,NGPL,Nepal Stock House (PVT) Ltd.,Aryatara Investment & Securities,150,392.1,58815.0,2025-09-08 13:38:40.498424
2025-09-08,30905,2025090804007897,NGPL,Kohinoor Investment & Securities Pvt. Ltd.,Aryatara Investment & Securities,2000,392.1,784200.0,2025-09-08 13:38:40.498769
2025-09-08,30904,2025090804007898,NGPL,Asian Securities Private Ltd.,Aryatara Investment & Securities,100,392.1,39210.0,2025-09-08 13:38:40.499114
2025-09-08,30903,2025090804007899,NGPL,Online Securities Pvt. Ltd.,Aryatara Investment & Securities,1000,392.0,392000.0,2025-09-08 13:38:40.499469
2025-09-08,30902,2025090804007900,NGPL,Imperial Securities Company Pvt. Ltd.,Aryatara Investment & Securities,200,392.0,78400.0,2025-09-08 13:38:40.499789
2025-09-08,30901,2025090804007901,NGPL,Miyo Securities Pvt Ltd,Aryatara Investment & Securities,5000,392.0,1960000.0,2025-09-08 13:38:40.500125
2025-09-08,30900,2025090804007902,NGPL,Aryatara Investment & Securities,Aryatara Investment & Securities,1000,392.0,392000.0,2025-09-08 13:38:40.500489
2025-09-08,30899,2025090804007903,NGPL,Dynamic Money Managers Securities Pvt. Ltd.,Aryatara Investment & Securities,2500,392.0,980000.0,2025-09-08 13:38:40.500823
2025-09-08,30898,2025090804007904,NGPL,Capital Max Securities Ltd,Aryatara Investment & Securities,500,392.0,196000.0,2025-09-08 13:38:40.501160
2025-09-08,30897,2025090804007905,NGPL,Aryatara Investment & Securities,Aryatara Investment & Securities,200,392.0,78400.0,2025-09-08 13:38:40.501507
2025-09-08,30896,2025090804007906,NGPL,Opal Securities Investment (PVT) Ltd.,Aryatara Investment & Securities,110,392.0,43120.0,2025-09-08 13:38:40.501858
2025-09-08,30895,2025090804007907,NGPL,MILKY WAY SHARE BROKER COMPANY LTD ,Aryatara Investment & Securities,939,392.0,368088.0,2025-09-08 13:38:40.502192
2025-09-08,30790,2025090804007932,NGPL,Sharepro Securities Private Limited,Imperial Securities Company Pvt. Ltd.,220,394.5,86790.0,2025-09-08 13:39:03.201793
2025-09-08,30789,2025090804007933,NGPL,Sharepro Securities Private Limited,Naasa Securities Co. Ltd.,350,394.5,138075.0,2025-09-08 13:39:03.202309
2025-09-08,30373,2025090804008029,NGPL,ABC Securities Private Limited,Shree Krishna Securities Ltd.,50,394.0,19700.0,2025-09-08 13:40:55.624224
2025-09-08,29942,2025090804008119,NGPL,Ashutosh Brokerage & Securities (PVT) Ltd.,Sani Securities Company Ltd.,20,392.4,7848.0,2025-09-08 13:42:34.521150
2025-09-08,29027,2025090804008337,NGPL,Sharepro Securities Private Limited,Shree Krishna Securities Ltd.,700,393.0,275100.0,2025-09-08 13:45:09.303587
2025-09-08,28981,2025090804008362,NGPL,Imperial Securities Company Pvt. Ltd.,Shree Krishna Securities Ltd.,100,393.0,39300.0,2025-09-08 13:45:16.424757
2025-09-08,28919,2025090804008392,NGPL,Shree Krishna Securities Ltd.,S.P.S.A. Securities Limited,28,392.7,10995.6,2025-09-08 13:45:26.000760
2025-09-08,28817,2025090804008422,NGPL,Imperial Securities Company Pvt. Ltd.,Shree Krishna Securities Ltd.,100,393.0,39300.0,2025-09-08 13:45:46.648664
2025-09-08,28650,2025090804008452,NGPL,Imperial Securities Company Pvt. Ltd.,Shree Krishna Securities Ltd.,100,393.0,39300.0,2025-09-08 13:46:09.608128
2025-09-08,28389,2025090804008554,NGPL,Linch Stock Market Ltd.,Shree Krishna Securities Ltd.,200,393.0,78600.0,2025-09-08 13:46:52.331192
2025-09-08,28388,2025090804008555,NGPL,Linch Stock Market Ltd.,Imperial Securities Company Pvt. Ltd.,100,393.0,39300.0,2025-09-08 13:46:52.331493
2025-09-08,28387,2025090804008556,NGPL,Linch Stock Market Ltd.,Investment Management Nepal Pvt. Ltd.,500,393.0,196500.0,2025-09-08 13:46:52.331612
2025-09-08,28386,2025090804008557,NGPL,Linch Stock Market Ltd.,Premier Securities Company Ltd.,50,393.0,19650.0,2025-09-08 13:46:52.331730
2025-09-08,28288,2025090804008600,NGPL,Linch Stock Market Ltd.,Online Securities Pvt. Ltd.,150,393.0,58950.0,2025-09-08 13:47:04.709514
2025-09-08,28287,2025090804008601,NGPL,ABC Securities Private Limited,Online Securities Pvt. Ltd.,345,392.6,135447.0,2025-09-08 13:47:04.709613
2025-09-08,27875,2025090804008762,NGPL,ABC Securities Private Limited,Kohinoor Investment & Securities Pvt. Ltd.,205,392.6,80483.0,2025-09-08 13:48:06.534785
2025-09-08,27874,2025090804008763,NGPL,Dakshinkali Investment & Securities Pvt. Ltd.,Kohinoor Investment & Securities Pvt. Ltd.,500,392.5,196250.0,2025-09-08 13:48:06.535401
2025-09-08,27873,2025090804008764,NGPL,Siprabi Securities Pvt. Ltd.,Kohinoor Investment & Securities Pvt. Ltd.,200,392.5,78500.0,2025-09-08 13:48:06.535772
2025-09-08,27872,2025090804008765,NGPL,Ashutosh Brokerage & Securities (PVT) Ltd.,Kohinoor Investment & Securities Pvt. Ltd.,95,392.4,37278.0,2025-09-08 13:48:06.536131
2025-09-08,27740,2025090804008812,NGPL,ABC Securities Private Limited,Shree Krishna Securities Ltd.,50,394.0,19700.0,2025-09-08 13:48:24.612307
2025-09-08,27013,2025090804008968,NGPL,Ashutosh Brokerage & Securities (PVT) Ltd.,Kohinoor Investment & Securities Pvt. Ltd.,96,392.4,37670.4,2025-09-08 13:50:07.150559
2025-09-08,27012,2025090804008969,NGPL,Sri Hari Securities Pvt. Ltd.,Kohinoor Investment & Securities Pvt. Ltd.,554,392.4,217389.6,2025-09-08 13:50:07.150869
2025-09-08,26888,2025090804009001,NGPL,Sri Hari Securities Pvt. Ltd.,Nepal Stock House (PVT) Ltd.,400,392.4,156960.0,2025-09-08 13:50:26.300900
2025-09-08,26114,2025090804009187,NGPL,Sri Hari Securities Pvt. Ltd.,Naasa Securities Co. Ltd.,14,392.4,5493.6,2025-09-08 13:52:07.048713
2025-09-08,26097,2025090804009192,NGPL,Online Securities Pvt. Ltd.,Shree Krishna Securities Ltd.,200,393.0,78600.0,2025-09-08 13:52:11.706164
2025-09-08,25434,2025090804009354,NGPL,Sri Hari Securities Pvt. Ltd.,Trishakti Securities Public Limited,32,392.4,12556.8,2025-09-08 13:53:43.722478
2025-09-08,25433,2025090804009355,NGPL,Dynamic Money Managers Securities Pvt. Ltd.,Trishakti Securities Public Limited,168,392.4,65923.2,2025-09-08 13:53:43.722774
2025-09-08,25194,2025090804009427,NGPL,Dynamic Money Managers Securities Pvt. Ltd.,Sharepro Securities Private Limited,1000,392.4,392400.0,2025-09-08 13:54:07.276977
2025-09-08,25149,2025090804009438,NGPL,Dynamic Money Managers Securities Pvt. Ltd.,Nagarik Stock Dealer ,832,392.4,326476.8,2025-09-08 13:54:10.977692
2025-09-08,25148,2025090804009439,NGPL,Deevyaa Securities & Stock House Pvt. Ltd,Nagarik Stock Dealer ,668,392.4,262123.2,2025-09-08 13:54:10.978249
2025-09-08,25092,2025090804009447,NGPL,Deevyaa Securities & Stock House Pvt. Ltd,Vision Securities Pvt. Ltd,332,392.4,130276.8,2025-09-08 13:54:19.358343
2025-09-08,24713,2025090804009554,NGPL,Trisul Securities & Invt. Ltd.,Online Securities Pvt. Ltd.,295,392.3,115728.5,2025-09-08 13:55:06.896466
2025-09-08,24682,2025090804009579,NGPL,Trisul Securities & Invt. Ltd.,Linch Stock Market Ltd.,705,392.3,276571.5,2025-09-08 13:55:12.979994
2025-09-08,24681,2025090804009580,NGPL,Property Wiard Limited,Linch Stock Market Ltd.,295,392.3,115728.5,2025-09-08 13:55:12.980280
2025-09-08,24457,2025090804009638,NGPL,Property Wiard Limited,Online Securities Pvt. Ltd.,300,392.3,117690.0,2025-09-08 13:55:37.111370
2025-09-08,24411,2025090804009664,NGPL,Property Wiard Limited,Sani Securities Company Ltd.,405,392.3,158881.5,2025-09-08 13:55:43.988700
2025-09-08,24410,2025090804009665,NGPL,Ashutosh Brokerage & Securities (PVT) Ltd.,Sani Securities Company Ltd.,95,392.2,37259.0,2025-09-08 13:55:43.989269
2025-09-08,24080,2025090804009719,NGPL,Nepal Stock House (PVT) Ltd.,Vision Securities Pvt. Ltd,50,392.4,19620.0,2025-09-08 13:56:21.571109
2025-09-08,23866,2025090804009794,NGPL,Dipshikha Dhitopatra Karobar Co. Pvt Ltd.,Vision Securities Pvt. Ltd,118,392.4,46303.2,2025-09-08 13:56:48.940511
2025-09-08,23532,2025090804009880,NGPL,Dipshikha Dhitopatra Karobar Co. Pvt Ltd.,Naasa Securities Co. Ltd.,82,392.4,32176.8,2025-09-08 13:57:29.327137
2025-09-08,23531,2025090804009881,NGPL,Ashutosh Brokerage & Securities (PVT) Ltd.,Naasa Securities Co. Ltd.,106,392.2,41573.2,2025-09-08 13:57:29.327452
2025-09-08,23530,2025090804009882,NGPL,Kohinoor Investment & Securities Pvt. Ltd.,Naasa Securities Co. Ltd.,500,392.2,196100.0,2025-09-08 13:57:29.327581
2025-09-08,23529,2025090804009883,NGPL,SUN SECURITIES PVT LTD,Naasa Securities Co. Ltd.,200,392.0,78400.0,2025-09-08 13:57:29.327701
2025-09-08,23528,2025090804009884,NGPL,Naasa Securities Co. Ltd.,Naasa Securities Co. Ltd.,12,392.0,4704.0,2025-09-08 13:57:29.327824
2025-09-08,23443,2025090804009906,NGPL,Naasa Securities Co. Ltd.,Aryatara Investment & Securities,1188,392.0,465696.0,2025-09-08 13:57:41.382420
2025-09-08,23238,2025090804009945,NGPL,N.I.M.B. Stock Markets Limited,Sumeru Securities Pvt. Ltd.,157,391.9,61528.3,2025-09-08 13:58:10.332066
2025-09-08,22822,2025090804010080,NGPL,Capital Hub P. Ltd,Aryatara Investment & Securities,512,392.0,200704.0,2025-09-08 13:59:07.848928
2025-09-08,22708,2025090804010109,NGPL,ABC Securities Private Limited,Vision Securities Pvt. Ltd,100,392.2,39220.0,2025-09-08 13:59:25.398428
2025-09-08,22707,2025090804010110,NGPL,ABC Securities Private Limited,Sani Securities Company Ltd.,400,393.0,157200.0,2025-09-08 13:59:25.398717
2025-09-08,22706,2025090804010111,NGPL,ABC Securities Private Limited,Naasa Securities Co. Ltd.,262,393.0,102966.0,2025-09-08 13:59:25.398844
2025-09-08,22705,2025090804010112,NGPL,ABC Securities Private Limited,Imperial Securities Company Pvt. Ltd.,2988,393.0,1174284.0,2025-09-08 13:59:25.398968
2025-09-08,22161,2025090804010224,NGPL,Kohinoor Investment & Securities Pvt. Ltd.,Dipshikha Dhitopatra Karobar Co. Pvt Ltd.,10,393.5,3935.0,2025-09-08 14:00:37.991738
2025-09-08,21804,2025090804010312,NGPL,Vision Securities Pvt. Ltd,Dipshikha Dhitopatra Karobar Co. Pvt Ltd.,490,393.5,192815.0,2025-09-08 14:01:10.622393
2025-09-08,21803,2025090804010313,NGPL,Vision Securities Pvt. Ltd,Nepal Stock House (PVT) Ltd.,500,393.6,196800.0,2025-09-08 14:01:10.622566
2025-09-08,21802,2025090804010314,NGPL,Vision Securities Pvt. Ltd,J.F. Securites (PVT) Ltd.,10,393.7,3937.0,2025-09-08 14:01:10.622685
2025-09-08,21591,2025090804010361,NGPL,Vision Securities Pvt. Ltd,J.F. Securites (PVT) Ltd.,290,393.7,114173.0,2025-09-08 14:01:36.863965
2025-09-08,21590,2025090804010362,NGPL,Vision Securities Pvt. Ltd,Premier Securities Company Ltd.,100,393.8,39380.0,2025-09-08 14:01:36.864060
2025-09-08,21589,2025090804010363,NGPL,Vision Securities Pvt. Ltd,Naasa Securities Co. Ltd.,10,394.5,3945.0,2025-09-08 14:01:36.864139
2025-09-08,21008,2025090804010512,NGPL,ABC Securities Private Limited,Naasa Securities Co. Ltd.,300,393.0,117900.0,2025-09-08 14:02:55.672582
2025-09-08,20344,2025090804010654,NGPL,ABC Securities Private Limited,Dipshikha Dhitopatra Karobar Co. Pvt Ltd.,50,393.0,19650.0,2025-09-08 14:04:17.952933
2025-09-08,20188,2025090804010688,NGPL,ABC Securities Private Limited,Neev Securities Pvt. Ltd.,23,393.0,9039.0,2025-09-08 14:04:49.305392
2025-09-08,20187,2025090804010689,NGPL,Sundhara Securities Limited,Neev Securities Pvt. Ltd.,127,393.0,49911.0,2025-09-08 14:04:49.306031
2025-09-08,20185,2025090804010690,NGPL,Sundhara Securities Limited,Imperial Securities Company Pvt. Ltd.,873,393.0,343089.0,2025-09-08 14:04:49.402413
2025-09-08,20184,2025090804010691,NGPL,Asian Securities Private Ltd.,Imperial Securities Company Pvt. Ltd.,127,393.0,49911.0,2025-09-08 14:04:49.403001
2025-09-08,20042,2025090804010723,NGPL,Asian Securities Private Ltd.,Trishakti Securities Public Limited,1000,393.0,393000.0,2025-09-08 14:05:07.003991
2025-09-08,20022,2025090804010730,NGPL,Asian Securities Private Ltd.,Imperial Securities Company Pvt. Ltd.,373,393.0,146589.0,2025-09-08 14:05:10.739206
2025-09-08,19923,2025090804010754,NGPL,Linch Stock Market Ltd.,Imperial Securities Company Pvt. Ltd.,500,392.6,196300.0,2025-09-08 14:05:22.884121
2025-09-08,19922,2025090804010755,NGPL,Aryatara Investment & Securities,Imperial Securities Company Pvt. Ltd.,127,392.5,49847.5,2025-09-08 14:05:22.884441
2025-09-08,19908,2025090804010760,NGPL,Aryatara Investment & Securities,Creative Securities Pvt Ltd,873,392.5,342652.5,2025-09-08 14:05:29.155634
2025-09-08,19907,2025090804010761,NGPL,Property Wiard Limited,Creative Securities Pvt Ltd,500,392.4,196200.0,2025-09-08 14:05:29.156196
2025-09-08,19906,2025090804010762,NGPL,Capital Hub P. Ltd,Creative Securities Pvt Ltd,927,392.2,363569.4,2025-09-08 14:05:29.156585
2025-09-08,19160,2025090804011012,NGPL,Capital Hub P. Ltd,Kumari Securities Private Limited,73,392.2,28630.6,2025-09-08 14:07:43.621416
2025-09-08,19159,2025090804011013,NGPL,Market Securities & Exchange (PVT) Ltd.,Kumari Securities Private Limited,492,392.1,192913.2,2025-09-08 14:07:43.621998
2025-09-08,18731,2025090804011134,NGPL,Trisul Securities & Invt. Ltd.,Elite Stock House Limited,1000,392.2,392200.0,2025-09-08 14:09:04.116152
2025-09-08,18347,2025090804011225,NGPL,Imperial Securities Company Pvt. Ltd.,Primo Securities (PVT) Ltd.,100,392.3,39230.0,2025-09-08 14:10:13.544206
2025-09-08,18346,2025090804011226,NGPL,Market Securities & Exchange (PVT) Ltd.,Primo Securities (PVT) Ltd.,400,392.1,156840.0,2025-09-08 14:10:13.544725
2025-09-08,18253,2025090804011249,NGPL,Market Securities & Exchange (PVT) Ltd.,Investment Management Nepal Pvt. Ltd.,108,392.1,42346.8,2025-09-08 14:10:32.748308
2025-09-08,18252,2025090804011250,NGPL,Sri Hari Securities Pvt. Ltd.,Investment Management Nepal Pvt. Ltd.,392,392.1,153703.2,2025-09-08 14:10:32.748939
2025-09-08,18236,2025090804011255,NGPL,Sri Hari Securities Pvt. Ltd.,Sani Securities Company Ltd.,200,392.1,78420.0,2025-09-08 14:10:37.073175
2025-09-08,18134,2025090804011284,NGPL,Nepal Stock House (PVT) Ltd.,Vision Securities Pvt. Ltd,50,392.2,19610.0,2025-09-08 14:10:54.198749
2025-09-08,17985,2025090804011336,NGPL,Secured Securities Ltd.,Vision Securities Pvt. Ltd,200,392.2,78440.0,2025-09-08 14:11:22.042577
2025-09-08,17412,2025090804011504,NGPL,Secured Securities Ltd.,Trishakti Securities Public Limited,500,393.0,196500.0,2025-09-08 14:13:16.184659
2025-09-08,17411,2025090804011505,NGPL,Secured Securities Ltd.,Dipshikha Dhitopatra Karobar Co. Pvt Ltd.,1000,393.0,393000.0,2025-09-08 14:13:16.185290
2025-09-08,16939,2025090804011643,NGPL,Vision Securities Pvt. Ltd,Magnet Securities and Investment Company Private Limited,100,392.4,39240.0,2025-09-08 14:15:02.550669
2025-09-08,16828,2025090804011681,NGPL,Vision Securities Pvt. Ltd,Dipshikha Dhitopatra Karobar Co. Pvt Ltd.,1000,394.0,394000.0,2025-09-08 14:15:20.333966
2025-09-08,16791,2025090804011682,NGPL,Trisul Securities & Invt. Ltd.,Shree Krishna Securities Ltd.,19,392.6,7459.4,2025-09-08 14:15:25.049999
2025-09-08,16547,2025090804011751,NGPL,Online Securities Pvt. Ltd.,Siprabi Securities Pvt. Ltd.,1,387.1,387.1,2025-09-08 14:16:08.576253
2025-09-08,16522,2025090804011759,NGPL,Neev Securities Pvt. Ltd.,Deevyaa Securities & Stock House Pvt. Ltd,10,393.1,3931.0,2025-09-08 14:16:14.395215
2025-09-08,16521,2025090804011760,NGPL,SHUBHAKAMANA SECURITIES PVT. LTD,Deevyaa Securities & Stock House Pvt. Ltd,190,393.0,74670.0,2025-09-08 14:16:14.395952
2025-09-08,16496,2025090804011765,NGPL,SHUBHAKAMANA SECURITIES PVT. LTD,Kohinoor Investment & Securities Pvt. Ltd.,91,393.0,35763.0,2025-09-08 14:16:19.022627
2025-09-08,16062,2025090804011850,NGPL,Imperial Securities Company Pvt. Ltd.,Linch Stock Market Ltd.,100,393.9,39390.0,2025-09-08 14:17:52.443372
2025-09-08,15904,2025090804011911,NGPL,Capital Hub P. Ltd,Linch Stock Market Ltd.,50,393.9,19695.0,2025-09-08 14:18:22.450441
2025-09-08,15903,2025090804011912,NGPL,Capital Hub P. Ltd,Oxford Securities Pvt. Ltd.,500,394.0,197000.0,2025-09-08 14:18:22.451052
2025-09-08,15662,2025090804011958,NGPL,Secured Securities Ltd.,Naasa Securities Co. Ltd.,500,394.0,197000.0,2025-09-08 14:19:24.709731
2025-09-08,15596,2025090804011974,NGPL,Aryatara Investment & Securities,Naasa Securities Co. Ltd.,20,394.5,7890.0,2025-09-08 14:19:36.115627
2025-09-08,15595,2025090804011975,NGPL,Aryatara Investment & Securities,Aryatara Investment & Securities,80,394.5,31560.0,2025-09-08 14:19:36.116303
2025-09-08,15420,2025090804012021,NGPL,Secured Securities Ltd.,Deevyaa Securities & Stock House Pvt. Ltd,700,394.0,275800.0,2025-09-08 14:20:08.240629
2025-09-08,15419,2025090804012022,NGPL,Agrawal Securities (PVT) Ltd.,Deevyaa Securities & Stock House Pvt. Ltd,600,393.5,236100.0,2025-09-08 14:20:08.240699
2025-09-08,15418,2025090804012023,NGPL,SHUBHAKAMANA SECURITIES PVT. LTD,Deevyaa Securities & Stock House Pvt. Ltd,700,393.4,275380.0,2025-09-08 14:20:08.240726
2025-09-08,15382,2025090804012031,NGPL,Vision Securities Pvt. Ltd,Aryatara Investment & Securities,920,394.5,362940.0,2025-09-08 14:20:15.644216
2025-09-08,15381,2025090804012032,NGPL,Vision Securities Pvt. Ltd,Siprabi Securities Pvt. Ltd.,80,394.9,31592.0,2025-09-08 14:20:15.644306
2025-09-08,15349,2025090804012036,NGPL,South Asian Bulls Pvt. Ltd.,Siprabi Securities Pvt. Ltd.,20,394.9,7898.0,2025-09-08 14:20:21.920813
2025-09-08,15348,2025090804012037,NGPL,South Asian Bulls Pvt. Ltd.,Dipshikha Dhitopatra Karobar Co. Pvt Ltd.,980,395.0,387100.0,2025-09-08 14:20:21.921159
2025-09-08,14736,2025090804012174,NGPL,Vision Securities Pvt. Ltd,Dipshikha Dhitopatra Karobar Co. Pvt Ltd.,20,395.0,7900.0,2025-09-08 14:22:24.527009
2025-09-08,14735,2025090804012175,NGPL,Vision Securities Pvt. Ltd,Ashutosh Brokerage & Securities (PVT) Ltd.,629,395.0,248455.0,2025-09-08 14:22:24.527336
2025-09-08,14734,2025090804012176,NGPL,Vision Securities Pvt. Ltd,Premier Securities Company Ltd.,500,395.0,197500.0,2025-09-08 14:22:24.527471
2025-09-08,14733,2025090804012177,NGPL,Vision Securities Pvt. Ltd,Nepal Stock House (PVT) Ltd.,30,395.0,11850.0,2025-09-08 14:22:24.527600
2025-09-08,14732,2025090804012178,NGPL,Vision Securities Pvt. Ltd,Kohinoor Investment & Securities Pvt. Ltd.,540,395.0,213300.0,2025-09-08 14:22:24.527730
2025-09-08,14731,2025090804012179,NGPL,Vision Securities Pvt. Ltd,Sani Securities Company Ltd.,281,395.0,110995.0,2025-09-08 14:22:24.527868
2025-09-08,14610,2025090804012202,NGPL,Vision Securities Pvt. Ltd,Sani Securities Company Ltd.,219,395.0,86505.0,2025-09-08 14:22:53.766466
2025-09-08,14609,2025090804012203,NGPL,Vision Securities Pvt. Ltd,Sumeru Securities Pvt. Ltd.,20,395.0,7900.0,2025-09-08 14:22:53.766500
2025-09-08,14608,2025090804012204,NGPL,Vision Securities Pvt. Ltd,Dipshikha Dhitopatra Karobar Co. Pvt Ltd.,61,396.0,24156.0,2025-09-08 14:22:53.766525
2025-09-08,14555,2025090804012207,NGPL,SHUBHAKAMANA SECURITIES PVT. LTD,Sri Hari Securities Pvt. Ltd.,19,393.4,7474.6,2025-09-08 14:22:57.855135
2025-09-08,14554,2025090804012208,NGPL,Vision Securities Pvt. Ltd,Sri Hari Securities Pvt. Ltd.,831,393.4,326915.4,2025-09-08 14:22:57.855476
2025-09-08,14417,2025090804012224,NGPL,Vision Securities Pvt. Ltd,South Asian Bulls Pvt. Ltd.,1000,395.0,395000.0,2025-09-08 14:23:29.739278
2025-09-08,14179,2025090804012293,NGPL,Online Securities Pvt. Ltd.,S.P.S.A. Securities Limited,2,392.0,784.0,2025-09-08 14:24:21.092526
2025-09-08,14055,2025090804012330,NGPL,South Asian Bulls Pvt. Ltd.,Dipshikha Dhitopatra Karobar Co. Pvt Ltd.,939,396.0,371844.0,2025-09-08 14:24:51.082880
2025-09-08,14054,2025090804012331,NGPL,South Asian Bulls Pvt. Ltd.,Siprabi Securities Pvt. Ltd.,200,396.0,79200.0,2025-09-08 14:24:51.083221
2025-09-08,14053,2025090804012332,NGPL,South Asian Bulls Pvt. Ltd.,Siprabi Securities Pvt. Ltd.,361,396.0,142956.0,2025-09-08 14:24:51.083365
2025-09-08,13857,2025090804012381,NGPL,South Asian Bulls Pvt. Ltd.,Siprabi Securities Pvt. Ltd.,39,396.0,15444.0,2025-09-08 14:25:35.239477
2025-09-08,13856,2025090804012382,NGPL,South Asian Bulls Pvt. Ltd.,Premier Securities Company Ltd.,200,396.9,79380.0,2025-09-08 14:25:35.239819
2025-09-08,13855,2025090804012383,NGPL,South Asian Bulls Pvt. Ltd.,Online Securities Pvt. Ltd.,261,396.9,103590.9,2025-09-08 14:25:35.239972
2025-09-08,13795,2025090804012411,NGPL,Citizens Share Broker Limited,Online Securities Pvt. Ltd.,705,396.9,279814.5,2025-09-08 14:25:49.674600
2025-09-08,13323,2025090804012525,NGPL,Naasa Securities Co. Ltd.,South Asian Bulls Pvt. Ltd.,160,396.0,63360.0,2025-09-08 14:27:45.107967
2025-09-08,13154,2025090804012557,NGPL,Online Securities Pvt. Ltd.,South Asian Bulls Pvt. Ltd.,340,396.0,134640.0,2025-09-08 14:28:28.930239
2025-09-08,13146,2025090804012559,NGPL,Vision Securities Pvt. Ltd,SHUBHAKAMANA SECURITIES PVT. LTD,1000,396.0,396000.0,2025-09-08 14:28:31.809399
2025-09-08,13145,2025090804012560,NGPL,Nepal Stock House (PVT) Ltd.,SHUBHAKAMANA SECURITIES PVT. LTD,300,395.0,118500.0,2025-09-08 14:28:31.810016
2025-09-08,13144,2025090804012561,NGPL,Sweta Securities Private Limited,SHUBHAKAMANA SECURITIES PVT. LTD,10,395.0,3950.0,2025-09-08 14:28:31.810432
2025-09-08,13143,2025090804012562,NGPL,Imperial Securities Company Pvt. Ltd.,SHUBHAKAMANA SECURITIES PVT. LTD,100,394.0,39400.0,2025-09-08 14:28:31.810825
2025-09-08,13142,2025090804012563,NGPL,Oxford Securities Pvt. Ltd.,SHUBHAKAMANA SECURITIES PVT. LTD,500,394.0,197000.0,2025-09-08 14:28:31.811215
2025-09-08,13141,2025090804012564,NGPL,Trisul Securities & Invt. Ltd.,SHUBHAKAMANA SECURITIES PVT. LTD,650,393.7,255905.0,2025-09-08 14:28:31.811618
2025-09-08,12415,2025090804012748,NGPL,Online Securities Pvt. Ltd.,Aryatara Investment & Securities,1,390.0,390.0,2025-09-08 14:30:57.386269
2025-09-08,12404,2025090804012752,NGPL,Ashutosh Brokerage & Securities (PVT) Ltd.,Opal Securities Investment (PVT) Ltd.,300,395.0,118500.0,2025-09-08 14:31:02.653989
2025-09-08,12067,2025090804012814,NGPL,Vision Securities Pvt. Ltd,Vision Securities Pvt. Ltd,500,396.0,198000.0,2025-09-08 14:32:21.343876
2025-09-08,12066,2025090804012815,NGPL,Vision Securities Pvt. Ltd,Siprabi Securities Pvt. Ltd.,200,396.8,79360.0,2025-09-08 14:32:21.344001
2025-09-08,12065,2025090804012816,NGPL,Vision Securities Pvt. Ltd,Sani Securities Company Ltd.,100,396.8,39680.0,2025-09-08 14:32:21.344092
2025-09-08,12064,2025090804012817,NGPL,Vision Securities Pvt. Ltd,Aryatara Investment & Securities,150,396.8,59520.0,2025-09-08 14:32:21.344173
2025-09-08,12063,2025090804012818,NGPL,Vision Securities Pvt. Ltd,Online Securities Pvt. Ltd.,34,396.9,13494.6,2025-09-08 14:32:21.344272
2025-09-08,12062,2025090804012819,NGPL,Vision Securities Pvt. Ltd,Naasa Securities Co. Ltd.,1000,396.9,396900.0,2025-09-08 14:32:21.344394
2025-09-08,12061,2025090804012820,NGPL,Vision Securities Pvt. Ltd,Arun Securities (PVT) Ltd.,1834,397.0,728098.0,2025-09-08 14:32:21.344466
2025-09-08,12060,2025090804012821,NGPL,Vision Securities Pvt. Ltd,Naasa Securities Co. Ltd.,148,397.0,58756.0,2025-09-08 14:32:21.344534
2025-09-08,12059,2025090804012822,NGPL,Vision Securities Pvt. Ltd,Dipshikha Dhitopatra Karobar Co. Pvt Ltd.,34,397.0,13498.0,2025-09-08 14:32:21.344638
2025-09-08,11920,2025090804012858,NGPL,Vision Securities Pvt. Ltd,Capital Max Securities Ltd,300,395.0,118500.0,2025-09-08 14:33:03.020391
2025-09-08,11919,2025090804012859,NGPL,Sani Securities Company Ltd.,Capital Max Securities Ltd,2500,395.0,987500.0,2025-09-08 14:33:03.020987
2025-09-08,11842,2025090804012863,NGPL,Vision Securities Pvt. Ltd,Naasa Securities Co. Ltd.,2000,395.0,790000.0,2025-09-08 14:33:20.239967
2025-09-08,11764,2025090804012885,NGPL,Vision Securities Pvt. Ltd,Naasa Securities Co. Ltd.,3000,395.0,1185000.0,2025-09-08 14:33:41.104267
2025-09-08,10979,2025090804013085,NGPL,Naasa Securities Co. Ltd.,Vision Securities Pvt. Ltd,400,394.9,157960.0,2025-09-08 14:37:02.956544
2025-09-08,10978,2025090804013086,NGPL,Naasa Securities Co. Ltd.,Naasa Securities Co. Ltd.,2896,395.0,1143920.0,2025-09-08 14:37:02.956915
2025-09-08,10977,2025090804013087,NGPL,Naasa Securities Co. Ltd.,Oxford Securities Pvt. Ltd.,121,395.0,47795.0,2025-09-08 14:37:02.957057
2025-09-08,10976,2025090804013088,NGPL,Naasa Securities Co. Ltd.,Infinity Securities Limited,500,395.0,197500.0,2025-09-08 14:37:02.957194
2025-09-08,10975,2025090804013089,NGPL,Naasa Securities Co. Ltd.,Sundhara Securities Limited,40,395.0,15800.0,2025-09-08 14:37:02.957357
2025-09-08,10811,2025090804013133,NGPL,Naasa Securities Co. Ltd.,Pragyan Securities (PVT) Ltd.,50,396.0,19800.0,2025-09-08 14:37:49.297573
2025-09-08,10810,2025090804013134,NGPL,Naasa Securities Co. Ltd.,Dipshikha Dhitopatra Karobar Co. Pvt Ltd.,10,397.0,3970.0,2025-09-08 14:37:49.298285
2025-09-08,10289,2025090804013274,NGPL,Online Securities Pvt. Ltd.,Sanima Securities Limited,100,395.2,39520.0,2025-09-08 14:39:33.427919
2025-09-08,10288,2025090804013275,NGPL,Naasa Securities Co. Ltd.,Sanima Securities Limited,43,395.0,16985.0,2025-09-08 14:39:33.428279
2025-09-08,10287,2025090804013276,NGPL,Naasa Securities Co. Ltd.,Sanima Securities Limited,57,395.0,22515.0,2025-09-08 14:39:33.428436
2025-09-08,10183,2025090804013299,NGPL,Naasa Securities Co. Ltd.,Trishakti Securities Public Limited,1000,395.0,395000.0,2025-09-08 14:40:04.329107
2025-09-08,10076,2025090804013341,NGPL,Naasa Securities Co. Ltd.,Cristal Kanchanjanga Securites Pvt. Ltd.,200,395.0,79000.0,2025-09-08 14:40:23.143603
2025-09-08,10074,2025090804013342,NGPL,Naasa Securities Co. Ltd.,K.B.L. Securities Limited ,399,395.0,157605.0,2025-09-08 14:40:23.605290
2025-09-08,9800,2025090804013433,NGPL,Naasa Securities Co. Ltd.,Magnet Securities and Investment Company Private Limited,1000,395.0,395000.0,2025-09-08 14:41:26.931957
2025-09-08,9700,2025090804013494,NGPL,Naasa Securities Co. Ltd.,Market Securities & Exchange (PVT) Ltd.,500,395.0,197500.0,2025-09-08 14:41:41.126120
2025-09-08,9686,2025090804013497,NGPL,Naasa Securities Co. Ltd.,Trishakti Securities Public Limited,1000,395.0,395000.0,2025-09-08 14:41:44.011461
2025-09-08,9555,2025090804013537,NGPL,Naasa Securities Co. Ltd.,Online Securities Pvt. Ltd.,500,395.0,197500.0,2025-09-08 14:42:05.598851
2025-09-08,9296,2025090804013633,NGPL,Naasa Securities Co. Ltd.,Imperial Securities Company Pvt. Ltd.,25,395.0,9875.0,2025-09-08 14:42:55.959616
2025-09-08,9093,2025090804013663,NGPL,Naasa Securities Co. Ltd.,Vision Securities Pvt. Ltd,319,395.0,126005.0,2025-09-08 14:43:31.929530
