Date,S.N.,contract_id,symbol,buyer_broker,seller_broker,volume,price,amount,transaction_time
2025-09-08,59422,2025090803000042,NLIC,Opal Securities Investment (PVT) Ltd.,N.I.M.B. Stock Markets Limited,41,770.0,31570.0,2025-09-08 11:02:40.840303
2025-09-08,59028,2025090803000068,NLIC,Nepal Stock House (PVT) Ltd.,N.I.M.B. Stock Markets Limited,20,770.0,15400.0,2025-09-08 11:06:47.912166
2025-09-08,58443,2025090803000120,NLIC,J.F. Securites (PVT) Ltd.,N.I.M.B. Stock Markets Limited,18,770.0,13860.0,2025-09-08 11:10:39.785967
2025-09-08,57246,2025090803000199,NLIC,Asian Securities Private Ltd.,Naasa Securities Co. Ltd.,10,769.0,7690.0,2025-09-08 11:18:33.005863
2025-09-08,56710,2025090803000248,NLIC,Asian Securities Private Ltd.,Vision Securities Pvt. Ltd,40,769.0,30760.0,2025-09-08 11:21:26.439114
2025-09-08,56709,2025090803000249,NLIC,Cristal Kanchanjanga Securites Pvt. Ltd.,Vision Securities Pvt. Ltd,10,769.0,7690.0,2025-09-08 11:21:26.439270
2025-09-08,56708,2025090803000250,NLIC,Trishakti Securities Public Limited,Vision Securities Pvt. Ltd,79,768.5,60711.5,2025-09-08 11:21:26.439382
2025-09-08,56707,2025090803000251,NLIC,Sundhara Securities Limited,Vision Securities Pvt. Ltd,91,768.0,69888.0,2025-09-08 11:21:26.439490
2025-09-08,56221,2025090803000296,NLIC,Sundhara Securities Limited,Sri Hari Securities Pvt. Ltd.,38,768.0,29184.0,2025-09-08 11:23:16.221168
2025-09-08,54194,2025090803000483,NLIC,Linch Stock Market Ltd.,Sani Securities Company Ltd.,100,768.2,76820.0,2025-09-08 11:32:56.484375
2025-09-08,53347,2025090803000602,NLIC,Linch Stock Market Ltd.,Aryatara Investment & Securities,36,768.2,27655.2,2025-09-08 11:37:18.709272
2025-09-08,53323,2025090803000607,NLIC,Opal Securities Investment (PVT) Ltd.,N.I.M.B. Stock Markets Limited,21,770.0,16170.0,2025-09-08 11:37:29.413115
2025-09-08,53322,2025090803000608,NLIC,Opal Securities Investment (PVT) Ltd.,Bhrikuti Stock Broking Co. Pvt. Ltd.,101,770.0,77770.0,2025-09-08 11:37:29.413306
2025-09-08,53321,2025090803000609,NLIC,Opal Securities Investment (PVT) Ltd.,Naasa Securities Co. Ltd.,50,770.0,38500.0,2025-09-08 11:37:29.413428
2025-09-08,53320,2025090803000610,NLIC,Opal Securities Investment (PVT) Ltd.,Online Securities Pvt. Ltd.,66,770.0,50820.0,2025-09-08 11:37:29.413551
2025-09-08,53319,2025090803000611,NLIC,Opal Securities Investment (PVT) Ltd.,Arun Securities (PVT) Ltd.,10,770.0,7700.0,2025-09-08 11:37:29.413670
2025-09-08,53318,2025090803000612,NLIC,Opal Securities Investment (PVT) Ltd.,Aryatara Investment & Securities,20,770.0,15400.0,2025-09-08 11:37:29.413809
2025-09-08,50615,2025090803000885,NLIC,K.B.L. Securities Limited ,Sri Hari Securities Pvt. Ltd.,10,769.0,7690.0,2025-09-08 11:51:53.030778
2025-09-08,50514,2025090803000889,NLIC,K.B.L. Securities Limited ,Sri Hari Securities Pvt. Ltd.,10,769.0,7690.0,2025-09-08 11:52:17.228733
2025-09-08,50336,2025090803000900,NLIC,K.B.L. Securities Limited ,Agrawal Securities (PVT) Ltd.,36,769.0,27684.0,2025-09-08 11:53:02.472200
2025-09-08,49826,2025090803000949,NLIC,K.B.L. Securities Limited ,Kumari Securities Private Limited,14,769.0,10766.0,2025-09-08 11:55:38.877105
2025-09-08,49825,2025090803000950,NLIC,S.P.S.A. Securities Limited,Kumari Securities Private Limited,100,769.0,76900.0,2025-09-08 11:55:38.877348
2025-09-08,49691,2025090803000975,NLIC,Sagarmatha Securities Private Limited,Agrawal Securities (PVT) Ltd.,15,768.8,11532.0,2025-09-08 11:56:20.679183
2025-09-08,49572,2025090803000982,NLIC,Midas Stock Broking Company Private Limited,Kumari Securities Private Limited,50,768.9,38445.0,2025-09-08 11:56:48.622846
2025-09-08,49486,2025090803000993,NLIC,Sagarmatha Securities Private Limited,Premier Securities Company Ltd.,36,768.8,27676.8,2025-09-08 11:57:15.244480
2025-09-08,49473,2025090803000994,NLIC,Online Securities Pvt. Ltd.,Kumari Securities Private Limited,588,768.9,452113.2,2025-09-08 11:57:21.324505
2025-09-08,49087,2025090803001037,NLIC,Opal Securities Investment (PVT) Ltd.,Miyo Securities Pvt Ltd,250,770.0,192500.0,2025-09-08 11:59:09.509412
2025-09-08,49054,2025090803001041,NLIC,Opal Securities Investment (PVT) Ltd.,Trisul Securities & Invt. Ltd.,691,770.0,532070.0,2025-09-08 11:59:14.683164
2025-09-08,48930,2025090803001048,NLIC,Opal Securities Investment (PVT) Ltd.,Premier Securities Company Ltd.,36,770.0,27720.0,2025-09-08 11:59:54.996947
2025-09-08,48679,2025090803001082,NLIC,Online Securities Pvt. Ltd.,Sri Hari Securities Pvt. Ltd.,11,772.0,8492.0,2025-09-08 12:01:26.324663
2025-09-08,48678,2025090803001083,NLIC,Online Securities Pvt. Ltd.,Miyo Securities Pvt Ltd,90,772.0,69480.0,2025-09-08 12:01:26.324895
2025-09-08,48677,2025090803001084,NLIC,Online Securities Pvt. Ltd.,Miyo Securities Pvt Ltd,315,772.0,243180.0,2025-09-08 12:01:26.325063
2025-09-08,48676,2025090803001085,NLIC,Online Securities Pvt. Ltd.,Miyo Securities Pvt Ltd,505,772.0,389860.0,2025-09-08 12:01:26.325211
2025-09-08,46584,2025090803001335,NLIC,Nabil Stock Dealer Ltd.,Agrawal Securities (PVT) Ltd.,73,770.2,56224.6,2025-09-08 12:12:47.008343
2025-09-08,46582,2025090803001336,NLIC,Nabil Stock Dealer Ltd.,Imperial Securities Company Pvt. Ltd.,17,770.2,13093.4,2025-09-08 12:12:49.454396
2025-09-08,46285,2025090803001357,NLIC,Siprabi Securities Pvt. Ltd.,Oxford Securities Pvt. Ltd.,56,771.0,43176.0,2025-09-08 12:14:30.505780
2025-09-08,46132,2025090803001379,NLIC,Naasa Securities Co. Ltd.,Primo Securities (PVT) Ltd.,8,768.0,6144.0,2025-09-08 12:15:18.945059
2025-09-08,45927,2025090803001404,NLIC,Nabil Stock Dealer Ltd.,Imperial Securities Company Pvt. Ltd.,60,770.2,46212.0,2025-09-08 12:16:29.127980
2025-09-08,45864,2025090803001407,NLIC,Nabil Stock Dealer Ltd.,Primo Securities (PVT) Ltd.,36,770.2,27727.2,2025-09-08 12:16:52.033725
2025-09-08,45508,2025090803001427,NLIC,Sweta Securities Private Limited,Sumeru Securities Pvt. Ltd.,36,771.0,27756.0,2025-09-08 12:18:08.263394
2025-09-08,45507,2025090803001428,NLIC,Sweta Securities Private Limited,Trishakti Securities Public Limited,26,771.0,20046.0,2025-09-08 12:18:08.263528
2025-09-08,45506,2025090803001429,NLIC,Sweta Securities Private Limited,Miyo Securities Pvt Ltd,1000,772.0,772000.0,2025-09-08 12:18:08.263590
2025-09-08,45505,2025090803001430,NLIC,Sweta Securities Private Limited,Nepal Investment And Securities Trading Private Limited,38,772.0,29336.0,2025-09-08 12:18:08.263647
2025-09-08,45437,2025090803001452,NLIC,Pragyan Securities (PVT) Ltd.,Linch Stock Market Ltd.,1,768.0,768.0,2025-09-08 12:18:22.890184
2025-09-08,45393,2025090803001454,NLIC,Nabil Stock Dealer Ltd.,Agrawal Securities (PVT) Ltd.,100,770.2,77020.0,2025-09-08 12:18:33.815221
2025-09-08,44564,2025090803001528,NLIC,Sri Hari Securities Pvt. Ltd.,Premier Securities Company Ltd.,10,773.8,7738.0,2025-09-08 12:22:42.304919
2025-09-08,43051,2025090803001731,NLIC,Linch Stock Market Ltd.,Miyo Securities Pvt Ltd,210,770.3,161763.0,2025-09-08 12:30:25.756054
2025-09-08,43050,2025090803001732,NLIC,Nabil Stock Dealer Ltd.,Miyo Securities Pvt Ltd,1190,770.2,916538.0,2025-09-08 12:30:25.756324
2025-09-08,42909,2025090803001748,NLIC,Nabil Stock Dealer Ltd.,Shree Krishna Securities Ltd.,10,770.2,7702.0,2025-09-08 12:31:10.907130
2025-09-08,42598,2025090803001790,NLIC,Nabil Stock Dealer Ltd.,Naasa Securities Co. Ltd.,14,770.2,10782.8,2025-09-08 12:32:34.478594
2025-09-08,42597,2025090803001791,NLIC,Opal Securities Investment (PVT) Ltd.,Naasa Securities Co. Ltd.,426,770.0,328020.0,2025-09-08 12:32:34.478745
2025-09-08,41440,2025090803001946,NLIC,Opal Securities Investment (PVT) Ltd.,Kalika Securities Pvt. Ltd.,36,770.0,27720.0,2025-09-08 12:37:33.750727
2025-09-08,40946,2025090803002024,NLIC,Opal Securities Investment (PVT) Ltd.,Vision Securities Pvt. Ltd,65,770.0,50050.0,2025-09-08 12:42:26.723394
2025-09-08,39521,2025090803002273,NLIC,Nabil Stock Dealer Ltd.,Secured Securities Ltd.,36,770.5,27738.0,2025-09-08 12:57:09.662076
2025-09-08,39306,2025090803002305,NLIC,Nabil Stock Dealer Ltd.,K.B.L. Securities Limited ,700,770.5,539350.0,2025-09-08 13:00:06.169083
2025-09-08,39202,2025090803002315,NLIC,Nabil Stock Dealer Ltd.,K.B.L. Securities Limited ,19,770.5,14639.5,2025-09-08 13:01:29.400946
2025-09-08,38998,2025090803002334,NLIC,Nabil Stock Dealer Ltd.,K.B.L. Securities Limited ,500,770.5,385250.0,2025-09-08 13:03:18.762087
2025-09-08,38969,2025090803002335,NLIC,Nabil Stock Dealer Ltd.,S.P.S.A. Securities Limited,700,770.5,539350.0,2025-09-08 13:03:32.445201
2025-09-08,38782,2025090803002379,NLIC,Nabil Stock Dealer Ltd.,Siprabi Securities Pvt. Ltd.,45,770.5,34672.5,2025-09-08 13:04:29.346103
2025-09-08,38781,2025090803002380,NLIC,Opal Securities Investment (PVT) Ltd.,Siprabi Securities Pvt. Ltd.,815,770.0,627550.0,2025-09-08 13:04:29.346248
2025-09-08,38686,2025090803002391,NLIC,Opal Securities Investment (PVT) Ltd.,Siprabi Securities Pvt. Ltd.,12,770.0,9240.0,2025-09-08 13:05:04.462510
2025-09-08,38685,2025090803002392,NLIC,Opal Securities Investment (PVT) Ltd.,South Asian Bulls Pvt. Ltd.,1,770.0,770.0,2025-09-08 13:05:04.462737
2025-09-08,38566,2025090803002408,NLIC,Ashutosh Brokerage & Securities (PVT) Ltd.,Malla & Malla Stock Broking Company Pvt. Limited,20,770.0,15400.0,2025-09-08 13:05:42.099488
2025-09-08,38456,2025090803002425,NLIC,Imperial Securities Company Pvt. Ltd.,Dynamic Money Managers Securities Pvt. Ltd.,50,770.0,38500.0,2025-09-08 13:06:09.498916
2025-09-08,37762,2025090803002507,NLIC,Ashutosh Brokerage & Securities (PVT) Ltd.,Miyo Securities Pvt Ltd,55,770.0,42350.0,2025-09-08 13:09:23.600286
2025-09-08,35808,2025090803002768,NLIC,Sagarmatha Securities Private Limited,Dipshikha Dhitopatra Karobar Co. Pvt Ltd.,300,770.2,231060.0,2025-09-08 13:19:28.073911
2025-09-08,35714,2025090803002781,NLIC,Sagarmatha Securities Private Limited,Midas Stock Broking Company Private Limited,100,770.2,77020.0,2025-09-08 13:19:56.120543
2025-09-08,35693,2025090803002784,NLIC,Sagarmatha Securities Private Limited,Online Securities Pvt. Ltd.,49,770.2,37739.8,2025-09-08 13:20:03.420889
2025-09-08,35692,2025090803002785,NLIC,Nepal Stock House (PVT) Ltd.,Online Securities Pvt. Ltd.,300,770.1,231030.0,2025-09-08 13:20:03.421067
2025-09-08,35691,2025090803002786,NLIC,Sagarmatha Securities Private Limited,Online Securities Pvt. Ltd.,51,770.1,39275.1,2025-09-08 13:20:03.421129
2025-09-08,35656,2025090803002801,NLIC,Sagarmatha Securities Private Limited,Aryatara Investment & Securities,300,770.1,231030.0,2025-09-08 13:20:15.534687
2025-09-08,34971,2025090803002901,NLIC,K.B.L. Securities Limited ,Nagarik Stock Dealer ,30,770.3,23109.0,2025-09-08 13:22:55.375545
2025-09-08,34970,2025090803002902,NLIC,Sagarmatha Securities Private Limited,Nagarik Stock Dealer ,149,770.1,114744.9,2025-09-08 13:22:55.375875
2025-09-08,34969,2025090803002903,NLIC,Ashutosh Brokerage & Securities (PVT) Ltd.,Nagarik Stock Dealer ,15,770.0,11550.0,2025-09-08 13:22:55.376144
2025-09-08,34968,2025090803002904,NLIC,Trishakti Securities Public Limited,Nagarik Stock Dealer ,33,770.0,25410.0,2025-09-08 13:22:55.376397
2025-09-08,34967,2025090803002905,NLIC,Sewa Securities Pvt. Ltd.,Nagarik Stock Dealer ,60,770.0,46200.0,2025-09-08 13:22:55.376647
2025-09-08,34966,2025090803002906,NLIC,Linch Stock Market Ltd.,Nagarik Stock Dealer ,513,770.0,395010.0,2025-09-08 13:22:55.376901
2025-09-08,34801,2025090803002945,NLIC,Sani Securities Company Ltd.,Vision Securities Pvt. Ltd,15,770.3,11554.5,2025-09-08 13:23:25.764448
2025-09-08,34490,2025090803003010,NLIC,Linch Stock Market Ltd.,Ashutosh Brokerage & Securities (PVT) Ltd.,50,770.0,38500.0,2025-09-08 13:24:32.446927
2025-09-08,34445,2025090803003014,NLIC,Trisul Securities & Invt. Ltd.,Vision Securities Pvt. Ltd,18,770.3,13865.4,2025-09-08 13:24:38.192080
2025-09-08,34274,2025090803003044,NLIC,Trisul Securities & Invt. Ltd.,Shree Krishna Securities Ltd.,382,770.3,294254.6,2025-09-08 13:25:20.011140
2025-09-08,34273,2025090803003045,NLIC,Linch Stock Market Ltd.,Shree Krishna Securities Ltd.,218,770.0,167860.0,2025-09-08 13:25:20.011337
2025-09-08,33927,2025090803003136,NLIC,Linch Stock Market Ltd.,Sri Hari Securities Pvt. Ltd.,11,770.0,8470.0,2025-09-08 13:26:23.394160
2025-09-08,33333,2025090803003197,NLIC,Nabil Stock Dealer Ltd.,Shree Krishna Securities Ltd.,100,771.0,77100.0,2025-09-08 13:28:20.190711
2025-09-08,33246,2025090803003214,NLIC,Linch Stock Market Ltd.,Dakshinkali Investment & Securities Pvt. Ltd.,75,770.0,57750.0,2025-09-08 13:28:36.984559
2025-09-08,32954,2025090803003259,NLIC,Linch Stock Market Ltd.,Online Securities Pvt. Ltd.,10,770.0,7700.0,2025-09-08 13:29:39.997603
2025-09-08,32704,2025090803003298,NLIC,Linch Stock Market Ltd.,Online Securities Pvt. Ltd.,10,770.0,7700.0,2025-09-08 13:30:41.418174
2025-09-08,32089,2025090803003408,NLIC,Sagarmatha Securities Private Limited,Sani Securities Company Ltd.,95,770.1,73159.5,2025-09-08 13:33:22.777841
2025-09-08,31711,2025090803003466,NLIC,Sagarmatha Securities Private Limited,Nabil Stock Dealer Ltd.,57,770.1,43895.7,2025-09-08 13:34:56.275784
2025-09-08,30989,2025090803003572,NLIC,Sagarmatha Securities Private Limited,Aryatara Investment & Securities,100,770.1,77010.0,2025-09-08 13:38:21.372808
2025-09-08,30073,2025090803003733,NLIC,Sagarmatha Securities Private Limited,Arun Securities (PVT) Ltd.,10,770.1,7701.0,2025-09-08 13:42:09.652563
2025-09-08,30040,2025090803003734,NLIC,K.B.L. Securities Limited ,S.P.S.A. Securities Limited,20,770.7,15414.0,2025-09-08 13:42:14.876020
2025-09-08,29590,2025090803003768,NLIC,Sagarmatha Securities Private Limited,Dipshikha Dhitopatra Karobar Co. Pvt Ltd.,38,770.1,29263.8,2025-09-08 13:43:11.843553
2025-09-08,29589,2025090803003769,NLIC,Property Wiard Limited,Dipshikha Dhitopatra Karobar Co. Pvt Ltd.,50,770.1,38505.0,2025-09-08 13:43:11.843769
2025-09-08,29588,2025090803003770,NLIC,Linch Stock Market Ltd.,Dipshikha Dhitopatra Karobar Co. Pvt Ltd.,977,770.0,752290.0,2025-09-08 13:43:11.843839
2025-09-08,29587,2025090803003771,NLIC,Linch Stock Market Ltd.,Dipshikha Dhitopatra Karobar Co. Pvt Ltd.,500,770.0,385000.0,2025-09-08 13:43:11.843903
2025-09-08,29586,2025090803003772,NLIC,Primo Securities (PVT) Ltd.,Dipshikha Dhitopatra Karobar Co. Pvt Ltd.,10,770.0,7700.0,2025-09-08 13:43:11.843965
2025-09-08,29585,2025090803003773,NLIC,Naasa Securities Co. Ltd.,Dipshikha Dhitopatra Karobar Co. Pvt Ltd.,10,770.0,7700.0,2025-09-08 13:43:11.844034
2025-09-08,29584,2025090803003774,NLIC,Sajilo Broker Limited,Dipshikha Dhitopatra Karobar Co. Pvt Ltd.,15,770.0,11550.0,2025-09-08 13:43:11.844095
2025-09-08,29583,2025090803003775,NLIC,Oxford Securities Pvt. Ltd.,Dipshikha Dhitopatra Karobar Co. Pvt Ltd.,50,770.0,38500.0,2025-09-08 13:43:11.844177
2025-09-08,29361,2025090803003798,NLIC,K.B.L. Securities Limited ,Nepal Stock House (PVT) Ltd.,25,769.0,19225.0,2025-09-08 13:44:00.872030
2025-09-08,29360,2025090803003799,NLIC,Naasa Securities Co. Ltd.,Nepal Stock House (PVT) Ltd.,50,769.0,38450.0,2025-09-08 13:44:00.872217
2025-09-08,29359,2025090803003800,NLIC,Primo Securities (PVT) Ltd.,Nepal Stock House (PVT) Ltd.,10,769.0,7690.0,2025-09-08 13:44:00.872283
2025-09-08,29358,2025090803003801,NLIC,Nabil Stock Dealer Ltd.,Nepal Stock House (PVT) Ltd.,100,769.0,76900.0,2025-09-08 13:44:00.872343
2025-09-08,29357,2025090803003802,NLIC,Thrive Brokerage House Pvt. Ltd,Nepal Stock House (PVT) Ltd.,100,768.5,76850.0,2025-09-08 13:44:00.872405
2025-09-08,29356,2025090803003803,NLIC,Sagarmatha Securities Private Limited,Nepal Stock House (PVT) Ltd.,215,768.5,165227.5,2025-09-08 13:44:00.872464
2025-09-08,28722,2025090803003883,NLIC,Sagarmatha Securities Private Limited,Opal Securities Investment (PVT) Ltd.,20,768.5,15370.0,2025-09-08 13:45:57.308097
2025-09-08,28002,2025090803003967,NLIC,Sagarmatha Securities Private Limited,Opal Securities Investment (PVT) Ltd.,250,768.5,192125.0,2025-09-08 13:47:41.762487
2025-09-08,27125,2025090803004133,NLIC,Bhrikuti Stock Broking Co. Pvt. Ltd.,Naasa Securities Co. Ltd.,50,768.3,38415.0,2025-09-08 13:49:51.793454
2025-09-08,27124,2025090803004134,NLIC,Sagarmatha Securities Private Limited,Naasa Securities Co. Ltd.,50,768.3,38415.0,2025-09-08 13:49:51.793784
2025-09-08,26968,2025090803004159,NLIC,Sagarmatha Securities Private Limited,Imperial Securities Company Pvt. Ltd.,250,769.0,192250.0,2025-09-08 13:50:11.714640
2025-09-08,26878,2025090803004189,NLIC,Nabil Stock Dealer Ltd.,Aryatara Investment & Securities,11,769.0,8459.0,2025-09-08 13:50:29.454447
2025-09-08,26093,2025090803004332,NLIC,Nabil Stock Dealer Ltd.,Naasa Securities Co. Ltd.,36,769.0,27684.0,2025-09-08 13:52:11.894067
2025-09-08,25842,2025090803004370,NLIC,Dipshikha Dhitopatra Karobar Co. Pvt Ltd.,Dynamic Money Managers Securities Pvt. Ltd.,60,769.8,46188.0,2025-09-08 13:52:42.679799
2025-09-08,25841,2025090803004371,NLIC,Dipshikha Dhitopatra Karobar Co. Pvt Ltd.,Dipshikha Dhitopatra Karobar Co. Pvt Ltd.,50,770.0,38500.0,2025-09-08 13:52:42.680078
2025-09-08,25840,2025090803004372,NLIC,Dipshikha Dhitopatra Karobar Co. Pvt Ltd.,Online Securities Pvt. Ltd.,600,770.0,462000.0,2025-09-08 13:52:42.680285
2025-09-08,25626,2025090803004423,NLIC,Dipshikha Dhitopatra Karobar Co. Pvt Ltd.,Aryatara Investment & Securities,290,770.0,223300.0,2025-09-08 13:53:19.928524
2025-09-08,25625,2025090803004424,NLIC,Nabil Stock Dealer Ltd.,Aryatara Investment & Securities,310,769.0,238390.0,2025-09-08 13:53:19.928705
2025-09-08,25305,2025090803004476,NLIC,Nabil Stock Dealer Ltd.,R.B.B. Securities Company Ltd,500,769.0,384500.0,2025-09-08 13:53:59.769499
2025-09-08,25257,2025090803004484,NLIC,Nabil Stock Dealer Ltd.,Malla & Malla Stock Broking Company Pvt. Limited,50,769.0,38450.0,2025-09-08 13:54:02.520039
2025-09-08,25073,2025090803004515,NLIC,Nabil Stock Dealer Ltd.,Nepal Investment And Securities Trading Private Limited,100,769.0,76900.0,2025-09-08 13:54:21.516120
2025-09-08,24767,2025090803004557,NLIC,Nabil Stock Dealer Ltd.,Online Securities Pvt. Ltd.,10,769.0,7690.0,2025-09-08 13:54:57.838725
2025-09-08,23484,2025090803004712,NLIC,Nabil Stock Dealer Ltd.,Dakshinkali Investment & Securities Pvt. Ltd.,1800,769.0,1384200.0,2025-09-08 13:57:35.357577
2025-09-08,23328,2025090803004747,NLIC,Nabil Stock Dealer Ltd.,Nepal Investment And Securities Trading Private Limited,20,769.0,15380.0,2025-09-08 13:57:55.705755
2025-09-08,23164,2025090803004785,NLIC,Nabil Stock Dealer Ltd.,Online Securities Pvt. Ltd.,30,769.0,23070.0,2025-09-08 13:58:17.983645
2025-09-08,22995,2025090803004812,NLIC,Nabil Stock Dealer Ltd.,Thrive Brokerage House Pvt. Ltd,50,769.0,38450.0,2025-09-08 13:58:41.737610
2025-09-08,22978,2025090803004813,NLIC,Nabil Stock Dealer Ltd.,Bhrikuti Stock Broking Co. Pvt. Ltd.,385,769.0,296065.0,2025-09-08 13:58:42.377581
2025-09-08,22938,2025090803004824,NLIC,Nabil Stock Dealer Ltd.,Trisul Securities & Invt. Ltd.,220,769.0,169180.0,2025-09-08 13:58:50.399287
2025-09-08,21831,2025090803005024,NLIC,Nepal Stock House (PVT) Ltd.,Aryatara Investment & Securities,200,769.1,153820.0,2025-09-08 14:01:09.136041
2025-09-08,21830,2025090803005025,NLIC,Nabil Stock Dealer Ltd.,Aryatara Investment & Securities,88,769.0,67672.0,2025-09-08 14:01:09.136215
2025-09-08,20794,2025090803005175,NLIC,Nabil Stock Dealer Ltd.,Siprabi Securities Pvt. Ltd.,11,769.0,8459.0,2025-09-08 14:03:24.532260
2025-09-08,20318,2025090803005231,NLIC,Nabil Stock Dealer Ltd.,Shree Krishna Securities Ltd.,379,769.0,291451.0,2025-09-08 14:04:23.373417
2025-09-08,20252,2025090803005246,NLIC,Opal Securities Investment (PVT) Ltd.,Shree Krishna Securities Ltd.,10,769.0,7690.0,2025-09-08 14:04:34.053776
2025-09-08,19760,2025090803005333,NLIC,ABC Securities Private Limited,Kumari Securities Private Limited,55,768.4,42262.0,2025-09-08 14:05:50.164181
2025-09-08,19643,2025090803005344,NLIC,ABC Securities Private Limited,Aryatara Investment & Securities,45,768.4,34578.0,2025-09-08 14:06:15.642469
2025-09-08,19613,2025090803005347,NLIC,Sagarmatha Securities Private Limited,Bhrikuti Stock Broking Co. Pvt. Ltd.,215,768.3,165184.5,2025-09-08 14:06:19.775526
2025-09-08,19612,2025090803005348,NLIC,Dipshikha Dhitopatra Karobar Co. Pvt Ltd.,Bhrikuti Stock Broking Co. Pvt. Ltd.,81,768.2,62224.2,2025-09-08 14:06:19.775626
2025-09-08,18738,2025090803005477,NLIC,Imperial Securities Company Pvt. Ltd.,Dynamic Money Managers Securities Pvt. Ltd.,40,768.2,30728.0,2025-09-08 14:09:02.752984
2025-09-08,18737,2025090803005478,NLIC,Linch Stock Market Ltd.,Dynamic Money Managers Securities Pvt. Ltd.,25,768.2,19205.0,2025-09-08 14:09:02.753329
2025-09-08,18655,2025090803005490,NLIC,Linch Stock Market Ltd.,Dakshinkali Investment & Securities Pvt. Ltd.,25,768.2,19205.0,2025-09-08 14:09:19.410765
2025-09-08,18638,2025090803005497,NLIC,Linch Stock Market Ltd.,Sani Securities Company Ltd.,770,768.2,591514.0,2025-09-08 14:09:25.471408
2025-09-08,18242,2025090803005583,NLIC,Linch Stock Market Ltd.,Dipshikha Dhitopatra Karobar Co. Pvt Ltd.,43,768.2,33032.6,2025-09-08 14:10:35.213465
2025-09-08,17883,2025090803005632,NLIC,Linch Stock Market Ltd.,Sri Hari Securities Pvt. Ltd.,20,768.2,15364.0,2025-09-08 14:11:39.156925
2025-09-08,17873,2025090803005633,NLIC,J.F. Securites (PVT) Ltd.,Shree Krishna Securities Ltd.,10,769.0,7690.0,2025-09-08 14:11:42.114436
2025-09-08,17709,2025090803005666,NLIC,Linch Stock Market Ltd.,Aryatara Investment & Securities,100,768.2,76820.0,2025-09-08 14:12:12.903180
2025-09-08,17165,2025090803005766,NLIC,Sagarmatha Securities Private Limited,Online Securities Pvt. Ltd.,10,769.0,7690.0,2025-09-08 14:14:12.215131
2025-09-08,17164,2025090803005767,NLIC,Sagarmatha Securities Private Limited,Sri Hari Securities Pvt. Ltd.,500,769.0,384500.0,2025-09-08 14:14:12.215442
2025-09-08,17163,2025090803005768,NLIC,Sagarmatha Securities Private Limited,Naasa Securities Co. Ltd.,50,769.0,38450.0,2025-09-08 14:14:12.215631
2025-09-08,15933,2025090803005951,NLIC,Premier Securities Company Ltd.,Neev Securities Pvt. Ltd.,15,768.3,11524.5,2025-09-08 14:18:15.899293
2025-09-08,15912,2025090803005955,NLIC,Premier Securities Company Ltd.,Naasa Securities Co. Ltd.,40,768.3,30732.0,2025-09-08 14:18:20.590347
2025-09-08,15867,2025090803005971,NLIC,Trishakti Securities Public Limited,Trishakti Securities Public Limited,1,769.0,769.0,2025-09-08 14:18:35.020695
2025-09-08,15661,2025090803006023,NLIC,Trishakti Securities Public Limited,Trishakti Securities Public Limited,1,769.0,769.0,2025-09-08 14:19:25.332663
2025-09-08,14993,2025090803006106,NLIC,Neev Securities Pvt. Ltd.,Online Securities Pvt. Ltd.,10,768.4,7684.0,2025-09-08 14:21:24.813032
2025-09-08,14992,2025090803006107,NLIC,Premier Securities Company Ltd.,Online Securities Pvt. Ltd.,12,768.3,9219.6,2025-09-08 14:21:24.813192
2025-09-08,14438,2025090803006173,NLIC,Trishakti Securities Public Limited,Trishakti Securities Public Limited,1,769.0,769.0,2025-09-08 14:23:24.696625
2025-09-08,14406,2025090803006181,NLIC,Premier Securities Company Ltd.,Aakashbhairab Securities Ltd.,33,768.3,25353.9,2025-09-08 14:23:33.291450
2025-09-08,14405,2025090803006182,NLIC,Linch Stock Market Ltd.,Aakashbhairab Securities Ltd.,17,768.2,13059.4,2025-09-08 14:23:33.291616
2025-09-08,14392,2025090803006184,NLIC,Trishakti Securities Public Limited,Trishakti Securities Public Limited,1,769.0,769.0,2025-09-08 14:23:35.761245
2025-09-08,14329,2025090803006190,NLIC,Trishakti Securities Public Limited,Trishakti Securities Public Limited,1,769.0,769.0,2025-09-08 14:23:45.965683
2025-09-08,14296,2025090803006197,NLIC,Trishakti Securities Public Limited,Trishakti Securities Public Limited,1,769.0,769.0,2025-09-08 14:23:56.009821
2025-09-08,14227,2025090803006214,NLIC,Trishakti Securities Public Limited,Trishakti Securities Public Limited,1,769.0,769.0,2025-09-08 14:24:10.105857
2025-09-08,14028,2025090803006245,NLIC,Trishakti Securities Public Limited,Secured Securities Ltd.,1,769.0,769.0,2025-09-08 14:24:56.410285
2025-09-08,13993,2025090803006249,NLIC,Trishakti Securities Public Limited,Shree Krishna Securities Ltd.,1,769.0,769.0,2025-09-08 14:25:05.475375
2025-09-08,13622,2025090803006311,NLIC,Midas Stock Broking Company Private Limited,J.F. Securites (PVT) Ltd.,10,769.1,7691.0,2025-09-08 14:26:23.541860
2025-09-08,13406,2025090803006357,NLIC,Sagarmatha Securities Private Limited,Kumari Securities Private Limited,132,768.2,101402.4,2025-09-08 14:27:25.576368
2025-09-08,13233,2025090803006383,NLIC,Sagarmatha Securities Private Limited,Nepal Stock House (PVT) Ltd.,14,768.1,10753.4,2025-09-08 14:28:15.838110
2025-09-08,11715,2025090803006645,NLIC,Property Wiard Limited,Kalika Securities Pvt. Ltd.,337,769.0,259153.0,2025-09-08 14:33:53.586927
2025-09-08,11568,2025090803006669,NLIC,Property Wiard Limited,Sani Securities Company Ltd.,46,769.0,35374.0,2025-09-08 14:34:33.316291
2025-09-08,11567,2025090803006670,NLIC,Naasa Securities Co. Ltd.,Sani Securities Company Ltd.,23,769.0,17687.0,2025-09-08 14:34:33.316513
2025-09-08,11566,2025090803006671,NLIC,Naasa Securities Co. Ltd.,Online Securities Pvt. Ltd.,2,769.0,1538.0,2025-09-08 14:34:33.316577
2025-09-08,11508,2025090803006675,NLIC,Sagarmatha Securities Private Limited,Garima Securities Limited,108,769.8,83138.4,2025-09-08 14:34:49.782960
2025-09-08,11473,2025090803006680,NLIC,Sagarmatha Securities Private Limited,Garima Securities Limited,382,769.8,294063.6,2025-09-08 14:34:59.813077
2025-09-08,11411,2025090803006686,NLIC,Sani Securities Company Ltd.,Oxford Securities Pvt. Ltd.,100,769.9,76990.0,2025-09-08 14:35:17.684104
2025-09-08,11387,2025090803006689,NLIC,Sagarmatha Securities Private Limited,Shree Krishna Securities Ltd.,500,770.0,385000.0,2025-09-08 14:35:25.906102
2025-09-08,11313,2025090803006700,NLIC,Sagarmatha Securities Private Limited,Oxford Securities Pvt. Ltd.,10,770.0,7700.0,2025-09-08 14:35:51.000705
2025-09-08,11312,2025090803006701,NLIC,Sagarmatha Securities Private Limited,Naasa Securities Co. Ltd.,16,770.0,12320.0,2025-09-08 14:35:51.001086
2025-09-08,11311,2025090803006702,NLIC,Sagarmatha Securities Private Limited,Premier Securities Company Ltd.,174,770.0,133980.0,2025-09-08 14:35:51.001302
2025-09-08,11255,2025090803006712,NLIC,Asian Securities Private Ltd.,Premier Securities Company Ltd.,26,770.0,20020.0,2025-09-08 14:36:07.502246
2025-09-08,9478,2025090803006965,NLIC,Sani Securities Company Ltd.,Garima Securities Limited,20,769.0,15380.0,2025-09-08 14:42:16.790067
2025-09-08,9477,2025090803006966,NLIC,Imperial Securities Company Pvt. Ltd.,Garima Securities Limited,1980,769.0,1522620.0,2025-09-08 14:42:16.790237
2025-09-08,9379,2025090803006977,NLIC,Sagarmatha Securities Private Limited,Secured Securities Ltd.,100,770.0,77000.0,2025-09-08 14:42:38.465757
2025-09-08,9213,2025090803007000,NLIC,Primo Securities (PVT) Ltd.,Linch Stock Market Ltd.,10,770.0,7700.0,2025-09-08 14:43:17.965087
2025-09-08,8674,2025090803007106,NLIC,Vision Securities Pvt. Ltd,Linch Stock Market Ltd.,100,770.0,77000.0,2025-09-08 14:44:44.463790
2025-09-08,8105,2025090803007229,NLIC,Sagarmatha Securities Private Limited,Linch Stock Market Ltd.,229,770.0,176330.0,2025-09-08 14:45:56.345735
2025-09-08,8104,2025090803007230,NLIC,Sagarmatha Securities Private Limited,Aryatara Investment & Securities,75,770.0,57750.0,2025-09-08 14:45:56.346154
2025-09-08,8023,2025090803007245,NLIC,Imperial Securities Company Pvt. Ltd.,Aryatara Investment & Securities,1000,769.0,769000.0,2025-09-08 14:46:13.230612
2025-09-08,7984,2025090803007256,NLIC,Imperial Securities Company Pvt. Ltd.,Kumari Securities Private Limited,20,769.0,15380.0,2025-09-08 14:46:20.576348
2025-09-08,7044,2025090803007484,NLIC,Sundhara Securities Limited,Kumari Securities Private Limited,30,769.0,23070.0,2025-09-08 14:48:29.723817
2025-09-08,5842,2025090803007652,NLIC,Nepal Stock House (PVT) Ltd.,Aryatara Investment & Securities,15,770.0,11550.0,2025-09-08 14:51:21.798999
2025-09-08,5841,2025090803007653,NLIC,Nepal Stock House (PVT) Ltd.,J.F. Securites (PVT) Ltd.,35,770.0,26950.0,2025-09-08 14:51:21.799401
2025-09-08,5131,2025090803007748,NLIC,Opal Securities Investment (PVT) Ltd.,Asian Securities Private Ltd.,19,769.0,14611.0,2025-09-08 14:53:00.034420
2025-09-08,4830,2025090803007801,NLIC,Sundhara Securities Limited,Online Securities Pvt. Ltd.,10,768.6,7686.0,2025-09-08 14:53:38.562211
2025-09-08,3955,2025090803007934,NLIC,Sundhara Securities Limited,Asian Securities Private Ltd.,31,768.6,23826.6,2025-09-08 14:55:15.629694
2025-09-08,3237,2025090803008025,NLIC,Sundhara Securities Limited,Sani Securities Company Ltd.,34,768.6,26132.4,2025-09-08 14:56:25.973012
2025-09-08,2914,2025090803008074,NLIC,Pragyan Securities (PVT) Ltd.,Sumeru Securities Pvt. Ltd.,20,769.0,15380.0,2025-09-08 14:56:55.072567
2025-09-08,2913,2025090803008075,NLIC,Pragyan Securities (PVT) Ltd.,Naasa Securities Co. Ltd.,40,769.0,30760.0,2025-09-08 14:56:55.072741
2025-09-08,2806,2025090803008086,NLIC,Trishakti Securities Public Limited,Malla & Malla Stock Broking Company Pvt. Limited,1,769.0,769.0,2025-09-08 14:57:06.814409
2025-09-08,2299,2025090803008179,NLIC,Sundhara Securities Limited,Imperial Securities Company Pvt. Ltd.,10,768.6,7686.0,2025-09-08 14:57:48.970974
2025-09-08,2274,2025090803008181,NLIC,Sundhara Securities Limited,Primo Securities (PVT) Ltd.,15,768.6,11529.0,2025-09-08 14:57:51.815104
2025-09-08,2273,2025090803008182,NLIC,Investment Management Nepal Pvt. Ltd.,Primo Securities (PVT) Ltd.,21,768.6,16140.6,2025-09-08 14:57:51.815279
2025-09-08,2220,2025090803008193,NLIC,Investment Management Nepal Pvt. Ltd.,Dipshikha Dhitopatra Karobar Co. Pvt Ltd.,10,768.6,7686.0,2025-09-08 14:57:55.933667
2025-09-08,2161,2025090803008205,NLIC,Investment Management Nepal Pvt. Ltd.,Asian Securities Private Ltd.,19,768.6,14603.4,2025-09-08 14:58:01.451377
2025-09-08,1838,2025090803008264,NLIC,Sagarmatha Securities Private Limited,Asian Securities Private Ltd.,41,768.6,31512.6,2025-09-08 14:58:26.878613
2025-09-08,1837,2025090803008265,NLIC,Sagarmatha Securities Private Limited,Imperial Securities Company Pvt. Ltd.,20,768.6,15372.0,2025-09-08 14:58:26.878815
2025-09-08,1836,2025090803008266,NLIC,Sagarmatha Securities Private Limited,Naasa Securities Co. Ltd.,60,769.0,46140.0,2025-09-08 14:58:26.878894
2025-09-08,1835,2025090803008267,NLIC,Sagarmatha Securities Private Limited,Dakshinkali Investment & Securities Pvt. Ltd.,50,769.0,38450.0,2025-09-08 14:58:26.878964
2025-09-08,1636,2025090803008329,NLIC,Sagarmatha Securities Private Limited,Imperial Securities Company Pvt. Ltd.,20,769.0,15380.0,2025-09-08 14:58:39.652551
2025-09-08,1200,2025090803008404,NLIC,Sagarmatha Securities Private Limited,Naasa Securities Co. Ltd.,100,769.0,76900.0,2025-09-08 14:59:07.914222
2025-09-08,1041,2025090803008418,NLIC,ABC Securities Private Limited,Sani Securities Company Ltd.,25,769.9,19247.5,2025-09-08 14:59:18.027556
2025-09-08,1040,2025090803008419,NLIC,ABC Securities Private Limited,Malla & Malla Stock Broking Company Pvt. Limited,5,770.0,3850.0,2025-09-08 14:59:18.027700
2025-09-08,551,2025090803008518,NLIC,Sagarmatha Securities Private Limited,Dakshinkali Investment & Securities Pvt. Ltd.,50,769.0,38450.0,2025-09-08 14:59:37.902221
