Date,S.N.,contract_id,symbol,buyer_broker,seller_broker,volume,price,amount,transaction_time
2025-09-08,58598,2025090805000221,NRN,Miyo Securities Pvt Ltd,Dipshikha Dhitopatra Karobar Co. Pvt Ltd.,11,2075.0,22825.0,2025-09-08 11:09:44.313982
2025-09-08,58147,2025090805000336,NRN,Global IME Securities Limited,Imperial Securities Company Pvt. Ltd.,113,2080.0,235040.0,2025-09-08 11:12:27.549658
2025-09-08,57826,2025090805000406,NRN,Sumeru Securities Pvt. Ltd.,Magnet Securities and Investment Company Private Limited,14,2075.5,29057.0,2025-09-08 11:14:42.933052
2025-09-08,57378,2025090805000537,NRN,Sumeru Securities Pvt. Ltd.,ABC Securities Private Limited,11,2075.5,22830.5,2025-09-08 11:17:51.159717
2025-09-08,55853,2025090805000973,NRN,Miyo Securities Pvt Ltd,Imperial Securities Company Pvt. Ltd.,87,2080.0,180960.0,2025-09-08 11:24:50.550623
2025-09-08,55059,2025090805001218,NRN,Vision Securities Pvt. Ltd,Miyo Securities Pvt Ltd,100,2075.7,207570.0,2025-09-08 11:28:39.786934
2025-09-08,55058,2025090805001219,NRN,Sumeru Securities Pvt. Ltd.,Miyo Securities Pvt Ltd,25,2075.5,51887.5,2025-09-08 11:28:39.787090
2025-09-08,55057,2025090805001220,NRN,Miyo Securities Pvt Ltd,Miyo Securities Pvt Ltd,139,2075.0,288425.0,2025-09-08 11:28:39.787143
2025-09-08,55056,2025090805001221,NRN,Miyo Securities Pvt Ltd,Miyo Securities Pvt Ltd,86,2075.0,178450.0,2025-09-08 11:28:39.787189
2025-09-08,55019,2025090805001229,NRN,Miyo Securities Pvt Ltd,Miyo Securities Pvt Ltd,14,2075.0,29050.0,2025-09-08 11:28:49.824558
2025-09-08,55018,2025090805001230,NRN,Miyo Securities Pvt Ltd,Miyo Securities Pvt Ltd,46,2075.0,95450.0,2025-09-08 11:28:49.824715
2025-09-08,54825,2025090805001286,NRN,Miyo Securities Pvt Ltd,Trishakti Securities Public Limited,104,2075.0,215800.0,2025-09-08 11:30:01.785374
2025-09-08,54824,2025090805001287,NRN,Trishakti Securities Public Limited,Trishakti Securities Public Limited,100,2075.0,207500.0,2025-09-08 11:30:01.785456
2025-09-08,54823,2025090805001288,NRN,Aryatara Investment & Securities,Trishakti Securities Public Limited,39,2075.0,80925.0,2025-09-08 11:30:01.785507
2025-09-08,54583,2025090805001356,NRN,Miyo Securities Pvt Ltd,Sweta Securities Private Limited,100,2075.0,207500.0,2025-09-08 11:31:14.481479
2025-09-08,54338,2025090805001430,NRN,Miyo Securities Pvt Ltd,Sweta Securities Private Limited,50,2075.0,103750.0,2025-09-08 11:32:16.707545
2025-09-08,53768,2025090805001623,NRN,Kumari Securities Private Limited,Sweta Securities Private Limited,50,2075.0,103750.0,2025-09-08 11:34:58.482628
2025-09-08,52613,2025090805001931,NRN,Miyo Securities Pvt Ltd,Sumeru Securities Pvt. Ltd.,200,2073.0,414600.0,2025-09-08 11:41:02.998581
2025-09-08,52612,2025090805001932,NRN,Miyo Securities Pvt Ltd,Sumeru Securities Pvt. Ltd.,100,2073.0,207300.0,2025-09-08 11:41:04.830072
2025-09-08,52546,2025090805001943,NRN,Sumeru Securities Pvt. Ltd.,Premier Securities Company Ltd.,11,2082.0,22902.0,2025-09-08 11:41:30.073173
2025-09-08,52545,2025090805001944,NRN,Sumeru Securities Pvt. Ltd.,Miyo Securities Pvt Ltd,100,2090.0,209000.0,2025-09-08 11:41:30.073570
2025-09-08,52544,2025090805001945,NRN,Sumeru Securities Pvt. Ltd.,Miyo Securities Pvt Ltd,189,2090.0,395010.0,2025-09-08 11:41:30.073747
2025-09-08,52499,2025090805001957,NRN,Sumeru Securities Pvt. Ltd.,Miyo Securities Pvt Ltd,11,2090.0,22990.0,2025-09-08 11:41:45.127160
2025-09-08,52096,2025090805002069,NRN,Kumari Securities Private Limited,Sani Securities Company Ltd.,1,2072.0,2072.0,2025-09-08 11:43:47.986498
2025-09-08,51841,2025090805002142,NRN,Miyo Securities Pvt Ltd,Sumeru Securities Pvt. Ltd.,10,2082.0,20820.0,2025-09-08 11:45:14.864837
2025-09-08,51840,2025090805002143,NRN,Kohinoor Investment & Securities Pvt. Ltd.,Sumeru Securities Pvt. Ltd.,90,2076.0,186840.0,2025-09-08 11:45:14.865049
2025-09-08,51830,2025090805002150,NRN,Sumeru Securities Pvt. Ltd.,Kohinoor Investment & Securities Pvt. Ltd.,100,2092.0,209200.0,2025-09-08 11:45:20.888172
2025-09-08,50578,2025090805002488,NRN,Aakashbhairab Securities Ltd.,Online Securities Pvt. Ltd.,50,2092.0,104600.0,2025-09-08 11:52:01.768605
2025-09-08,50577,2025090805002489,NRN,Aakashbhairab Securities Ltd.,Online Securities Pvt. Ltd.,50,2092.2,104610.0,2025-09-08 11:52:01.768671
2025-09-08,50576,2025090805002490,NRN,Aakashbhairab Securities Ltd.,Primo Securities (PVT) Ltd.,50,2093.0,104650.0,2025-09-08 11:52:01.768698
2025-09-08,50575,2025090805002491,NRN,Aakashbhairab Securities Ltd.,Nepal Stock House (PVT) Ltd.,10,2093.0,20930.0,2025-09-08 11:52:01.768723
2025-09-08,50574,2025090805002492,NRN,Aakashbhairab Securities Ltd.,Trishakti Securities Public Limited,41,2094.0,85854.0,2025-09-08 11:52:01.768748
2025-09-08,50573,2025090805002493,NRN,Aakashbhairab Securities Ltd.,Agrawal Securities (PVT) Ltd.,11,2094.0,23034.0,2025-09-08 11:52:01.768774
2025-09-08,50572,2025090805002494,NRN,Aakashbhairab Securities Ltd.,Sewa Securities Pvt. Ltd.,100,2095.0,209500.0,2025-09-08 11:52:01.768812
2025-09-08,50571,2025090805002495,NRN,Aakashbhairab Securities Ltd.,Market Securities & Exchange (PVT) Ltd.,150,2095.0,314250.0,2025-09-08 11:52:01.768836
2025-09-08,50570,2025090805002496,NRN,Aakashbhairab Securities Ltd.,Dynamic Money Managers Securities Pvt. Ltd.,75,2096.0,157200.0,2025-09-08 11:52:01.768866
2025-09-08,50569,2025090805002497,NRN,Aakashbhairab Securities Ltd.,Naasa Securities Co. Ltd.,50,2096.0,104800.0,2025-09-08 11:52:01.768943
2025-09-08,50568,2025090805002498,NRN,Aakashbhairab Securities Ltd.,Sri Hari Securities Pvt. Ltd.,140,2096.0,293440.0,2025-09-08 11:52:01.768967
2025-09-08,50567,2025090805002499,NRN,Aakashbhairab Securities Ltd.,Imperial Securities Company Pvt. Ltd.,70,2096.0,146720.0,2025-09-08 11:52:01.768987
2025-09-08,50566,2025090805002500,NRN,Aakashbhairab Securities Ltd.,Dynamic Money Managers Securities Pvt. Ltd.,11,2098.0,23078.0,2025-09-08 11:52:01.769014
2025-09-08,50565,2025090805002501,NRN,Aakashbhairab Securities Ltd.,Sri Hari Securities Pvt. Ltd.,35,2099.8,73493.0,2025-09-08 11:52:01.769040
2025-09-08,50564,2025090805002502,NRN,Aakashbhairab Securities Ltd.,Kohinoor Investment & Securities Pvt. Ltd.,100,2099.9,209990.0,2025-09-08 11:52:01.769065
2025-09-08,50563,2025090805002503,NRN,Aakashbhairab Securities Ltd.,Sani Securities Company Ltd.,11,2100.0,23100.0,2025-09-08 11:52:01.769089
2025-09-08,50562,2025090805002504,NRN,Aakashbhairab Securities Ltd.,Primo Securities (PVT) Ltd.,11,2100.0,23100.0,2025-09-08 11:52:01.769123
2025-09-08,50561,2025090805002505,NRN,Aakashbhairab Securities Ltd.,Market Securities & Exchange (PVT) Ltd.,200,2100.0,420000.0,2025-09-08 11:52:01.769148
2025-09-08,50560,2025090805002506,NRN,Aakashbhairab Securities Ltd.,Premier Securities Company Ltd.,129,2100.0,270900.0,2025-09-08 11:52:01.769171
2025-09-08,50559,2025090805002507,NRN,Aakashbhairab Securities Ltd.,Asian Securities Private Ltd.,11,2100.0,23100.0,2025-09-08 11:52:01.769198
2025-09-08,50558,2025090805002508,NRN,Aakashbhairab Securities Ltd.,Ashutosh Brokerage & Securities (PVT) Ltd.,500,2100.0,1050000.0,2025-09-08 11:52:01.769225
2025-09-08,50557,2025090805002509,NRN,Aakashbhairab Securities Ltd.,Sewa Securities Pvt. Ltd.,13,2100.0,27300.0,2025-09-08 11:52:01.769249
2025-09-08,50556,2025090805002510,NRN,Aakashbhairab Securities Ltd.,Market Securities & Exchange (PVT) Ltd.,150,2100.0,315000.0,2025-09-08 11:52:01.769274
2025-09-08,50555,2025090805002511,NRN,Aakashbhairab Securities Ltd.,Kumari Securities Private Limited,500,2100.0,1050000.0,2025-09-08 11:52:01.769297
2025-09-08,50554,2025090805002512,NRN,Aakashbhairab Securities Ltd.,Citizens Share Broker Limited,600,2100.0,1260000.0,2025-09-08 11:52:01.769331
2025-09-08,50553,2025090805002513,NRN,Aakashbhairab Securities Ltd.,Sharepro Securities Private Limited,300,2100.0,630000.0,2025-09-08 11:52:01.769357
2025-09-08,50552,2025090805002514,NRN,Aakashbhairab Securities Ltd.,Sri Hari Securities Pvt. Ltd.,632,2104.0,1329728.0,2025-09-08 11:52:01.769383
2025-09-08,48796,2025090805002939,NRN,Aryatara Investment & Securities,K.B.L. Securities Limited ,11,2080.0,22880.0,2025-09-08 12:00:49.456887
2025-09-08,48693,2025090805002959,NRN,Aryatara Investment & Securities,Primo Securities (PVT) Ltd.,19,2080.0,39520.0,2025-09-08 12:01:20.968210
2025-09-08,48692,2025090805002960,NRN,R.B.B. Securities Company Ltd,Primo Securities (PVT) Ltd.,1481,2080.0,3080480.0,2025-09-08 12:01:20.968606
2025-09-08,48637,2025090805002970,NRN,R.B.B. Securities Company Ltd,Primo Securities (PVT) Ltd.,1500,2080.0,3120000.0,2025-09-08 12:01:45.043097
2025-09-08,48297,2025090805003045,NRN,Dipshikha Dhitopatra Karobar Co. Pvt Ltd.,Aryatara Investment & Securities,10,2080.1,20801.0,2025-09-08 12:03:18.586121
2025-09-08,47693,2025090805003206,NRN,ABC Securities Private Limited,Primo Securities (PVT) Ltd.,53,2082.1,110351.3,2025-09-08 12:06:46.980761
2025-09-08,47692,2025090805003207,NRN,Aakashbhairab Securities Ltd.,Primo Securities (PVT) Ltd.,447,2082.0,930654.0,2025-09-08 12:06:46.981106
2025-09-08,47625,2025090805003222,NRN,Aakashbhairab Securities Ltd.,Primo Securities (PVT) Ltd.,53,2082.0,110346.0,2025-09-08 12:07:12.059332
2025-09-08,47624,2025090805003223,NRN,SHUBHAKAMANA SECURITIES PVT. LTD,Primo Securities (PVT) Ltd.,300,2081.0,624300.0,2025-09-08 12:07:12.059563
2025-09-08,47623,2025090805003224,NRN,R.B.B. Securities Company Ltd,Primo Securities (PVT) Ltd.,147,2080.0,305760.0,2025-09-08 12:07:12.059654
2025-09-08,46807,2025090805003450,NRN,R.B.B. Securities Company Ltd,Ashutosh Brokerage & Securities (PVT) Ltd.,10,2080.0,20800.0,2025-09-08 12:11:18.535666
2025-09-08,46331,2025090805003597,NRN,Miyo Securities Pvt Ltd,Linch Stock Market Ltd.,11,2090.0,22990.0,2025-09-08 12:14:19.215540
2025-09-08,46204,2025090805003626,NRN,Miyo Securities Pvt Ltd,Thrive Brokerage House Pvt. Ltd,11,2090.0,22990.0,2025-09-08 12:14:54.305759
2025-09-08,46015,2025090805003710,NRN,Miyo Securities Pvt Ltd,Prabhu Stock Market Limited,19,2090.0,39710.0,2025-09-08 12:15:54.083641
2025-09-08,46014,2025090805003711,NRN,Secured Securities Ltd.,Prabhu Stock Market Limited,230,2085.0,479550.0,2025-09-08 12:15:54.083855
2025-09-08,45962,2025090805003726,NRN,Miyo Securities Pvt Ltd,Nepal Investment And Securities Trading Private Limited,39,2081.0,81159.0,2025-09-08 12:16:17.256883
2025-09-08,45961,2025090805003727,NRN,Thrive Brokerage House Pvt. Ltd,Nepal Investment And Securities Trading Private Limited,25,2080.2,52005.0,2025-09-08 12:16:17.257038
2025-09-08,45960,2025090805003728,NRN,SUN SECURITIES PVT LTD,Nepal Investment And Securities Trading Private Limited,100,2080.1,208010.0,2025-09-08 12:16:17.257078
2025-09-08,45959,2025090805003729,NRN,Elite Stock House Limited,Nepal Investment And Securities Trading Private Limited,50,2076.2,103810.0,2025-09-08 12:16:17.257113
2025-09-08,45958,2025090805003730,NRN,Sri Hari Securities Pvt. Ltd.,Nepal Investment And Securities Trading Private Limited,86,2076.1,178544.6,2025-09-08 12:16:17.257140
2025-09-08,45191,2025090805003937,NRN,Kohinoor Investment & Securities Pvt. Ltd.,Stoxkarts Securities Limited,10,2076.0,20760.0,2025-09-08 12:19:40.565362
2025-09-08,45190,2025090805003938,NRN,Sri Hari Securities Pvt. Ltd.,Stoxkarts Securities Limited,90,2076.0,186840.0,2025-09-08 12:19:40.565442
2025-09-08,44851,2025090805004050,NRN,Sri Hari Securities Pvt. Ltd.,BHOLE GANESH SECURITIES LTD,94,2076.0,195144.0,2025-09-08 12:21:15.797450
2025-09-08,44850,2025090805004051,NRN,Sri Hari Securities Pvt. Ltd.,BHOLE GANESH SECURITIES LTD,103,2076.0,213828.0,2025-09-08 12:21:15.797496
2025-09-08,44849,2025090805004052,NRN,Naasa Securities Co. Ltd.,BHOLE GANESH SECURITIES LTD,100,2076.0,207600.0,2025-09-08 12:21:15.797522
2025-09-08,44848,2025090805004053,NRN,Sri Hari Securities Pvt. Ltd.,BHOLE GANESH SECURITIES LTD,184,2075.0,381800.0,2025-09-08 12:21:15.797551
2025-09-08,44847,2025090805004054,NRN,Sri Hari Securities Pvt. Ltd.,BHOLE GANESH SECURITIES LTD,184,2075.0,381800.0,2025-09-08 12:21:15.797596
2025-09-08,44846,2025090805004055,NRN,Sri Hari Securities Pvt. Ltd.,BHOLE GANESH SECURITIES LTD,335,2075.0,695125.0,2025-09-08 12:21:15.797618
2025-09-08,44666,2025090805004105,NRN,Sri Hari Securities Pvt. Ltd.,Stoxkarts Securities Limited,20,2072.1,41442.0,2025-09-08 12:22:15.933393
2025-09-08,44546,2025090805004139,NRN,Sri Hari Securities Pvt. Ltd.,Trishakti Securities Public Limited,1000,2072.1,2072100.0,2025-09-08 12:22:49.137812
2025-09-08,44343,2025090805004190,NRN,Miyo Securities Pvt Ltd,Trishakti Securities Public Limited,198,2072.0,410256.0,2025-09-08 12:23:43.402944
2025-09-08,43422,2025090805004509,NRN,Linch Stock Market Ltd.,Prabhu Stock Market Limited,11,2072.5,22797.5,2025-09-08 12:28:09.326601
2025-09-08,43392,2025090805004521,NRN,Linch Stock Market Ltd.,Sumeru Securities Pvt. Ltd.,10,2072.5,20725.0,2025-09-08 12:28:19.850638
2025-09-08,43307,2025090805004547,NRN,Linch Stock Market Ltd.,Nepal Investment And Securities Trading Private Limited,79,2072.5,163727.5,2025-09-08 12:28:54.147156
2025-09-08,43306,2025090805004548,NRN,Sani Securities Company Ltd.,Nepal Investment And Securities Trading Private Limited,121,2072.1,250724.1,2025-09-08 12:28:54.147268
2025-09-08,43188,2025090805004574,NRN,Sani Securities Company Ltd.,Nepal Investment And Securities Trading Private Limited,97,2072.1,200993.7,2025-09-08 12:29:23.266774
2025-09-08,43187,2025090805004575,NRN,Naasa Securities Co. Ltd.,Nepal Investment And Securities Trading Private Limited,53,2072.1,109821.3,2025-09-08 12:29:23.266849
2025-09-08,42734,2025090805004697,NRN,Naasa Securities Co. Ltd.,Naasa Securities Co. Ltd.,11,2072.1,22793.1,2025-09-08 12:31:57.624833
2025-09-08,42599,2025090805004751,NRN,Naasa Securities Co. Ltd.,SHUBHAKAMANA SECURITIES PVT. LTD,10,2072.1,20721.0,2025-09-08 12:32:34.288050
2025-09-08,42407,2025090805004804,NRN,Sagarmatha Securities Private Limited,Opal Securities Investment (PVT) Ltd.,200,2072.1,414420.0,2025-09-08 12:33:16.249686
2025-09-08,42406,2025090805004805,NRN,Miyo Securities Pvt Ltd,Opal Securities Investment (PVT) Ltd.,200,2072.0,414400.0,2025-09-08 12:33:16.249916
2025-09-08,42405,2025090805004806,NRN,Miyo Securities Pvt Ltd,Opal Securities Investment (PVT) Ltd.,200,2072.0,414400.0,2025-09-08 12:33:16.250014
2025-09-08,42404,2025090805004807,NRN,Trishakti Securities Public Limited,Opal Securities Investment (PVT) Ltd.,50,2072.0,103600.0,2025-09-08 12:33:16.250087
2025-09-08,42403,2025090805004808,NRN,Sri Hari Securities Pvt. Ltd.,Opal Securities Investment (PVT) Ltd.,83,2072.0,171976.0,2025-09-08 12:33:16.250156
2025-09-08,42141,2025090805004905,NRN,Sri Hari Securities Pvt. Ltd.,Dipshikha Dhitopatra Karobar Co. Pvt Ltd.,101,2072.0,209272.0,2025-09-08 12:34:12.057034
2025-09-08,42140,2025090805004906,NRN,Sri Hari Securities Pvt. Ltd.,Dipshikha Dhitopatra Karobar Co. Pvt Ltd.,27,2072.0,55944.0,2025-09-08 12:34:12.057274
2025-09-08,42139,2025090805004907,NRN,Naasa Securities Co. Ltd.,Dipshikha Dhitopatra Karobar Co. Pvt Ltd.,20,2071.0,41420.0,2025-09-08 12:34:12.057396
2025-09-08,42138,2025090805004908,NRN,Sri Hari Securities Pvt. Ltd.,Dipshikha Dhitopatra Karobar Co. Pvt Ltd.,52,2071.0,107692.0,2025-09-08 12:34:12.057480
2025-09-08,42105,2025090805004920,NRN,Sri Hari Securities Pvt. Ltd.,Miyo Securities Pvt Ltd,132,2071.0,273372.0,2025-09-08 12:34:20.636387
2025-09-08,42104,2025090805004921,NRN,Kohinoor Investment & Securities Pvt. Ltd.,Miyo Securities Pvt Ltd,30,2070.0,62100.0,2025-09-08 12:34:20.636568
2025-09-08,42103,2025090805004922,NRN,South Asian Bulls Pvt. Ltd.,Miyo Securities Pvt Ltd,50,2070.0,103500.0,2025-09-08 12:34:20.636640
2025-09-08,42102,2025090805004923,NRN,Ashutosh Brokerage & Securities (PVT) Ltd.,Miyo Securities Pvt Ltd,10,2070.0,20700.0,2025-09-08 12:34:20.636715
2025-09-08,42101,2025090805004924,NRN,Sagarmatha Securities Private Limited,Miyo Securities Pvt Ltd,50,2070.0,103500.0,2025-09-08 12:34:20.636785
2025-09-08,42100,2025090805004925,NRN,Sri Hari Securities Pvt. Ltd.,Miyo Securities Pvt Ltd,54,2070.0,111780.0,2025-09-08 12:34:20.636853
2025-09-08,41729,2025090805005059,NRN,Sri Hari Securities Pvt. Ltd.,Imperial Securities Company Pvt. Ltd.,15,2070.0,31050.0,2025-09-08 12:35:55.251627
2025-09-08,41593,2025090805005097,NRN,Sri Hari Securities Pvt. Ltd.,KALASH STOCK MARKET PVT. LTD.,115,2070.0,238050.0,2025-09-08 12:36:28.860599
2025-09-08,41592,2025090805005098,NRN,Shree Krishna Securities Ltd.,KALASH STOCK MARKET PVT. LTD.,25,2070.0,51750.0,2025-09-08 12:36:28.860774
2025-09-08,41376,2025090805005142,NRN,Shree Krishna Securities Ltd.,K.B.L. Securities Limited ,230,2070.0,476100.0,2025-09-08 12:38:08.406734
2025-09-08,41358,2025090805005147,NRN,Shree Krishna Securities Ltd.,K.B.L. Securities Limited ,45,2070.0,93150.0,2025-09-08 12:38:10.414784
2025-09-08,41150,2025090805005222,NRN,Sri Hari Securities Pvt. Ltd.,K.B.L. Securities Limited ,160,2069.0,331040.0,2025-09-08 12:40:14.821000
2025-09-08,40855,2025090805005341,NRN,Nepal Stock House (PVT) Ltd.,Citizens Share Broker Limited,250,2071.0,517750.0,2025-09-08 12:43:11.128931
2025-09-08,40806,2025090805005366,NRN,Infinity Securities Limited,Sri Hari Securities Pvt. Ltd.,80,2070.0,165600.0,2025-09-08 12:43:34.659345
2025-09-08,40564,2025090805005453,NRN,Infinity Securities Limited,Primo Securities (PVT) Ltd.,100,2070.0,207000.0,2025-09-08 12:47:41.662860
2025-09-08,40563,2025090805005454,NRN,Sri Hari Securities Pvt. Ltd.,Primo Securities (PVT) Ltd.,24,2069.0,49656.0,2025-09-08 12:47:41.663135
2025-09-08,40562,2025090805005455,NRN,Dynamic Money Managers Securities Pvt. Ltd.,Primo Securities (PVT) Ltd.,100,2069.0,206900.0,2025-09-08 12:47:41.663205
2025-09-08,40561,2025090805005456,NRN,Sri Hari Securities Pvt. Ltd.,Primo Securities (PVT) Ltd.,184,2068.0,380512.0,2025-09-08 12:47:41.663274
2025-09-08,40118,2025090805005497,NRN,Sri Hari Securities Pvt. Ltd.,N.I.M.B. Stock Markets Limited,184,2067.0,380328.0,2025-09-08 12:52:19.301645
2025-09-08,40117,2025090805005498,NRN,Sagarmatha Securities Private Limited,N.I.M.B. Stock Markets Limited,16,2067.0,33072.0,2025-09-08 12:52:19.301873
2025-09-08,40073,2025090805005502,NRN,Dynamic Money Managers Securities Pvt. Ltd.,Primo Securities (PVT) Ltd.,92,2068.0,190256.0,2025-09-08 12:52:40.413884
2025-09-08,39571,2025090805005640,NRN,Dynamic Money Managers Securities Pvt. Ltd.,Arun Securities (PVT) Ltd.,58,2068.0,119944.0,2025-09-08 12:56:35.918143
2025-09-08,39530,2025090805005646,NRN,Citizens Share Broker Limited,Arun Securities (PVT) Ltd.,142,2068.0,293656.0,2025-09-08 12:57:02.904074
2025-09-08,38968,2025090805005904,NRN,Sagarmatha Securities Private Limited,N.I.M.B. Stock Markets Limited,84,2067.0,173628.0,2025-09-08 13:03:33.649146
2025-09-08,38899,2025090805005929,NRN,Naasa Securities Co. Ltd.,Trishakti Securities Public Limited,10,2068.0,20680.0,2025-09-08 13:04:03.627841
2025-09-08,38898,2025090805005930,NRN,Sri Hari Securities Pvt. Ltd.,Trishakti Securities Public Limited,40,2066.0,82640.0,2025-09-08 13:04:03.628099
2025-09-08,38788,2025090805005961,NRN,Sri Hari Securities Pvt. Ltd.,Nepal Investment And Securities Trading Private Limited,144,2066.0,297504.0,2025-09-08 13:04:27.692554
2025-09-08,38787,2025090805005962,NRN,Nepal Stock House (PVT) Ltd.,Nepal Investment And Securities Trading Private Limited,100,2065.0,206500.0,2025-09-08 13:04:27.692802
2025-09-08,38786,2025090805005963,NRN,Sri Hari Securities Pvt. Ltd.,Nepal Investment And Securities Trading Private Limited,47,2065.0,97055.0,2025-09-08 13:04:27.692877
2025-09-08,38637,2025090805006017,NRN,Sri Hari Securities Pvt. Ltd.,K.B.L. Securities Limited ,137,2065.0,282905.0,2025-09-08 13:05:24.207030
2025-09-08,38636,2025090805006018,NRN,Sri Hari Securities Pvt. Ltd.,K.B.L. Securities Limited ,163,2064.0,336432.0,2025-09-08 13:05:24.207469
2025-09-08,38413,2025090805006078,NRN,Sri Hari Securities Pvt. Ltd.,Property Wiard Limited,21,2064.0,43344.0,2025-09-08 13:06:24.566778
2025-09-08,38412,2025090805006079,NRN,Sri Hari Securities Pvt. Ltd.,Property Wiard Limited,184,2063.0,379592.0,2025-09-08 13:06:24.566998
2025-09-08,38411,2025090805006080,NRN,Investment Management Nepal Pvt. Ltd.,Property Wiard Limited,40,2062.3,82492.0,2025-09-08 13:06:24.567074
2025-09-08,38410,2025090805006081,NRN,Neev Securities Pvt. Ltd.,Property Wiard Limited,300,2062.3,618690.0,2025-09-08 13:06:24.567141
2025-09-08,38409,2025090805006082,NRN,Sri Hari Securities Pvt. Ltd.,Property Wiard Limited,100,2062.1,206210.0,2025-09-08 13:06:24.567207
2025-09-08,38408,2025090805006083,NRN,Market Securities & Exchange (PVT) Ltd.,Property Wiard Limited,100,2062.0,206200.0,2025-09-08 13:06:24.567275
2025-09-08,38407,2025090805006084,NRN,Sri Hari Securities Pvt. Ltd.,Property Wiard Limited,184,2062.0,379408.0,2025-09-08 13:06:24.567352
2025-09-08,38406,2025090805006085,NRN,Agrawal Securities (PVT) Ltd.,Property Wiard Limited,1000,2062.0,2062000.0,2025-09-08 13:06:24.567416
2025-09-08,38405,2025090805006086,NRN,Imperial Securities Company Pvt. Ltd.,Property Wiard Limited,100,2061.0,206100.0,2025-09-08 13:06:24.567481
2025-09-08,38404,2025090805006087,NRN,Sri Hari Securities Pvt. Ltd.,Property Wiard Limited,184,2061.0,379224.0,2025-09-08 13:06:24.567563
2025-09-08,38403,2025090805006088,NRN,Naasa Securities Co. Ltd.,Property Wiard Limited,10,2060.1,20601.0,2025-09-08 13:06:24.567628
2025-09-08,38402,2025090805006089,NRN,Aryatara Investment & Securities,Property Wiard Limited,200,2060.0,412000.0,2025-09-08 13:06:24.567691
2025-09-08,38401,2025090805006090,NRN,Sri Hari Securities Pvt. Ltd.,Property Wiard Limited,184,2060.0,379040.0,2025-09-08 13:06:24.567755
2025-09-08,38400,2025090805006091,NRN,Arun Securities (PVT) Ltd.,Property Wiard Limited,50,2060.0,103000.0,2025-09-08 13:06:24.567815
2025-09-08,38399,2025090805006092,NRN,Trishakti Securities Public Limited,Property Wiard Limited,50,2060.0,103000.0,2025-09-08 13:06:24.567878
2025-09-08,38398,2025090805006093,NRN,Sri Hari Securities Pvt. Ltd.,Property Wiard Limited,184,2059.0,378856.0,2025-09-08 13:06:24.567945
2025-09-08,38397,2025090805006094,NRN,Sri Hari Securities Pvt. Ltd.,Property Wiard Limited,109,2058.0,224322.0,2025-09-08 13:06:24.568016
2025-09-08,38140,2025090805006176,NRN,Citizens Share Broker Limited,Aakashbhairab Securities Ltd.,58,2062.0,119596.0,2025-09-08 13:07:18.460508
2025-09-08,37909,2025090805006243,NRN,Trishakti Securities Public Limited,Aakashbhairab Securities Ltd.,1394,2062.0,2874428.0,2025-09-08 13:08:19.471329
2025-09-08,37690,2025090805006312,NRN,Secured Securities Ltd.,Bhrikuti Stock Broking Co. Pvt. Ltd.,10,2062.0,20620.0,2025-09-08 13:10:03.487781
2025-09-08,37590,2025090805006344,NRN,Secured Securities Ltd.,Sani Securities Company Ltd.,11,2065.0,22715.0,2025-09-08 13:10:44.965713
2025-09-08,35906,2025090805006809,NRN,Secured Securities Ltd.,SUN SECURITIES PVT LTD,29,2065.0,59885.0,2025-09-08 13:19:08.621684
2025-09-08,34976,2025090805007130,NRN,SUN SECURITIES PVT LTD,Sri Hari Securities Pvt. Ltd.,130,2061.0,267930.0,2025-09-08 13:22:52.821011
2025-09-08,34975,2025090805007131,NRN,SUN SECURITIES PVT LTD,Sri Hari Securities Pvt. Ltd.,100,2060.5,206050.0,2025-09-08 13:22:52.821350
2025-09-08,34974,2025090805007132,NRN,Naasa Securities Co. Ltd.,Sri Hari Securities Pvt. Ltd.,93,2060.2,191598.6,2025-09-08 13:22:52.821555
2025-09-08,34808,2025090805007165,NRN,Kohinoor Investment & Securities Pvt. Ltd.,Sri Hari Securities Pvt. Ltd.,100,2060.0,206000.0,2025-09-08 13:23:23.526348
2025-09-08,34764,2025090805007184,NRN,Online Securities Pvt. Ltd.,Aryatara Investment & Securities,11,2058.2,22640.2,2025-09-08 13:23:33.943611
2025-09-08,34735,2025090805007193,NRN,Online Securities Pvt. Ltd.,Sri Hari Securities Pvt. Ltd.,27,2058.2,55571.4,2025-09-08 13:23:42.374233
2025-09-08,33856,2025090805007414,NRN,SUN SECURITIES PVT LTD,Primo Securities (PVT) Ltd.,100,2060.0,206000.0,2025-09-08 13:26:44.699693
2025-09-08,33855,2025090805007415,NRN,Sumeru Securities Pvt. Ltd.,Primo Securities (PVT) Ltd.,20,2058.3,41166.0,2025-09-08 13:26:44.699906
2025-09-08,33854,2025090805007416,NRN,Online Securities Pvt. Ltd.,Primo Securities (PVT) Ltd.,162,2058.2,333428.4,2025-09-08 13:26:44.699976
2025-09-08,33853,2025090805007417,NRN,Sri Hari Securities Pvt. Ltd.,Primo Securities (PVT) Ltd.,75,2058.0,154350.0,2025-09-08 13:26:44.700043
2025-09-08,33852,2025090805007418,NRN,Trishakti Securities Public Limited,Primo Securities (PVT) Ltd.,50,2058.0,102900.0,2025-09-08 13:26:44.700113
2025-09-08,33851,2025090805007419,NRN,Citizens Share Broker Limited,Primo Securities (PVT) Ltd.,93,2058.0,191394.0,2025-09-08 13:26:44.700182
2025-09-08,33495,2025090805007553,NRN,SUN SECURITIES PVT LTD,Kumari Securities Private Limited,11,2059.0,22649.0,2025-09-08 13:27:47.219956
2025-09-08,33294,2025090805007613,NRN,SUN SECURITIES PVT LTD,Creative Securities Pvt Ltd,11,2059.0,22649.0,2025-09-08 13:28:25.951683
2025-09-08,33112,2025090805007675,NRN,Vision Securities Pvt. Ltd,Premier Securities Company Ltd.,10,2063.0,20630.0,2025-09-08 13:29:07.902817
2025-09-08,32763,2025090805007777,NRN,Miyo Securities Pvt Ltd,Midas Stock Broking Company Private Limited,2,2072.0,4144.0,2025-09-08 13:30:26.172379
2025-09-08,32410,2025090805007887,NRN,SUN SECURITIES PVT LTD,Vision Securities Pvt. Ltd,11,2059.0,22649.0,2025-09-08 13:32:02.165770
2025-09-08,32221,2025090805007938,NRN,SUN SECURITIES PVT LTD,Swarna Laxmi Securities Pvt. Ltd.,10,2059.0,20590.0,2025-09-08 13:32:47.131362
2025-09-08,32144,2025090805007960,NRN,Nepal Stock House (PVT) Ltd.,Trishakti Securities Public Limited,50,2063.0,103150.0,2025-09-08 13:33:11.605782
2025-09-08,32143,2025090805007961,NRN,Nepal Stock House (PVT) Ltd.,Sani Securities Company Ltd.,200,2064.0,412800.0,2025-09-08 13:33:11.606126
2025-09-08,32142,2025090805007962,NRN,Nepal Stock House (PVT) Ltd.,Naasa Securities Co. Ltd.,11,2070.0,22770.0,2025-09-08 13:33:11.606346
2025-09-08,31482,2025090805008167,NRN,Kohinoor Investment & Securities Pvt. Ltd.,Nagarik Stock Dealer ,10,2072.9,20729.0,2025-09-08 13:36:07.303771
2025-09-08,31461,2025090805008172,NRN,Kohinoor Investment & Securities Pvt. Ltd.,Oxford Securities Pvt. Ltd.,10,2073.0,20730.0,2025-09-08 13:36:16.374757
2025-09-08,31446,2025090805008176,NRN,Kohinoor Investment & Securities Pvt. Ltd.,Secured Securities Ltd.,10,2074.9,20749.0,2025-09-08 13:36:22.400027
2025-09-08,31429,2025090805008182,NRN,Kohinoor Investment & Securities Pvt. Ltd.,Aryatara Investment & Securities,10,2080.0,20800.0,2025-09-08 13:36:28.428468
2025-09-08,31358,2025090805008198,NRN,SUN SECURITIES PVT LTD,ABC Securities Private Limited,11,2059.0,22649.0,2025-09-08 13:36:50.619968
2025-09-08,31297,2025090805008210,NRN,Kohinoor Investment & Securities Pvt. Ltd.,Aryatara Investment & Securities,10,2084.0,20840.0,2025-09-08 13:37:04.603693
2025-09-08,30519,2025090805008456,NRN,SUN SECURITIES PVT LTD,Agrawal Securities (PVT) Ltd.,11,2060.0,22660.0,2025-09-08 13:40:20.636802
2025-09-08,30505,2025090805008459,NRN,Dynamic Money Managers Securities Pvt. Ltd.,Magnet Securities and Investment Company Private Limited,11,2060.1,22661.1,2025-09-08 13:40:26.721448
2025-09-08,28412,2025090805009057,NRN,Miyo Securities Pvt Ltd,Miyo Securities Pvt Ltd,10,2060.1,20601.0,2025-09-08 13:46:46.828854
2025-09-08,28411,2025090805009058,NRN,SUN SECURITIES PVT LTD,Miyo Securities Pvt Ltd,40,2060.0,82400.0,2025-09-08 13:46:46.829053
2025-09-08,28128,2025090805009120,NRN,Citizens Share Broker Limited,SHUBHAKAMANA SECURITIES PVT. LTD,200,2060.0,412000.0,2025-09-08 13:47:22.676885
2025-09-08,27980,2025090805009180,NRN,Online Securities Pvt. Ltd.,Neev Securities Pvt. Ltd.,50,2060.1,103005.0,2025-09-08 13:47:46.875046
2025-09-08,27099,2025090805009482,NRN,Online Securities Pvt. Ltd.,Online Securities Pvt. Ltd.,20,2060.1,41202.0,2025-09-08 13:49:54.634279
2025-09-08,26943,2025090805009543,NRN,Online Securities Pvt. Ltd.,SHUBHAKAMANA SECURITIES PVT. LTD,130,2060.1,267813.0,2025-09-08 13:50:16.122710
2025-09-08,26942,2025090805009544,NRN,Market Securities & Exchange (PVT) Ltd.,SHUBHAKAMANA SECURITIES PVT. LTD,50,2060.0,103000.0,2025-09-08 13:50:16.122927
2025-09-08,26561,2025090805009664,NRN,Sumeru Securities Pvt. Ltd.,Sri Hari Securities Pvt. Ltd.,10,2059.1,20591.0,2025-09-08 13:51:13.065842
2025-09-08,26560,2025090805009665,NRN,SUN SECURITIES PVT LTD,Sri Hari Securities Pvt. Ltd.,38,2059.1,78245.8,2025-09-08 13:51:13.066035
2025-09-08,26559,2025090805009666,NRN,Aryatara Investment & Securities,Sri Hari Securities Pvt. Ltd.,73,2059.1,150314.3,2025-09-08 13:51:13.066110
2025-09-08,26558,2025090805009667,NRN,South Asian Bulls Pvt. Ltd.,Sri Hari Securities Pvt. Ltd.,97,2059.0,199723.0,2025-09-08 13:51:13.066187
2025-09-08,26377,2025090805009712,NRN,SHUBHAKAMANA SECURITIES PVT. LTD,SHUBHAKAMANA SECURITIES PVT. LTD,20,2060.0,41200.0,2025-09-08 13:51:35.359588
2025-09-08,26376,2025090805009713,NRN,SHUBHAKAMANA SECURITIES PVT. LTD,K.B.L. Securities Limited ,80,2060.0,164800.0,2025-09-08 13:51:35.359784
2025-09-08,26246,2025090805009767,NRN,Kumari Securities Private Limited,Agrawal Securities (PVT) Ltd.,3,2020.0,6060.0,2025-09-08 13:51:50.155720
2025-09-08,26138,2025090805009792,NRN,South Asian Bulls Pvt. Ltd.,Aryatara Investment & Securities,150,2059.0,308850.0,2025-09-08 13:52:02.193288
2025-09-08,26081,2025090805009811,NRN,Kumari Securities Private Limited,Midas Stock Broking Company Private Limited,4,2021.8,8087.2,2025-09-08 13:52:14.259602
2025-09-08,26027,2025090805009838,NRN,Sweta Securities Private Limited,Indira securities pvt. ltd,10,2057.1,20571.0,2025-09-08 13:52:20.011240
2025-09-08,26026,2025090805009839,NRN,Sri Hari Securities Pvt. Ltd.,Indira securities pvt. ltd,40,2057.0,82280.0,2025-09-08 13:52:20.011467
2025-09-08,25804,2025090805009928,NRN,Sri Hari Securities Pvt. Ltd.,Imperial Securities Company Pvt. Ltd.,100,2057.0,205700.0,2025-09-08 13:52:51.539308
2025-09-08,25754,2025090805009940,NRN,Sri Hari Securities Pvt. Ltd.,Premier Securities Company Ltd.,44,2057.0,90508.0,2025-09-08 13:52:59.569941
2025-09-08,25697,2025090805009954,NRN,Kumari Securities Private Limited,Capital Max Securities Ltd,1,2040.0,2040.0,2025-09-08 13:53:09.521294
2025-09-08,25489,2025090805010019,NRN,Sweta Securities Private Limited,Nabil Stock Dealer Ltd.,10,2056.1,20561.0,2025-09-08 13:53:37.294101
2025-09-08,25488,2025090805010020,NRN,Sri Hari Securities Pvt. Ltd.,Nabil Stock Dealer Ltd.,184,2056.0,378304.0,2025-09-08 13:53:37.294495
2025-09-08,25487,2025090805010021,NRN,Kumari Securities Private Limited,Nabil Stock Dealer Ltd.,100,2056.0,205600.0,2025-09-08 13:53:37.294746
2025-09-08,25486,2025090805010022,NRN,Sweta Securities Private Limited,Nabil Stock Dealer Ltd.,30,2056.0,61680.0,2025-09-08 13:53:37.294991
2025-09-08,25485,2025090805010023,NRN,Trishakti Securities Public Limited,Nabil Stock Dealer Ltd.,76,2055.0,156180.0,2025-09-08 13:53:37.295244
2025-09-08,25351,2025090805010060,NRN,Imperial Securities Company Pvt. Ltd.,Premier Securities Company Ltd.,50,2057.0,102850.0,2025-09-08 13:53:54.106740
2025-09-08,25334,2025090805010069,NRN,Naasa Securities Co. Ltd.,Premier Securities Company Ltd.,16,2057.0,32912.0,2025-09-08 13:53:56.230130
2025-09-08,25251,2025090805010087,NRN,Trishakti Securities Public Limited,Capital Max Securities Ltd,24,2055.0,49320.0,2025-09-08 13:54:04.241458
2025-09-08,25250,2025090805010088,NRN,Sri Hari Securities Pvt. Ltd.,Capital Max Securities Ltd,184,2055.0,378120.0,2025-09-08 13:54:04.241638
2025-09-08,25249,2025090805010089,NRN,Stoxkarts Securities Limited,Capital Max Securities Ltd,10,2055.0,20550.0,2025-09-08 13:54:04.241721
2025-09-08,25248,2025090805010090,NRN,Creative Securities Pvt Ltd,Capital Max Securities Ltd,15,2055.0,30825.0,2025-09-08 13:54:04.241794
2025-09-08,25247,2025090805010091,NRN,Arun Securities (PVT) Ltd.,Capital Max Securities Ltd,50,2055.0,102750.0,2025-09-08 13:54:04.241861
2025-09-08,25246,2025090805010092,NRN,Sri Hari Securities Pvt. Ltd.,Capital Max Securities Ltd,184,2054.0,377936.0,2025-09-08 13:54:04.241934
2025-09-08,25245,2025090805010093,NRN,Sri Hari Securities Pvt. Ltd.,Capital Max Securities Ltd,184,2054.0,377936.0,2025-09-08 13:54:04.242007
2025-09-08,25244,2025090805010094,NRN,Sri Hari Securities Pvt. Ltd.,Capital Max Securities Ltd,133,2053.0,273049.0,2025-09-08 13:54:04.242086
2025-09-08,25045,2025090805010155,NRN,Sri Hari Securities Pvt. Ltd.,Trishakti Securities Public Limited,50,2053.0,102650.0,2025-09-08 13:54:25.940492
2025-09-08,24280,2025090805010412,NRN,Sri Hari Securities Pvt. Ltd.,Sumeru Securities Pvt. Ltd.,50,2052.0,102600.0,2025-09-08 13:56:00.760756
2025-09-08,24038,2025090805010489,NRN,Sri Hari Securities Pvt. Ltd.,Siprabi Securities Pvt. Ltd.,45,2052.0,92340.0,2025-09-08 13:56:26.505180
2025-09-08,23781,2025090805010565,NRN,Sri Hari Securities Pvt. Ltd.,K.B.L. Securities Limited ,89,2052.0,182628.0,2025-09-08 13:57:00.587067
2025-09-08,23780,2025090805010566,NRN,Aryatara Investment & Securities,K.B.L. Securities Limited ,20,2052.0,41040.0,2025-09-08 13:57:00.587255
2025-09-08,23779,2025090805010567,NRN,Trisul Securities & Invt. Ltd.,K.B.L. Securities Limited ,100,2051.1,205110.0,2025-09-08 13:57:00.587340
2025-09-08,23109,2025090805010763,NRN,Nepal Stock House (PVT) Ltd.,Nabil Stock Dealer Ltd.,193,2051.0,395843.0,2025-09-08 13:58:27.257520
2025-09-08,23077,2025090805010769,NRN,Deevyaa Securities & Stock House Pvt. Ltd,Sri Hari Securities Pvt. Ltd.,200,2051.0,410200.0,2025-09-08 13:58:32.205376
2025-09-08,23076,2025090805010770,NRN,Sri Hari Securities Pvt. Ltd.,Sri Hari Securities Pvt. Ltd.,40,2051.0,82040.0,2025-09-08 13:58:32.205749
2025-09-08,22964,2025090805010799,NRN,Sri Hari Securities Pvt. Ltd.,Sri Hari Securities Pvt. Ltd.,10,2051.0,20510.0,2025-09-08 13:58:45.305907
2025-09-08,22584,2025090805010926,NRN,Sri Hari Securities Pvt. Ltd.,Naasa Securities Co. Ltd.,134,2051.0,274834.0,2025-09-08 13:59:40.871964
2025-09-08,22583,2025090805010927,NRN,Naasa Securities Co. Ltd.,Naasa Securities Co. Ltd.,10,2050.3,20503.0,2025-09-08 13:59:40.872187
2025-09-08,22582,2025090805010928,NRN,Imperial Securities Company Pvt. Ltd.,Naasa Securities Co. Ltd.,100,2050.2,205020.0,2025-09-08 13:59:40.872308
2025-09-08,22581,2025090805010929,NRN,Asian Securities Private Ltd.,Naasa Securities Co. Ltd.,100,2050.1,205010.0,2025-09-08 13:59:40.872386
2025-09-08,22580,2025090805010930,NRN,Nabil Stock Dealer Ltd.,Naasa Securities Co. Ltd.,10,2050.1,20501.0,2025-09-08 13:59:40.872455
2025-09-08,22579,2025090805010931,NRN,Sagarmatha Securities Private Limited,Naasa Securities Co. Ltd.,10,2050.0,20500.0,2025-09-08 13:59:40.872526
2025-09-08,22578,2025090805010932,NRN,Secured Securities Ltd.,Naasa Securities Co. Ltd.,20,2050.0,41000.0,2025-09-08 13:59:40.872598
2025-09-08,22577,2025090805010933,NRN,Aryatara Investment & Securities,Naasa Securities Co. Ltd.,50,2050.0,102500.0,2025-09-08 13:59:40.872696
2025-09-08,22576,2025090805010934,NRN,Himalayan Brokerage Company Limited,Naasa Securities Co. Ltd.,500,2050.0,1025000.0,2025-09-08 13:59:40.872812
2025-09-08,22575,2025090805010935,NRN,Trisul Securities & Invt. Ltd.,Naasa Securities Co. Ltd.,20,2050.0,41000.0,2025-09-08 13:59:40.872900
2025-09-08,22574,2025090805010936,NRN,Aryatara Investment & Securities,Naasa Securities Co. Ltd.,200,2050.0,410000.0,2025-09-08 13:59:40.872978
2025-09-08,22573,2025090805010937,NRN,Sri Hari Securities Pvt. Ltd.,Naasa Securities Co. Ltd.,184,2050.0,377200.0,2025-09-08 13:59:40.873064
2025-09-08,22572,2025090805010938,NRN,Vision Securities Pvt. Ltd,Naasa Securities Co. Ltd.,50,2050.0,102500.0,2025-09-08 13:59:40.873129
2025-09-08,22571,2025090805010939,NRN,Sumeru Securities Pvt. Ltd.,Naasa Securities Co. Ltd.,30,2050.0,61500.0,2025-09-08 13:59:40.873224
2025-09-08,22570,2025090805010940,NRN,Miyo Securities Pvt Ltd,Naasa Securities Co. Ltd.,582,2050.0,1193100.0,2025-09-08 13:59:40.873349
2025-09-08,22548,2025090805010943,NRN,Imperial Securities Company Pvt. Ltd.,K.B.L. Securities Limited ,91,2051.1,186650.1,2025-09-08 13:59:45.137059
2025-09-08,22064,2025090805011136,NRN,Miyo Securities Pvt Ltd,Naasa Securities Co. Ltd.,19,2050.0,38950.0,2025-09-08 14:00:43.692491
2025-09-08,21808,2025090805011228,NRN,Nepal Stock House (PVT) Ltd.,Arun Securities (PVT) Ltd.,200,2050.1,410020.0,2025-09-08 14:01:10.205380
2025-09-08,21592,2025090805011312,NRN,Miyo Securities Pvt Ltd,BHOLE GANESH SECURITIES LTD,320,2050.0,656000.0,2025-09-08 14:01:36.110856
2025-09-08,21473,2025090805011359,NRN,SUN SECURITIES PVT LTD,Trishakti Securities Public Limited,14,2050.9,28712.6,2025-09-08 14:01:50.214287
2025-09-08,21244,2025090805011426,NRN,Miyo Securities Pvt Ltd,Capital Max Securities Ltd,79,2050.0,161950.0,2025-09-08 14:02:18.179188
2025-09-08,21243,2025090805011427,NRN,Beni Securities Pvt.Ltd.,Capital Max Securities Ltd,20,2050.0,41000.0,2025-09-08 14:02:18.179547
2025-09-08,21242,2025090805011428,NRN,Sewa Securities Pvt. Ltd.,Capital Max Securities Ltd,10,2050.0,20500.0,2025-09-08 14:02:18.179740
2025-09-08,21241,2025090805011429,NRN,N.I.M.B. Stock Markets Limited,Capital Max Securities Ltd,200,2050.0,410000.0,2025-09-08 14:02:18.179956
2025-09-08,21240,2025090805011430,NRN,Beni Securities Pvt.Ltd.,Capital Max Securities Ltd,25,2050.0,51250.0,2025-09-08 14:02:18.180222
2025-09-08,21239,2025090805011431,NRN,Trishakti Securities Public Limited,Capital Max Securities Ltd,10,2050.0,20500.0,2025-09-08 14:02:18.180503
2025-09-08,21211,2025090805011435,NRN,Online Securities Pvt. Ltd.,Capital Max Securities Ltd,100,2050.0,205000.0,2025-09-08 14:02:22.322211
2025-09-08,21127,2025090805011468,NRN,Sri Hari Securities Pvt. Ltd.,Sumeru Securities Pvt. Ltd.,184,2049.0,377016.0,2025-09-08 14:02:34.468021
2025-09-08,21126,2025090805011469,NRN,Sri Hari Securities Pvt. Ltd.,Sumeru Securities Pvt. Ltd.,138,2048.0,282624.0,2025-09-08 14:02:34.468361
2025-09-08,20828,2025090805011568,NRN,Kumari Securities Private Limited,Capital Max Securities Ltd,10,2050.0,20500.0,2025-09-08 14:03:22.361067
2025-09-08,20783,2025090805011592,NRN,Sri Hari Securities Pvt. Ltd.,Indira securities pvt. ltd,46,2048.0,94208.0,2025-09-08 14:03:25.810400
2025-09-08,20782,2025090805011593,NRN,Sri Hari Securities Pvt. Ltd.,Indira securities pvt. ltd,54,2047.0,110538.0,2025-09-08 14:03:25.810593
2025-09-08,20621,2025090805011636,NRN,Sri Hari Securities Pvt. Ltd.,Trishakti Securities Public Limited,86,2047.0,176042.0,2025-09-08 14:03:45.554077
2025-09-08,20207,2025090805011800,NRN,Sri Hari Securities Pvt. Ltd.,Aryatara Investment & Securities,44,2047.0,90068.0,2025-09-08 14:04:45.875862
2025-09-08,20206,2025090805011801,NRN,Sumeru Securities Pvt. Ltd.,Aryatara Investment & Securities,10,2046.1,20461.0,2025-09-08 14:04:45.876171
2025-09-08,20205,2025090805011802,NRN,Sri Hari Securities Pvt. Ltd.,Aryatara Investment & Securities,46,2046.0,94116.0,2025-09-08 14:04:45.876398
2025-09-08,20125,2025090805011820,NRN,Sri Hari Securities Pvt. Ltd.,Naasa Securities Co. Ltd.,50,2046.0,102300.0,2025-09-08 14:04:54.520227
2025-09-08,20085,2025090805011836,NRN,Sri Hari Securities Pvt. Ltd.,Dipshikha Dhitopatra Karobar Co. Pvt Ltd.,88,2046.0,180048.0,2025-09-08 14:05:02.240179
2025-09-08,20084,2025090805011837,NRN,Sri Hari Securities Pvt. Ltd.,Dipshikha Dhitopatra Karobar Co. Pvt Ltd.,62,2044.0,126728.0,2025-09-08 14:05:02.240211
2025-09-08,20041,2025090805011856,NRN,Sri Hari Securities Pvt. Ltd.,Sani Securities Company Ltd.,122,2044.0,249368.0,2025-09-08 14:05:07.053745
2025-09-08,20040,2025090805011857,NRN,Sri Hari Securities Pvt. Ltd.,Sani Securities Company Ltd.,83,2043.0,169569.0,2025-09-08 14:05:07.053834
2025-09-08,19492,2025090805011986,NRN,Sri Hari Securities Pvt. Ltd.,Naasa Securities Co. Ltd.,50,2043.0,102150.0,2025-09-08 14:06:44.646459
2025-09-08,19490,2025090805011987,NRN,Sri Hari Securities Pvt. Ltd.,Naasa Securities Co. Ltd.,30,2043.0,61290.0,2025-09-08 14:06:45.457008
2025-09-08,19397,2025090805012021,NRN,Sri Hari Securities Pvt. Ltd.,Trisul Securities & Invt. Ltd.,21,2043.0,42903.0,2025-09-08 14:07:04.305786
2025-09-08,19396,2025090805012022,NRN,Sri Hari Securities Pvt. Ltd.,Trisul Securities & Invt. Ltd.,37,2042.0,75554.0,2025-09-08 14:07:04.306158
2025-09-08,19007,2025090805012116,NRN,Investment Management Nepal Pvt. Ltd.,Capital Max Securities Ltd,146,2050.0,299300.0,2025-09-08 14:08:10.234992
2025-09-08,19006,2025090805012117,NRN,Investment Management Nepal Pvt. Ltd.,Vision Securities Pvt. Ltd,100,2050.0,205000.0,2025-09-08 14:08:10.235177
2025-09-08,19005,2025090805012118,NRN,Investment Management Nepal Pvt. Ltd.,Market Securities & Exchange (PVT) Ltd.,200,2051.0,410200.0,2025-09-08 14:08:10.235267
2025-09-08,19004,2025090805012119,NRN,Investment Management Nepal Pvt. Ltd.,Market Securities & Exchange (PVT) Ltd.,54,2051.0,110754.0,2025-09-08 14:08:10.235337
2025-09-08,18882,2025090805012163,NRN,Naasa Securities Co. Ltd.,Market Securities & Exchange (PVT) Ltd.,81,2051.0,166131.0,2025-09-08 14:08:28.385140
2025-09-08,18881,2025090805012164,NRN,Naasa Securities Co. Ltd.,Market Securities & Exchange (PVT) Ltd.,200,2051.0,410200.0,2025-09-08 14:08:28.385366
2025-09-08,18880,2025090805012165,NRN,Naasa Securities Co. Ltd.,Vision Securities Pvt. Ltd,100,2051.0,205100.0,2025-09-08 14:08:28.385435
2025-09-08,18872,2025090805012168,NRN,Naasa Securities Co. Ltd.,Dipshikha Dhitopatra Karobar Co. Pvt Ltd.,150,2052.0,307800.0,2025-09-08 14:08:29.611157
2025-09-08,18831,2025090805012190,NRN,Naasa Securities Co. Ltd.,Capital Max Securities Ltd,200,2052.0,410400.0,2025-09-08 14:08:39.773050
2025-09-08,18417,2025090805012306,NRN,Naasa Securities Co. Ltd.,Naasa Securities Co. Ltd.,269,2052.0,551988.0,2025-09-08 14:09:59.388492
2025-09-08,18021,2025090805012441,NRN,Sipla Securities Private Limited,K.B.L. Securities Limited ,100,2045.0,204500.0,2025-09-08 14:11:16.714052
2025-09-08,17959,2025090805012455,NRN,Trishakti Securities Public Limited,J.F. Securites (PVT) Ltd.,19,2050.0,38950.0,2025-09-08 14:11:26.419022
2025-09-08,17814,2025090805012487,NRN,Nepal Stock House (PVT) Ltd.,J.F. Securites (PVT) Ltd.,56,2050.0,114800.0,2025-09-08 14:11:51.770736
2025-09-08,17762,2025090805012509,NRN,Nepal Stock House (PVT) Ltd.,Imperial Securities Company Pvt. Ltd.,11,2050.0,22550.0,2025-09-08 14:11:59.512545
2025-09-08,17739,2025090805012518,NRN,Nepal Stock House (PVT) Ltd.,Sharepro Securities Private Limited,110,2050.0,225500.0,2025-09-08 14:12:08.246383
2025-09-08,17655,2025090805012555,NRN,Nepal Stock House (PVT) Ltd.,Trishakti Securities Public Limited,23,2051.0,47173.0,2025-09-08 14:12:25.683114
2025-09-08,17254,2025090805012648,NRN,Naasa Securities Co. Ltd.,Trishakti Securities Public Limited,177,2051.0,363027.0,2025-09-08 14:13:52.050850
2025-09-08,17253,2025090805012649,NRN,Naasa Securities Co. Ltd.,Naasa Securities Co. Ltd.,231,2052.0,474012.0,2025-09-08 14:13:52.051037
2025-09-08,17143,2025090805012671,NRN,Naasa Securities Co. Ltd.,Kohinoor Investment & Securities Pvt. Ltd.,11,2052.0,22572.0,2025-09-08 14:14:16.255669
2025-09-08,16837,2025090805012748,NRN,Naasa Securities Co. Ltd.,Naasa Securities Co. Ltd.,30,2052.0,61560.0,2025-09-08 14:15:18.230248
2025-09-08,16143,2025090805012977,NRN,Naasa Securities Co. Ltd.,Trishakti Securities Public Limited,51,2052.0,104652.0,2025-09-08 14:17:28.564007
2025-09-08,16142,2025090805012978,NRN,Sumeru Securities Pvt. Ltd.,Trishakti Securities Public Limited,10,2052.0,20520.0,2025-09-08 14:17:28.564345
2025-09-08,15634,2025090805013119,NRN,Sharepro Securities Private Limited,Property Wiard Limited,50,2046.0,102300.0,2025-09-08 14:19:32.365534
2025-09-08,15633,2025090805013120,NRN,Sumeru Securities Pvt. Ltd.,Property Wiard Limited,10,2046.0,20460.0,2025-09-08 14:19:32.365665
2025-09-08,15632,2025090805013121,NRN,Dakshinkali Investment & Securities Pvt. Ltd.,Property Wiard Limited,20,2045.1,40902.0,2025-09-08 14:19:32.365737
2025-09-08,15631,2025090805013122,NRN,Naasa Securities Co. Ltd.,Property Wiard Limited,100,2045.0,204500.0,2025-09-08 14:19:32.365805
2025-09-08,15630,2025090805013123,NRN,Sipla Securities Private Limited,Property Wiard Limited,100,2044.1,204410.0,2025-09-08 14:19:32.365870
2025-09-08,15629,2025090805013124,NRN,Dynamic Money Managers Securities Pvt. Ltd.,Property Wiard Limited,89,2044.0,181916.0,2025-09-08 14:19:32.365939
2025-09-08,15628,2025090805013125,NRN,Vision Securities Pvt. Ltd,Property Wiard Limited,500,2044.0,1022000.0,2025-09-08 14:19:32.366002
2025-09-08,15627,2025090805013126,NRN,Vision Securities Pvt. Ltd,Property Wiard Limited,150,2043.2,306480.0,2025-09-08 14:19:32.366066
2025-09-08,15626,2025090805013127,NRN,Kohinoor Investment & Securities Pvt. Ltd.,Property Wiard Limited,200,2042.2,408440.0,2025-09-08 14:19:32.366130
2025-09-08,15625,2025090805013128,NRN,Sri Hari Securities Pvt. Ltd.,Property Wiard Limited,147,2042.0,300174.0,2025-09-08 14:19:32.366198
2025-09-08,15624,2025090805013129,NRN,Sri Hari Securities Pvt. Ltd.,Property Wiard Limited,20,2042.0,40840.0,2025-09-08 14:19:32.366263
2025-09-08,15623,2025090805013130,NRN,Bhrikuti Stock Broking Co. Pvt. Ltd.,Property Wiard Limited,100,2042.0,204200.0,2025-09-08 14:19:32.366390
2025-09-08,15622,2025090805013131,NRN,Siprabi Securities Pvt. Ltd.,Property Wiard Limited,10,2042.0,20420.0,2025-09-08 14:19:32.366465
2025-09-08,15621,2025090805013132,NRN,Sumeru Securities Pvt. Ltd.,Property Wiard Limited,50,2041.0,102050.0,2025-09-08 14:19:32.366542
2025-09-08,15620,2025090805013133,NRN,Kohinoor Investment & Securities Pvt. Ltd.,Property Wiard Limited,30,2041.0,61230.0,2025-09-08 14:19:32.366617
2025-09-08,15619,2025090805013134,NRN,Sri Hari Securities Pvt. Ltd.,Property Wiard Limited,184,2041.0,375544.0,2025-09-08 14:19:32.366708
2025-09-08,15618,2025090805013135,NRN,Naasa Securities Co. Ltd.,Property Wiard Limited,200,2041.0,408200.0,2025-09-08 14:19:32.366816
2025-09-08,15617,2025090805013136,NRN,ABC Securities Private Limited,Property Wiard Limited,331,2041.0,675571.0,2025-09-08 14:19:32.366915
2025-09-08,15453,2025090805013224,NRN,Sri Hari Securities Pvt. Ltd.,J.F. Securites (PVT) Ltd.,60,2040.0,122400.0,2025-09-08 14:20:03.616668
2025-09-08,15248,2025090805013271,NRN,Naasa Securities Co. Ltd.,Nabil Stock Dealer Ltd.,200,2041.0,408200.0,2025-09-08 14:20:40.890465
2025-09-08,15247,2025090805013272,NRN,Sri Hari Securities Pvt. Ltd.,Nabil Stock Dealer Ltd.,124,2040.0,252960.0,2025-09-08 14:20:40.890781
2025-09-08,15246,2025090805013273,NRN,Dynamic Money Managers Securities Pvt. Ltd.,Nabil Stock Dealer Ltd.,100,2040.0,204000.0,2025-09-08 14:20:40.890972
2025-09-08,15245,2025090805013274,NRN,Kumari Securities Private Limited,Nabil Stock Dealer Ltd.,10,2040.0,20400.0,2025-09-08 14:20:40.891179
2025-09-08,15244,2025090805013275,NRN,Arun Securities (PVT) Ltd.,Nabil Stock Dealer Ltd.,50,2040.0,102000.0,2025-09-08 14:20:40.891383
2025-09-08,15243,2025090805013276,NRN,Naasa Securities Co. Ltd.,Nabil Stock Dealer Ltd.,16,2040.0,32640.0,2025-09-08 14:20:40.891558
2025-09-08,15085,2025090805013336,NRN,Online Securities Pvt. Ltd.,Capital Max Securities Ltd,50,2041.0,102050.0,2025-09-08 14:21:10.071065
2025-09-08,15084,2025090805013337,NRN,Naasa Securities Co. Ltd.,Capital Max Securities Ltd,50,2040.0,102000.0,2025-09-08 14:21:10.071396
2025-09-08,15015,2025090805013350,NRN,Naasa Securities Co. Ltd.,ABC Securities Private Limited,50,2040.0,102000.0,2025-09-08 14:21:21.185099
2025-09-08,14947,2025090805013370,NRN,Naasa Securities Co. Ltd.,Aryatara Investment & Securities,11,2040.0,22440.0,2025-09-08 14:21:33.298012
2025-09-08,14939,2025090805013372,NRN,Naasa Securities Co. Ltd.,Trishakti Securities Public Limited,11,2040.0,22440.0,2025-09-08 14:21:34.046458
2025-09-08,14888,2025090805013388,NRN,Naasa Securities Co. Ltd.,Nabil Stock Dealer Ltd.,62,2040.0,126480.0,2025-09-08 14:21:45.066106
2025-09-08,14887,2025090805013389,NRN,Naasa Securities Co. Ltd.,Nabil Stock Dealer Ltd.,200,2040.0,408000.0,2025-09-08 14:21:45.066280
2025-09-08,14886,2025090805013390,NRN,Naasa Securities Co. Ltd.,Nabil Stock Dealer Ltd.,200,2040.0,408000.0,2025-09-08 14:21:45.066361
2025-09-08,14881,2025090805013393,NRN,Naasa Securities Co. Ltd.,Nabil Stock Dealer Ltd.,38,2040.0,77520.0,2025-09-08 14:21:47.880244
2025-09-08,14815,2025090805013405,NRN,Naasa Securities Co. Ltd.,Agrawal Securities (PVT) Ltd.,11,2040.0,22440.0,2025-09-08 14:22:06.425877
2025-09-08,14691,2025090805013439,NRN,Naasa Securities Co. Ltd.,Nabil Stock Dealer Ltd.,151,2040.0,308040.0,2025-09-08 14:22:33.186862
2025-09-08,14690,2025090805013440,NRN,Naasa Securities Co. Ltd.,Nabil Stock Dealer Ltd.,200,2040.0,408000.0,2025-09-08 14:22:33.187197
2025-09-08,14689,2025090805013441,NRN,Naasa Securities Co. Ltd.,Nabil Stock Dealer Ltd.,149,2040.0,303960.0,2025-09-08 14:22:33.187419
2025-09-08,14663,2025090805013455,NRN,Naasa Securities Co. Ltd.,Hatemalo Financial Services Private Limited,51,2040.0,104040.0,2025-09-08 14:22:40.057564
2025-09-08,14662,2025090805013456,NRN,Naasa Securities Co. Ltd.,Hatemalo Financial Services Private Limited,200,2040.0,408000.0,2025-09-08 14:22:40.057812
2025-09-08,14471,2025090805013495,NRN,Naasa Securities Co. Ltd.,Hatemalo Financial Services Private Limited,200,2040.0,408000.0,2025-09-08 14:23:19.167330
2025-09-08,14435,2025090805013512,NRN,Naasa Securities Co. Ltd.,Hatemalo Financial Services Private Limited,200,2040.0,408000.0,2025-09-08 14:23:25.633740
2025-09-08,14418,2025090805013522,NRN,Sri Hari Securities Pvt. Ltd.,J.F. Securites (PVT) Ltd.,65,2039.0,132535.0,2025-09-08 14:23:29.694070
2025-09-08,14330,2025090805013542,NRN,Sri Hari Securities Pvt. Ltd.,Trishakti Securities Public Limited,11,2039.0,22429.0,2025-09-08 14:23:45.964259
2025-09-08,13839,2025090805013691,NRN,Arun Securities (PVT) Ltd.,Hatemalo Financial Services Private Limited,14,2040.0,28560.0,2025-09-08 14:25:40.939991
2025-09-08,13773,2025090805013696,NRN,Investment Management Nepal Pvt. Ltd.,Hatemalo Financial Services Private Limited,10,2040.0,20400.0,2025-09-08 14:25:53.356753
2025-09-08,13765,2025090805013699,NRN,Sri Hari Securities Pvt. Ltd.,Sani Securities Company Ltd.,11,2039.0,22429.0,2025-09-08 14:25:55.590300
2025-09-08,13764,2025090805013700,NRN,Sri Hari Securities Pvt. Ltd.,Sri Hari Securities Pvt. Ltd.,97,2039.0,197783.0,2025-09-08 14:25:56.976113
2025-09-08,13763,2025090805013701,NRN,Naasa Securities Co. Ltd.,Sri Hari Securities Pvt. Ltd.,100,2039.0,203900.0,2025-09-08 14:25:56.976320
2025-09-08,13740,2025090805013710,NRN,Aakashbhairab Securities Ltd.,Hatemalo Financial Services Private Limited,300,2040.0,612000.0,2025-09-08 14:26:02.704215
2025-09-08,13565,2025090805013775,NRN,Sipla Securities Private Limited,Hatemalo Financial Services Private Limited,25,2040.0,51000.0,2025-09-08 14:26:40.696402
2025-09-08,13317,2025090805013837,NRN,Market Securities & Exchange (PVT) Ltd.,South Asian Bulls Pvt. Ltd.,75,2040.0,153000.0,2025-09-08 14:27:47.108008
2025-09-08,12572,2025090805014096,NRN,Kumari Securities Private Limited,Asian Securities Private Ltd.,1,2035.0,2035.0,2025-09-08 14:30:28.976031
2025-09-08,12539,2025090805014115,NRN,Kumari Securities Private Limited,Sumeru Securities Pvt. Ltd.,1,2038.0,2038.0,2025-09-08 14:30:39.014067
2025-09-08,12478,2025090805014137,NRN,Kumari Securities Private Limited,Sri Hari Securities Pvt. Ltd.,3,2039.0,6117.0,2025-09-08 14:30:51.103049
2025-09-08,12438,2025090805014150,NRN,Capital Hub P. Ltd,Nabil Stock Dealer Ltd.,100,2043.0,204300.0,2025-09-08 14:30:53.450662
2025-09-08,12323,2025090805014182,NRN,Sunrise Securities Limited,Nabil Stock Dealer Ltd.,300,2043.0,612900.0,2025-09-08 14:31:22.053093
2025-09-08,12255,2025090805014210,NRN,Capital Hub P. Ltd,Nabil Stock Dealer Ltd.,100,2043.0,204300.0,2025-09-08 14:31:37.569308
2025-09-08,12254,2025090805014211,NRN,ABC Securities Private Limited,Malla & Malla Stock Broking Company Pvt. Limited,11,2045.0,22495.0,2025-09-08 14:31:37.810362
2025-09-08,12253,2025090805014212,NRN,ABC Securities Private Limited,Imperial Securities Company Pvt. Ltd.,10,2050.0,20500.0,2025-09-08 14:31:37.810400
2025-09-08,12252,2025090805014213,NRN,ABC Securities Private Limited,Naasa Securities Co. Ltd.,81,2050.0,166050.0,2025-09-08 14:31:37.810423
2025-09-08,11599,2025090805014383,NRN,Aryatara Investment & Securities,Naasa Securities Co. Ltd.,250,2046.0,511500.0,2025-09-08 14:34:22.031705
2025-09-08,11547,2025090805014403,NRN,Vision Securities Pvt. Ltd,Citizens Share Broker Limited,100,2044.0,204400.0,2025-09-08 14:34:39.304003
2025-09-08,11546,2025090805014404,NRN,Imperial Securities Company Pvt. Ltd.,Citizens Share Broker Limited,90,2043.0,183870.0,2025-09-08 14:34:39.304393
2025-09-08,11545,2025090805014405,NRN,Miyo Securities Pvt Ltd,Citizens Share Broker Limited,10,2043.0,20430.0,2025-09-08 14:34:39.304601
2025-09-08,11544,2025090805014406,NRN,South Asian Bulls Pvt. Ltd.,Citizens Share Broker Limited,253,2042.1,516651.3,2025-09-08 14:34:39.304806
2025-09-08,11543,2025090805014407,NRN,Sipla Securities Private Limited,Citizens Share Broker Limited,47,2042.0,95974.0,2025-09-08 14:34:39.305007
2025-09-08,11365,2025090805014455,NRN,Primo Securities (PVT) Ltd.,Sri Hari Securities Pvt. Ltd.,200,2042.1,408420.0,2025-09-08 14:35:35.682719
2025-09-08,11364,2025090805014456,NRN,Sipla Securities Private Limited,Sri Hari Securities Pvt. Ltd.,953,2042.0,1946026.0,2025-09-08 14:35:35.683086
2025-09-08,10433,2025090805014705,NRN,Online Securities Pvt. Ltd.,N.I.M.B. Stock Markets Limited,11,2043.0,22473.0,2025-09-08 14:39:05.668298
2025-09-08,10244,2025090805014754,NRN,Online Securities Pvt. Ltd.,Sri Hari Securities Pvt. Ltd.,479,2043.0,978597.0,2025-09-08 14:39:45.437536
2025-09-08,9390,2025090805014954,NRN,Nepal Stock House (PVT) Ltd.,Sri Hari Securities Pvt. Ltd.,200,2042.1,408420.0,2025-09-08 14:42:35.633080
2025-09-08,9389,2025090805014955,NRN,Opal Securities Investment (PVT) Ltd.,Sri Hari Securities Pvt. Ltd.,100,2042.1,204210.0,2025-09-08 14:42:35.633307
2025-09-08,9045,2025090805015058,NRN,Naasa Securities Co. Ltd.,Sri Hari Securities Pvt. Ltd.,30,2043.0,61290.0,2025-09-08 14:43:44.151043
2025-09-08,8705,2025090805015171,NRN,Hatemalo Financial Services Private Limited,Siprabi Securities Pvt. Ltd.,11,2045.0,22495.0,2025-09-08 14:44:42.008477
2025-09-08,8704,2025090805015172,NRN,Hatemalo Financial Services Private Limited,Asian Securities Private Ltd.,59,2046.0,120714.0,2025-09-08 14:44:42.008542
2025-09-08,8703,2025090805015173,NRN,Hatemalo Financial Services Private Limited,Sundhara Securities Limited,150,2047.0,307050.0,2025-09-08 14:44:42.008578
2025-09-08,8702,2025090805015174,NRN,Hatemalo Financial Services Private Limited,Thrive Brokerage House Pvt. Ltd,180,2047.9,368622.0,2025-09-08 14:44:42.008606
2025-09-08,8408,2025090805015299,NRN,Opal Securities Investment (PVT) Ltd.,Secured Securities Ltd.,11,2042.1,22463.1,2025-09-08 14:45:12.654819
2025-09-08,6742,2025090805015745,NRN,Sumeru Securities Pvt. Ltd.,Trishakti Securities Public Limited,10,2042.2,20422.0,2025-09-08 14:49:19.291749
2025-09-08,6741,2025090805015746,NRN,Sri Hari Securities Pvt. Ltd.,Trishakti Securities Public Limited,10,2042.0,20420.0,2025-09-08 14:49:19.291848
2025-09-08,6740,2025090805015747,NRN,Naasa Securities Co. Ltd.,Trishakti Securities Public Limited,10,2042.0,20420.0,2025-09-08 14:49:19.291919
2025-09-08,6739,2025090805015748,NRN,Naasa Securities Co. Ltd.,Trishakti Securities Public Limited,160,2041.0,326560.0,2025-09-08 14:49:19.291991
2025-09-08,6738,2025090805015749,NRN,Sumeru Securities Pvt. Ltd.,Trishakti Securities Public Limited,49,2041.0,100009.0,2025-09-08 14:49:19.292057
2025-09-08,6737,2025090805015750,NRN,Sagarmatha Securities Private Limited,Trishakti Securities Public Limited,100,2040.0,204000.0,2025-09-08 14:49:19.292129
2025-09-08,6736,2025090805015751,NRN,Premier Securities Company Ltd.,Trishakti Securities Public Limited,80,2040.0,163200.0,2025-09-08 14:49:19.292204
2025-09-08,6735,2025090805015752,NRN,Kohinoor Investment & Securities Pvt. Ltd.,Trishakti Securities Public Limited,50,2040.0,102000.0,2025-09-08 14:49:19.292272
2025-09-08,6734,2025090805015753,NRN,Asian Securities Private Ltd.,Trishakti Securities Public Limited,10,2040.0,20400.0,2025-09-08 14:49:19.292358
2025-09-08,6733,2025090805015754,NRN,Thrive Brokerage House Pvt. Ltd,Trishakti Securities Public Limited,121,2039.3,246755.3,2025-09-08 14:49:19.292437
2025-09-08,6627,2025090805015798,NRN,Thrive Brokerage House Pvt. Ltd,Trishakti Securities Public Limited,79,2039.3,161104.7,2025-09-08 14:49:32.369582
2025-09-08,6626,2025090805015799,NRN,Naasa Securities Co. Ltd.,Trishakti Securities Public Limited,10,2039.2,20392.0,2025-09-08 14:49:32.369685
2025-09-08,6625,2025090805015800,NRN,Deevyaa Securities & Stock House Pvt. Ltd,Trishakti Securities Public Limited,300,2039.2,611760.0,2025-09-08 14:49:32.369754
2025-09-08,6624,2025090805015801,NRN,Sharepro Securities Private Limited,Trishakti Securities Public Limited,11,2039.1,22430.1,2025-09-08 14:49:32.369842
2025-09-08,6198,2025090805015982,NRN,Sharepro Securities Private Limited,Sri Hari Securities Pvt. Ltd.,39,2039.1,79524.9,2025-09-08 14:50:38.282203
2025-09-08,6197,2025090805015983,NRN,Premier Securities Company Ltd.,Sri Hari Securities Pvt. Ltd.,50,2039.0,101950.0,2025-09-08 14:50:38.282450
2025-09-08,6057,2025090805016027,NRN,Sri Hari Securities Pvt. Ltd.,Trishakti Securities Public Limited,184,2038.0,374992.0,2025-09-08 14:50:54.934401
2025-09-08,6056,2025090805016028,NRN,Sri Hari Securities Pvt. Ltd.,Trishakti Securities Public Limited,10,2038.0,20380.0,2025-09-08 14:50:54.934517
2025-09-08,6055,2025090805016029,NRN,Sri Hari Securities Pvt. Ltd.,Trishakti Securities Public Limited,184,2037.0,374808.0,2025-09-08 14:50:54.934599
2025-09-08,6054,2025090805016030,NRN,Sri Hari Securities Pvt. Ltd.,Trishakti Securities Public Limited,184,2036.0,374624.0,2025-09-08 14:50:54.934706
2025-09-08,6053,2025090805016031,NRN,Trisul Securities & Invt. Ltd.,Trishakti Securities Public Limited,50,2036.0,101800.0,2025-09-08 14:50:54.934792
2025-09-08,6052,2025090805016032,NRN,Primo Securities (PVT) Ltd.,Trishakti Securities Public Limited,100,2035.2,203520.0,2025-09-08 14:50:54.934882
2025-09-08,6051,2025090805016033,NRN,ABC Securities Private Limited,Trishakti Securities Public Limited,319,2035.1,649196.9,2025-09-08 14:50:54.934987
2025-09-08,6050,2025090805016034,NRN,Online Securities Pvt. Ltd.,Trishakti Securities Public Limited,69,2035.1,140421.9,2025-09-08 14:50:54.935096
2025-09-08,5996,2025090805016051,NRN,Online Securities Pvt. Ltd.,Sri Hari Securities Pvt. Ltd.,100,2035.1,203510.0,2025-09-08 14:51:00.471129
2025-09-08,5862,2025090805016091,NRN,Online Securities Pvt. Ltd.,Trishakti Securities Public Limited,31,2035.1,63088.1,2025-09-08 14:51:19.149069
2025-09-08,5861,2025090805016092,NRN,Capital Max Securities Ltd,Trishakti Securities Public Limited,20,2035.0,40700.0,2025-09-08 14:51:19.149122
2025-09-08,5860,2025090805016093,NRN,Sri Hari Securities Pvt. Ltd.,Trishakti Securities Public Limited,184,2035.0,374440.0,2025-09-08 14:51:19.149148
2025-09-08,5859,2025090805016094,NRN,Arun Securities (PVT) Ltd.,Trishakti Securities Public Limited,100,2035.0,203500.0,2025-09-08 14:51:19.149172
2025-09-08,5858,2025090805016095,NRN,Online Securities Pvt. Ltd.,Trishakti Securities Public Limited,1000,2035.0,2035000.0,2025-09-08 14:51:19.149195
2025-09-08,5857,2025090805016096,NRN,Online Securities Pvt. Ltd.,Trishakti Securities Public Limited,718,2035.0,1461130.0,2025-09-08 14:51:19.149217
2025-09-08,5834,2025090805016108,NRN,Online Securities Pvt. Ltd.,Sri Hari Securities Pvt. Ltd.,282,2035.0,573870.0,2025-09-08 14:51:23.883092
2025-09-08,5801,2025090805016118,NRN,Nepal Stock House (PVT) Ltd.,Imperial Securities Company Pvt. Ltd.,50,2035.1,101755.0,2025-09-08 14:51:27.963271
2025-09-08,5800,2025090805016119,NRN,Aryatara Investment & Securities,Imperial Securities Company Pvt. Ltd.,100,2035.0,203500.0,2025-09-08 14:51:27.963436
2025-09-08,5799,2025090805016120,NRN,Naasa Securities Co. Ltd.,Imperial Securities Company Pvt. Ltd.,50,2035.0,101750.0,2025-09-08 14:51:27.963504
2025-09-08,5772,2025090805016133,NRN,Naasa Securities Co. Ltd.,Swarna Laxmi Securities Pvt. Ltd.,100,2035.0,203500.0,2025-09-08 14:51:31.402932
2025-09-08,5766,2025090805016134,NRN,Naasa Securities Co. Ltd.,Sri Hari Securities Pvt. Ltd.,100,2035.0,203500.0,2025-09-08 14:51:31.936224
2025-09-08,5694,2025090805016157,NRN,Naasa Securities Co. Ltd.,Sri Hari Securities Pvt. Ltd.,100,2035.0,203500.0,2025-09-08 14:51:46.026773
2025-09-08,5437,2025090805016256,NRN,Sumeru Securities Pvt. Ltd.,Market Securities & Exchange (PVT) Ltd.,10,2035.1,20351.0,2025-09-08 14:52:20.853885
2025-09-08,5435,2025090805016257,NRN,Naasa Securities Co. Ltd.,Market Securities & Exchange (PVT) Ltd.,140,2035.0,284900.0,2025-09-08 14:52:20.854242
2025-09-08,5382,2025090805016278,NRN,Naasa Securities Co. Ltd.,Market Securities & Exchange (PVT) Ltd.,150,2035.0,305250.0,2025-09-08 14:52:28.895685
2025-09-08,5244,2025090805016309,NRN,Naasa Securities Co. Ltd.,Dipshikha Dhitopatra Karobar Co. Pvt Ltd.,350,2035.0,712250.0,2025-09-08 14:52:45.837556
2025-09-08,5218,2025090805016312,NRN,Naasa Securities Co. Ltd.,Imperial Securities Company Pvt. Ltd.,10,2035.0,20350.0,2025-09-08 14:52:48.794184
2025-09-08,5114,2025090805016335,NRN,Beni Securities Pvt.Ltd.,Sri Hari Securities Pvt. Ltd.,10,2035.0,20350.0,2025-09-08 14:53:02.613700
2025-09-08,5113,2025090805016336,NRN,Sweta Securities Private Limited,Sri Hari Securities Pvt. Ltd.,100,2034.0,203400.0,2025-09-08 14:53:02.613910
2025-09-08,5001,2025090805016371,NRN,Sri Hari Securities Pvt. Ltd.,Trishakti Securities Public Limited,100,2034.0,203400.0,2025-09-08 14:53:17.194577
2025-09-08,4932,2025090805016394,NRN,Sri Hari Securities Pvt. Ltd.,Sri Hari Securities Pvt. Ltd.,84,2034.0,170856.0,2025-09-08 14:53:25.902636
2025-09-08,4931,2025090805016395,NRN,Investment Management Nepal Pvt. Ltd.,Sri Hari Securities Pvt. Ltd.,10,2034.0,20340.0,2025-09-08 14:53:25.902828
2025-09-08,4930,2025090805016396,NRN,Premier Securities Company Ltd.,Sri Hari Securities Pvt. Ltd.,50,2034.0,101700.0,2025-09-08 14:53:25.902895
2025-09-08,4929,2025090805016397,NRN,Sri Hari Securities Pvt. Ltd.,Sri Hari Securities Pvt. Ltd.,106,2033.5,215551.0,2025-09-08 14:53:25.902965
2025-09-08,4822,2025090805016427,NRN,Vision Securities Pvt. Ltd,Naasa Securities Co. Ltd.,10,2034.0,20340.0,2025-09-08 14:53:39.884574
2025-09-08,4821,2025090805016428,NRN,Vision Securities Pvt. Ltd,Online Securities Pvt. Ltd.,10,2040.0,20400.0,2025-09-08 14:53:39.884655
2025-09-08,4686,2025090805016492,NRN,Naasa Securities Co. Ltd.,Dipshikha Dhitopatra Karobar Co. Pvt Ltd.,50,2035.0,101750.0,2025-09-08 14:53:55.455374
2025-09-08,4584,2025090805016518,NRN,Naasa Securities Co. Ltd.,Imperial Securities Company Pvt. Ltd.,300,2035.0,610500.0,2025-09-08 14:54:07.737706
2025-09-08,4480,2025090805016555,NRN,Kumari Securities Private Limited,Sri Hari Securities Pvt. Ltd.,8,2035.0,16280.0,2025-09-08 14:54:20.977791
2025-09-08,4338,2025090805016608,NRN,Kumari Securities Private Limited,Imperial Securities Company Pvt. Ltd.,1,2035.0,2035.0,2025-09-08 14:54:35.070003
2025-09-08,4334,2025090805016610,NRN,Dipshikha Dhitopatra Karobar Co. Pvt Ltd.,Naasa Securities Co. Ltd.,50,2039.8,101990.0,2025-09-08 14:54:35.791757
2025-09-08,4333,2025090805016611,NRN,Dipshikha Dhitopatra Karobar Co. Pvt Ltd.,Sri Hari Securities Pvt. Ltd.,150,2039.9,305985.0,2025-09-08 14:54:35.792072
2025-09-08,4228,2025090805016628,NRN,Naasa Securities Co. Ltd.,Hatemalo Financial Services Private Limited,3705,2035.0,7539675.0,2025-09-08 14:54:50.974308
2025-09-08,4094,2025090805016668,NRN,Naasa Securities Co. Ltd.,Sri Hari Securities Pvt. Ltd.,3000,2035.0,6105000.0,2025-09-08 14:55:02.875856
2025-09-08,4076,2025090805016669,NRN,Naasa Securities Co. Ltd.,Naasa Securities Co. Ltd.,200,2035.1,407020.0,2025-09-08 14:55:05.434434
2025-09-08,4075,2025090805016670,NRN,Naasa Securities Co. Ltd.,Naasa Securities Co. Ltd.,2429,2035.0,4943015.0,2025-09-08 14:55:05.434749
2025-09-08,4047,2025090805016678,NRN,Naasa Securities Co. Ltd.,Naasa Securities Co. Ltd.,200,2034.0,406800.0,2025-09-08 14:55:08.468657
2025-09-08,4034,2025090805016682,NRN,Sri Hari Securities Pvt. Ltd.,Naasa Securities Co. Ltd.,300,2034.0,610200.0,2025-09-08 14:55:08.908435
2025-09-08,3929,2025090805016706,NRN,Opal Securities Investment (PVT) Ltd.,Naasa Securities Co. Ltd.,500,2034.0,1017000.0,2025-09-08 14:55:18.715181
2025-09-08,3907,2025090805016714,NRN,Naasa Securities Co. Ltd.,Naasa Securities Co. Ltd.,100,2034.0,203400.0,2025-09-08 14:55:22.677410
2025-09-08,3880,2025090805016723,NRN,Prabhu Stock Market Limited,Naasa Securities Co. Ltd.,300,2034.0,610200.0,2025-09-08 14:55:26.338546
2025-09-08,3833,2025090805016744,NRN,Aakashbhairab Securities Ltd.,Naasa Securities Co. Ltd.,50,2034.0,101700.0,2025-09-08 14:55:32.338921
2025-09-08,3828,2025090805016748,NRN,Naasa Securities Co. Ltd.,Naasa Securities Co. Ltd.,100,2034.0,203400.0,2025-09-08 14:55:33.016876
2025-09-08,3722,2025090805016792,NRN,Naasa Securities Co. Ltd.,Naasa Securities Co. Ltd.,100,2034.0,203400.0,2025-09-08 14:55:44.564493
2025-09-08,3632,2025090805016814,NRN,Citizens Share Broker Limited,Naasa Securities Co. Ltd.,107,2034.0,217638.0,2025-09-08 14:55:54.058490
2025-09-08,3565,2025090805016854,NRN,Sipla Securities Private Limited,Naasa Securities Co. Ltd.,500,2034.0,1017000.0,2025-09-08 14:55:59.811685
2025-09-08,3414,2025090805016907,NRN,Naasa Securities Co. Ltd.,Naasa Securities Co. Ltd.,49,2034.0,99666.0,2025-09-08 14:56:13.226508
2025-09-08,2959,2025090805017033,NRN,Naasa Securities Co. Ltd.,Naasa Securities Co. Ltd.,50,2034.0,101700.0,2025-09-08 14:56:52.336377
2025-09-08,2954,2025090805017034,NRN,Vision Securities Pvt. Ltd,Secured Securities Ltd.,10,2039.8,20398.0,2025-09-08 14:56:52.530770
2025-09-08,2743,2025090805017087,NRN,Naasa Securities Co. Ltd.,Asian Securities Private Ltd.,11,2039.0,22429.0,2025-09-08 14:57:13.683521
2025-09-08,2742,2025090805017088,NRN,Naasa Securities Co. Ltd.,Secured Securities Ltd.,10,2039.8,20398.0,2025-09-08 14:57:13.683707
2025-09-08,2741,2025090805017089,NRN,Naasa Securities Co. Ltd.,Sri Hari Securities Pvt. Ltd.,55,2039.9,112194.5,2025-09-08 14:57:13.683791
2025-09-08,2740,2025090805017090,NRN,Naasa Securities Co. Ltd.,Sewa Securities Pvt. Ltd.,24,2040.0,48960.0,2025-09-08 14:57:13.683863
2025-09-08,2043,2025090805017304,NRN,Aryatara Investment & Securities,Trisul Securities & Invt. Ltd.,100,2039.0,203900.0,2025-09-08 14:58:12.958997
2025-09-08,1834,2025090805017353,NRN,Aryatara Investment & Securities,Agrawal Securities (PVT) Ltd.,136,2039.0,277304.0,2025-09-08 14:58:26.880110
2025-09-08,1539,2025090805017438,NRN,Aryatara Investment & Securities,Trishakti Securities Public Limited,14,2039.0,28546.0,2025-09-08 14:58:46.210832
2025-09-08,1538,2025090805017439,NRN,Vision Securities Pvt. Ltd,Trishakti Securities Public Limited,100,2035.1,203510.0,2025-09-08 14:58:46.211021
2025-09-08,1537,2025090805017440,NRN,Arun Securities (PVT) Ltd.,Trishakti Securities Public Limited,45,2035.0,91575.0,2025-09-08 14:58:46.211096
2025-09-08,1536,2025090805017441,NRN,Sumeru Securities Pvt. Ltd.,Trishakti Securities Public Limited,10,2034.0,20340.0,2025-09-08 14:58:46.211158
2025-09-08,1535,2025090805017442,NRN,Sri Hari Securities Pvt. Ltd.,Trishakti Securities Public Limited,78,2033.5,158613.0,2025-09-08 14:58:46.211233
2025-09-08,1534,2025090805017443,NRN,Sri Hari Securities Pvt. Ltd.,Trishakti Securities Public Limited,10,2033.5,20335.0,2025-09-08 14:58:46.211298
2025-09-08,1533,2025090805017444,NRN,Prabhu Stock Market Limited,Trishakti Securities Public Limited,50,2033.2,101660.0,2025-09-08 14:58:46.211378
2025-09-08,1532,2025090805017445,NRN,Primo Securities (PVT) Ltd.,Trishakti Securities Public Limited,200,2033.0,406600.0,2025-09-08 14:58:46.211466
2025-09-08,1531,2025090805017446,NRN,Thrive Brokerage House Pvt. Ltd,Trishakti Securities Public Limited,200,2030.2,406040.0,2025-09-08 14:58:46.211538
2025-09-08,1530,2025090805017447,NRN,Naasa Securities Co. Ltd.,Trishakti Securities Public Limited,10,2030.1,20301.0,2025-09-08 14:58:46.211609
2025-09-08,1529,2025090805017448,NRN,Aakashbhairab Securities Ltd.,Trishakti Securities Public Limited,55,2030.1,111655.5,2025-09-08 14:58:46.211675
2025-09-08,1528,2025090805017449,NRN,Online Securities Pvt. Ltd.,Trishakti Securities Public Limited,218,2030.1,442561.8,2025-09-08 14:58:46.211735
2025-09-08,1250,2025090805017550,NRN,Imperial Securities Company Pvt. Ltd.,Trishakti Securities Public Limited,10,2039.0,20390.0,2025-09-08 14:59:05.333429
2025-09-08,1060,2025090805017610,NRN,Imperial Securities Company Pvt. Ltd.,Sewa Securities Pvt. Ltd.,40,2039.0,81560.0,2025-09-08 14:59:17.212971
2025-09-08,941,2025090805017644,NRN,Beni Securities Pvt.Ltd.,Sri Hari Securities Pvt. Ltd.,15,2034.0,30510.0,2025-09-08 14:59:21.565604
2025-09-08,940,2025090805017645,NRN,Kumari Securities Private Limited,Sri Hari Securities Pvt. Ltd.,10,2031.0,20310.0,2025-09-08 14:59:21.565783
2025-09-08,939,2025090805017646,NRN,Online Securities Pvt. Ltd.,Sri Hari Securities Pvt. Ltd.,25,2030.1,50752.5,2025-09-08 14:59:21.565868
2025-09-08,926,2025090805017649,NRN,Dakshinkali Investment & Securities Pvt. Ltd.,Aryatara Investment & Securities,30,2035.0,61050.0,2025-09-08 14:59:22.223327
2025-09-08,925,2025090805017650,NRN,Online Securities Pvt. Ltd.,Aryatara Investment & Securities,257,2030.1,521735.7,2025-09-08 14:59:22.223479
2025-09-08,924,2025090805017651,NRN,Kohinoor Investment & Securities Pvt. Ltd.,Aryatara Investment & Securities,100,2030.0,203000.0,2025-09-08 14:59:22.223550
2025-09-08,923,2025090805017652,NRN,Dynamic Money Managers Securities Pvt. Ltd.,Aryatara Investment & Securities,10,2030.0,20300.0,2025-09-08 14:59:22.223615
2025-09-08,922,2025090805017653,NRN,Investment Management Nepal Pvt. Ltd.,Aryatara Investment & Securities,200,2030.0,406000.0,2025-09-08 14:59:22.223680
2025-09-08,650,2025090805017749,NRN,Sagarmatha Securities Private Limited,Asian Securities Private Ltd.,10,2030.0,20300.0,2025-09-08 14:59:33.101224
2025-09-08,649,2025090805017750,NRN,Agrawal Securities (PVT) Ltd.,Asian Securities Private Ltd.,50,2030.0,101500.0,2025-09-08 14:59:33.101367
2025-09-08,648,2025090805017751,NRN,Sri Hari Securities Pvt. Ltd.,Asian Securities Private Ltd.,100,2030.0,203000.0,2025-09-08 14:59:33.101441
2025-09-08,647,2025090805017752,NRN,Secured Securities Ltd.,Asian Securities Private Ltd.,100,2030.0,203000.0,2025-09-08 14:59:33.101501
2025-09-08,646,2025090805017753,NRN,Sweta Securities Private Limited,Asian Securities Private Ltd.,100,2030.0,203000.0,2025-09-08 14:59:33.101561
2025-09-08,645,2025090805017754,NRN,Sani Securities Company Ltd.,Asian Securities Private Ltd.,20,2030.0,40600.0,2025-09-08 14:59:33.101619
2025-09-08,644,2025090805017755,NRN,Premier Securities Company Ltd.,Asian Securities Private Ltd.,50,2029.0,101450.0,2025-09-08 14:59:33.101679
2025-09-08,643,2025090805017756,NRN,Swarna Laxmi Securities Pvt. Ltd.,Asian Securities Private Ltd.,100,2025.0,202500.0,2025-09-08 14:59:33.101742
2025-09-08,642,2025090805017757,NRN,Arun Securities (PVT) Ltd.,Asian Securities Private Ltd.,50,2025.0,101250.0,2025-09-08 14:59:33.101803
2025-09-08,641,2025090805017758,NRN,Sri Hari Securities Pvt. Ltd.,Asian Securities Private Ltd.,30,2023.0,60690.0,2025-09-08 14:59:33.101863
2025-09-08,640,2025090805017759,NRN,Naasa Securities Co. Ltd.,Asian Securities Private Ltd.,3390,2021.0,6851190.0,2025-09-08 14:59:33.101921
2025-09-08,601,2025090805017767,NRN,Naasa Securities Co. Ltd.,Aryatara Investment & Securities,500,2021.0,1010500.0,2025-09-08 14:59:34.431013
2025-09-08,167,2025090805017914,NRN,Trishakti Securities Public Limited,Imperial Securities Company Pvt. Ltd.,10,2030.0,20300.0,2025-09-08 14:59:53.801154
2025-09-08,166,2025090805017915,NRN,Aakashbhairab Securities Ltd.,Imperial Securities Company Pvt. Ltd.,90,2022.2,181998.0,2025-09-08 14:59:53.801298
