Date,S.N.,Contract ID,Symbol,Buyer Broker,Seller Broker,volume,rate,amount,transaction_time
2025-09-08,59469,2025090804000098,SSHL,Sundhara Securities Limited,Bhrikuti Stock Broking Co. Pvt. Ltd.,300,176.5,52950.0,2025-09-08 11:02:03.126275
2025-09-08,59396,2025090804000124,SSHL,South Asian Bulls Pvt. Ltd.,Primo Securities (PVT) Ltd.,300,177.4,53220.0,2025-09-08 11:03:02.854363
2025-09-08,58961,2025090804000247,SSHL,Sri Hari Securities Pvt. Ltd.,Imperial Securities Company Pvt. Ltd.,330,176.0,58080.0,2025-09-08 11:07:25.380958
2025-09-08,58898,2025090804000277,SSHL,Sani Securities Company Ltd.,Siprabi Securities Pvt. Ltd.,10,175.0,1750.0,2025-09-08 11:07:48.382294
2025-09-08,58410,2025090804000458,SSHL,Sani Securities Company Ltd.,Online Securities Pvt. Ltd.,19,175.0,3325.0,2025-09-08 11:10:48.947449
2025-09-08,58409,2025090804000459,SSHL,Aakashbhairab Securities Ltd.,Online Securities Pvt. Ltd.,60,175.0,10500.0,2025-09-08 11:10:48.947620
2025-09-08,58408,2025090804000460,SSHL,Nepal Stock House (PVT) Ltd.,Online Securities Pvt. Ltd.,10,175.0,1750.0,2025-09-08 11:10:48.947728
2025-09-08,58407,2025090804000461,SSHL,Secured Securities Ltd.,Online Securities Pvt. Ltd.,28,175.0,4900.0,2025-09-08 11:10:48.947821
2025-09-08,58406,2025090804000462,SSHL,Naasa Securities Co. Ltd.,Online Securities Pvt. Ltd.,73,175.0,12775.0,2025-09-08 11:10:48.947910
2025-09-08,58270,2025090804000496,SSHL,Naasa Securities Co. Ltd.,Primo Securities (PVT) Ltd.,27,175.0,4725.0,2025-09-08 11:11:35.768011
2025-09-08,58186,2025090804000520,SSHL,Sundhara Securities Limited,Primo Securities (PVT) Ltd.,199,175.9,35004.1,2025-09-08 11:12:10.797404
2025-09-08,57530,2025090804000703,SSHL,Cristal Kanchanjanga Securites Pvt. Ltd.,South Asian Bulls Pvt. Ltd.,355,174.2,61841.0,2025-09-08 11:16:47.200805
2025-09-08,57529,2025090804000704,SSHL,Oxford Securities Pvt. Ltd.,South Asian Bulls Pvt. Ltd.,145,174.1,25244.5,2025-09-08 11:16:47.200955
2025-09-08,56394,2025090804000976,SSHL,Naasa Securities Co. Ltd.,Sani Securities Company Ltd.,20,175.0,3500.0,2025-09-08 11:22:36.425780
2025-09-08,55752,2025090804001191,SSHL,Sri Hari Securities Pvt. Ltd.,Primo Securities (PVT) Ltd.,57,175.0,9975.0,2025-09-08 11:25:19.797486
2025-09-08,55371,2025090804001276,SSHL,Arun Securities (PVT) Ltd.,Online Securities Pvt. Ltd.,10,175.5,1755.0,2025-09-08 11:27:00.899251
2025-09-08,55347,2025090804001280,SSHL,Thrive Brokerage House Pvt. Ltd,Online Securities Pvt. Ltd.,390,175.5,68445.0,2025-09-08 11:27:08.893678
2025-09-08,55204,2025090804001312,SSHL,Thrive Brokerage House Pvt. Ltd,Primo Securities (PVT) Ltd.,210,175.8,36918.0,2025-09-08 11:27:53.986957
2025-09-08,55083,2025090804001337,SSHL,Sundhara Securities Limited,Primo Securities (PVT) Ltd.,50,175.8,8790.0,2025-09-08 11:28:33.786385
2025-09-08,54924,2025090804001383,SSHL,Sundhara Securities Limited,ABC Securities Private Limited,30,175.5,5265.0,2025-09-08 11:29:27.718290
2025-09-08,54649,2025090804001453,SSHL,Agrawal Securities (PVT) Ltd.,Vision Securities Pvt. Ltd,100,175.0,17500.0,2025-09-08 11:30:56.025303
2025-09-08,54400,2025090804001505,SSHL,Aryatara Investment & Securities,Vision Securities Pvt. Ltd,400,175.0,70000.0,2025-09-08 11:32:02.256091
2025-09-08,53392,2025090804001743,SSHL,Agrawal Securities (PVT) Ltd.,Capital Max Securities Ltd,50,175.0,8750.0,2025-09-08 11:37:00.199833
2025-09-08,53104,2025090804001786,SSHL,Aryatara Investment & Securities,Infinity Securities Limited,247,175.0,43225.0,2025-09-08 11:38:16.031714
2025-09-08,52737,2025090804001900,SSHL,ABC Securities Private Limited,Primo Securities (PVT) Ltd.,500,175.4,87700.0,2025-09-08 11:40:23.393665
2025-09-08,52601,2025090804001945,SSHL,APPLE SECURITIES PRIVATE LIMITED,Primo Securities (PVT) Ltd.,57,175.4,9997.8,2025-09-08 11:41:09.564330
2025-09-08,52600,2025090804001946,SSHL,APPLE SECURITIES PRIVATE LIMITED,ABC Securities Private Limited,650,175.5,114075.0,2025-09-08 11:41:09.564461
2025-09-08,52599,2025090804001947,SSHL,APPLE SECURITIES PRIVATE LIMITED,Imperial Securities Company Pvt. Ltd.,200,175.9,35180.0,2025-09-08 11:41:09.564541
2025-09-08,52598,2025090804001948,SSHL,APPLE SECURITIES PRIVATE LIMITED,Imperial Securities Company Pvt. Ltd.,1970,176.0,346720.0,2025-09-08 11:41:09.564598
2025-09-08,52597,2025090804001949,SSHL,APPLE SECURITIES PRIVATE LIMITED,Online Securities Pvt. Ltd.,10,176.0,1760.0,2025-09-08 11:41:09.564644
2025-09-08,52596,2025090804001950,SSHL,APPLE SECURITIES PRIVATE LIMITED,Sani Securities Company Ltd.,60,176.0,10560.0,2025-09-08 11:41:09.564709
2025-09-08,52595,2025090804001951,SSHL,APPLE SECURITIES PRIVATE LIMITED,J.F. Securites (PVT) Ltd.,53,176.0,9328.0,2025-09-08 11:41:09.564751
2025-09-08,52333,2025090804002002,SSHL,Imperial Securities Company Pvt. Ltd.,J.F. Securites (PVT) Ltd.,50,176.0,8800.0,2025-09-08 11:42:36.095765
2025-09-08,51888,2025090804002156,SSHL,Linch Stock Market Ltd.,J.F. Securites (PVT) Ltd.,100,176.0,17600.0,2025-09-08 11:45:02.922371
2025-09-08,51505,2025090804002249,SSHL,Oxford Securities Pvt. Ltd.,Investment Management Nepal Pvt. Ltd.,100,175.2,17520.0,2025-09-08 11:47:03.084803
2025-09-08,50798,2025090804002458,SSHL,Sri Hari Securities Pvt. Ltd.,J.F. Securites (PVT) Ltd.,200,176.0,35200.0,2025-09-08 11:50:45.705378
2025-09-08,50580,2025090804002544,SSHL,Sewa Securities Pvt. Ltd.,J.F. Securites (PVT) Ltd.,1000,176.0,176000.0,2025-09-08 11:52:01.246847
2025-09-08,50534,2025090804002550,SSHL,South Asian Bulls Pvt. Ltd.,J.F. Securites (PVT) Ltd.,97,176.0,17072.0,2025-09-08 11:52:08.409245
2025-09-08,50533,2025090804002551,SSHL,South Asian Bulls Pvt. Ltd.,Swarna Laxmi Securities Pvt. Ltd.,403,176.0,70928.0,2025-09-08 11:52:08.409458
2025-09-08,50471,2025090804002582,SSHL,South Asian Bulls Pvt. Ltd.,Swarna Laxmi Securities Pvt. Ltd.,200,176.0,35200.0,2025-09-08 11:52:24.475971
2025-09-08,49749,2025090804002769,SSHL,Premier Securities Company Ltd.,Dipshikha Dhitopatra Karobar Co. Pvt Ltd.,80,175.9,14072.0,2025-09-08 11:56:02.936773
2025-09-08,49542,2025090804002846,SSHL,Premier Securities Company Ltd.,Swarna Laxmi Securities Pvt. Ltd.,120,176.0,21120.0,2025-09-08 11:56:55.161000
2025-09-08,49436,2025090804002869,SSHL,Aryatara Investment & Securities,Dakshinkali Investment & Securities Pvt. Ltd.,945,176.0,166320.0,2025-09-08 11:57:36.248512
2025-09-08,49209,2025090804002931,SSHL,South Asian Bulls Pvt. Ltd.,Dakshinkali Investment & Securities Pvt. Ltd.,55,176.0,9680.0,2025-09-08 11:58:42.021262
2025-09-08,49208,2025090804002932,SSHL,South Asian Bulls Pvt. Ltd.,Imperial Securities Company Pvt. Ltd.,145,176.9,25650.5,2025-09-08 11:58:42.021497
2025-09-08,48864,2025090804003029,SSHL,Neev Securities Pvt. Ltd.,Imperial Securities Company Pvt. Ltd.,10,176.9,1769.0,2025-09-08 12:00:22.186975
2025-09-08,48784,2025090804003056,SSHL,South Asian Bulls Pvt. Ltd.,Imperial Securities Company Pvt. Ltd.,45,176.9,7960.5,2025-09-08 12:00:55.783532
2025-09-08,48783,2025090804003057,SSHL,South Asian Bulls Pvt. Ltd.,INDEX SECURITIES LIMITED,55,176.9,9729.5,2025-09-08 12:00:55.783749
2025-09-08,48422,2025090804003157,SSHL,APPLE SECURITIES PRIVATE LIMITED,Naasa Securities Co. Ltd.,100,177.0,17700.0,2025-09-08 12:02:37.018703
2025-09-08,48421,2025090804003158,SSHL,APPLE SECURITIES PRIVATE LIMITED,Aryatara Investment & Securities,10,177.0,1770.0,2025-09-08 12:02:37.018854
2025-09-08,48420,2025090804003159,SSHL,APPLE SECURITIES PRIVATE LIMITED,Opal Securities Investment (PVT) Ltd.,60,177.0,10620.0,2025-09-08 12:02:37.018928
2025-09-08,48419,2025090804003160,SSHL,APPLE SECURITIES PRIVATE LIMITED,Trishakti Securities Public Limited,200,177.0,35400.0,2025-09-08 12:02:37.018979
2025-09-08,48418,2025090804003161,SSHL,APPLE SECURITIES PRIVATE LIMITED,Dakshinkali Investment & Securities Pvt. Ltd.,30,177.0,5310.0,2025-09-08 12:02:37.019033
2025-09-08,48417,2025090804003162,SSHL,APPLE SECURITIES PRIVATE LIMITED,Linch Stock Market Ltd.,200,177.0,35400.0,2025-09-08 12:02:37.019082
2025-09-08,48416,2025090804003163,SSHL,APPLE SECURITIES PRIVATE LIMITED,INDEX SECURITIES LIMITED,20,177.0,3540.0,2025-09-08 12:02:37.019129
2025-09-08,48415,2025090804003164,SSHL,APPLE SECURITIES PRIVATE LIMITED,Swarna Laxmi Securities Pvt. Ltd.,177,177.0,31329.0,2025-09-08 12:02:37.019179
2025-09-08,48414,2025090804003165,SSHL,APPLE SECURITIES PRIVATE LIMITED,Sweta Securities Private Limited,203,177.4,36012.2,2025-09-08 12:02:37.019261
2025-09-08,47451,2025090804003433,SSHL,Naasa Securities Co. Ltd.,Naasa Securities Co. Ltd.,45,177.0,7965.0,2025-09-08 12:08:05.817379
2025-09-08,47185,2025090804003535,SSHL,Nepal Stock House (PVT) Ltd.,Dynamic Money Managers Securities Pvt. Ltd.,30,176.5,5295.0,2025-09-08 12:09:18.329682
2025-09-08,47073,2025090804003566,SSHL,ABC Securities Private Limited,Dynamic Money Managers Securities Pvt. Ltd.,70,176.5,12355.0,2025-09-08 12:09:53.386763
2025-09-08,46573,2025090804003720,SSHL,ABC Securities Private Limited,Sweta Securities Private Limited,99,177.4,17562.6,2025-09-08 12:12:51.123846
2025-09-08,46338,2025090804003789,SSHL,Imperial Securities Company Pvt. Ltd.,Online Securities Pvt. Ltd.,30,176.2,5286.0,2025-09-08 12:14:17.477386
2025-09-08,45256,2025090804004069,SSHL,Imperial Securities Company Pvt. Ltd.,Naasa Securities Co. Ltd.,20,176.2,3524.0,2025-09-08 12:19:24.806324
2025-09-08,45233,2025090804004089,SSHL,Imperial Securities Company Pvt. Ltd.,Linch Stock Market Ltd.,150,176.2,26430.0,2025-09-08 12:19:26.393625
2025-09-08,45232,2025090804004090,SSHL,Oxford Securities Pvt. Ltd.,Linch Stock Market Ltd.,202,176.1,35572.2,2025-09-08 12:19:26.393808
2025-09-08,44780,2025090804004262,SSHL,Naasa Securities Co. Ltd.,Naasa Securities Co. Ltd.,30,177.0,5310.0,2025-09-08 12:21:38.633497
2025-09-08,43181,2025090804004716,SSHL,Oxford Securities Pvt. Ltd.,South Asian Bulls Pvt. Ltd.,198,176.1,34867.8,2025-09-08 12:29:24.094264
2025-09-08,43180,2025090804004717,SSHL,Investment Management Nepal Pvt. Ltd.,South Asian Bulls Pvt. Ltd.,30,176.0,5280.0,2025-09-08 12:29:24.094442
2025-09-08,43179,2025090804004718,SSHL,Agrawal Securities (PVT) Ltd.,South Asian Bulls Pvt. Ltd.,50,176.0,8800.0,2025-09-08 12:29:24.094503
2025-09-08,43178,2025090804004719,SSHL,Agrawal Securities (PVT) Ltd.,South Asian Bulls Pvt. Ltd.,200,176.0,35200.0,2025-09-08 12:29:24.094576
2025-09-08,43177,2025090804004720,SSHL,Agrawal Securities (PVT) Ltd.,South Asian Bulls Pvt. Ltd.,522,176.0,91872.0,2025-09-08 12:29:24.094636
2025-09-08,43046,2025090804004746,SSHL,Agrawal Securities (PVT) Ltd.,Naasa Securities Co. Ltd.,10,176.0,1760.0,2025-09-08 12:30:26.788354
2025-09-08,42600,2025090804004852,SSHL,Agrawal Securities (PVT) Ltd.,Kohinoor Investment & Securities Pvt. Ltd.,100,176.0,17600.0,2025-09-08 12:32:33.987353
2025-09-08,42480,2025090804004881,SSHL,Agrawal Securities (PVT) Ltd.,Imperial Securities Company Pvt. Ltd.,10,176.0,1760.0,2025-09-08 12:33:01.052572
2025-09-08,41697,2025090804005109,SSHL,Agrawal Securities (PVT) Ltd.,Sweta Securities Private Limited,158,176.0,27808.0,2025-09-08 12:35:59.314677
2025-09-08,41254,2025090804005224,SSHL,Arun Securities (PVT) Ltd.,Dynamic Money Managers Securities Pvt. Ltd.,60,175.9,10554.0,2025-09-08 12:39:16.646029
2025-09-08,41172,2025090804005235,SSHL,Oxford Securities Pvt. Ltd.,Dynamic Money Managers Securities Pvt. Ltd.,50,175.7,8785.0,2025-09-08 12:39:55.730013
2025-09-08,41171,2025090804005236,SSHL,Online Securities Pvt. Ltd.,Dynamic Money Managers Securities Pvt. Ltd.,60,175.7,10542.0,2025-09-08 12:39:55.730227
2025-09-08,41119,2025090804005246,SSHL,Shree Krishna Securities Ltd.,Dynamic Money Managers Securities Pvt. Ltd.,380,175.5,66690.0,2025-09-08 12:40:35.802727
2025-09-08,40981,2025090804005275,SSHL,K.B.L. Securities Limited ,Sweta Securities Private Limited,30,176.0,5280.0,2025-09-08 12:42:15.241278
2025-09-08,40115,2025090804005497,SSHL,Nepal Stock House (PVT) Ltd.,Sweta Securities Private Limited,490,176.0,86240.0,2025-09-08 12:52:20.783098
2025-09-08,39639,2025090804005590,SSHL,Shree Krishna Securities Ltd.,Primo Securities (PVT) Ltd.,500,175.5,87750.0,2025-09-08 12:56:09.402023
2025-09-08,39638,2025090804005591,SSHL,Shree Krishna Securities Ltd.,Malla & Malla Stock Broking Company Pvt. Limited,180,175.5,31590.0,2025-09-08 12:56:09.480123
2025-09-08,39114,2025090804005728,SSHL,Naasa Securities Co. Ltd.,Kalika Securities Pvt. Ltd.,55,176.0,9680.0,2025-09-08 13:02:14.318492
2025-09-08,37981,2025090804006048,SSHL,Shree Krishna Securities Ltd.,Midas Stock Broking Company Private Limited,10,175.5,1755.0,2025-09-08 13:08:00.506383
2025-09-08,37908,2025090804006086,SSHL,Shree Krishna Securities Ltd.,Naasa Securities Co. Ltd.,930,175.5,163215.0,2025-09-08 13:08:20.481158
2025-09-08,37907,2025090804006087,SSHL,Online Securities Pvt. Ltd.,Naasa Securities Co. Ltd.,25,175.5,4387.5,2025-09-08 13:08:20.481235
2025-09-08,37902,2025090804006090,SSHL,Online Securities Pvt. Ltd.,SHUBHAKAMANA SECURITIES PVT. LTD,20,175.5,3510.0,2025-09-08 13:08:22.991763
2025-09-08,37644,2025090804006169,SSHL,Dynamic Money Managers Securities Pvt. Ltd.,SHUBHAKAMANA SECURITIES PVT. LTD,20,176.5,3530.0,2025-09-08 13:10:19.008906
2025-09-08,37072,2025090804006295,SSHL,Online Securities Pvt. Ltd.,Kalika Securities Pvt. Ltd.,10,175.0,1750.0,2025-09-08 13:13:41.087558
2025-09-08,37071,2025090804006296,SSHL,Trishakti Securities Public Limited,Kalika Securities Pvt. Ltd.,190,175.0,33250.0,2025-09-08 13:13:41.087832
2025-09-08,36714,2025090804006388,SSHL,Naasa Securities Co. Ltd.,Thrive Brokerage House Pvt. Ltd,564,176.0,99264.0,2025-09-08 13:16:11.008685
2025-09-08,36468,2025090804006483,SSHL,Nepal Stock House (PVT) Ltd.,Thrive Brokerage House Pvt. Ltd,10,176.0,1760.0,2025-09-08 13:17:14.562859
2025-09-08,36048,2025090804006617,SSHL,Trishakti Securities Public Limited,Siprabi Securities Pvt. Ltd.,10,175.0,1750.0,2025-09-08 13:18:37.102536
2025-09-08,36047,2025090804006618,SSHL,Market Securities & Exchange (PVT) Ltd.,Siprabi Securities Pvt. Ltd.,10,175.0,1750.0,2025-09-08 13:18:37.102760
2025-09-08,35251,2025090804006814,SSHL,Market Securities & Exchange (PVT) Ltd.,Shree Krishna Securities Ltd.,100,175.0,17500.0,2025-09-08 13:21:42.183575
2025-09-08,35109,2025090804006846,SSHL,Market Securities & Exchange (PVT) Ltd.,Sundhara Securities Limited,90,175.0,15750.0,2025-09-08 13:22:17.306608
2025-09-08,35108,2025090804006847,SSHL,Nepal Investment And Securities Trading Private Limited,Sundhara Securities Limited,10,175.0,1750.0,2025-09-08 13:22:17.306890
2025-09-08,33522,2025090804007225,SSHL,Sundhara Securities Limited,Imperial Securities Company Pvt. Ltd.,50,175.5,8775.0,2025-09-08 13:27:38.443585
2025-09-08,32480,2025090804007489,SSHL,Sani Securities Company Ltd.,Imperial Securities Company Pvt. Ltd.,150,175.5,26325.0,2025-09-08 13:31:43.038708
2025-09-08,32348,2025090804007507,SSHL,Imperial Securities Company Pvt. Ltd.,Sri Hari Securities Pvt. Ltd.,600,175.1,105060.0,2025-09-08 13:32:15.202267
2025-09-08,32318,2025090804007513,SSHL,Sundhara Securities Limited,Sri Hari Securities Pvt. Ltd.,10,175.1,1751.0,2025-09-08 13:32:23.521143
2025-09-08,32160,2025090804007542,SSHL,Nepal Investment And Securities Trading Private Limited,Thrive Brokerage House Pvt. Ltd,426,175.0,74550.0,2025-09-08 13:33:07.324455
2025-09-08,32046,2025090804007563,SSHL,Nepal Investment And Securities Trading Private Limited,Sweta Securities Private Limited,114,175.0,19950.0,2025-09-08 13:33:38.418290
2025-09-08,32045,2025090804007564,SSHL,Naasa Securities Co. Ltd.,Sweta Securities Private Limited,100,175.0,17500.0,2025-09-08 13:33:38.418646
2025-09-08,32044,2025090804007565,SSHL,Dipshikha Dhitopatra Karobar Co. Pvt Ltd.,Sweta Securities Private Limited,50,175.0,8750.0,2025-09-08 13:33:38.418831
2025-09-08,32043,2025090804007566,SSHL,Online Securities Pvt. Ltd.,Sweta Securities Private Limited,540,175.0,94500.0,2025-09-08 13:33:38.419020
2025-09-08,32042,2025090804007567,SSHL,Himalayan Brokerage Company Limited,Sweta Securities Private Limited,50,175.0,8750.0,2025-09-08 13:33:38.419216
2025-09-08,32041,2025090804007568,SSHL,Dipshikha Dhitopatra Karobar Co. Pvt Ltd.,Sweta Securities Private Limited,100,175.0,17500.0,2025-09-08 13:33:38.419416
2025-09-08,32040,2025090804007569,SSHL,Siprabi Securities Pvt. Ltd.,Sweta Securities Private Limited,46,175.0,8050.0,2025-09-08 13:33:38.419594
2025-09-08,31961,2025090804007585,SSHL,Naasa Securities Co. Ltd.,Sri Hari Securities Pvt. Ltd.,10,175.0,1750.0,2025-09-08 13:34:01.871119
2025-09-08,31960,2025090804007586,SSHL,Primo Securities (PVT) Ltd.,Sri Hari Securities Pvt. Ltd.,100,175.0,17500.0,2025-09-08 13:34:01.871461
2025-09-08,31959,2025090804007587,SSHL,Naasa Securities Co. Ltd.,Sri Hari Securities Pvt. Ltd.,25,175.0,4375.0,2025-09-08 13:34:01.871761
2025-09-08,31958,2025090804007588,SSHL,Secured Securities Ltd.,Sri Hari Securities Pvt. Ltd.,500,175.0,87500.0,2025-09-08 13:34:01.872011
2025-09-08,31957,2025090804007589,SSHL,Online Securities Pvt. Ltd.,Sri Hari Securities Pvt. Ltd.,20,175.0,3500.0,2025-09-08 13:34:01.872277
2025-09-08,31929,2025090804007594,SSHL,Online Securities Pvt. Ltd.,Primo Securities (PVT) Ltd.,180,175.0,31500.0,2025-09-08 13:34:09.220535
2025-09-08,31928,2025090804007595,SSHL,Bhrikuti Stock Broking Co. Pvt. Ltd.,Primo Securities (PVT) Ltd.,3000,175.0,525000.0,2025-09-08 13:34:09.220876
2025-09-08,31927,2025090804007596,SSHL,Opal Securities Investment (PVT) Ltd.,Primo Securities (PVT) Ltd.,115,175.0,20125.0,2025-09-08 13:34:09.221072
2025-09-08,31926,2025090804007597,SSHL,Vision Securities Pvt. Ltd,Primo Securities (PVT) Ltd.,20,175.0,3500.0,2025-09-08 13:34:09.221261
2025-09-08,31925,2025090804007598,SSHL,Vision Securities Pvt. Ltd,Primo Securities (PVT) Ltd.,260,175.0,45500.0,2025-09-08 13:34:09.221455
2025-09-08,31924,2025090804007599,SSHL,Online Securities Pvt. Ltd.,Primo Securities (PVT) Ltd.,200,175.0,35000.0,2025-09-08 13:34:09.221643
2025-09-08,31923,2025090804007600,SSHL,Market Securities & Exchange (PVT) Ltd.,Primo Securities (PVT) Ltd.,10,175.0,1750.0,2025-09-08 13:34:09.221831
2025-09-08,31481,2025090804007720,SSHL,Online Securities Pvt. Ltd.,Midas Stock Broking Company Private Limited,300,174.5,52350.0,2025-09-08 13:36:07.837247
2025-09-08,31480,2025090804007721,SSHL,Market Securities & Exchange (PVT) Ltd.,Midas Stock Broking Company Private Limited,300,174.5,52350.0,2025-09-08 13:36:07.837479
2025-09-08,31479,2025090804007722,SSHL,Online Securities Pvt. Ltd.,Midas Stock Broking Company Private Limited,10,174.5,1745.0,2025-09-08 13:36:07.837554
2025-09-08,31478,2025090804007723,SSHL,Dipshikha Dhitopatra Karobar Co. Pvt Ltd.,Midas Stock Broking Company Private Limited,290,174.4,50576.0,2025-09-08 13:36:07.837619
2025-09-08,31086,2025090804007837,SSHL,Dipshikha Dhitopatra Karobar Co. Pvt Ltd.,SUN SECURITIES PVT LTD,10,174.4,1744.0,2025-09-08 13:37:56.022724
2025-09-08,31085,2025090804007838,SSHL,Oxford Securities Pvt. Ltd.,SUN SECURITIES PVT LTD,355,174.1,61805.5,2025-09-08 13:37:56.022992
2025-09-08,31084,2025090804007839,SSHL,Shree Krishna Securities Ltd.,SUN SECURITIES PVT LTD,500,174.1,87050.0,2025-09-08 13:37:56.023059
2025-09-08,31083,2025090804007840,SSHL,Property Wiard Limited,SUN SECURITIES PVT LTD,135,174.1,23503.5,2025-09-08 13:37:56.023118
2025-09-08,31022,2025090804007847,SSHL,Property Wiard Limited,Naasa Securities Co. Ltd.,200,174.1,34820.0,2025-09-08 13:38:17.217509
2025-09-08,31002,2025090804007853,SSHL,Property Wiard Limited,Dipshikha Dhitopatra Karobar Co. Pvt Ltd.,25,174.1,4352.5,2025-09-08 13:38:19.573375
2025-09-08,30506,2025090804007989,SSHL,Property Wiard Limited,Naasa Securities Co. Ltd.,208,174.1,36212.8,2025-09-08 13:40:23.860484
2025-09-08,28879,2025090804008409,SSHL,Neev Securities Pvt. Ltd.,Vision Securities Pvt. Ltd,300,175.0,52500.0,2025-09-08 13:45:32.399280
2025-09-08,28878,2025090804008410,SSHL,Neev Securities Pvt. Ltd.,Linch Stock Market Ltd.,45,175.0,7875.0,2025-09-08 13:45:32.399584
2025-09-08,26583,2025090804009069,SSHL,Sumeru Securities Pvt. Ltd.,J.F. Securites (PVT) Ltd.,25,174.8,4370.0,2025-09-08 13:51:08.896833
2025-09-08,25836,2025090804009249,SSHL,Property Wiard Limited,Dakshinkali Investment & Securities Pvt. Ltd.,227,174.1,39520.7,2025-09-08 13:52:43.535810
2025-09-08,23196,2025090804009956,SSHL,Deevyaa Securities & Stock House Pvt. Ltd,Opal Securities Investment (PVT) Ltd.,10,174.3,1743.0,2025-09-08 13:58:14.421673
2025-09-08,23195,2025090804009957,SSHL,Hatemalo Financial Services Private Limited,Opal Securities Investment (PVT) Ltd.,10,174.3,1743.0,2025-09-08 13:58:14.421967
2025-09-08,23194,2025090804009958,SSHL,Creative Securities Pvt Ltd,Opal Securities Investment (PVT) Ltd.,100,174.2,17420.0,2025-09-08 13:58:14.422147
2025-09-08,23193,2025090804009959,SSHL,Property Wiard Limited,Opal Securities Investment (PVT) Ltd.,480,174.1,83568.0,2025-09-08 13:58:14.422341
2025-09-08,23043,2025090804010014,SSHL,Vision Securities Pvt. Ltd,Dipshikha Dhitopatra Karobar Co. Pvt Ltd.,10,174.7,1747.0,2025-09-08 13:58:36.223487
2025-09-08,23011,2025090804010034,SSHL,Property Wiard Limited,Online Securities Pvt. Ltd.,50,174.1,8705.0,2025-09-08 13:58:40.342090
2025-09-08,22910,2025090804010057,SSHL,Property Wiard Limited,Sri Hari Securities Pvt. Ltd.,675,174.1,117517.5,2025-09-08 13:58:53.344026
2025-09-08,22909,2025090804010058,SSHL,Nepal Stock House (PVT) Ltd.,Sri Hari Securities Pvt. Ltd.,10,174.0,1740.0,2025-09-08 13:58:53.344215
2025-09-08,22908,2025090804010059,SSHL,Market Securities & Exchange (PVT) Ltd.,Sri Hari Securities Pvt. Ltd.,300,174.0,52200.0,2025-09-08 13:58:53.344282
2025-09-08,22907,2025090804010060,SSHL,Sweta Securities Private Limited,Sri Hari Securities Pvt. Ltd.,100,174.0,17400.0,2025-09-08 13:58:53.344351
2025-09-08,22906,2025090804010061,SSHL,Sundhara Securities Limited,Sri Hari Securities Pvt. Ltd.,115,174.0,20010.0,2025-09-08 13:58:53.344413
2025-09-08,19721,2025090804010801,SSHL,R.B.B. Securities Company Ltd,Elite Stock House Limited,50,174.1,8705.0,2025-09-08 14:06:00.406596
2025-09-08,19111,2025090804011030,SSHL,R.B.B. Securities Company Ltd,Siprabi Securities Pvt. Ltd.,180,174.1,31338.0,2025-09-08 14:07:51.841409
2025-09-08,17142,2025090804011583,SSHL,Sundhara Securities Limited,Elite Stock House Limited,20,174.0,3480.0,2025-09-08 14:14:17.222337
2025-09-08,16558,2025090804011744,SSHL,Sani Securities Company Ltd.,Primo Securities (PVT) Ltd.,100,174.1,17410.0,2025-09-08 14:16:07.973482
2025-09-08,16557,2025090804011745,SSHL,Sweta Securities Private Limited,Primo Securities (PVT) Ltd.,200,174.1,34820.0,2025-09-08 14:16:07.973799
2025-09-08,16556,2025090804011746,SSHL,Sundhara Securities Limited,Primo Securities (PVT) Ltd.,15,174.0,2610.0,2025-09-08 14:16:07.973994
2025-09-08,16555,2025090804011747,SSHL,Naasa Securities Co. Ltd.,Primo Securities (PVT) Ltd.,50,174.0,8700.0,2025-09-08 14:16:07.974177
2025-09-08,16554,2025090804011748,SSHL,Linch Stock Market Ltd.,Primo Securities (PVT) Ltd.,10,174.0,1740.0,2025-09-08 14:16:07.974370
2025-09-08,16553,2025090804011749,SSHL,Dakshinkali Investment & Securities Pvt. Ltd.,Primo Securities (PVT) Ltd.,100,174.0,17400.0,2025-09-08 14:16:07.974545
2025-09-08,16552,2025090804011750,SSHL,Sri Hari Securities Pvt. Ltd.,Primo Securities (PVT) Ltd.,175,174.0,30450.0,2025-09-08 14:16:07.974717
2025-09-08,16190,2025090804011828,SSHL,Sumeru Securities Pvt. Ltd.,Ashutosh Brokerage & Securities (PVT) Ltd.,20,174.6,3492.0,2025-09-08 14:17:18.245367
2025-09-08,15778,2025090804011938,SSHL,Sumeru Securities Pvt. Ltd.,Dipshikha Dhitopatra Karobar Co. Pvt Ltd.,30,174.7,5241.0,2025-09-08 14:18:57.685417
2025-09-08,15296,2025090804012054,SSHL,Primo Securities (PVT) Ltd.,Dipshikha Dhitopatra Karobar Co. Pvt Ltd.,10,174.7,1747.0,2025-09-08 14:20:32.131894
2025-09-08,15295,2025090804012055,SSHL,Primo Securities (PVT) Ltd.,Nepal Stock House (PVT) Ltd.,60,174.7,10482.0,2025-09-08 14:20:32.132039
2025-09-08,15294,2025090804012056,SSHL,Primo Securities (PVT) Ltd.,Naasa Securities Co. Ltd.,200,174.7,34940.0,2025-09-08 14:20:32.132104
2025-09-08,15293,2025090804012057,SSHL,Primo Securities (PVT) Ltd.,Siprabi Securities Pvt. Ltd.,500,174.7,87350.0,2025-09-08 14:20:32.132163
2025-09-08,15292,2025090804012058,SSHL,Primo Securities (PVT) Ltd.,Sewa Securities Pvt. Ltd.,230,174.7,40181.0,2025-09-08 14:20:32.132241
2025-09-08,15058,2025090804012116,SSHL,Primo Securities (PVT) Ltd.,Sewa Securities Pvt. Ltd.,270,174.7,47169.0,2025-09-08 14:21:13.296054
2025-09-08,15057,2025090804012117,SSHL,Primo Securities (PVT) Ltd.,J.F. Securites (PVT) Ltd.,218,174.8,38106.4,2025-09-08 14:21:13.296228
2025-09-08,14626,2025090804012197,SSHL,Naasa Securities Co. Ltd.,Linch Stock Market Ltd.,100,175.0,17500.0,2025-09-08 14:22:49.268222
2025-09-08,14410,2025090804012225,SSHL,Sundhara Securities Limited,Linch Stock Market Ltd.,55,175.0,9625.0,2025-09-08 14:23:31.855183
2025-09-08,14040,2025090804012335,SSHL,Dakshinkali Investment & Securities Pvt. Ltd.,Imperial Securities Company Pvt. Ltd.,50,175.0,8750.0,2025-09-08 14:24:54.675560
2025-09-08,13544,2025090804012457,SSHL,Naasa Securities Co. Ltd.,Imperial Securities Company Pvt. Ltd.,200,175.0,35000.0,2025-09-08 14:26:46.460466
2025-09-08,13355,2025090804012520,SSHL,Sri Hari Securities Pvt. Ltd.,Online Securities Pvt. Ltd.,40,174.0,6960.0,2025-09-08 14:27:32.285122
2025-09-08,13270,2025090804012538,SSHL,Sri Hari Securities Pvt. Ltd.,Siprabi Securities Pvt. Ltd.,150,174.0,26100.0,2025-09-08 14:28:00.356297
2025-09-08,13237,2025090804012545,SSHL,Siprabi Securities Pvt. Ltd.,Imperial Securities Company Pvt. Ltd.,60,174.1,10446.0,2025-09-08 14:28:14.539741
2025-09-08,13220,2025090804012547,SSHL,Dynamic Money Managers Securities Pvt. Ltd.,Imperial Securities Company Pvt. Ltd.,467,175.0,81725.0,2025-09-08 14:28:19.122246
2025-09-08,13219,2025090804012548,SSHL,Dynamic Money Managers Securities Pvt. Ltd.,Midas Stock Broking Company Private Limited,33,175.0,5775.0,2025-09-08 14:28:19.122573
2025-09-08,12908,2025090804012616,SSHL,Online Securities Pvt. Ltd.,Midas Stock Broking Company Private Limited,40,175.0,7000.0,2025-09-08 14:29:23.326299
2025-09-08,12758,2025090804012650,SSHL,Imperial Securities Company Pvt. Ltd.,Hatemalo Financial Services Private Limited,75,174.5,13087.5,2025-09-08 14:30:01.669200
2025-09-08,12757,2025090804012651,SSHL,Siprabi Securities Pvt. Ltd.,Hatemalo Financial Services Private Limited,90,174.1,15669.0,2025-09-08 14:30:01.669398
2025-09-08,12756,2025090804012652,SSHL,Sweta Securities Private Limited,Hatemalo Financial Services Private Limited,300,174.1,52230.0,2025-09-08 14:30:01.669476
2025-09-08,12755,2025090804012653,SSHL,Creative Securities Pvt Ltd,Hatemalo Financial Services Private Limited,200,174.1,34820.0,2025-09-08 14:30:01.669575
2025-09-08,12754,2025090804012654,SSHL,Sri Hari Securities Pvt. Ltd.,Hatemalo Financial Services Private Limited,135,174.0,23490.0,2025-09-08 14:30:01.669631
2025-09-08,12753,2025090804012655,SSHL,Asian Securities Private Ltd.,Hatemalo Financial Services Private Limited,50,174.0,8700.0,2025-09-08 14:30:01.669709
2025-09-08,12752,2025090804012656,SSHL,Sri Hari Securities Pvt. Ltd.,Hatemalo Financial Services Private Limited,190,174.0,33060.0,2025-09-08 14:30:01.669764
2025-09-08,12751,2025090804012657,SSHL,Bhrikuti Stock Broking Co. Pvt. Ltd.,Hatemalo Financial Services Private Limited,1000,174.0,174000.0,2025-09-08 14:30:01.669829
2025-09-08,12750,2025090804012658,SSHL,ABC Securities Private Limited,Hatemalo Financial Services Private Limited,500,174.0,87000.0,2025-09-08 14:30:01.669912
2025-09-08,12749,2025090804012659,SSHL,Naasa Securities Co. Ltd.,Hatemalo Financial Services Private Limited,100,174.0,17400.0,2025-09-08 14:30:01.670019
2025-09-08,12748,2025090804012660,SSHL,Dipshikha Dhitopatra Karobar Co. Pvt Ltd.,Hatemalo Financial Services Private Limited,100,174.0,17400.0,2025-09-08 14:30:01.670132
2025-09-08,12747,2025090804012661,SSHL,Midas Stock Broking Company Private Limited,Hatemalo Financial Services Private Limited,100,174.0,17400.0,2025-09-08 14:30:01.670196
2025-09-08,12746,2025090804012662,SSHL,Dipshikha Dhitopatra Karobar Co. Pvt Ltd.,Hatemalo Financial Services Private Limited,36,174.0,6264.0,2025-09-08 14:30:01.670273
2025-09-08,12745,2025090804012663,SSHL,Naasa Securities Co. Ltd.,Hatemalo Financial Services Private Limited,55,174.0,9570.0,2025-09-08 14:30:01.670331
2025-09-08,12744,2025090804012664,SSHL,Siprabi Securities Pvt. Ltd.,Hatemalo Financial Services Private Limited,69,174.0,12006.0,2025-09-08 14:30:01.670399
2025-09-08,10070,2025090804013343,SSHL,Nepal Investment And Securities Trading Private Limited,Siprabi Securities Pvt. Ltd.,10,175.0,1750.0,2025-09-08 14:40:24.909032
2025-09-08,10013,2025090804013370,SSHL,Sani Securities Company Ltd.,Siprabi Securities Pvt. Ltd.,10,175.0,1750.0,2025-09-08 14:40:40.654883
2025-09-08,10000,2025090804013371,SSHL,Sani Securities Company Ltd.,Siprabi Securities Pvt. Ltd.,16,175.0,2800.0,2025-09-08 14:40:43.720897
2025-09-08,9506,2025090804013579,SSHL,Naasa Securities Co. Ltd.,Siprabi Securities Pvt. Ltd.,1000,175.0,175000.0,2025-09-08 14:42:10.871765
2025-09-08,9496,2025090804013581,SSHL,Market Securities & Exchange (PVT) Ltd.,Siprabi Securities Pvt. Ltd.,10,175.0,1750.0,2025-09-08 14:42:13.294654
2025-09-08,7820,2025090804013979,SSHL,Sani Securities Company Ltd.,Kalika Securities Pvt. Ltd.,12,174.9,2098.8,2025-09-08 14:46:40.213664
2025-09-08,7819,2025090804013980,SSHL,Sani Securities Company Ltd.,Siprabi Securities Pvt. Ltd.,48,175.0,8400.0,2025-09-08 14:46:40.213859
2025-09-08,7011,2025090804014223,SSHL,Sani Securities Company Ltd.,Siprabi Securities Pvt. Ltd.,30,175.0,5250.0,2025-09-08 14:48:33.396767
2025-09-08,6996,2025090804014226,SSHL,Malla & Malla Stock Broking Company Pvt. Limited,Siprabi Securities Pvt. Ltd.,200,175.0,35000.0,2025-09-08 14:48:36.263171
2025-09-08,6835,2025090804014291,SSHL,Online Securities Pvt. Ltd.,Sani Securities Company Ltd.,100,174.9,17490.0,2025-09-08 14:49:03.682539
2025-09-08,6834,2025090804014292,SSHL,Sani Securities Company Ltd.,Sani Securities Company Ltd.,100,174.2,17420.0,2025-09-08 14:49:03.682711
2025-09-08,6833,2025090804014293,SSHL,Opal Securities Investment (PVT) Ltd.,Sani Securities Company Ltd.,800,174.1,139280.0,2025-09-08 14:49:03.682776
2025-09-08,5972,2025090804014454,SSHL,Sweta Securities Private Limited,Naasa Securities Co. Ltd.,20,174.3,3486.0,2025-09-08 14:51:05.110104
2025-09-08,5971,2025090804014455,SSHL,Premier Securities Company Ltd.,Naasa Securities Co. Ltd.,50,174.2,8710.0,2025-09-08 14:51:05.110468
2025-09-08,5970,2025090804014456,SSHL,Opal Securities Investment (PVT) Ltd.,Naasa Securities Co. Ltd.,1200,174.1,208920.0,2025-09-08 14:51:05.110665
2025-09-08,5969,2025090804014457,SSHL,Imperial Securities Company Pvt. Ltd.,Naasa Securities Co. Ltd.,730,174.0,127020.0,2025-09-08 14:51:05.110851
2025-09-08,5949,2025090804014462,SSHL,Imperial Securities Company Pvt. Ltd.,Primo Securities (PVT) Ltd.,170,174.0,29580.0,2025-09-08 14:51:07.941660
2025-09-08,5948,2025090804014463,SSHL,Online Securities Pvt. Ltd.,Primo Securities (PVT) Ltd.,200,174.0,34800.0,2025-09-08 14:51:07.941876
2025-09-08,5947,2025090804014464,SSHL,Imperial Securities Company Pvt. Ltd.,Primo Securities (PVT) Ltd.,150,174.0,26100.0,2025-09-08 14:51:07.941952
2025-09-08,5946,2025090804014465,SSHL,Aryatara Investment & Securities,Primo Securities (PVT) Ltd.,200,174.0,34800.0,2025-09-08 14:51:07.942026
2025-09-08,5945,2025090804014466,SSHL,Bhrikuti Stock Broking Co. Pvt. Ltd.,Primo Securities (PVT) Ltd.,500,174.0,87000.0,2025-09-08 14:51:07.942113
2025-09-08,5944,2025090804014467,SSHL,Siprabi Securities Pvt. Ltd.,Primo Securities (PVT) Ltd.,31,174.0,5394.0,2025-09-08 14:51:07.942181
2025-09-08,5943,2025090804014468,SSHL,Sani Securities Company Ltd.,Primo Securities (PVT) Ltd.,900,174.0,156600.0,2025-09-08 14:51:07.942250
2025-09-08,5942,2025090804014469,SSHL,Midas Stock Broking Company Private Limited,Primo Securities (PVT) Ltd.,100,174.0,17400.0,2025-09-08 14:51:07.942310
2025-09-08,5941,2025090804014470,SSHL,Nepal Stock House (PVT) Ltd.,Primo Securities (PVT) Ltd.,100,174.0,17400.0,2025-09-08 14:51:07.942391
2025-09-08,5940,2025090804014471,SSHL,Naasa Securities Co. Ltd.,Primo Securities (PVT) Ltd.,304,174.0,52896.0,2025-09-08 14:51:07.942456
2025-09-08,5939,2025090804014472,SSHL,Linch Stock Market Ltd.,Primo Securities (PVT) Ltd.,20,174.0,3480.0,2025-09-08 14:51:07.942517
2025-09-08,5929,2025090804014473,SSHL,Sani Securities Company Ltd.,Primo Securities (PVT) Ltd.,350,174.0,60900.0,2025-09-08 14:51:08.933556
2025-09-08,5464,2025090804014596,SSHL,Vision Securities Pvt. Ltd,Imperial Securities Company Pvt. Ltd.,100,173.9,17390.0,2025-09-08 14:52:17.489362
2025-09-08,5463,2025090804014597,SSHL,Naasa Securities Co. Ltd.,Imperial Securities Company Pvt. Ltd.,10,173.5,1735.0,2025-09-08 14:52:17.489468
2025-09-08,5462,2025090804014598,SSHL,Dipshikha Dhitopatra Karobar Co. Pvt Ltd.,Imperial Securities Company Pvt. Ltd.,200,173.5,34700.0,2025-09-08 14:52:17.489540
2025-09-08,5461,2025090804014599,SSHL,Trishakti Securities Public Limited,Imperial Securities Company Pvt. Ltd.,15,173.4,2601.0,2025-09-08 14:52:17.489618
2025-09-08,4181,2025090804015028,SSHL,Trishakti Securities Public Limited,Naasa Securities Co. Ltd.,50,173.4,8670.0,2025-09-08 14:54:54.787431
2025-09-08,4022,2025090804015075,SSHL,Sweta Securities Private Limited,Linch Stock Market Ltd.,150,173.5,26025.0,2025-09-08 14:55:12.074796
2025-09-08,3275,2025090804015316,SSHL,Sweta Securities Private Limited,Sani Securities Company Ltd.,50,173.5,8675.0,2025-09-08 14:56:22.944564
2025-09-08,3274,2025090804015317,SSHL,Trishakti Securities Public Limited,Sani Securities Company Ltd.,435,173.4,75429.0,2025-09-08 14:56:22.944640
2025-09-08,3273,2025090804015318,SSHL,Bhrikuti Stock Broking Co. Pvt. Ltd.,Sani Securities Company Ltd.,60,173.4,10404.0,2025-09-08 14:56:22.944667
2025-09-08,3272,2025090804015319,SSHL,Nepal Stock House (PVT) Ltd.,Sani Securities Company Ltd.,10,173.0,1730.0,2025-09-08 14:56:22.944689
2025-09-08,3271,2025090804015320,SSHL,Naasa Securities Co. Ltd.,Sani Securities Company Ltd.,10,173.0,1730.0,2025-09-08 14:56:22.944721
2025-09-08,3270,2025090804015321,SSHL,Malla & Malla Stock Broking Company Pvt. Limited,Sani Securities Company Ltd.,100,173.0,17300.0,2025-09-08 14:56:22.944746
2025-09-08,3269,2025090804015322,SSHL,Linch Stock Market Ltd.,Sani Securities Company Ltd.,10,173.0,1730.0,2025-09-08 14:56:22.944770
2025-09-08,3268,2025090804015323,SSHL,Nepal Stock House (PVT) Ltd.,Sani Securities Company Ltd.,75,173.0,12975.0,2025-09-08 14:56:22.944794
2025-09-08,3267,2025090804015324,SSHL,Dynamic Money Managers Securities Pvt. Ltd.,Sani Securities Company Ltd.,20,173.0,3460.0,2025-09-08 14:56:22.944817
2025-09-08,3266,2025090804015325,SSHL,Premier Securities Company Ltd.,Sani Securities Company Ltd.,50,173.0,8650.0,2025-09-08 14:56:22.944840
2025-09-08,3265,2025090804015326,SSHL,Dynamic Money Managers Securities Pvt. Ltd.,Sani Securities Company Ltd.,250,173.0,43250.0,2025-09-08 14:56:22.944866
2025-09-08,3264,2025090804015327,SSHL,Nepal Stock House (PVT) Ltd.,Sani Securities Company Ltd.,100,173.0,17300.0,2025-09-08 14:56:22.944889
2025-09-08,3263,2025090804015328,SSHL,Malla & Malla Stock Broking Company Pvt. Limited,Sani Securities Company Ltd.,50,173.0,8650.0,2025-09-08 14:56:22.944911
2025-09-08,3262,2025090804015329,SSHL,Sharepro Securities Private Limited,Sani Securities Company Ltd.,20,173.0,3460.0,2025-09-08 14:56:22.944934
2025-09-08,3261,2025090804015330,SSHL,SUN SECURITIES PVT LTD,Sani Securities Company Ltd.,100,173.0,17300.0,2025-09-08 14:56:22.944957
2025-09-08,3260,2025090804015331,SSHL,Imperial Securities Company Pvt. Ltd.,Sani Securities Company Ltd.,150,173.0,25950.0,2025-09-08 14:56:22.944979
2025-09-08,3259,2025090804015332,SSHL,Vision Securities Pvt. Ltd,Sani Securities Company Ltd.,10,173.0,1730.0,2025-09-08 14:56:22.945002
2025-09-08,3243,2025090804015336,SSHL,Naasa Securities Co. Ltd.,Primo Securities (PVT) Ltd.,10,174.0,1740.0,2025-09-08 14:56:25.132344
2025-09-08,2666,2025090804015501,SSHL,Online Securities Pvt. Ltd.,Primo Securities (PVT) Ltd.,10,174.0,1740.0,2025-09-08 14:57:19.892955
2025-09-08,1029,2025090804015895,SSHL,Linch Stock Market Ltd.,Primo Securities (PVT) Ltd.,10,174.0,1740.0,2025-09-08 14:59:18.800895
2025-09-08,1008,2025090804015897,SSHL,Vision Securities Pvt. Ltd,Naasa Securities Co. Ltd.,10,173.0,1730.0,2025-09-08 14:59:19.335635
2025-09-08,1007,2025090804015898,SSHL,Sumeru Securities Pvt. Ltd.,Naasa Securities Co. Ltd.,30,173.0,5190.0,2025-09-08 14:59:19.335771
2025-09-08,1006,2025090804015899,SSHL,Linch Stock Market Ltd.,Naasa Securities Co. Ltd.,10,173.0,1730.0,2025-09-08 14:59:19.335826
2025-09-08,1005,2025090804015900,SSHL,Asian Securities Private Ltd.,Naasa Securities Co. Ltd.,10,173.0,1730.0,2025-09-08 14:59:19.335879
2025-09-08,545,2025090804016021,SSHL,Trishakti Securities Public Limited,Primo Securities (PVT) Ltd.,10,174.0,1740.0,2025-09-08 14:59:38.594947
