Date,S.N.,Contract ID,Symbol,Buyer Broker,Seller Broker,quantity,rate,amount,transaction_time
2025-08-20,53640,2025082004000070,API,Nabil Stock Dealer Ltd.,Miyo Securities Pvt Ltd,100,294.0,29400.0,2025-08-20 11:02:20.370531
2025-08-20,53639,2025082004000071,API,Asian Securities Private Ltd.,Miyo Securities Pvt Ltd,20,294.0,5880.0,2025-08-20 11:02:20.370572
2025-08-20,53638,2025082004000072,API,South Asian Bulls Pvt. Ltd.,Miyo Securities Pvt Ltd,34,293.0,9962.0,2025-08-20 11:02:20.370599
2025-08-20,53497,2025082004000118,API,Trishakti Securities Public Limited,Deevyaa Securities & Stock House Pvt. Ltd,54,293.3,15838.2,2025-08-20 11:03:52.842043
2025-08-20,53264,2025082004000170,API,Sani Securities Company Ltd.,Kalika Securities Pvt. Ltd.,10,299.1,2991.0,2025-08-20 11:05:34.856575
2025-08-20,53105,2025082004000210,API,Online Securities Pvt. Ltd.,Asian Securities Private Ltd.,400,294.3,117720.0,2025-08-20 11:06:52.818982
2025-08-20,53104,2025082004000211,API,Midas Stock Broking Company Private Limited,Asian Securities Private Ltd.,100,294.2,29420.0,2025-08-20 11:06:52.819078
2025-08-20,52633,2025082004000362,API,Deevyaa Securities & Stock House Pvt. Ltd,Primo Securities (PVT) Ltd.,27,294.4,7948.8,2025-08-20 11:10:19.259803
2025-08-20,52201,2025082004000514,API,J.F. Securites (PVT) Ltd.,Elite Stock House Limited,50,295.0,14750.0,2025-08-20 11:13:04.315336
2025-08-20,52123,2025082004000533,API,J.F. Securites (PVT) Ltd.,Imperial Securities Company Pvt. Ltd.,25,295.0,7375.0,2025-08-20 11:13:47.680386
2025-08-20,51731,2025082004000651,API,J.F. Securites (PVT) Ltd.,Kohinoor Investment & Securities Pvt. Ltd.,15,295.0,4425.0,2025-08-20 11:16:19.251267
2025-08-20,51431,2025082004000752,API,Pragyan Securities (PVT) Ltd.,Naasa Securities Co. Ltd.,7,293.0,2051.0,2025-08-20 11:18:02.856184
2025-08-20,51425,2025082004000754,API,J.F. Securites (PVT) Ltd.,Infinity Securities Limited,10,295.0,2950.0,2025-08-20 11:18:06.223171
2025-08-20,51424,2025082004000755,API,Nepal Investment And Securities Trading Private Limited,Infinity Securities Limited,90,295.0,26550.0,2025-08-20 11:18:06.223372
2025-08-20,51188,2025082004000819,API,Sani Securities Company Ltd.,KALASH STOCK MARKET PVT. LTD.,10,298.0,2980.0,2025-08-20 11:19:26.496088
2025-08-20,50666,2025082004000972,API,Nepal Investment And Securities Trading Private Limited,Primo Securities (PVT) Ltd.,10,295.0,2950.0,2025-08-20 11:22:48.741372
2025-08-20,50665,2025082004000973,API,Naasa Securities Co. Ltd.,Primo Securities (PVT) Ltd.,17,295.0,5015.0,2025-08-20 11:22:48.741598
2025-08-20,50647,2025082004000976,API,Naasa Securities Co. Ltd.,Trisul Securities & Invt. Ltd.,133,295.0,39235.0,2025-08-20 11:22:58.449568
2025-08-20,50646,2025082004000977,API,Sri Hari Securities Pvt. Ltd.,Trisul Securities & Invt. Ltd.,10,295.0,2950.0,2025-08-20 11:22:58.449976
2025-08-20,50645,2025082004000978,API,Sewa Securities Pvt. Ltd.,Trisul Securities & Invt. Ltd.,30,295.0,8850.0,2025-08-20 11:22:58.450347
2025-08-20,50644,2025082004000979,API,Kalika Securities Pvt. Ltd.,Trisul Securities & Invt. Ltd.,300,295.0,88500.0,2025-08-20 11:22:58.450705
2025-08-20,50643,2025082004000980,API,Dipshikha Dhitopatra Karobar Co. Pvt Ltd.,Trisul Securities & Invt. Ltd.,100,295.0,29500.0,2025-08-20 11:22:58.451044
2025-08-20,50642,2025082004000981,API,Kohinoor Investment & Securities Pvt. Ltd.,Trisul Securities & Invt. Ltd.,200,295.0,59000.0,2025-08-20 11:22:58.451412
2025-08-20,50641,2025082004000982,API,Creative Securities Pvt Ltd,Trisul Securities & Invt. Ltd.,277,295.0,81715.0,2025-08-20 11:22:58.451774
2025-08-20,50358,2025082004001053,API,Creative Securities Pvt Ltd,Kohinoor Investment & Securities Pvt. Ltd.,15,295.0,4425.0,2025-08-20 11:24:27.317655
2025-08-20,50187,2025082004001090,API,NIMB Stock Markets Limited,Agrawal Securities (PVT) Ltd.,100,295.0,29500.0,2025-08-20 11:25:20.985358
2025-08-20,50186,2025082004001091,API,Premier Securities Company Ltd.,Agrawal Securities (PVT) Ltd.,10,295.0,2950.0,2025-08-20 11:25:20.985577
2025-08-20,50185,2025082004001092,API,Neev Securities Pvt. Ltd.,Agrawal Securities (PVT) Ltd.,100,294.5,29450.0,2025-08-20 11:25:20.985677
2025-08-20,50184,2025082004001093,API,Ashutosh Brokerage & Securities (PVT) Ltd.,Agrawal Securities (PVT) Ltd.,200,294.5,58900.0,2025-08-20 11:25:20.985763
2025-08-20,50183,2025082004001094,API,Linch Stock Market Ltd.,Agrawal Securities (PVT) Ltd.,30,294.5,8835.0,2025-08-20 11:25:20.985851
2025-08-20,50182,2025082004001095,API,Deevyaa Securities & Stock House Pvt. Ltd,Agrawal Securities (PVT) Ltd.,373,294.4,109811.2,2025-08-20 11:25:20.985935
2025-08-20,50181,2025082004001096,API,Midas Stock Broking Company Private Limited,Agrawal Securities (PVT) Ltd.,187,294.2,55015.4,2025-08-20 11:25:20.986019
2025-08-20,49797,2025082004001213,API,Midas Stock Broking Company Private Limited,Stoxkarts Securities Limited,13,297.9,3872.7,2025-08-20 11:27:17.916481
2025-08-20,49311,2025082004001327,API,Asian Securities Private Ltd.,Himalayan Securities Limited,57,296.0,16872.0,2025-08-20 11:30:27.669284
2025-08-20,48574,2025082004001501,API,Primo Securities (PVT) Ltd.,Primo Securities (PVT) Ltd.,7,296.3,2074.1,2025-08-20 11:34:00.814292
2025-08-20,47883,2025082004001687,API,Asian Securities Private Ltd.,Kohinoor Investment & Securities Pvt. Ltd.,193,296.0,57128.0,2025-08-20 11:37:38.493019
2025-08-20,47882,2025082004001688,API,Naasa Securities Co. Ltd.,Kohinoor Investment & Securities Pvt. Ltd.,260,296.0,76960.0,2025-08-20 11:37:38.493145
2025-08-20,47169,2025082004001897,API,KALASH STOCK MARKET PVT. LTD.,J.F. Securites (PVT) Ltd.,100,296.1,29610.0,2025-08-20 11:41:38.352071
2025-08-20,46393,2025082004002098,API,Sundhara Securities Limited,Sani Securities Company Ltd.,10,296.1,2961.0,2025-08-20 11:45:18.689760
2025-08-20,46125,2025082004002169,API,Sundhara Securities Limited,Nepal Stock House (PVT) Ltd.,90,296.1,26649.0,2025-08-20 11:46:51.629598
2025-08-20,46022,2025082004002206,API,Naasa Securities Co. Ltd.,Nepal Stock House (PVT) Ltd.,30,296.1,8883.0,2025-08-20 11:47:32.326674
2025-08-20,45990,2025082004002209,API,Siprabi Securities Pvt. Ltd.,Nepal Stock House (PVT) Ltd.,19,296.1,5625.9,2025-08-20 11:47:52.280927
2025-08-20,45800,2025082004002283,API,Naasa Securities Co. Ltd.,Sani Securities Company Ltd.,740,296.0,219040.0,2025-08-20 11:48:45.906356
2025-08-20,45799,2025082004002284,API,Naasa Securities Co. Ltd.,Sani Securities Company Ltd.,1000,296.0,296000.0,2025-08-20 11:48:45.906853
2025-08-20,45798,2025082004002285,API,Naasa Securities Co. Ltd.,Sani Securities Company Ltd.,260,296.0,76960.0,2025-08-20 11:48:45.907193
2025-08-20,45723,2025082004002310,API,Himalayan Brokerage Company Limited,Nepal Stock House (PVT) Ltd.,18,296.1,5329.8,2025-08-20 11:49:09.827219
2025-08-20,45722,2025082004002311,API,Himalayan Brokerage Company Limited,Secured Securities Ltd.,39,296.1,11547.9,2025-08-20 11:49:09.827286
2025-08-20,45654,2025082004002331,API,Himalayan Brokerage Company Limited,Naasa Securities Co. Ltd.,800,296.5,237200.0,2025-08-20 11:49:31.859777
2025-08-20,45445,2025082004002359,API,ABC Securities Private Limited,Bhrikuti Stock Broking Co. Pvt. Ltd.,500,296.6,148300.0,2025-08-20 11:50:34.343508
2025-08-20,45444,2025082004002360,API,Imperial Securities Company Pvt. Ltd.,Bhrikuti Stock Broking Co. Pvt. Ltd.,310,296.5,91915.0,2025-08-20 11:50:34.343777
2025-08-20,45443,2025082004002361,API,Miyo Securities Pvt Ltd,Bhrikuti Stock Broking Co. Pvt. Ltd.,81,296.1,23984.1,2025-08-20 11:50:34.343919
2025-08-20,45401,2025082004002371,API,Miyo Securities Pvt Ltd,Aryatara Investment & Securities,101,296.1,29906.1,2025-08-20 11:50:49.271818
2025-08-20,44931,2025082004002506,API,Miyo Securities Pvt Ltd,Premier Securities Company Ltd.,500,296.1,148050.0,2025-08-20 11:53:08.789667
2025-08-20,44701,2025082004002567,API,Miyo Securities Pvt Ltd,ABC Securities Private Limited,700,296.1,207270.0,2025-08-20 11:54:20.906557
2025-08-20,44619,2025082004002587,API,Miyo Securities Pvt Ltd,Premier Securities Company Ltd.,118,296.1,34939.8,2025-08-20 11:54:43.122773
2025-08-20,44618,2025082004002588,API,Kalika Securities Pvt. Ltd.,Premier Securities Company Ltd.,150,296.1,44415.0,2025-08-20 11:54:43.123086
2025-08-20,44048,2025082004002756,API,Secured Securities Ltd.,Sani Securities Company Ltd.,137,297.0,40689.0,2025-08-20 11:57:31.155424
2025-08-20,44047,2025082004002757,API,Secured Securities Ltd.,Online Securities Pvt. Ltd.,110,297.0,32670.0,2025-08-20 11:57:31.155969
2025-08-20,44046,2025082004002758,API,Secured Securities Ltd.,Stoxkarts Securities Limited,37,297.9,11022.3,2025-08-20 11:57:31.156361
2025-08-20,44045,2025082004002759,API,Secured Securities Ltd.,Sewa Securities Pvt. Ltd.,135,298.0,40230.0,2025-08-20 11:57:31.156721
2025-08-20,44044,2025082004002760,API,Secured Securities Ltd.,Online Securities Pvt. Ltd.,10,298.0,2980.0,2025-08-20 11:57:31.157083
2025-08-20,44043,2025082004002761,API,Secured Securities Ltd.,Vision Securities Pvt. Ltd,50,298.0,14900.0,2025-08-20 11:57:31.157437
2025-08-20,44042,2025082004002762,API,Secured Securities Ltd.,Kalika Securities Pvt. Ltd.,500,298.0,149000.0,2025-08-20 11:57:31.157791
2025-08-20,44041,2025082004002763,API,Secured Securities Ltd.,Asian Securities Private Ltd.,21,298.0,6258.0,2025-08-20 11:57:31.158130
2025-08-20,43958,2025082004002781,API,Naasa Securities Co. Ltd.,Himalayan Securities Limited,332,296.0,98272.0,2025-08-20 11:57:52.305204
2025-08-20,42828,2025082004003070,API,Naasa Securities Co. Ltd.,Siprabi Securities Pvt. Ltd.,15,297.5,4462.5,2025-08-20 12:03:54.434670
2025-08-20,41531,2025082004003325,API,Asian Securities Private Ltd.,Kalika Securities Pvt. Ltd.,300,296.1,88830.0,2025-08-20 12:11:12.543851
2025-08-20,41457,2025082004003342,API,Asian Securities Private Ltd.,Agrawal Securities (PVT) Ltd.,56,296.1,16581.6,2025-08-20 12:11:38.779503
2025-08-20,41177,2025082004003429,API,Midas Stock Broking Company Private Limited,Midas Stock Broking Company Private Limited,2,292.0,584.0,2025-08-20 12:13:16.189698
2025-08-20,41166,2025082004003433,API,Asian Securities Private Ltd.,Thrive Brokerage House Pvt. Ltd,14,296.1,4145.4,2025-08-20 12:13:21.879170
2025-08-20,41035,2025082004003471,API,Vision Securities Pvt. Ltd,Asian Securities Private Ltd.,200,297.0,59400.0,2025-08-20 12:13:53.267695
2025-08-20,41034,2025082004003472,API,Vision Securities Pvt. Ltd,Nepal Stock House (PVT) Ltd.,51,297.0,15147.0,2025-08-20 12:13:53.267811
2025-08-20,40618,2025082004003545,API,Asian Securities Private Ltd.,J.F. Securites (PVT) Ltd.,31,296.1,9179.1,2025-08-20 12:16:13.016899
2025-08-20,40119,2025082004003633,API,Naasa Securities Co. Ltd.,Nepal Stock House (PVT) Ltd.,50,297.0,14850.0,2025-08-20 12:19:22.596596
2025-08-20,40097,2025082004003640,API,Naasa Securities Co. Ltd.,Nepal Stock House (PVT) Ltd.,439,297.0,130383.0,2025-08-20 12:19:34.650183
2025-08-20,40037,2025082004003657,API,Asian Securities Private Ltd.,Primo Securities (PVT) Ltd.,15,297.5,4462.5,2025-08-20 12:19:53.616628
2025-08-20,40036,2025082004003658,API,Asian Securities Private Ltd.,Kalika Securities Pvt. Ltd.,184,297.5,54740.0,2025-08-20 12:19:53.617250
2025-08-20,39366,2025082004003764,API,Naasa Securities Co. Ltd.,Premier Securities Company Ltd.,461,297.0,136917.0,2025-08-20 12:23:09.812249
2025-08-20,39365,2025082004003765,API,Naasa Securities Co. Ltd.,Premier Securities Company Ltd.,339,297.0,100683.0,2025-08-20 12:23:09.812639
2025-08-20,39228,2025082004003784,API,Naasa Securities Co. Ltd.,ABC Securities Private Limited,56,297.0,16632.0,2025-08-20 12:23:41.453257
2025-08-20,39213,2025082004003788,API,Naasa Securities Co. Ltd.,Kalika Securities Pvt. Ltd.,13,297.0,3861.0,2025-08-20 12:23:47.463086
2025-08-20,39087,2025082004003807,API,Primo Securities (PVT) Ltd.,Primo Securities (PVT) Ltd.,1,291.1,291.1,2025-08-20 12:24:30.144980
2025-08-20,38924,2025082004003841,API,Aakashbhairab Securities Ltd.,Kalika Securities Pvt. Ltd.,187,297.0,55539.0,2025-08-20 12:25:36.056449
2025-08-20,38923,2025082004003842,API,Aakashbhairab Securities Ltd.,Vision Securities Pvt. Ltd,148,297.0,43956.0,2025-08-20 12:25:36.056770
2025-08-20,38620,2025082004003895,API,Opal Securities Investment (PVT) Ltd.,Vision Securities Pvt. Ltd,20,297.0,5940.0,2025-08-20 12:27:32.411806
2025-08-20,38399,2025082004003943,API,Naasa Securities Co. Ltd.,Vision Securities Pvt. Ltd,10,297.0,2970.0,2025-08-20 12:28:41.454066
2025-08-20,38053,2025082004004029,API,Prabhu Stock Market Limited,Dipshikha Dhitopatra Karobar Co. Pvt Ltd.,180,296.6,53388.0,2025-08-20 12:30:52.439684
2025-08-20,37618,2025082004004140,API,Prabhu Stock Market Limited,Vision Securities Pvt. Ltd,20,296.6,5932.0,2025-08-20 12:33:25.495832
2025-08-20,37617,2025082004004141,API,Sani Securities Company Ltd.,Vision Securities Pvt. Ltd,80,296.6,23728.0,2025-08-20 12:33:25.496241
2025-08-20,37041,2025082004004348,API,Sani Securities Company Ltd.,Premier Securities Company Ltd.,20,296.6,5932.0,2025-08-20 12:36:04.075772
2025-08-20,36902,2025082004004396,API,Dipshikha Dhitopatra Karobar Co. Pvt Ltd.,Premier Securities Company Ltd.,50,296.6,14830.0,2025-08-20 12:36:23.930991
2025-08-20,36748,2025082004004434,API,Sundhara Securities Limited,Trisul Securities & Invt. Ltd.,20,296.3,5926.0,2025-08-20 12:37:10.223495
2025-08-20,36747,2025082004004435,API,S.P.S.A. Securities Limited,Trisul Securities & Invt. Ltd.,60,296.2,17772.0,2025-08-20 12:37:10.223842
2025-08-20,36746,2025082004004436,API,Sharepro Securities Private Limited,Trisul Securities & Invt. Ltd.,220,296.1,65142.0,2025-08-20 12:37:10.223993
2025-08-20,36515,2025082004004513,API,Sharepro Securities Private Limited,ABC Securities Private Limited,620,296.1,183582.0,2025-08-20 12:38:11.164634
2025-08-20,36473,2025082004004521,API,Sharepro Securities Private Limited,Naasa Securities Co. Ltd.,100,296.1,29610.0,2025-08-20 12:38:19.238816
2025-08-20,36071,2025082004004664,API,Sharepro Securities Private Limited,Thrive Brokerage House Pvt. Ltd,17,296.1,5033.7,2025-08-20 12:39:43.492544
2025-08-20,36004,2025082004004694,API,Sharepro Securities Private Limited,Nepal Stock House (PVT) Ltd.,1000,296.1,296100.0,2025-08-20 12:40:02.901406
2025-08-20,35990,2025082004004698,API,Sharepro Securities Private Limited,Midas Stock Broking Company Private Limited,351,296.1,103931.1,2025-08-20 12:40:06.547507
2025-08-20,35520,2025082004004816,API,Imperial Securities Company Pvt. Ltd.,Oxford Securities Pvt. Ltd.,10,296.7,2967.0,2025-08-20 12:42:12.859858
2025-08-20,35414,2025082004004858,API,South Asian Bulls Pvt. Ltd.,Nepal Stock House (PVT) Ltd.,400,296.8,118720.0,2025-08-20 12:42:53.906378
2025-08-20,34984,2025082004004973,API,Vision Securities Pvt. Ltd,Nepal Stock House (PVT) Ltd.,69,296.8,20479.2,2025-08-20 12:44:40.105775
2025-08-20,34983,2025082004004974,API,Vision Securities Pvt. Ltd,Nepal Investment And Securities Trading Private Limited,31,296.9,9203.9,2025-08-20 12:44:40.105818
2025-08-20,34447,2025082004005116,API,Linch Stock Market Ltd.,Nepal Investment And Securities Trading Private Limited,28,296.9,8313.2,2025-08-20 12:48:11.370082
2025-08-20,34446,2025082004005117,API,Linch Stock Market Ltd.,KALASH STOCK MARKET PVT. LTD.,90,296.9,26721.0,2025-08-20 12:48:11.370453
2025-08-20,34445,2025082004005118,API,Linch Stock Market Ltd.,Vision Securities Pvt. Ltd,822,297.0,244134.0,2025-08-20 12:48:11.370611
2025-08-20,34444,2025082004005119,API,Linch Stock Market Ltd.,Cristal Kanchanjanga Securites Pvt. Ltd.,200,297.0,59400.0,2025-08-20 12:48:11.370799
2025-08-20,34443,2025082004005120,API,Linch Stock Market Ltd.,Siprabi Securities Pvt. Ltd.,105,297.0,31185.0,2025-08-20 12:48:11.371012
2025-08-20,34442,2025082004005121,API,Linch Stock Market Ltd.,Kohinoor Investment & Securities Pvt. Ltd.,270,297.0,80190.0,2025-08-20 12:48:11.371202
2025-08-20,34441,2025082004005122,API,Linch Stock Market Ltd.,Trishakti Securities Public Limited,200,297.0,59400.0,2025-08-20 12:48:11.371408
2025-08-20,34440,2025082004005123,API,Linch Stock Market Ltd.,Naasa Securities Co. Ltd.,36,297.0,10692.0,2025-08-20 12:48:11.371609
2025-08-20,34439,2025082004005124,API,Linch Stock Market Ltd.,Kohinoor Investment & Securities Pvt. Ltd.,94,297.0,27918.0,2025-08-20 12:48:11.371779
2025-08-20,34266,2025082004005170,API,Linch Stock Market Ltd.,K.B.L. Securities Limited ,50,297.0,14850.0,2025-08-20 12:49:07.551684
2025-08-20,34112,2025082004005219,API,Linch Stock Market Ltd.,Naasa Securities Co. Ltd.,63,297.0,18711.0,2025-08-20 12:50:22.925415
2025-08-20,34097,2025082004005222,API,Linch Stock Market Ltd.,Cristal Kanchanjanga Securites Pvt. Ltd.,42,297.0,12474.0,2025-08-20 12:50:31.536279
2025-08-20,34096,2025082004005223,API,Aryatara Investment & Securities,Cristal Kanchanjanga Securites Pvt. Ltd.,258,297.0,76626.0,2025-08-20 12:50:31.536715
2025-08-20,33997,2025082004005249,API,Aryatara Investment & Securities,Siprabi Securities Pvt. Ltd.,62,297.0,18414.0,2025-08-20 12:51:05.983814
2025-08-20,33319,2025082004005422,API,Imperial Securities Company Pvt. Ltd.,Naasa Securities Co. Ltd.,290,296.7,86043.0,2025-08-20 12:54:43.774997
2025-08-20,33318,2025082004005423,API,Sharepro Securities Private Limited,Naasa Securities Co. Ltd.,692,296.1,204901.2,2025-08-20 12:54:43.775374
2025-08-20,33317,2025082004005424,API,Primo Securities (PVT) Ltd.,Naasa Securities Co. Ltd.,18,296.0,5328.0,2025-08-20 12:54:43.775533
2025-08-20,33211,2025082004005440,API,Primo Securities (PVT) Ltd.,Dynamic Money Managers Securities Pvt. Ltd.,182,296.0,53872.0,2025-08-20 12:55:14.785421
2025-08-20,33210,2025082004005441,API,Online Securities Pvt. Ltd.,Dynamic Money Managers Securities Pvt. Ltd.,18,296.0,5328.0,2025-08-20 12:55:14.786108
2025-08-20,32939,2025082004005490,API,Vision Securities Pvt. Ltd,Online Securities Pvt. Ltd.,550,296.9,163295.0,2025-08-20 12:56:42.277129
2025-08-20,32938,2025082004005491,API,Vision Securities Pvt. Ltd,Siprabi Securities Pvt. Ltd.,622,297.0,184734.0,2025-08-20 12:56:42.277511
2025-08-20,32937,2025082004005492,API,Vision Securities Pvt. Ltd,Linch Stock Market Ltd.,200,297.0,59400.0,2025-08-20 12:56:42.277671
2025-08-20,32936,2025082004005493,API,Vision Securities Pvt. Ltd,Nepal Investment And Securities Trading Private Limited,740,297.0,219780.0,2025-08-20 12:56:42.277824
2025-08-20,32935,2025082004005494,API,Vision Securities Pvt. Ltd,Kalika Securities Pvt. Ltd.,16,297.5,4760.0,2025-08-20 12:56:42.277975
2025-08-20,32934,2025082004005495,API,Vision Securities Pvt. Ltd,Arun Securities (PVT) Ltd.,1872,297.5,556920.0,2025-08-20 12:56:42.278131
2025-08-20,32821,2025082004005510,API,Vision Securities Pvt. Ltd,K.B.L. Securities Limited ,200,297.0,59400.0,2025-08-20 12:57:06.367901
2025-08-20,32455,2025082004005596,API,Aryatara Investment & Securities,K.B.L. Securities Limited ,118,296.9,35034.2,2025-08-20 12:59:26.101600
2025-08-20,32205,2025082004005623,API,Naasa Securities Co. Ltd.,Kalika Securities Pvt. Ltd.,15,296.6,4449.0,2025-08-20 13:00:44.065825
2025-08-20,32059,2025082004005660,API,Sewa Securities Pvt. Ltd.,Kalika Securities Pvt. Ltd.,300,296.6,88980.0,2025-08-20 13:01:17.114920
2025-08-20,31919,2025082004005702,API,Naasa Securities Co. Ltd.,Imperial Securities Company Pvt. Ltd.,20,296.5,5930.0,2025-08-20 13:02:01.910959
2025-08-20,31918,2025082004005703,API,J.F. Securites (PVT) Ltd.,Imperial Securities Company Pvt. Ltd.,955,296.1,282775.5,2025-08-20 13:02:01.911341
2025-08-20,31783,2025082004005739,API,Kohinoor Investment & Securities Pvt. Ltd.,Kumari Securities Private Limited,15,296.5,4447.5,2025-08-20 13:02:43.172308
2025-08-20,31782,2025082004005740,API,Kohinoor Investment & Securities Pvt. Ltd.,Kalika Securities Pvt. Ltd.,285,296.6,84531.0,2025-08-20 13:02:43.172676
2025-08-20,31142,2025082004005922,API,J.F. Securites (PVT) Ltd.,SUN SECURITIES PVT LTD,45,296.1,13324.5,2025-08-20 13:05:58.035249
2025-08-20,30968,2025082004005949,API,Dakshinkali Investment & Securities Pvt. Ltd.,Agrawal Securities (PVT) Ltd.,300,296.1,88830.0,2025-08-20 13:06:59.500376
2025-08-20,30967,2025082004005950,API,Imperial Securities Company Pvt. Ltd.,Agrawal Securities (PVT) Ltd.,10,296.0,2960.0,2025-08-20 13:06:59.500768
2025-08-20,30966,2025082004005951,API,Imperial Securities Company Pvt. Ltd.,Agrawal Securities (PVT) Ltd.,10,296.0,2960.0,2025-08-20 13:06:59.500978
2025-08-20,30965,2025082004005952,API,Blue Chip Securities Ltd,Agrawal Securities (PVT) Ltd.,50,296.0,14800.0,2025-08-20 13:06:59.501161
2025-08-20,30964,2025082004005953,API,Primo Securities (PVT) Ltd.,Agrawal Securities (PVT) Ltd.,200,296.0,59200.0,2025-08-20 13:06:59.501328
2025-08-20,30963,2025082004005954,API,Sani Securities Company Ltd.,Agrawal Securities (PVT) Ltd.,30,296.0,8880.0,2025-08-20 13:06:59.501503
2025-08-20,30902,2025082004005971,API,Sani Securities Company Ltd.,Kalika Securities Pvt. Ltd.,308,296.0,91168.0,2025-08-20 13:07:24.278819
2025-08-20,30901,2025082004005972,API,Aryatara Investment & Securities,Kalika Securities Pvt. Ltd.,150,296.0,44400.0,2025-08-20 13:07:24.279219
2025-08-20,30900,2025082004005973,API,Prabhu Stock Market Limited,Kalika Securities Pvt. Ltd.,100,296.0,29600.0,2025-08-20 13:07:24.279413
2025-08-20,30899,2025082004005974,API,Online Securities Pvt. Ltd.,Kalika Securities Pvt. Ltd.,30,296.0,8880.0,2025-08-20 13:07:24.279600
2025-08-20,30898,2025082004005975,API,Online Securities Pvt. Ltd.,Kalika Securities Pvt. Ltd.,402,296.0,118992.0,2025-08-20 13:07:24.279758
2025-08-20,30897,2025082004005976,API,Imperial Securities Company Pvt. Ltd.,Kalika Securities Pvt. Ltd.,10,296.0,2960.0,2025-08-20 13:07:24.279920
2025-08-20,30760,2025082004006045,API,Imperial Securities Company Pvt. Ltd.,Siprabi Securities Pvt. Ltd.,19,296.0,5624.0,2025-08-20 13:08:15.146996
2025-08-20,30759,2025082004006046,API,Deevyaa Securities & Stock House Pvt. Ltd,Siprabi Securities Pvt. Ltd.,684,296.0,202464.0,2025-08-20 13:08:15.147740
2025-08-20,30727,2025082004006053,API,Deevyaa Securities & Stock House Pvt. Ltd,Cristal Kanchanjanga Securites Pvt. Ltd.,200,296.0,59200.0,2025-08-20 13:08:26.107417
2025-08-20,30707,2025082004006059,API,Online Securities Pvt. Ltd.,Ashutosh Brokerage & Securities (PVT) Ltd.,2,296.0,592.0,2025-08-20 13:08:36.559234
2025-08-20,29717,2025082004006306,API,Deevyaa Securities & Stock House Pvt. Ltd,Creative Securities Pvt Ltd,35,296.0,10360.0,2025-08-20 13:14:55.844518
2025-08-20,29704,2025082004006308,API,Deevyaa Securities & Stock House Pvt. Ltd,Naasa Securities Co. Ltd.,23,296.0,6808.0,2025-08-20 13:15:00.774881
2025-08-20,29665,2025082004006315,API,Online Securities Pvt. Ltd.,Kalika Securities Pvt. Ltd.,400,296.6,118640.0,2025-08-20 13:15:14.121090
2025-08-20,29288,2025082004006419,API,Deevyaa Securities & Stock House Pvt. Ltd,Oxford Securities Pvt. Ltd.,58,296.0,17168.0,2025-08-20 13:17:11.016554
2025-08-20,29287,2025082004006420,API,Aryatara Investment & Securities,Oxford Securities Pvt. Ltd.,150,296.0,44400.0,2025-08-20 13:17:11.017032
2025-08-20,29286,2025082004006421,API,Siprabi Securities Pvt. Ltd.,Oxford Securities Pvt. Ltd.,25,296.0,7400.0,2025-08-20 13:17:11.017279
2025-08-20,29285,2025082004006422,API,Naasa Securities Co. Ltd.,Oxford Securities Pvt. Ltd.,10,296.0,2960.0,2025-08-20 13:17:11.017525
2025-08-20,29239,2025082004006432,API,Market Securities & Exchange (PVT) Ltd.,K.B.L. Securities Limited ,10,296.9,2969.0,2025-08-20 13:17:19.828694
2025-08-20,27531,2025082004006909,API,Nabil Stock Dealer Ltd.,Midas Stock Broking Company Private Limited,10,296.0,2960.0,2025-08-20 13:26:53.288796
2025-08-20,27530,2025082004006910,API,Nepal Investment And Securities Trading Private Limited,Midas Stock Broking Company Private Limited,23,296.0,6808.0,2025-08-20 13:26:53.289259
2025-08-20,27529,2025082004006911,API,Aryatara Investment & Securities,Midas Stock Broking Company Private Limited,100,296.0,29600.0,2025-08-20 13:26:53.289513
2025-08-20,27285,2025082004006979,API,BHOLE GANESH SECURITIES LTD,Midas Stock Broking Company Private Limited,21,296.0,6216.0,2025-08-20 13:27:59.444667
2025-08-20,26666,2025082004007209,API,Sharepro Securities Private Limited,Nepal Stock House (PVT) Ltd.,1000,296.5,296500.0,2025-08-20 13:31:15.782881
2025-08-20,26665,2025082004007210,API,Sharepro Securities Private Limited,K.B.L. Securities Limited ,422,296.5,125123.0,2025-08-20 13:31:15.783000
2025-08-20,26162,2025082004007298,API,Neev Securities Pvt. Ltd.,Shree Krishna Securities Ltd.,49,296.0,14504.0,2025-08-20 13:34:13.161420
2025-08-20,26154,2025082004007301,API,South Asian Bulls Pvt. Ltd.,Thrive Brokerage House Pvt. Ltd,100,296.7,29670.0,2025-08-20 13:34:18.939647
2025-08-20,25859,2025082004007397,API,Sharepro Securities Private Limited,Shree Krishna Securities Ltd.,49,296.5,14528.5,2025-08-20 13:35:41.395785
2025-08-20,24844,2025082004007717,API,Linch Stock Market Ltd.,Kalika Securities Pvt. Ltd.,50,296.2,14810.0,2025-08-20 13:41:00.170225
2025-08-20,24731,2025082004007747,API,Sweta Securities Private Limited,Kalika Securities Pvt. Ltd.,450,296.2,133290.0,2025-08-20 13:41:51.320291
2025-08-20,24730,2025082004007748,API,Sweta Securities Private Limited,Thrive Brokerage House Pvt. Ltd,50,296.7,14835.0,2025-08-20 13:41:51.320755
2025-08-20,24610,2025082004007784,API,Neev Securities Pvt. Ltd.,Vision Securities Pvt. Ltd,151,296.0,44696.0,2025-08-20 13:42:39.073411
2025-08-20,24609,2025082004007785,API,Imperial Securities Company Pvt. Ltd.,Vision Securities Pvt. Ltd,49,296.0,14504.0,2025-08-20 13:42:39.074256
2025-08-20,24608,2025082004007786,API,Imperial Securities Company Pvt. Ltd.,SUN SECURITIES PVT LTD,1,296.0,296.0,2025-08-20 13:42:39.074566
2025-08-20,24465,2025082004007826,API,Himalayan Brokerage Company Limited,Thrive Brokerage House Pvt. Ltd,350,296.7,103845.0,2025-08-20 13:43:26.266255
2025-08-20,24180,2025082004007910,API,Naasa Securities Co. Ltd.,Imperial Securities Company Pvt. Ltd.,10,296.9,2969.0,2025-08-20 13:44:49.333922
2025-08-20,24179,2025082004007911,API,Naasa Securities Co. Ltd.,Trishakti Securities Public Limited,35,296.9,10391.5,2025-08-20 13:44:49.334412
2025-08-20,24150,2025082004007922,API,Imperial Securities Company Pvt. Ltd.,Nepal Stock House (PVT) Ltd.,10,296.0,2960.0,2025-08-20 13:45:00.137653
2025-08-20,24149,2025082004007923,API,Linch Stock Market Ltd.,Nepal Stock House (PVT) Ltd.,10,296.0,2960.0,2025-08-20 13:45:00.138092
2025-08-20,24148,2025082004007924,API,Online Securities Pvt. Ltd.,Nepal Stock House (PVT) Ltd.,57,296.0,16872.0,2025-08-20 13:45:00.138353
2025-08-20,24091,2025082004007933,API,Online Securities Pvt. Ltd.,Aakashbhairab Securities Ltd.,283,296.0,83768.0,2025-08-20 13:45:19.526776
2025-08-20,24090,2025082004007934,API,Prabhu Stock Market Limited,Aakashbhairab Securities Ltd.,100,296.0,29600.0,2025-08-20 13:45:19.527275
2025-08-20,24089,2025082004007935,API,Sundhara Securities Limited,Aakashbhairab Securities Ltd.,15,295.8,4437.0,2025-08-20 13:45:19.527585
2025-08-20,24088,2025082004007936,API,Trishakti Securities Public Limited,Aakashbhairab Securities Ltd.,1000,295.8,295800.0,2025-08-20 13:45:19.527885
2025-08-20,23388,2025082004008122,API,Premier Securities Company Ltd.,ABC Securities Private Limited,12,295.5,3546.0,2025-08-20 13:49:19.509223
2025-08-20,23369,2025082004008126,API,Premier Securities Company Ltd.,Aakashbhairab Securities Ltd.,488,295.5,144204.0,2025-08-20 13:49:25.895404
2025-08-20,23368,2025082004008127,API,KALASH STOCK MARKET PVT. LTD.,Aakashbhairab Securities Ltd.,50,295.4,14770.0,2025-08-20 13:49:25.895830
2025-08-20,23367,2025082004008128,API,Online Securities Pvt. Ltd.,Aakashbhairab Securities Ltd.,35,295.1,10328.5,2025-08-20 13:49:25.896026
2025-08-20,23366,2025082004008129,API,South Asian Bulls Pvt. Ltd.,Aakashbhairab Securities Ltd.,400,295.1,118040.0,2025-08-20 13:49:25.896221
2025-08-20,23365,2025082004008130,API,Trisul Securities & Invt. Ltd.,Aakashbhairab Securities Ltd.,100,295.1,29510.0,2025-08-20 13:49:25.896411
2025-08-20,23364,2025082004008131,API,Oxford Securities Pvt. Ltd.,Aakashbhairab Securities Ltd.,259,295.1,76430.9,2025-08-20 13:49:25.896603
2025-08-20,23112,2025082004008206,API,Oxford Securities Pvt. Ltd.,J.F. Securites (PVT) Ltd.,41,295.1,12099.1,2025-08-20 13:50:45.554255
2025-08-20,23082,2025082004008213,API,Shree Krishna Securities Ltd.,J.F. Securites (PVT) Ltd.,209,295.1,61675.9,2025-08-20 13:51:05.511441
2025-08-20,23081,2025082004008214,API,Shree Krishna Securities Ltd.,Trishakti Securities Public Limited,488,295.5,144204.0,2025-08-20 13:51:05.512337
2025-08-20,23080,2025082004008215,API,Shree Krishna Securities Ltd.,Trishakti Securities Public Limited,465,296.9,138058.5,2025-08-20 13:51:05.513209
2025-08-20,23079,2025082004008216,API,Shree Krishna Securities Ltd.,Imperial Securities Company Pvt. Ltd.,175,297.0,51975.0,2025-08-20 13:51:05.514042
2025-08-20,23078,2025082004008217,API,Shree Krishna Securities Ltd.,Asian Securities Private Ltd.,1000,297.0,297000.0,2025-08-20 13:51:05.514740
2025-08-20,23077,2025082004008218,API,Shree Krishna Securities Ltd.,Trisul Securities & Invt. Ltd.,138,297.0,40986.0,2025-08-20 13:51:05.515530
2025-08-20,23076,2025082004008219,API,Shree Krishna Securities Ltd.,Kumari Securities Private Limited,35,297.0,10395.0,2025-08-20 13:51:05.516199
2025-08-20,23075,2025082004008220,API,Shree Krishna Securities Ltd.,Trisul Securities & Invt. Ltd.,47,297.0,13959.0,2025-08-20 13:51:05.516961
2025-08-20,23074,2025082004008221,API,Shree Krishna Securities Ltd.,Nepal Investment And Securities Trading Private Limited,50,297.0,14850.0,2025-08-20 13:51:05.517687
2025-08-20,23073,2025082004008222,API,Shree Krishna Securities Ltd.,Nepal Investment And Securities Trading Private Limited,50,297.0,14850.0,2025-08-20 13:51:05.518451
2025-08-20,23072,2025082004008223,API,Shree Krishna Securities Ltd.,Kalika Securities Pvt. Ltd.,500,297.0,148500.0,2025-08-20 13:51:05.519139
2025-08-20,23071,2025082004008224,API,Shree Krishna Securities Ltd.,Arun Securities (PVT) Ltd.,128,297.5,38080.0,2025-08-20 13:51:05.519936
2025-08-20,23070,2025082004008225,API,Shree Krishna Securities Ltd.,Linch Stock Market Ltd.,100,297.5,29750.0,2025-08-20 13:51:05.520592
2025-08-20,23069,2025082004008226,API,Shree Krishna Securities Ltd.,Linch Stock Market Ltd.,150,297.5,44625.0,2025-08-20 13:51:05.521349
2025-08-20,23068,2025082004008227,API,Shree Krishna Securities Ltd.,Dipshikha Dhitopatra Karobar Co. Pvt Ltd.,50,297.5,14875.0,2025-08-20 13:51:05.522054
2025-08-20,23067,2025082004008228,API,Shree Krishna Securities Ltd.,Sundhara Securities Limited,85,297.5,25287.5,2025-08-20 13:51:05.522771
2025-08-20,23066,2025082004008229,API,Shree Krishna Securities Ltd.,Siprabi Securities Pvt. Ltd.,157,297.6,46723.2,2025-08-20 13:51:05.523557
2025-08-20,23065,2025082004008230,API,Shree Krishna Securities Ltd.,Vision Securities Pvt. Ltd,1000,297.6,297600.0,2025-08-20 13:51:05.524377
2025-08-20,23064,2025082004008231,API,Shree Krishna Securities Ltd.,Online Securities Pvt. Ltd.,173,297.7,51502.1,2025-08-20 13:51:05.525114
2025-08-20,23046,2025082004008239,API,Neev Securities Pvt. Ltd.,Cristal Kanchanjanga Securites Pvt. Ltd.,100,295.0,29500.0,2025-08-20 13:51:09.667125
2025-08-20,22974,2025082004008253,API,Shree Krishna Securities Ltd.,Online Securities Pvt. Ltd.,327,297.7,97347.9,2025-08-20 13:51:31.561148
2025-08-20,22973,2025082004008254,API,Shree Krishna Securities Ltd.,Asian Securities Private Ltd.,632,298.0,188336.0,2025-08-20 13:51:31.561579
2025-08-20,22972,2025082004008255,API,Shree Krishna Securities Ltd.,Dipshikha Dhitopatra Karobar Co. Pvt Ltd.,36,298.0,10728.0,2025-08-20 13:51:31.561766
2025-08-20,22971,2025082004008256,API,Shree Krishna Securities Ltd.,Siprabi Securities Pvt. Ltd.,145,298.0,43210.0,2025-08-20 13:51:31.561952
2025-08-20,22970,2025082004008257,API,Shree Krishna Securities Ltd.,Naasa Securities Co. Ltd.,277,298.0,82546.0,2025-08-20 13:51:31.562134
2025-08-20,22969,2025082004008258,API,Shree Krishna Securities Ltd.,Linch Stock Market Ltd.,100,298.0,29800.0,2025-08-20 13:51:31.562321
2025-08-20,22968,2025082004008259,API,Shree Krishna Securities Ltd.,Imperial Securities Company Pvt. Ltd.,300,298.0,89400.0,2025-08-20 13:51:31.562508
2025-08-20,22967,2025082004008260,API,Shree Krishna Securities Ltd.,Nepal Stock House (PVT) Ltd.,20,298.0,5960.0,2025-08-20 13:51:31.562686
2025-08-20,22966,2025082004008261,API,Shree Krishna Securities Ltd.,Vision Securities Pvt. Ltd,325,298.0,96850.0,2025-08-20 13:51:31.562868
2025-08-20,22965,2025082004008262,API,Shree Krishna Securities Ltd.,SUN SECURITIES PVT LTD,122,298.0,36356.0,2025-08-20 13:51:31.563071
2025-08-20,22964,2025082004008263,API,Shree Krishna Securities Ltd.,Sri Hari Securities Pvt. Ltd.,100,298.0,29800.0,2025-08-20 13:51:31.563269
2025-08-20,22800,2025082004008296,API,Sani Securities Company Ltd.,Trishakti Securities Public Limited,30,295.0,8850.0,2025-08-20 13:52:25.358886
2025-08-20,22534,2025082004008337,API,Aryatara Investment & Securities,Swarna Laxmi Securities Pvt. Ltd.,10,295.1,2951.0,2025-08-20 13:53:32.917512
2025-08-20,21900,2025082004008502,API,Asian Securities Private Ltd.,Asian Securities Private Ltd.,1550,296.1,458955.0,2025-08-20 13:56:59.597068
2025-08-20,21590,2025082004008574,API,S.P.S.A. Securities Limited,Kohinoor Investment & Securities Pvt. Ltd.,36,296.1,10659.6,2025-08-20 13:58:57.716516
2025-08-20,21540,2025082004008585,API,Shree Krishna Securities Ltd.,Asian Securities Private Ltd.,290,297.9,86391.0,2025-08-20 13:59:18.529607
2025-08-20,21539,2025082004008586,API,Shree Krishna Securities Ltd.,Primo Securities (PVT) Ltd.,1072,298.0,319456.0,2025-08-20 13:59:18.530457
2025-08-20,21538,2025082004008587,API,Shree Krishna Securities Ltd.,Trisul Securities & Invt. Ltd.,20,298.0,5960.0,2025-08-20 13:59:18.531063
2025-08-20,21537,2025082004008588,API,Shree Krishna Securities Ltd.,Naasa Securities Co. Ltd.,10,298.7,2987.0,2025-08-20 13:59:18.531643
2025-08-20,21536,2025082004008589,API,Shree Krishna Securities Ltd.,Primo Securities (PVT) Ltd.,100,298.7,29870.0,2025-08-20 13:59:18.532206
2025-08-20,21535,2025082004008590,API,Shree Krishna Securities Ltd.,Ashutosh Brokerage & Securities (PVT) Ltd.,50,298.8,14940.0,2025-08-20 13:59:18.532781
2025-08-20,21534,2025082004008591,API,Shree Krishna Securities Ltd.,Naasa Securities Co. Ltd.,10,298.9,2989.0,2025-08-20 13:59:18.533363
2025-08-20,21533,2025082004008592,API,Shree Krishna Securities Ltd.,Market Securities & Exchange (PVT) Ltd.,1000,298.9,298900.0,2025-08-20 13:59:18.533924
2025-08-20,21532,2025082004008593,API,Shree Krishna Securities Ltd.,Naasa Securities Co. Ltd.,64,298.9,19129.6,2025-08-20 13:59:18.534495
2025-08-20,21277,2025082004008650,API,S.P.S.A. Securities Limited,Asian Securities Private Ltd.,10,298.9,2989.0,2025-08-20 14:00:47.186127
2025-08-20,21276,2025082004008651,API,S.P.S.A. Securities Limited,Dipshikha Dhitopatra Karobar Co. Pvt Ltd.,150,298.9,44835.0,2025-08-20 14:00:47.186204
2025-08-20,20381,2025082004008926,API,KALASH STOCK MARKET PVT. LTD.,Naasa Securities Co. Ltd.,10,298.7,2987.0,2025-08-20 14:05:29.970455
2025-08-20,20380,2025082004008927,API,KALASH STOCK MARKET PVT. LTD.,Himalayan Brokerage Company Limited,190,298.8,56772.0,2025-08-20 14:05:29.970892
2025-08-20,19285,2025082004009280,API,S.P.S.A. Securities Limited,Naasa Securities Co. Ltd.,10,297.0,2970.0,2025-08-20 14:10:58.174622
2025-08-20,19284,2025082004009281,API,S.P.S.A. Securities Limited,K.B.L. Securities Limited ,3978,297.0,1181466.0,2025-08-20 14:10:58.174693
2025-08-20,19048,2025082004009323,API,Creative Securities Pvt Ltd,Himalayan Brokerage Company Limited,200,296.6,59320.0,2025-08-20 14:12:00.039533
2025-08-20,19047,2025082004009324,API,Nepal Investment And Securities Trading Private Limited,Himalayan Brokerage Company Limited,110,296.5,32615.0,2025-08-20 14:12:00.039984
2025-08-20,18561,2025082004009468,API,Nepal Investment And Securities Trading Private Limited,Cristal Kanchanjanga Securites Pvt. Ltd.,100,296.5,29650.0,2025-08-20 14:13:48.343703
2025-08-20,18067,2025082004009589,API,Nepal Investment And Securities Trading Private Limited,Online Securities Pvt. Ltd.,200,296.5,59300.0,2025-08-20 14:15:40.253086
2025-08-20,18031,2025082004009604,API,Nepal Investment And Securities Trading Private Limited,ABC Securities Private Limited,25,296.5,7412.5,2025-08-20 14:15:51.121487
2025-08-20,17851,2025082004009671,API,Nepal Investment And Securities Trading Private Limited,Trishakti Securities Public Limited,65,296.5,19272.5,2025-08-20 14:16:26.241423
2025-08-20,17850,2025082004009672,API,Agrawal Securities (PVT) Ltd.,Trishakti Securities Public Limited,10,296.2,2962.0,2025-08-20 14:16:26.241504
2025-08-20,17849,2025082004009673,API,S.P.S.A. Securities Limited,Trishakti Securities Public Limited,74,296.1,21911.4,2025-08-20 14:16:26.241556
2025-08-20,17713,2025082004009734,API,Kohinoor Investment & Securities Pvt. Ltd.,Linch Stock Market Ltd.,5,295.0,1475.0,2025-08-20 14:17:05.084858
2025-08-20,17618,2025082004009771,API,Aryatara Investment & Securities,K.B.L. Securities Limited ,10,297.0,2970.0,2025-08-20 14:17:26.194902
2025-08-20,17617,2025082004009772,API,Aryatara Investment & Securities,Aakashbhairab Securities Ltd.,100,297.0,29700.0,2025-08-20 14:17:26.195831
2025-08-20,17192,2025082004009881,API,Sharepro Securities Private Limited,Vision Securities Pvt. Ltd,1,296.5,296.5,2025-08-20 14:19:07.403334
2025-08-20,16633,2025082004010045,API,Online Securities Pvt. Ltd.,Thrive Brokerage House Pvt. Ltd,100,296.5,29650.0,2025-08-20 14:21:28.004444
2025-08-20,16632,2025082004010046,API,Online Securities Pvt. Ltd.,Aakashbhairab Securities Ltd.,50,297.0,14850.0,2025-08-20 14:21:28.004886
2025-08-20,16283,2025082004010168,API,S.P.S.A. Securities Limited,Aryatara Investment & Securities,31,296.1,9179.1,2025-08-20 14:23:08.367611
2025-08-20,15012,2025082004010603,API,S.P.S.A. Securities Limited,Sweta Securities Private Limited,100,296.1,29610.0,2025-08-20 14:28:50.886262
2025-08-20,14204,2025082004010791,API,S.P.S.A. Securities Limited,Naasa Securities Co. Ltd.,10,296.1,2961.0,2025-08-20 14:32:21.730628
2025-08-20,14035,2025082004010861,API,Opal Securities Investment (PVT) Ltd.,Aakashbhairab Securities Ltd.,50,297.0,14850.0,2025-08-20 14:32:55.139627
2025-08-20,14034,2025082004010862,API,Opal Securities Investment (PVT) Ltd.,Cristal Kanchanjanga Securites Pvt. Ltd.,150,297.0,44550.0,2025-08-20 14:32:55.140515
2025-08-20,14016,2025082004010870,API,Sani Securities Company Ltd.,Dipshikha Dhitopatra Karobar Co. Pvt Ltd.,15,296.5,4447.5,2025-08-20 14:33:00.111571
2025-08-20,12809,2025082004011234,API,Sani Securities Company Ltd.,Magnet Securities and Investment Company Private Limited,35,296.5,10377.5,2025-08-20 14:36:59.447162
2025-08-20,12808,2025082004011235,API,S.P.S.A. Securities Limited,Magnet Securities and Investment Company Private Limited,140,296.1,41454.0,2025-08-20 14:36:59.447629
2025-08-20,12806,2025082004011236,API,S.P.S.A. Securities Limited,Dakshinkali Investment & Securities Pvt. Ltd.,109,296.1,32274.9,2025-08-20 14:36:59.927803
2025-08-20,12805,2025082004011237,API,Prabhu Stock Market Limited,Dakshinkali Investment & Securities Pvt. Ltd.,50,296.0,14800.0,2025-08-20 14:36:59.928254
2025-08-20,12804,2025082004011238,API,Aryatara Investment & Securities,Dakshinkali Investment & Securities Pvt. Ltd.,200,296.0,59200.0,2025-08-20 14:36:59.928470
2025-08-20,12408,2025082004011363,API,Imperial Securities Company Pvt. Ltd.,MILKY WAY SHARE BROKER COMPANY LTD ,177,295.7,52338.9,2025-08-20 14:38:08.594350
2025-08-20,11672,2025082004011565,API,Naasa Securities Co. Ltd.,Aryatara Investment & Securities,50,295.3,14765.0,2025-08-20 14:40:30.673864
2025-08-20,11671,2025082004011566,API,Vision Securities Pvt. Ltd,Aryatara Investment & Securities,150,295.1,44265.0,2025-08-20 14:40:30.674339
2025-08-20,11670,2025082004011567,API,Linch Stock Market Ltd.,Aryatara Investment & Securities,50,295.1,14755.0,2025-08-20 14:40:30.674563
2025-08-20,11669,2025082004011568,API,Sani Securities Company Ltd.,Aryatara Investment & Securities,30,295.1,8853.0,2025-08-20 14:40:30.674770
2025-08-20,11668,2025082004011569,API,Sewa Securities Pvt. Ltd.,Aryatara Investment & Securities,20,295.0,5900.0,2025-08-20 14:40:30.674971
2025-08-20,11667,2025082004011570,API,ABC Securities Private Limited,Aryatara Investment & Securities,400,295.0,118000.0,2025-08-20 14:40:30.675176
2025-08-20,11619,2025082004011582,API,ABC Securities Private Limited,Cristal Kanchanjanga Securites Pvt. Ltd.,150,295.0,44250.0,2025-08-20 14:40:39.992505
2025-08-20,11482,2025082004011614,API,ABC Securities Private Limited,Malla & Malla Stock Broking Company Pvt. Limited,150,295.0,44250.0,2025-08-20 14:41:02.750278
2025-08-20,11481,2025082004011615,API,NIMB Stock Markets Limited,Malla & Malla Stock Broking Company Pvt. Limited,150,295.0,44250.0,2025-08-20 14:41:02.750708
2025-08-20,11002,2025082004011728,API,NIMB Stock Markets Limited,Nabil Stock Dealer Ltd.,850,295.0,250750.0,2025-08-20 14:42:11.307085
2025-08-20,11001,2025082004011729,API,Opal Securities Investment (PVT) Ltd.,Nabil Stock Dealer Ltd.,1500,295.0,442500.0,2025-08-20 14:42:11.307563
2025-08-20,11000,2025082004011730,API,Premier Securities Company Ltd.,Nabil Stock Dealer Ltd.,30,295.0,8850.0,2025-08-20 14:42:11.307800
2025-08-20,10999,2025082004011731,API,Capital Max Securities Ltd,Nabil Stock Dealer Ltd.,1000,295.0,295000.0,2025-08-20 14:42:11.308037
2025-08-20,10998,2025082004011732,API,Neev Securities Pvt. Ltd.,Nabil Stock Dealer Ltd.,300,295.0,88500.0,2025-08-20 14:42:11.308266
2025-08-20,10997,2025082004011733,API,Online Securities Pvt. Ltd.,Nabil Stock Dealer Ltd.,170,295.0,50150.0,2025-08-20 14:42:11.308535
2025-08-20,10996,2025082004011734,API,Thrive Brokerage House Pvt. Ltd,Nabil Stock Dealer Ltd.,100,295.0,29500.0,2025-08-20 14:42:11.308757
2025-08-20,10995,2025082004011735,API,Opal Securities Investment (PVT) Ltd.,Nabil Stock Dealer Ltd.,165,295.0,48675.0,2025-08-20 14:42:11.308975
2025-08-20,10994,2025082004011736,API,Aryatara Investment & Securities,Nabil Stock Dealer Ltd.,50,295.0,14750.0,2025-08-20 14:42:11.309190
2025-08-20,10993,2025082004011737,API,Siprabi Securities Pvt. Ltd.,Nabil Stock Dealer Ltd.,30,295.0,8850.0,2025-08-20 14:42:11.309406
2025-08-20,10992,2025082004011738,API,ABC Securities Private Limited,Nabil Stock Dealer Ltd.,400,295.0,118000.0,2025-08-20 14:42:11.309625
2025-08-20,10991,2025082004011739,API,Nepal Stock House (PVT) Ltd.,Nabil Stock Dealer Ltd.,400,295.0,118000.0,2025-08-20 14:42:11.309860
2025-08-20,10990,2025082004011740,API,Vision Securities Pvt. Ltd,Nabil Stock Dealer Ltd.,60,295.0,17700.0,2025-08-20 14:42:11.310069
2025-08-20,10989,2025082004011741,API,Creative Securities Pvt Ltd,Nabil Stock Dealer Ltd.,300,295.0,88500.0,2025-08-20 14:42:11.310289
2025-08-20,10988,2025082004011742,API,Vision Securities Pvt. Ltd,Nabil Stock Dealer Ltd.,220,295.0,64900.0,2025-08-20 14:42:11.310512
2025-08-20,10987,2025082004011743,API,Vision Securities Pvt. Ltd,Nabil Stock Dealer Ltd.,60,295.0,17700.0,2025-08-20 14:42:11.310761
2025-08-20,10986,2025082004011744,API,Vision Securities Pvt. Ltd,Nabil Stock Dealer Ltd.,70,295.0,20650.0,2025-08-20 14:42:11.311004
2025-08-20,10985,2025082004011745,API,Vision Securities Pvt. Ltd,Nabil Stock Dealer Ltd.,60,295.0,17700.0,2025-08-20 14:42:11.311228
2025-08-20,10984,2025082004011746,API,Vision Securities Pvt. Ltd,Nabil Stock Dealer Ltd.,170,295.0,50150.0,2025-08-20 14:42:11.311478
2025-08-20,10983,2025082004011747,API,Vision Securities Pvt. Ltd,Nabil Stock Dealer Ltd.,180,295.0,53100.0,2025-08-20 14:42:11.311700
2025-08-20,10982,2025082004011748,API,Vision Securities Pvt. Ltd,Nabil Stock Dealer Ltd.,80,295.0,23600.0,2025-08-20 14:42:11.311903
2025-08-20,10981,2025082004011749,API,Vision Securities Pvt. Ltd,Nabil Stock Dealer Ltd.,80,295.0,23600.0,2025-08-20 14:42:11.312109
2025-08-20,10980,2025082004011750,API,Vision Securities Pvt. Ltd,Nabil Stock Dealer Ltd.,100,295.0,29500.0,2025-08-20 14:42:11.312324
2025-08-20,10979,2025082004011751,API,Imperial Securities Company Pvt. Ltd.,Nabil Stock Dealer Ltd.,10,295.0,2950.0,2025-08-20 14:42:11.312529
2025-08-20,10978,2025082004011752,API,Online Securities Pvt. Ltd.,Nabil Stock Dealer Ltd.,10,295.0,2950.0,2025-08-20 14:42:11.312734
2025-08-20,10977,2025082004011753,API,Imperial Securities Company Pvt. Ltd.,Nabil Stock Dealer Ltd.,15,295.0,4425.0,2025-08-20 14:42:11.312941
2025-08-20,10976,2025082004011754,API,Primo Securities (PVT) Ltd.,Nabil Stock Dealer Ltd.,40,295.0,11800.0,2025-08-20 14:42:11.313166
2025-08-20,10975,2025082004011755,API,Sweta Securities Private Limited,Nabil Stock Dealer Ltd.,137,295.0,40415.0,2025-08-20 14:42:11.313385
2025-08-20,10974,2025082004011756,API,Blue Chip Securities Ltd,Nabil Stock Dealer Ltd.,30,295.0,8850.0,2025-08-20 14:42:11.313629
2025-08-20,10973,2025082004011757,API,Linch Stock Market Ltd.,Nabil Stock Dealer Ltd.,2000,295.0,590000.0,2025-08-20 14:42:11.313865
2025-08-20,10972,2025082004011758,API,Deevyaa Securities & Stock House Pvt. Ltd,Nabil Stock Dealer Ltd.,25,295.0,7375.0,2025-08-20 14:42:11.314071
2025-08-20,10971,2025082004011759,API,Prabhu Stock Market Limited,Nabil Stock Dealer Ltd.,100,295.0,29500.0,2025-08-20 14:42:11.314280
2025-08-20,10970,2025082004011760,API,Imperial Securities Company Pvt. Ltd.,Nabil Stock Dealer Ltd.,10,295.0,2950.0,2025-08-20 14:42:11.314504
2025-08-20,10969,2025082004011761,API,Imperial Securities Company Pvt. Ltd.,Nabil Stock Dealer Ltd.,100,295.0,29500.0,2025-08-20 14:42:11.314696
2025-08-20,10968,2025082004011762,API,Vision Securities Pvt. Ltd,Nabil Stock Dealer Ltd.,250,295.0,73750.0,2025-08-20 14:42:11.314887
2025-08-20,10967,2025082004011763,API,Aryatara Investment & Securities,Nabil Stock Dealer Ltd.,105,295.0,30975.0,2025-08-20 14:42:11.315082
2025-08-20,10966,2025082004011764,API,ABC Securities Private Limited,Nabil Stock Dealer Ltd.,42,295.0,12390.0,2025-08-20 14:42:11.315275
2025-08-20,10965,2025082004011765,API,Linch Stock Market Ltd.,Nabil Stock Dealer Ltd.,500,295.0,147500.0,2025-08-20 14:42:11.315468
2025-08-20,10964,2025082004011766,API,Market Securities & Exchange (PVT) Ltd.,Nabil Stock Dealer Ltd.,100,295.0,29500.0,2025-08-20 14:42:11.315656
2025-08-20,10860,2025082004011805,API,Primo Securities (PVT) Ltd.,Nabil Stock Dealer Ltd.,151,295.0,44545.0,2025-08-20 14:42:26.566031
2025-08-20,10188,2025082004011983,API,Primo Securities (PVT) Ltd.,Sundhara Securities Limited,49,295.0,14455.0,2025-08-20 14:44:24.655804
2025-08-20,10185,2025082004011985,API,Sundhara Securities Limited,Cristal Kanchanjanga Securites Pvt. Ltd.,20,294.7,5894.0,2025-08-20 14:44:24.865569
2025-08-20,10184,2025082004011986,API,Online Securities Pvt. Ltd.,Cristal Kanchanjanga Securites Pvt. Ltd.,154,294.7,45383.8,2025-08-20 14:44:24.866610
2025-08-20,10183,2025082004011987,API,Sewa Securities Pvt. Ltd.,Cristal Kanchanjanga Securites Pvt. Ltd.,20,294.5,5890.0,2025-08-20 14:44:24.867530
2025-08-20,10182,2025082004011988,API,Thrive Brokerage House Pvt. Ltd,Cristal Kanchanjanga Securites Pvt. Ltd.,200,294.5,58900.0,2025-08-20 14:44:24.868397
2025-08-20,9328,2025082004012264,API,Sundhara Securities Limited,Naasa Securities Co. Ltd.,30,294.4,8832.0,2025-08-20 14:46:10.895018
2025-08-20,9254,2025082004012290,API,Shree Krishna Securities Ltd.,Naasa Securities Co. Ltd.,20,294.4,5888.0,2025-08-20 14:46:21.838564
2025-08-20,9253,2025082004012291,API,Shree Krishna Securities Ltd.,Cristal Kanchanjanga Securites Pvt. Ltd.,106,294.5,31217.0,2025-08-20 14:46:21.838983
2025-08-20,9088,2025082004012333,API,Shree Krishna Securities Ltd.,Cristal Kanchanjanga Securites Pvt. Ltd.,74,294.5,21793.0,2025-08-20 14:46:35.249248
2025-08-20,9087,2025082004012334,API,Oxford Securities Pvt. Ltd.,Cristal Kanchanjanga Securites Pvt. Ltd.,300,294.3,88290.0,2025-08-20 14:46:35.250100
2025-08-20,9086,2025082004012335,API,Sunrise Securities Limited,Cristal Kanchanjanga Securites Pvt. Ltd.,126,294.2,37069.2,2025-08-20 14:46:35.250689
2025-08-20,9030,2025082004012353,API,Prabhu Stock Market Limited,Opal Securities Investment (PVT) Ltd.,150,295.0,44250.0,2025-08-20 14:46:39.456204
2025-08-20,8372,2025082004012586,API,Malla & Malla Stock Broking Company Pvt. Limited,KALASH STOCK MARKET PVT. LTD.,82,294.3,24132.6,2025-08-20 14:47:38.590810
2025-08-20,8233,2025082004012605,API,Cristal Kanchanjanga Securites Pvt. Ltd.,Opal Securities Investment (PVT) Ltd.,80,295.0,23600.0,2025-08-20 14:47:49.480472
2025-08-20,6483,2025082004013093,API,Cristal Kanchanjanga Securites Pvt. Ltd.,Shree Krishna Securities Ltd.,20,295.0,5900.0,2025-08-20 14:51:06.651576
2025-08-20,6482,2025082004013094,API,Capital Max Securities Ltd,Shree Krishna Securities Ltd.,70,295.0,20650.0,2025-08-20 14:51:06.652549
2025-08-20,6481,2025082004013095,API,Shree Krishna Securities Ltd.,Shree Krishna Securities Ltd.,48,295.0,14160.0,2025-08-20 14:51:06.653139
2025-08-20,6480,2025082004013096,API,Naasa Securities Co. Ltd.,Shree Krishna Securities Ltd.,16,295.0,4720.0,2025-08-20 14:51:06.653743
2025-08-20,6378,2025082004013132,API,Naasa Securities Co. Ltd.,Malla & Malla Stock Broking Company Pvt. Limited,30,295.0,8850.0,2025-08-20 14:51:16.582745
2025-08-20,5924,2025082004013257,API,Naasa Securities Co. Ltd.,Kohinoor Investment & Securities Pvt. Ltd.,20,295.1,5902.0,2025-08-20 14:52:10.691917
2025-08-20,5923,2025082004013258,API,Naasa Securities Co. Ltd.,Kohinoor Investment & Securities Pvt. Ltd.,14,295.0,4130.0,2025-08-20 14:52:10.692375
2025-08-20,5922,2025082004013259,API,Asian Securities Private Ltd.,Kohinoor Investment & Securities Pvt. Ltd.,20,295.0,5900.0,2025-08-20 14:52:10.692741
2025-08-20,5921,2025082004013260,API,Thrive Brokerage House Pvt. Ltd,Kohinoor Investment & Securities Pvt. Ltd.,500,295.0,147500.0,2025-08-20 14:52:10.693026
2025-08-20,5920,2025082004013261,API,Online Securities Pvt. Ltd.,Kohinoor Investment & Securities Pvt. Ltd.,200,294.9,58980.0,2025-08-20 14:52:10.693301
2025-08-20,5919,2025082004013262,API,Naasa Securities Co. Ltd.,Kohinoor Investment & Securities Pvt. Ltd.,200,294.5,58900.0,2025-08-20 14:52:10.693584
2025-08-20,5918,2025082004013263,API,SHUBHAKAMANA SECURITIES PVT. LTD,Kohinoor Investment & Securities Pvt. Ltd.,100,294.5,29450.0,2025-08-20 14:52:10.693838
2025-08-20,5917,2025082004013264,API,Dipshikha Dhitopatra Karobar Co. Pvt Ltd.,Kohinoor Investment & Securities Pvt. Ltd.,50,294.5,14725.0,2025-08-20 14:52:10.694036
2025-08-20,5916,2025082004013265,API,Naasa Securities Co. Ltd.,Kohinoor Investment & Securities Pvt. Ltd.,200,294.4,58880.0,2025-08-20 14:52:10.694226
2025-08-20,5915,2025082004013266,API,Sani Securities Company Ltd.,Kohinoor Investment & Securities Pvt. Ltd.,2500,294.4,736000.0,2025-08-20 14:52:10.694427
2025-08-20,5914,2025082004013267,API,Malla & Malla Stock Broking Company Pvt. Limited,Kohinoor Investment & Securities Pvt. Ltd.,18,294.3,5297.4,2025-08-20 14:52:10.694646
2025-08-20,5913,2025082004013268,API,Sri Hari Securities Pvt. Ltd.,Kohinoor Investment & Securities Pvt. Ltd.,2000,294.3,588600.0,2025-08-20 14:52:10.694843
2025-08-20,5912,2025082004013269,API,Sunrise Securities Limited,Kohinoor Investment & Securities Pvt. Ltd.,1874,294.2,551330.8,2025-08-20 14:52:10.695039
2025-08-20,5911,2025082004013270,API,Naasa Securities Co. Ltd.,Kohinoor Investment & Securities Pvt. Ltd.,20,294.2,5884.0,2025-08-20 14:52:10.695228
2025-08-20,5910,2025082004013271,API,Oxford Securities Pvt. Ltd.,Kohinoor Investment & Securities Pvt. Ltd.,100,294.1,29410.0,2025-08-20 14:52:10.695422
2025-08-20,5909,2025082004013272,API,Naasa Securities Co. Ltd.,Kohinoor Investment & Securities Pvt. Ltd.,800,294.1,235280.0,2025-08-20 14:52:10.695630
2025-08-20,5908,2025082004013273,API,Ashutosh Brokerage & Securities (PVT) Ltd.,Kohinoor Investment & Securities Pvt. Ltd.,500,294.1,147050.0,2025-08-20 14:52:10.695826
2025-08-20,5907,2025082004013274,API,Himalayan Brokerage Company Limited,Kohinoor Investment & Securities Pvt. Ltd.,500,294.0,147000.0,2025-08-20 14:52:10.696008
2025-08-20,5906,2025082004013275,API,Sani Securities Company Ltd.,Kohinoor Investment & Securities Pvt. Ltd.,100,294.0,29400.0,2025-08-20 14:52:10.696191
2025-08-20,5905,2025082004013276,API,Cristal Kanchanjanga Securites Pvt. Ltd.,Kohinoor Investment & Securities Pvt. Ltd.,1000,294.0,294000.0,2025-08-20 14:52:10.696381
2025-08-20,5904,2025082004013277,API,Imperial Securities Company Pvt. Ltd.,Kohinoor Investment & Securities Pvt. Ltd.,265,294.0,77910.0,2025-08-20 14:52:10.696563
2025-08-20,5903,2025082004013278,API,Capital Max Securities Ltd,Kohinoor Investment & Securities Pvt. Ltd.,1000,294.0,294000.0,2025-08-20 14:52:10.696758
2025-08-20,5902,2025082004013279,API,Dakshinkali Investment & Securities Pvt. Ltd.,Kohinoor Investment & Securities Pvt. Ltd.,200,294.0,58800.0,2025-08-20 14:52:10.696952
2025-08-20,5901,2025082004013280,API,Trishakti Securities Public Limited,Kohinoor Investment & Securities Pvt. Ltd.,200,294.0,58800.0,2025-08-20 14:52:10.697133
2025-08-20,5900,2025082004013281,API,NIMB Stock Markets Limited,Kohinoor Investment & Securities Pvt. Ltd.,100,294.0,29400.0,2025-08-20 14:52:10.697304
2025-08-20,5899,2025082004013282,API,Opal Securities Investment (PVT) Ltd.,Kohinoor Investment & Securities Pvt. Ltd.,500,294.0,147000.0,2025-08-20 14:52:10.697484
2025-08-20,5898,2025082004013283,API,Pragyan Securities (PVT) Ltd.,Kohinoor Investment & Securities Pvt. Ltd.,283,294.0,83202.0,2025-08-20 14:52:10.697668
2025-08-20,5897,2025082004013284,API,Online Securities Pvt. Ltd.,Kohinoor Investment & Securities Pvt. Ltd.,500,294.0,147000.0,2025-08-20 14:52:10.697918
2025-08-20,5896,2025082004013285,API,Kumari Securities Private Limited,Kohinoor Investment & Securities Pvt. Ltd.,100,294.0,29400.0,2025-08-20 14:52:10.698174
2025-08-20,5895,2025082004013286,API,Secured Securities Ltd.,Kohinoor Investment & Securities Pvt. Ltd.,100,294.0,29400.0,2025-08-20 14:52:10.698368
2025-08-20,5894,2025082004013287,API,Online Securities Pvt. Ltd.,Kohinoor Investment & Securities Pvt. Ltd.,400,294.0,117600.0,2025-08-20 14:52:10.698592
2025-08-20,5893,2025082004013288,API,Neev Securities Pvt. Ltd.,Kohinoor Investment & Securities Pvt. Ltd.,500,294.0,147000.0,2025-08-20 14:52:10.698769
2025-08-20,5892,2025082004013289,API,Neev Securities Pvt. Ltd.,Kohinoor Investment & Securities Pvt. Ltd.,300,294.0,88200.0,2025-08-20 14:52:10.698945
2025-08-20,5891,2025082004013290,API,Cristal Kanchanjanga Securites Pvt. Ltd.,Kohinoor Investment & Securities Pvt. Ltd.,50,294.0,14700.0,2025-08-20 14:52:10.699212
2025-08-20,5890,2025082004013291,API,N.M.B. SECURITIES LIMITED,Kohinoor Investment & Securities Pvt. Ltd.,250,294.0,73500.0,2025-08-20 14:52:10.699475
2025-08-20,5889,2025082004013292,API,N.M.B. SECURITIES LIMITED,Kohinoor Investment & Securities Pvt. Ltd.,100,294.0,29400.0,2025-08-20 14:52:10.699668
2025-08-20,5888,2025082004013293,API,N.M.B. SECURITIES LIMITED,Kohinoor Investment & Securities Pvt. Ltd.,200,294.0,58800.0,2025-08-20 14:52:10.699843
2025-08-20,5887,2025082004013294,API,Aryatara Investment & Securities,Kohinoor Investment & Securities Pvt. Ltd.,20,294.0,5880.0,2025-08-20 14:52:10.700014
2025-08-20,5886,2025082004013295,API,Malla & Malla Stock Broking Company Pvt. Limited,Kohinoor Investment & Securities Pvt. Ltd.,200,294.0,58800.0,2025-08-20 14:52:10.700194
2025-08-20,5885,2025082004013296,API,Asian Securities Private Ltd.,Kohinoor Investment & Securities Pvt. Ltd.,1000,294.0,294000.0,2025-08-20 14:52:10.700461
2025-08-20,5884,2025082004013297,API,Neev Securities Pvt. Ltd.,Kohinoor Investment & Securities Pvt. Ltd.,200,294.0,58800.0,2025-08-20 14:52:10.700691
2025-08-20,5883,2025082004013298,API,Capital Hub P. Ltd,Kohinoor Investment & Securities Pvt. Ltd.,100,294.0,29400.0,2025-08-20 14:52:10.700903
2025-08-20,5882,2025082004013299,API,Sanima Securities Limited,Kohinoor Investment & Securities Pvt. Ltd.,100,294.0,29400.0,2025-08-20 14:52:10.701078
2025-08-20,5881,2025082004013300,API,Siprabi Securities Pvt. Ltd.,Kohinoor Investment & Securities Pvt. Ltd.,50,294.0,14700.0,2025-08-20 14:52:10.701285
2025-08-20,5880,2025082004013301,API,Imperial Securities Company Pvt. Ltd.,Kohinoor Investment & Securities Pvt. Ltd.,30,294.0,8820.0,2025-08-20 14:52:10.701554
2025-08-20,5879,2025082004013302,API,Deevyaa Securities & Stock House Pvt. Ltd,Kohinoor Investment & Securities Pvt. Ltd.,20,294.0,5880.0,2025-08-20 14:52:10.701755
2025-08-20,5878,2025082004013303,API,Malla & Malla Stock Broking Company Pvt. Limited,Kohinoor Investment & Securities Pvt. Ltd.,100,294.0,29400.0,2025-08-20 14:52:10.701950
2025-08-20,5877,2025082004013304,API,Midas Stock Broking Company Private Limited,Kohinoor Investment & Securities Pvt. Ltd.,100,294.0,29400.0,2025-08-20 14:52:10.702129
2025-08-20,5876,2025082004013305,API,KALASH STOCK MARKET PVT. LTD.,Kohinoor Investment & Securities Pvt. Ltd.,30,294.0,8820.0,2025-08-20 14:52:10.702339
2025-08-20,5875,2025082004013306,API,Dipshikha Dhitopatra Karobar Co. Pvt Ltd.,Kohinoor Investment & Securities Pvt. Ltd.,1000,294.0,294000.0,2025-08-20 14:52:10.702615
2025-08-20,5874,2025082004013307,API,Kalika Securities Pvt. Ltd.,Kohinoor Investment & Securities Pvt. Ltd.,17,294.0,4998.0,2025-08-20 14:52:10.702809
2025-08-20,5873,2025082004013308,API,J.F. Securites (PVT) Ltd.,Kohinoor Investment & Securities Pvt. Ltd.,100,294.0,29400.0,2025-08-20 14:52:10.702974
2025-08-20,5872,2025082004013309,API,Linch Stock Market Ltd.,Kohinoor Investment & Securities Pvt. Ltd.,124,294.0,36456.0,2025-08-20 14:52:10.703143
2025-08-20,5871,2025082004013310,API,Naasa Securities Co. Ltd.,Kohinoor Investment & Securities Pvt. Ltd.,50,294.0,14700.0,2025-08-20 14:52:10.703309
2025-08-20,5870,2025082004013311,API,Swarna Laxmi Securities Pvt. Ltd.,Kohinoor Investment & Securities Pvt. Ltd.,250,294.0,73500.0,2025-08-20 14:52:10.703544
2025-08-20,5869,2025082004013312,API,Sani Securities Company Ltd.,Kohinoor Investment & Securities Pvt. Ltd.,245,294.0,72030.0,2025-08-20 14:52:10.703781
2025-08-20,5868,2025082004013313,API,Kohinoor Investment & Securities Pvt. Ltd.,Kohinoor Investment & Securities Pvt. Ltd.,100,294.0,29400.0,2025-08-20 14:52:10.703969
2025-08-20,5867,2025082004013314,API,Dipshikha Dhitopatra Karobar Co. Pvt Ltd.,Kohinoor Investment & Securities Pvt. Ltd.,100,294.0,29400.0,2025-08-20 14:52:10.704136
2025-08-20,5866,2025082004013315,API,Sumeru Securities Pvt. Ltd.,Kohinoor Investment & Securities Pvt. Ltd.,100,294.0,29400.0,2025-08-20 14:52:10.704298
2025-08-20,5865,2025082004013316,API,NIMB Stock Markets Limited,Kohinoor Investment & Securities Pvt. Ltd.,200,293.6,58720.0,2025-08-20 14:52:10.704506
2025-08-20,5409,2025082004013454,API,NIMB Stock Markets Limited,Dipshikha Dhitopatra Karobar Co. Pvt Ltd.,150,293.6,44040.0,2025-08-20 14:53:10.618466
2025-08-20,5236,2025082004013517,API,Opal Securities Investment (PVT) Ltd.,Dipshikha Dhitopatra Karobar Co. Pvt Ltd.,20,293.6,5872.0,2025-08-20 14:53:33.344080
2025-08-20,5200,2025082004013537,API,Linch Stock Market Ltd.,Kohinoor Investment & Securities Pvt. Ltd.,100,293.5,29350.0,2025-08-20 14:53:37.123141
2025-08-20,5199,2025082004013538,API,Sumeru Securities Pvt. Ltd.,Kohinoor Investment & Securities Pvt. Ltd.,170,293.5,49895.0,2025-08-20 14:53:37.123516
2025-08-20,5198,2025082004013539,API,Dipshikha Dhitopatra Karobar Co. Pvt Ltd.,Kohinoor Investment & Securities Pvt. Ltd.,925,293.5,271487.5,2025-08-20 14:53:37.123686
2025-08-20,5197,2025082004013540,API,Pragyan Securities (PVT) Ltd.,Kohinoor Investment & Securities Pvt. Ltd.,500,293.5,146750.0,2025-08-20 14:53:37.123858
2025-08-20,5196,2025082004013541,API,Malla & Malla Stock Broking Company Pvt. Limited,Kohinoor Investment & Securities Pvt. Ltd.,100,293.4,29340.0,2025-08-20 14:53:37.124027
2025-08-20,5195,2025082004013542,API,Trishakti Securities Public Limited,Kohinoor Investment & Securities Pvt. Ltd.,1946,293.3,570761.8,2025-08-20 14:53:37.124191
2025-08-20,5194,2025082004013543,API,Neev Securities Pvt. Ltd.,Kohinoor Investment & Securities Pvt. Ltd.,300,293.2,87960.0,2025-08-20 14:53:37.124363
2025-08-20,5193,2025082004013544,API,Dipshikha Dhitopatra Karobar Co. Pvt Ltd.,Kohinoor Investment & Securities Pvt. Ltd.,100,293.2,29320.0,2025-08-20 14:53:37.124542
2025-08-20,5192,2025082004013545,API,Malla & Malla Stock Broking Company Pvt. Limited,Kohinoor Investment & Securities Pvt. Ltd.,859,293.2,251858.8,2025-08-20 14:53:37.124715
2025-08-20,5165,2025082004013558,API,Naasa Securities Co. Ltd.,Dipshikha Dhitopatra Karobar Co. Pvt Ltd.,50,293.6,14680.0,2025-08-20 14:53:41.633342
2025-08-20,5101,2025082004013573,API,Dipshikha Dhitopatra Karobar Co. Pvt Ltd.,Dipshikha Dhitopatra Karobar Co. Pvt Ltd.,30,293.6,8808.0,2025-08-20 14:53:47.423329
2025-08-20,4639,2025082004013751,API,Dipshikha Dhitopatra Karobar Co. Pvt Ltd.,Pragyan Securities (PVT) Ltd.,100,294.0,29400.0,2025-08-20 14:54:34.054396
2025-08-20,4603,2025082004013752,API,Sani Securities Company Ltd.,Imperial Securities Company Pvt. Ltd.,100,293.6,29360.0,2025-08-20 14:54:36.329371
2025-08-20,4602,2025082004013753,API,Dipshikha Dhitopatra Karobar Co. Pvt Ltd.,Imperial Securities Company Pvt. Ltd.,150,293.6,44040.0,2025-08-20 14:54:36.329748
2025-08-20,4481,2025082004013794,API,Pragyan Securities (PVT) Ltd.,Imperial Securities Company Pvt. Ltd.,50,293.5,14675.0,2025-08-20 14:54:47.470092
2025-08-20,4427,2025082004013810,API,Midas Stock Broking Company Private Limited,Imperial Securities Company Pvt. Ltd.,100,293.5,29350.0,2025-08-20 14:54:52.934748
2025-08-20,4034,2025082004013942,API,Shree Krishna Securities Ltd.,Aryatara Investment & Securities,300,294.9,88470.0,2025-08-20 14:55:35.451424
2025-08-20,4033,2025082004013943,API,Shree Krishna Securities Ltd.,Primo Securities (PVT) Ltd.,200,295.0,59000.0,2025-08-20 14:55:35.452164
2025-08-20,4032,2025082004013944,API,Shree Krishna Securities Ltd.,Pragyan Securities (PVT) Ltd.,200,295.0,59000.0,2025-08-20 14:55:35.452700
2025-08-20,4031,2025082004013945,API,Shree Krishna Securities Ltd.,Online Securities Pvt. Ltd.,500,295.4,147700.0,2025-08-20 14:55:35.453215
2025-08-20,4030,2025082004013946,API,Shree Krishna Securities Ltd.,Dipshikha Dhitopatra Karobar Co. Pvt Ltd.,243,295.7,71855.1,2025-08-20 14:55:35.453713
2025-08-20,4029,2025082004013947,API,Shree Krishna Securities Ltd.,Sweta Securities Private Limited,4101,295.7,1212665.7,2025-08-20 14:55:35.454234
2025-08-20,3513,2025082004014140,API,Shree Krishna Securities Ltd.,Imperial Securities Company Pvt. Ltd.,3000,295.7,887100.0,2025-08-20 14:56:18.552340
2025-08-20,3451,2025082004014156,API,Shree Krishna Securities Ltd.,Aryatara Investment & Securities,12,295.7,3548.4,2025-08-20 14:56:24.274116
2025-08-20,935,2025082004014963,API,Shree Krishna Securities Ltd.,Kalika Securities Pvt. Ltd.,100,295.9,29590.0,2025-08-20 14:59:22.387517
2025-08-20,934,2025082004014964,API,Shree Krishna Securities Ltd.,Dakshinkali Investment & Securities Pvt. Ltd.,141,296.0,41736.0,2025-08-20 14:59:22.387884
2025-08-20,933,2025082004014965,API,Shree Krishna Securities Ltd.,Kalika Securities Pvt. Ltd.,500,296.0,148000.0,2025-08-20 14:59:22.388067
2025-08-20,932,2025082004014966,API,Shree Krishna Securities Ltd.,Sewa Securities Pvt. Ltd.,250,296.5,74125.0,2025-08-20 14:59:22.388233
2025-08-20,931,2025082004014967,API,Shree Krishna Securities Ltd.,Naasa Securities Co. Ltd.,71,297.0,21087.0,2025-08-20 14:59:22.388421
2025-08-20,930,2025082004014968,API,Shree Krishna Securities Ltd.,Sri Hari Securities Pvt. Ltd.,100,297.0,29700.0,2025-08-20 14:59:22.388677
2025-08-20,929,2025082004014969,API,Shree Krishna Securities Ltd.,Opal Securities Investment (PVT) Ltd.,47,297.0,13959.0,2025-08-20 14:59:22.388879
2025-08-20,928,2025082004014970,API,Shree Krishna Securities Ltd.,MILKY WAY SHARE BROKER COMPANY LTD ,235,297.0,69795.0,2025-08-20 14:59:22.389099
