Date,S.N.,Contract ID,Symbol,Buyer Broker,Seller Broker,quantity,rate,amount,transaction_time
2025-08-20,52153,2025082003000196,NFS,Naasa Securities Co. Ltd.,Naasa Securities Co. Ltd.,10,719.0,7190.0,2025-08-20 11:13:30.980452
2025-08-20,49133,2025082003000496,NFS,Secured Securities Ltd.,Imperial Securities Company Pvt. Ltd.,20,720.1,14402.0,2025-08-20 11:31:15.014207
2025-08-20,49132,2025082003000497,NFS,Neev Securities Pvt. Ltd.,Imperial Securities Company Pvt. Ltd.,80,720.0,57600.0,2025-08-20 11:31:15.014336
2025-08-20,49021,2025082003000504,NFS,Sri Hari Securities Pvt. Ltd.,Imperial Securities Company Pvt. Ltd.,288,720.0,207360.0,2025-08-20 11:31:44.738499
2025-08-20,48954,2025082003000515,NFS,Sri Hari Securities Pvt. Ltd.,Agrawal Securities (PVT) Ltd.,20,723.0,14460.0,2025-08-20 11:32:08.913030
2025-08-20,48953,2025082003000516,NFS,Sri Hari Securities Pvt. Ltd.,Online Securities Pvt. Ltd.,25,725.0,18125.0,2025-08-20 11:32:08.913137
2025-08-20,48794,2025082003000534,NFS,Sri Hari Securities Pvt. Ltd.,Sweta Securities Private Limited,50,727.8,36390.0,2025-08-20 11:32:49.368998
2025-08-20,48793,2025082003000535,NFS,Sri Hari Securities Pvt. Ltd.,Sani Securities Company Ltd.,117,727.9,85164.3,2025-08-20 11:32:49.369249
2025-08-20,48519,2025082003000565,NFS,Pragyan Securities (PVT) Ltd.,Sani Securities Company Ltd.,119,727.9,86620.1,2025-08-20 11:34:13.896017
2025-08-20,47634,2025082003000687,NFS,Secured Securities Ltd.,Sweta Securities Private Limited,12,727.7,8732.4,2025-08-20 11:39:03.562946
2025-08-20,47102,2025082003000756,NFS,Dakshinkali Investment & Securities Pvt. Ltd.,Sweta Securities Private Limited,13,727.0,9451.0,2025-08-20 11:42:00.846941
2025-08-20,46462,2025082003000863,NFS,Linch Stock Market Ltd.,Sweta Securities Private Limited,125,723.0,90375.0,2025-08-20 11:44:53.172392
2025-08-20,46407,2025082003000872,NFS,Linch Stock Market Ltd.,Imperial Securities Company Pvt. Ltd.,10,723.0,7230.0,2025-08-20 11:45:14.217427
2025-08-20,46345,2025082003000875,NFS,Linch Stock Market Ltd.,Sewa Securities Pvt. Ltd.,50,723.0,36150.0,2025-08-20 11:45:34.831444
2025-08-20,45383,2025082003001027,NFS,Imperial Securities Company Pvt. Ltd.,S.P.S.A. Securities Limited,10,722.1,7221.0,2025-08-20 11:50:54.968867
2025-08-20,45156,2025082003001062,NFS,Imperial Securities Company Pvt. Ltd.,Naasa Securities Co. Ltd.,15,722.1,10831.5,2025-08-20 11:52:01.968254
2025-08-20,44103,2025082003001213,NFS,Imperial Securities Company Pvt. Ltd.,Aryatara Investment & Securities,25,722.1,18052.5,2025-08-20 11:57:09.333252
2025-08-20,44102,2025082003001214,NFS,Aryatara Investment & Securities,Aryatara Investment & Securities,95,722.0,68590.0,2025-08-20 11:57:09.333505
2025-08-20,44069,2025082003001221,NFS,Aryatara Investment & Securities,Siprabi Securities Pvt. Ltd.,130,722.0,93860.0,2025-08-20 11:57:24.620835
2025-08-20,43201,2025082003001340,NFS,Thrive Brokerage House Pvt. Ltd,South Asian Bulls Pvt. Ltd.,100,720.2,72020.0,2025-08-20 12:02:00.023889
2025-08-20,43200,2025082003001341,NFS,Agrawal Securities (PVT) Ltd.,South Asian Bulls Pvt. Ltd.,100,720.1,72010.0,2025-08-20 12:02:00.024139
2025-08-20,42317,2025082003001458,NFS,Sani Securities Company Ltd.,Imperial Securities Company Pvt. Ltd.,20,720.0,14400.0,2025-08-20 12:06:47.461532
2025-08-20,42316,2025082003001459,NFS,Online Securities Pvt. Ltd.,Imperial Securities Company Pvt. Ltd.,20,720.0,14400.0,2025-08-20 12:06:47.461669
2025-08-20,42315,2025082003001460,NFS,Agrawal Securities (PVT) Ltd.,Imperial Securities Company Pvt. Ltd.,60,720.0,43200.0,2025-08-20 12:06:47.461725
2025-08-20,41767,2025082003001513,NFS,Agrawal Securities (PVT) Ltd.,Naasa Securities Co. Ltd.,10,720.0,7200.0,2025-08-20 12:09:44.659775
2025-08-20,41170,2025082003001581,NFS,Agrawal Securities (PVT) Ltd.,J.F. Securites (PVT) Ltd.,25,720.0,18000.0,2025-08-20 12:13:20.550908
2025-08-20,39012,2025082003001844,NFS,Naasa Securities Co. Ltd.,Premier Securities Company Ltd.,5,713.4,3567.0,2025-08-20 12:25:00.281944
2025-08-20,38619,2025082003001920,NFS,Primo Securities (PVT) Ltd.,Siprabi Securities Pvt. Ltd.,21,722.0,15162.0,2025-08-20 12:27:32.599915
2025-08-20,37201,2025082003002132,NFS,Naasa Securities Co. Ltd.,Aryatara Investment & Securities,25,720.0,18000.0,2025-08-20 12:35:34.059485
2025-08-20,37200,2025082003002133,NFS,Aryatara Investment & Securities,Aryatara Investment & Securities,20,720.0,14400.0,2025-08-20 12:35:34.059648
2025-08-20,37199,2025082003002134,NFS,Malla & Malla Stock Broking Company Pvt. Limited,Aryatara Investment & Securities,15,719.7,10795.5,2025-08-20 12:35:34.059711
2025-08-20,37198,2025082003002135,NFS,Thrive Brokerage House Pvt. Ltd,Aryatara Investment & Securities,35,719.6,25186.0,2025-08-20 12:35:34.059781
2025-08-20,37061,2025082003002153,NFS,Thrive Brokerage House Pvt. Ltd,Kumari Securities Private Limited,65,719.6,46774.0,2025-08-20 12:35:59.475279
2025-08-20,37060,2025082003002154,NFS,Sani Securities Company Ltd.,Kumari Securities Private Limited,35,719.5,25182.5,2025-08-20 12:35:59.475577
2025-08-20,35179,2025082003002415,NFS,Sani Securities Company Ltd.,Investment Management Nepal Pvt. Ltd.,25,720.0,18000.0,2025-08-20 12:43:39.316405
2025-08-20,35178,2025082003002416,NFS,Siprabi Securities Pvt. Ltd.,Investment Management Nepal Pvt. Ltd.,20,720.0,14400.0,2025-08-20 12:43:39.316564
2025-08-20,35177,2025082003002417,NFS,Sani Securities Company Ltd.,Investment Management Nepal Pvt. Ltd.,65,719.5,46767.5,2025-08-20 12:43:39.316624
2025-08-20,35176,2025082003002418,NFS,Midas Stock Broking Company Private Limited,Investment Management Nepal Pvt. Ltd.,70,719.2,50344.0,2025-08-20 12:43:39.316687
2025-08-20,35175,2025082003002419,NFS,Imperial Securities Company Pvt. Ltd.,Investment Management Nepal Pvt. Ltd.,10,719.1,7191.0,2025-08-20 12:43:39.316749
2025-08-20,35174,2025082003002420,NFS,South Asian Bulls Pvt. Ltd.,Investment Management Nepal Pvt. Ltd.,40,719.1,28764.0,2025-08-20 12:43:39.316809
2025-08-20,35173,2025082003002421,NFS,Dipshikha Dhitopatra Karobar Co. Pvt Ltd.,Investment Management Nepal Pvt. Ltd.,20,719.0,14380.0,2025-08-20 12:43:39.316863
2025-08-20,35172,2025082003002422,NFS,Naasa Securities Co. Ltd.,Investment Management Nepal Pvt. Ltd.,10,719.0,7190.0,2025-08-20 12:43:39.316915
2025-08-20,35171,2025082003002423,NFS,Naasa Securities Co. Ltd.,Investment Management Nepal Pvt. Ltd.,17,719.0,12223.0,2025-08-20 12:43:39.316975
2025-08-20,35170,2025082003002424,NFS,Kohinoor Investment & Securities Pvt. Ltd.,Investment Management Nepal Pvt. Ltd.,173,719.0,124387.0,2025-08-20 12:43:39.317046
2025-08-20,35169,2025082003002425,NFS,Dakshinkali Investment & Securities Pvt. Ltd.,Investment Management Nepal Pvt. Ltd.,50,719.0,35950.0,2025-08-20 12:43:39.317100
2025-08-20,34773,2025082003002481,NFS,Siprabi Securities Pvt. Ltd.,Nepal Stock House (PVT) Ltd.,20,719.0,14380.0,2025-08-20 12:46:05.366702
2025-08-20,34772,2025082003002482,NFS,J.F. Securites (PVT) Ltd.,Nepal Stock House (PVT) Ltd.,30,719.0,21570.0,2025-08-20 12:46:05.366877
2025-08-20,34771,2025082003002483,NFS,Aryatara Investment & Securities,Nepal Stock House (PVT) Ltd.,30,719.0,21570.0,2025-08-20 12:46:05.366957
2025-08-20,34722,2025082003002488,NFS,Secured Securities Ltd.,Nepal Stock House (PVT) Ltd.,20,718.0,14360.0,2025-08-20 12:46:25.832039
2025-08-20,34721,2025082003002489,NFS,Shree Krishna Securities Ltd.,Nepal Stock House (PVT) Ltd.,20,718.0,14360.0,2025-08-20 12:46:25.832172
2025-08-20,34320,2025082003002520,NFS,Nagarik Stock Dealer ,Nepal Stock House (PVT) Ltd.,880,718.0,631840.0,2025-08-20 12:48:41.304512
2025-08-20,31471,2025082003002974,NFS,Online Securities Pvt. Ltd.,Capital Max Securities Ltd,10,718.0,7180.0,2025-08-20 13:04:29.810084
2025-08-20,29514,2025082003003240,NFS,Trishakti Securities Public Limited,Sundhara Securities Limited,166,720.2,119553.2,2025-08-20 13:16:09.608660
2025-08-20,29312,2025082003003250,NFS,Capital Max Securities Ltd,Sundhara Securities Limited,34,720.2,24486.8,2025-08-20 13:17:03.563266
2025-08-20,28611,2025082003003330,NFS,Aryatara Investment & Securities,Thrive Brokerage House Pvt. Ltd,60,721.5,43290.0,2025-08-20 13:20:40.138018
2025-08-20,28610,2025082003003331,NFS,Aryatara Investment & Securities,Siprabi Securities Pvt. Ltd.,99,722.0,71478.0,2025-08-20 13:20:40.138189
2025-08-20,28609,2025082003003332,NFS,Aryatara Investment & Securities,Investment Management Nepal Pvt. Ltd.,441,722.0,318402.0,2025-08-20 13:20:40.138254
2025-08-20,28594,2025082003003334,NFS,Bhrikuti Stock Broking Co. Pvt. Ltd.,South Asian Bulls Pvt. Ltd.,20,720.0,14400.0,2025-08-20 13:20:44.740952
2025-08-20,28593,2025082003003335,NFS,Naasa Securities Co. Ltd.,South Asian Bulls Pvt. Ltd.,80,720.0,57600.0,2025-08-20 13:20:44.741123
2025-08-20,28445,2025082003003379,NFS,Naasa Securities Co. Ltd.,Investment Management Nepal Pvt. Ltd.,59,722.0,42598.0,2025-08-20 13:21:32.475608
2025-08-20,28183,2025082003003413,NFS,Aryatara Investment & Securities,Imperial Securities Company Pvt. Ltd.,10,722.1,7221.0,2025-08-20 13:23:03.059956
2025-08-20,27750,2025082003003489,NFS,Kohinoor Investment & Securities Pvt. Ltd.,Sani Securities Company Ltd.,300,722.2,216660.0,2025-08-20 13:25:33.005645
2025-08-20,27717,2025082003003496,NFS,Aryatara Investment & Securities,Sani Securities Company Ltd.,150,722.1,108315.0,2025-08-20 13:25:47.108562
2025-08-20,27675,2025082003003507,NFS,Naasa Securities Co. Ltd.,Sani Securities Company Ltd.,100,722.1,72210.0,2025-08-20 13:25:57.589186
2025-08-20,26865,2025082003003616,NFS,Trishakti Securities Public Limited,Sani Securities Company Ltd.,250,722.1,180525.0,2025-08-20 13:30:00.196077
2025-08-20,26863,2025082003003617,NFS,Midas Stock Broking Company Private Limited,Imperial Securities Company Pvt. Ltd.,105,724.9,76114.5,2025-08-20 13:30:03.724688
2025-08-20,26862,2025082003003618,NFS,Midas Stock Broking Company Private Limited,Sani Securities Company Ltd.,174,724.9,126132.6,2025-08-20 13:30:03.724835
2025-08-20,25886,2025082003003731,NFS,Trishakti Securities Public Limited,Sundhara Securities Limited,450,722.1,324945.0,2025-08-20 13:35:26.180469
2025-08-20,25885,2025082003003732,NFS,Naasa Securities Co. Ltd.,Sundhara Securities Limited,50,722.0,36100.0,2025-08-20 13:35:26.180679
2025-08-20,25580,2025082003003798,NFS,Naasa Securities Co. Ltd.,Sundhara Securities Limited,11,722.0,7942.0,2025-08-20 13:37:12.467991
2025-08-20,25579,2025082003003799,NFS,Capital Max Securities Ltd,Sundhara Securities Limited,26,721.5,18759.0,2025-08-20 13:37:12.468470
2025-08-20,25578,2025082003003800,NFS,Vision Securities Pvt. Ltd,Sundhara Securities Limited,100,720.0,72000.0,2025-08-20 13:37:12.468666
2025-08-20,25577,2025082003003801,NFS,Online Securities Pvt. Ltd.,Sundhara Securities Limited,80,720.0,57600.0,2025-08-20 13:37:12.468874
2025-08-20,25576,2025082003003802,NFS,Sani Securities Company Ltd.,Sundhara Securities Limited,100,720.0,72000.0,2025-08-20 13:37:12.469115
2025-08-20,25509,2025082003003818,NFS,Naasa Securities Co. Ltd.,Sundhara Securities Limited,500,720.0,360000.0,2025-08-20 13:37:41.024097
2025-08-20,25048,2025082003003883,NFS,Vision Securities Pvt. Ltd,Sundhara Securities Limited,48,719.1,34516.8,2025-08-20 13:39:58.888047
2025-08-20,24408,2025082003003950,NFS,Secured Securities Ltd.,KALASH STOCK MARKET PVT. LTD.,10,720.0,7200.0,2025-08-20 13:43:42.656598
2025-08-20,23523,2025082003004053,NFS,Linch Stock Market Ltd.,Trishakti Securities Public Limited,500,720.0,360000.0,2025-08-20 13:48:38.647066
2025-08-20,23522,2025082003004054,NFS,Vision Securities Pvt. Ltd,Trishakti Securities Public Limited,34,719.1,24449.4,2025-08-20 13:48:38.647171
2025-08-20,23521,2025082003004055,NFS,Kohinoor Investment & Securities Pvt. Ltd.,Trishakti Securities Public Limited,285,719.1,204943.5,2025-08-20 13:48:38.647265
2025-08-20,23298,2025082003004091,NFS,Sani Securities Company Ltd.,Sweta Securities Private Limited,20,723.9,14478.0,2025-08-20 13:49:41.547476
2025-08-20,22413,2025082003004213,NFS,Kohinoor Investment & Securities Pvt. Ltd.,Sweta Securities Private Limited,40,723.9,28956.0,2025-08-20 13:54:17.032226
2025-08-20,22412,2025082003004214,NFS,Kohinoor Investment & Securities Pvt. Ltd.,Sani Securities Company Ltd.,500,723.9,361950.0,2025-08-20 13:54:17.032401
2025-08-20,21709,2025082003004349,NFS,Naasa Securities Co. Ltd.,Imperial Securities Company Pvt. Ltd.,100,720.0,72000.0,2025-08-20 13:58:11.042176
2025-08-20,21282,2025082003004401,NFS,Naasa Securities Co. Ltd.,Premier Securities Company Ltd.,50,720.0,36000.0,2025-08-20 14:00:46.636228
2025-08-20,21281,2025082003004402,NFS,Kohinoor Investment & Securities Pvt. Ltd.,Premier Securities Company Ltd.,200,720.0,144000.0,2025-08-20 14:00:46.636414
2025-08-20,21178,2025082003004417,NFS,Sri Hari Securities Pvt. Ltd.,Imperial Securities Company Pvt. Ltd.,200,720.1,144020.0,2025-08-20 14:01:22.320158
2025-08-20,21171,2025082003004418,NFS,Sri Hari Securities Pvt. Ltd.,Naasa Securities Co. Ltd.,70,720.1,50407.0,2025-08-20 14:01:25.531878
2025-08-20,20451,2025082003004505,NFS,Sri Hari Securities Pvt. Ltd.,Siprabi Securities Pvt. Ltd.,100,719.3,71930.0,2025-08-20 14:05:03.717361
2025-08-20,20407,2025082003004510,NFS,Nagarik Stock Dealer ,Premier Securities Company Ltd.,149,720.0,107280.0,2025-08-20 14:05:17.019701
2025-08-20,19950,2025082003004578,NFS,Linch Stock Market Ltd.,Siprabi Securities Pvt. Ltd.,10,723.9,7239.0,2025-08-20 14:07:24.761792
2025-08-20,19319,2025082003004660,NFS,Naasa Securities Co. Ltd.,Siprabi Securities Pvt. Ltd.,10,723.9,7239.0,2025-08-20 14:10:51.520009
2025-08-20,18044,2025082003004829,NFS,Shree Krishna Securities Ltd.,Sri Hari Securities Pvt. Ltd.,10,719.6,7196.0,2025-08-20 14:15:48.031058
2025-08-20,18043,2025082003004830,NFS,Neev Securities Pvt. Ltd.,Sri Hari Securities Pvt. Ltd.,190,719.5,136705.0,2025-08-20 14:15:48.031279
2025-08-20,17537,2025082003004925,NFS,Neev Securities Pvt. Ltd.,Siprabi Securities Pvt. Ltd.,130,719.5,93535.0,2025-08-20 14:17:45.979871
2025-08-20,16987,2025082003004995,NFS,Sri Hari Securities Pvt. Ltd.,Asian Securities Private Ltd.,100,719.6,71960.0,2025-08-20 14:19:51.305985
2025-08-20,16986,2025082003004996,NFS,Neev Securities Pvt. Ltd.,Asian Securities Private Ltd.,180,719.5,129510.0,2025-08-20 14:19:51.306190
2025-08-20,16837,2025082003005013,NFS,Imperial Securities Company Pvt. Ltd.,Ashutosh Brokerage & Securities (PVT) Ltd.,10,719.2,7192.0,2025-08-20 14:20:33.396476
2025-08-20,16836,2025082003005014,NFS,Bhrikuti Stock Broking Co. Pvt. Ltd.,Ashutosh Brokerage & Securities (PVT) Ltd.,20,719.0,14380.0,2025-08-20 14:20:33.396723
2025-08-20,16835,2025082003005015,NFS,K.B.L. Securities Limited ,Ashutosh Brokerage & Securities (PVT) Ltd.,10,719.0,7190.0,2025-08-20 14:20:33.396801
2025-08-20,16831,2025082003005017,NFS,K.B.L. Securities Limited ,Dakshinkali Investment & Securities Pvt. Ltd.,70,719.0,50330.0,2025-08-20 14:20:34.373179
2025-08-20,16830,2025082003005018,NFS,Dipshikha Dhitopatra Karobar Co. Pvt Ltd.,Dakshinkali Investment & Securities Pvt. Ltd.,10,719.0,7190.0,2025-08-20 14:20:34.373353
2025-08-20,16829,2025082003005019,NFS,ABC Securities Private Limited,Dakshinkali Investment & Securities Pvt. Ltd.,15,719.0,10785.0,2025-08-20 14:20:34.373423
2025-08-20,16828,2025082003005020,NFS,ABC Securities Private Limited,Dakshinkali Investment & Securities Pvt. Ltd.,12,719.0,8628.0,2025-08-20 14:20:34.373491
2025-08-20,16827,2025082003005021,NFS,J.F. Securites (PVT) Ltd.,Dakshinkali Investment & Securities Pvt. Ltd.,30,719.0,21570.0,2025-08-20 14:20:34.373558
2025-08-20,16826,2025082003005022,NFS,Kohinoor Investment & Securities Pvt. Ltd.,Dakshinkali Investment & Securities Pvt. Ltd.,10,719.0,7190.0,2025-08-20 14:20:34.373625
2025-08-20,16825,2025082003005023,NFS,Capital Max Securities Ltd,Dakshinkali Investment & Securities Pvt. Ltd.,50,719.0,35950.0,2025-08-20 14:20:34.373692
2025-08-20,16824,2025082003005024,NFS,Sani Securities Company Ltd.,Dakshinkali Investment & Securities Pvt. Ltd.,303,719.0,217857.0,2025-08-20 14:20:34.373756
2025-08-20,16521,2025082003005075,NFS,Sri Hari Securities Pvt. Ltd.,Ashutosh Brokerage & Securities (PVT) Ltd.,10,719.1,7191.0,2025-08-20 14:22:01.663439
2025-08-20,16516,2025082003005076,NFS,Sri Hari Securities Pvt. Ltd.,Asian Securities Private Ltd.,578,719.2,415697.6,2025-08-20 14:22:03.843345
2025-08-20,16304,2025082003005102,NFS,Sri Hari Securities Pvt. Ltd.,Dipshikha Dhitopatra Karobar Co. Pvt Ltd.,180,719.1,129438.0,2025-08-20 14:23:01.542269
2025-08-20,16122,2025082003005127,NFS,Sri Hari Securities Pvt. Ltd.,Dipshikha Dhitopatra Karobar Co. Pvt Ltd.,10,719.1,7191.0,2025-08-20 14:23:55.768655
2025-08-20,16121,2025082003005128,NFS,Sri Hari Securities Pvt. Ltd.,Dipshikha Dhitopatra Karobar Co. Pvt Ltd.,100,719.1,71910.0,2025-08-20 14:23:55.768866
2025-08-20,16120,2025082003005129,NFS,Sani Securities Company Ltd.,Dipshikha Dhitopatra Karobar Co. Pvt Ltd.,247,719.0,177593.0,2025-08-20 14:23:55.768975
2025-08-20,15848,2025082003005153,NFS,Sani Securities Company Ltd.,Dipshikha Dhitopatra Karobar Co. Pvt Ltd.,100,719.0,71900.0,2025-08-20 14:25:18.521243
2025-08-20,15738,2025082003005168,NFS,Thrive Brokerage House Pvt. Ltd,Dipshikha Dhitopatra Karobar Co. Pvt Ltd.,43,719.0,30917.0,2025-08-20 14:25:38.539000
2025-08-20,15737,2025082003005169,NFS,Thrive Brokerage House Pvt. Ltd,Naasa Securities Co. Ltd.,10,719.0,7190.0,2025-08-20 14:25:38.539175
2025-08-20,15712,2025082003005183,NFS,Thrive Brokerage House Pvt. Ltd,Agrawal Securities (PVT) Ltd.,47,719.0,33793.0,2025-08-20 14:25:40.868197
2025-08-20,15711,2025082003005184,NFS,Thrive Brokerage House Pvt. Ltd,Agrawal Securities (PVT) Ltd.,100,718.2,71820.0,2025-08-20 14:25:40.868384
2025-08-20,15710,2025082003005185,NFS,Sri Hari Securities Pvt. Ltd.,Agrawal Securities (PVT) Ltd.,53,718.2,38064.6,2025-08-20 14:25:40.868458
2025-08-20,15148,2025082003005279,NFS,Nagarik Stock Dealer ,Asian Securities Private Ltd.,320,719.5,230240.0,2025-08-20 14:28:09.176055
2025-08-20,15147,2025082003005280,NFS,Nagarik Stock Dealer ,Kohinoor Investment & Securities Pvt. Ltd.,15,720.0,10800.0,2025-08-20 14:28:09.176258
2025-08-20,14796,2025082003005343,NFS,Elite Stock House Limited,Dipshikha Dhitopatra Karobar Co. Pvt Ltd.,50,719.0,35950.0,2025-08-20 14:29:37.544162
2025-08-20,14662,2025082003005382,NFS,Imperial Securities Company Pvt. Ltd.,Dipshikha Dhitopatra Karobar Co. Pvt Ltd.,10,718.1,7181.0,2025-08-20 14:30:13.730317
2025-08-20,14661,2025082003005383,NFS,Cristal Kanchanjanga Securites Pvt. Ltd.,Dipshikha Dhitopatra Karobar Co. Pvt Ltd.,100,718.1,71810.0,2025-08-20 14:30:13.730610
2025-08-20,14660,2025082003005384,NFS,Sweta Securities Private Limited,Dipshikha Dhitopatra Karobar Co. Pvt Ltd.,340,718.1,244154.0,2025-08-20 14:30:13.730805
2025-08-20,14532,2025082003005424,NFS,Sweta Securities Private Limited,Dipshikha Dhitopatra Karobar Co. Pvt Ltd.,160,718.1,114896.0,2025-08-20 14:30:56.084167
2025-08-20,14531,2025082003005425,NFS,Sani Securities Company Ltd.,Dipshikha Dhitopatra Karobar Co. Pvt Ltd.,28,718.0,20104.0,2025-08-20 14:30:56.084583
2025-08-20,14530,2025082003005426,NFS,J.F. Securites (PVT) Ltd.,Dipshikha Dhitopatra Karobar Co. Pvt Ltd.,100,718.0,71800.0,2025-08-20 14:30:56.084820
2025-08-20,14465,2025082003005438,NFS,J.F. Securites (PVT) Ltd.,ABC Securities Private Limited,50,717.1,35855.0,2025-08-20 14:31:12.626913
2025-08-20,14411,2025082003005444,NFS,J.F. Securites (PVT) Ltd.,Dipshikha Dhitopatra Karobar Co. Pvt Ltd.,50,717.1,35855.0,2025-08-20 14:31:28.260751
2025-08-20,14410,2025082003005445,NFS,Aryatara Investment & Securities,Dipshikha Dhitopatra Karobar Co. Pvt Ltd.,62,717.0,44454.0,2025-08-20 14:31:28.260962
2025-08-20,14369,2025082003005451,NFS,Aryatara Investment & Securities,Dipshikha Dhitopatra Karobar Co. Pvt Ltd.,438,717.0,314046.0,2025-08-20 14:31:43.439886
2025-08-20,14368,2025082003005452,NFS,Premier Securities Company Ltd.,Dipshikha Dhitopatra Karobar Co. Pvt Ltd.,62,717.0,44454.0,2025-08-20 14:31:43.440242
2025-08-20,14307,2025082003005466,NFS,Linch Stock Market Ltd.,Aryatara Investment & Securities,20,718.5,14370.0,2025-08-20 14:31:55.702365
2025-08-20,13778,2025082003005582,NFS,Nagarik Stock Dealer ,Aryatara Investment & Securities,380,718.5,273030.0,2025-08-20 14:33:51.754360
2025-08-20,13158,2025082003005696,NFS,Nagarik Stock Dealer ,Primo Securities (PVT) Ltd.,120,717.5,86100.0,2025-08-20 14:35:48.007256
2025-08-20,12258,2025082003005883,NFS,Imperial Securities Company Pvt. Ltd.,Imperial Securities Company Pvt. Ltd.,10,718.0,7180.0,2025-08-20 14:38:33.718511
2025-08-20,12257,2025082003005884,NFS,Sri Hari Securities Pvt. Ltd.,Imperial Securities Company Pvt. Ltd.,190,717.6,136344.0,2025-08-20 14:38:33.718744
2025-08-20,12038,2025082003005918,NFS,Sri Hari Securities Pvt. Ltd.,Capital Max Securities Ltd,10,717.6,7176.0,2025-08-20 14:39:06.161222
2025-08-20,11621,2025082003006011,NFS,Neev Securities Pvt. Ltd.,Trishakti Securities Public Limited,33,717.7,23684.1,2025-08-20 14:40:39.988041
2025-08-20,11620,2025082003006012,NFS,Sri Hari Securities Pvt. Ltd.,Trishakti Securities Public Limited,67,717.6,48079.2,2025-08-20 14:40:39.988227
2025-08-20,10676,2025082003006222,NFS,Imperial Securities Company Pvt. Ltd.,Ashutosh Brokerage & Securities (PVT) Ltd.,10,718.5,7185.0,2025-08-20 14:43:03.884090
2025-08-20,10265,2025082003006331,NFS,Naasa Securities Co. Ltd.,South Asian Bulls Pvt. Ltd.,300,717.7,215310.0,2025-08-20 14:44:13.998927
2025-08-20,9694,2025082003006464,NFS,Imperial Securities Company Pvt. Ltd.,Trishakti Securities Public Limited,20,718.0,14360.0,2025-08-20 14:45:10.894208
2025-08-20,9483,2025082003006504,NFS,Sri Hari Securities Pvt. Ltd.,Dipshikha Dhitopatra Karobar Co. Pvt Ltd.,100,717.8,71780.0,2025-08-20 14:45:48.424785
2025-08-20,9482,2025082003006505,NFS,Naasa Securities Co. Ltd.,Dipshikha Dhitopatra Karobar Co. Pvt Ltd.,10,717.7,7177.0,2025-08-20 14:45:48.425038
2025-08-20,9352,2025082003006520,NFS,Naasa Securities Co. Ltd.,Dipshikha Dhitopatra Karobar Co. Pvt Ltd.,20,717.7,14354.0,2025-08-20 14:46:06.503960
2025-08-20,9090,2025082003006557,NFS,Naasa Securities Co. Ltd.,Dakshinkali Investment & Securities Pvt. Ltd.,270,717.7,193779.0,2025-08-20 14:46:34.818055
2025-08-20,8894,2025082003006573,NFS,Nagarik Stock Dealer ,Ashutosh Brokerage & Securities (PVT) Ltd.,90,717.5,64575.0,2025-08-20 14:46:52.714357
2025-08-20,8768,2025082003006630,NFS,Kohinoor Investment & Securities Pvt. Ltd.,Dakshinkali Investment & Securities Pvt. Ltd.,20,717.7,14354.0,2025-08-20 14:47:06.376773
2025-08-20,8767,2025082003006631,NFS,Kohinoor Investment & Securities Pvt. Ltd.,Trishakti Securities Public Limited,110,718.0,78980.0,2025-08-20 14:47:06.376976
2025-08-20,8669,2025082003006639,NFS,Nagarik Stock Dealer ,Nepal Stock House (PVT) Ltd.,30,717.5,21525.0,2025-08-20 14:47:18.184465
2025-08-20,8668,2025082003006640,NFS,Imperial Securities Company Pvt. Ltd.,Nepal Stock House (PVT) Ltd.,10,717.1,7171.0,2025-08-20 14:47:18.184528
2025-08-20,8667,2025082003006641,NFS,Premier Securities Company Ltd.,Nepal Stock House (PVT) Ltd.,438,717.0,314046.0,2025-08-20 14:47:18.184558
2025-08-20,8666,2025082003006642,NFS,Shree Krishna Securities Ltd.,Nepal Stock House (PVT) Ltd.,22,717.0,15774.0,2025-08-20 14:47:18.184583
2025-08-20,8555,2025082003006664,NFS,Nepal Investment And Securities Trading Private Limited,Nepal Stock House (PVT) Ltd.,30,717.0,21510.0,2025-08-20 14:47:23.144109
2025-08-20,8554,2025082003006665,NFS,J.F. Securites (PVT) Ltd.,Nepal Stock House (PVT) Ltd.,30,717.0,21510.0,2025-08-20 14:47:23.144173
2025-08-20,8553,2025082003006666,NFS,Siprabi Securities Pvt. Ltd.,Nepal Stock House (PVT) Ltd.,65,717.0,46605.0,2025-08-20 14:47:23.144199
2025-08-20,8552,2025082003006667,NFS,Imperial Securities Company Pvt. Ltd.,Nepal Stock House (PVT) Ltd.,97,717.0,69549.0,2025-08-20 14:47:23.144223
2025-08-20,8551,2025082003006668,NFS,Midas Stock Broking Company Private Limited,Nepal Stock House (PVT) Ltd.,70,716.1,50127.0,2025-08-20 14:47:23.144250
2025-08-20,8550,2025082003006669,NFS,Malla & Malla Stock Broking Company Pvt. Limited,Nepal Stock House (PVT) Ltd.,15,716.0,10740.0,2025-08-20 14:47:23.144279
2025-08-20,8549,2025082003006670,NFS,South Asian Bulls Pvt. Ltd.,Nepal Stock House (PVT) Ltd.,35,716.0,25060.0,2025-08-20 14:47:23.144306
2025-08-20,8548,2025082003006671,NFS,Investment Management Nepal Pvt. Ltd.,Nepal Stock House (PVT) Ltd.,50,716.0,35800.0,2025-08-20 14:47:23.144326
2025-08-20,8547,2025082003006672,NFS,Imperial Securities Company Pvt. Ltd.,Nepal Stock House (PVT) Ltd.,50,716.0,35800.0,2025-08-20 14:47:23.144396
2025-08-20,8546,2025082003006673,NFS,Nepal Investment And Securities Trading Private Limited,Nepal Stock House (PVT) Ltd.,58,715.3,41487.4,2025-08-20 14:47:23.144426
2025-08-20,7875,2025082003006779,NFS,Sri Hari Securities Pvt. Ltd.,Dakshinkali Investment & Securities Pvt. Ltd.,100,715.4,71540.0,2025-08-20 14:48:29.469417
2025-08-20,7256,2025082003006908,NFS,Online Securities Pvt. Ltd.,Citizens Share Broker Limited,80,716.9,57352.0,2025-08-20 14:49:46.400191
2025-08-20,7036,2025082003006924,NFS,J.F. Securites (PVT) Ltd.,Citizens Share Broker Limited,186,716.8,133324.8,2025-08-20 14:50:09.994685
2025-08-20,6505,2025082003007044,NFS,Naasa Securities Co. Ltd.,Dakshinkali Investment & Securities Pvt. Ltd.,83,715.8,59411.4,2025-08-20 14:51:04.062049
2025-08-20,6504,2025082003007045,NFS,Sri Hari Securities Pvt. Ltd.,Dakshinkali Investment & Securities Pvt. Ltd.,417,715.7,298446.9,2025-08-20 14:51:04.062241
2025-08-20,6218,2025082003007117,NFS,J.F. Securites (PVT) Ltd.,Dakshinkali Investment & Securities Pvt. Ltd.,200,716.0,143200.0,2025-08-20 14:51:32.401188
2025-08-20,6048,2025082003007146,NFS,Aakashbhairab Securities Ltd.,Sani Securities Company Ltd.,110,715.9,78749.0,2025-08-20 14:51:53.397645
2025-08-20,6047,2025082003007147,NFS,Sri Hari Securities Pvt. Ltd.,Sani Securities Company Ltd.,145,715.8,103791.0,2025-08-20 14:51:53.397811
2025-08-20,6046,2025082003007148,NFS,Property Wiard Limited,Sani Securities Company Ltd.,100,715.6,71560.0,2025-08-20 14:51:53.397915
2025-08-20,6045,2025082003007149,NFS,Vision Securities Pvt. Ltd,Sani Securities Company Ltd.,335,715.5,239692.5,2025-08-20 14:51:53.397979
2025-08-20,5742,2025082003007197,NFS,ABC Securities Private Limited,Sri Hari Securities Pvt. Ltd.,50,716.0,35800.0,2025-08-20 14:52:24.444554
2025-08-20,5741,2025082003007198,NFS,Vision Securities Pvt. Ltd,Sri Hari Securities Pvt. Ltd.,215,715.5,153832.5,2025-08-20 14:52:24.444713
2025-08-20,5740,2025082003007199,NFS,Sani Securities Company Ltd.,Sri Hari Securities Pvt. Ltd.,15,715.5,10732.5,2025-08-20 14:52:24.444807
2025-08-20,5739,2025082003007200,NFS,Nepal Investment And Securities Trading Private Limited,Sri Hari Securities Pvt. Ltd.,20,715.3,14306.0,2025-08-20 14:52:24.444873
2025-08-20,5565,2025082003007230,NFS,Nepal Investment And Securities Trading Private Limited,Sani Securities Company Ltd.,10,715.3,7153.0,2025-08-20 14:52:47.914791
2025-08-20,5514,2025082003007238,NFS,Thrive Brokerage House Pvt. Ltd,Nepal Investment And Securities Trading Private Limited,50,716.0,35800.0,2025-08-20 14:52:53.944548
2025-08-20,5356,2025082003007265,NFS,Dynamic Money Managers Securities Pvt. Ltd.,Premier Securities Company Ltd.,21,716.5,15046.5,2025-08-20 14:53:17.561203
2025-08-20,5355,2025082003007266,NFS,Nepal Investment And Securities Trading Private Limited,Premier Securities Company Ltd.,12,715.3,8583.6,2025-08-20 14:53:17.561531
2025-08-20,5354,2025082003007267,NFS,Sipla Securities Private Limited,Premier Securities Company Ltd.,50,715.2,35760.0,2025-08-20 14:53:17.561724
2025-08-20,5353,2025082003007268,NFS,Online Securities Pvt. Ltd.,Premier Securities Company Ltd.,20,715.1,14302.0,2025-08-20 14:53:17.561913
2025-08-20,5352,2025082003007269,NFS,Kumari Securities Private Limited,Premier Securities Company Ltd.,100,715.1,71510.0,2025-08-20 14:53:17.562099
2025-08-20,5351,2025082003007270,NFS,Online Securities Pvt. Ltd.,Premier Securities Company Ltd.,10,715.1,7151.0,2025-08-20 14:53:17.562291
2025-08-20,5350,2025082003007271,NFS,Nagarik Stock Dealer ,Premier Securities Company Ltd.,1287,715.1,920333.7,2025-08-20 14:53:17.562467
2025-08-20,5293,2025082003007278,NFS,Nepal Stock House (PVT) Ltd.,Citizens Share Broker Limited,100,716.9,71690.0,2025-08-20 14:53:26.075340
2025-08-20,4956,2025082003007362,NFS,Naasa Securities Co. Ltd.,Citizens Share Broker Limited,20,716.9,14338.0,2025-08-20 14:54:06.990888
2025-08-20,4539,2025082003007420,NFS,Kohinoor Investment & Securities Pvt. Ltd.,Citizens Share Broker Limited,300,716.9,215070.0,2025-08-20 14:54:41.274202
2025-08-20,4381,2025082003007467,NFS,Sri Hari Securities Pvt. Ltd.,Naasa Securities Co. Ltd.,11,715.3,7868.3,2025-08-20 14:54:55.410101
2025-08-20,4056,2025082003007540,NFS,Sri Hari Securities Pvt. Ltd.,Naasa Securities Co. Ltd.,10,715.3,7153.0,2025-08-20 14:55:32.208755
2025-08-20,3683,2025082003007628,NFS,Imperial Securities Company Pvt. Ltd.,Ashutosh Brokerage & Securities (PVT) Ltd.,200,715.5,143100.0,2025-08-20 14:56:03.050842
2025-08-20,3682,2025082003007629,NFS,Neev Securities Pvt. Ltd.,Ashutosh Brokerage & Securities (PVT) Ltd.,200,715.4,143080.0,2025-08-20 14:56:03.051037
2025-08-20,3619,2025082003007645,NFS,Midas Stock Broking Company Private Limited,Ashutosh Brokerage & Securities (PVT) Ltd.,60,715.4,42924.0,2025-08-20 14:56:09.150572
2025-08-20,3344,2025082003007716,NFS,J.F. Securites (PVT) Ltd.,Ashutosh Brokerage & Securities (PVT) Ltd.,40,715.4,28616.0,2025-08-20 14:56:31.612078
2025-08-20,2902,2025082003007806,NFS,Thrive Brokerage House Pvt. Ltd,Nepal Investment And Securities Trading Private Limited,50,715.5,35775.0,2025-08-20 14:57:11.158478
2025-08-20,2701,2025082003007830,NFS,Nagarik Stock Dealer ,Secured Securities Ltd.,40,716.0,28640.0,2025-08-20 14:57:24.894994
2025-08-20,2700,2025082003007831,NFS,Nagarik Stock Dealer ,South Asian Bulls Pvt. Ltd.,25,716.8,17920.0,2025-08-20 14:57:24.895147
2025-08-20,2699,2025082003007832,NFS,Nagarik Stock Dealer ,Citizens Share Broker Limited,193,716.9,138361.7,2025-08-20 14:57:24.895214
2025-08-20,2215,2025082003007942,NFS,Nagarik Stock Dealer ,KALASH STOCK MARKET PVT. LTD.,100,716.0,71600.0,2025-08-20 14:58:04.982216
2025-08-20,2214,2025082003007943,NFS,Nagarik Stock Dealer ,Citizens Share Broker Limited,1307,716.9,936988.3,2025-08-20 14:58:04.982532
2025-08-20,1443,2025082003008093,NFS,J.F. Securites (PVT) Ltd.,Trishakti Securities Public Limited,20,718.0,14360.0,2025-08-20 14:58:58.248289
2025-08-20,1442,2025082003008094,NFS,J.F. Securites (PVT) Ltd.,Vision Securities Pvt. Ltd,54,720.0,38880.0,2025-08-20 14:58:58.248453
2025-08-20,1305,2025082003008103,NFS,Linch Stock Market Ltd.,Imperial Securities Company Pvt. Ltd.,20,718.0,14360.0,2025-08-20 14:59:04.903019
2025-08-20,872,2025082003008173,NFS,Linch Stock Market Ltd.,Imperial Securities Company Pvt. Ltd.,10,718.0,7180.0,2025-08-20 14:59:27.242091
2025-08-20,871,2025082003008174,NFS,Linch Stock Market Ltd.,Vision Securities Pvt. Ltd,38,720.0,27360.0,2025-08-20 14:59:27.242253
