Date,S.N.,Contract ID,Symbol,Buyer Broker,Seller Broker,volume,rate,amount,transaction_time
2025-08-20,51708,2025082003000240,PFL,Sani Securities Company Ltd.,Asian Securities Private Ltd.,15,408.0,6120.0,2025-08-20 11:16:29.884533
2025-08-20,49991,2025082003000434,PFL,South Asian Bulls Pvt. Ltd.,Dipshikha Dhitopatra Karobar Co. Pvt Ltd.,50,407.0,20350.0,2025-08-20 11:26:08.867575
2025-08-20,49901,2025082003000440,PFL,Midas Stock Broking Company Private Limited,Bhrikuti Stock Broking Co. Pvt. Ltd.,1,399.9,399.9,2025-08-20 11:26:42.924765
2025-08-20,49730,2025082003000455,PFL,South Asian Bulls Pvt. Ltd.,Dipshikha Dhitopatra Karobar Co. Pvt Ltd.,50,407.0,20350.0,2025-08-20 11:27:43.612390
2025-08-20,48492,2025082003000568,PFL,Online Securities Pvt. Ltd.,Himalayan Securities Limited,14,407.0,5698.0,2025-08-20 11:34:22.159011
2025-08-20,47709,2025082003000676,PFL,Asian Securities Private Ltd.,Naasa Securities Co. Ltd.,20,407.1,8142.0,2025-08-20 11:38:43.214246
2025-08-20,46956,2025082003000776,PFL,Deevyaa Securities & Stock House Pvt. Ltd,Neev Securities Pvt. Ltd.,650,408.2,265330.0,2025-08-20 11:42:35.511422
2025-08-20,46727,2025082003000831,PFL,Asian Securities Private Ltd.,Sewa Securities Pvt. Ltd.,50,408.3,20415.0,2025-08-20 11:43:28.477808
2025-08-20,46593,2025082003000855,PFL,Asian Securities Private Ltd.,Sewa Securities Pvt. Ltd.,30,408.3,12249.0,2025-08-20 11:44:08.576711
2025-08-20,46458,2025082003000864,PFL,Asian Securities Private Ltd.,Property Wiard Limited,50,408.3,20415.0,2025-08-20 11:44:55.762671
2025-08-20,42864,2025082003001381,PFL,Kalika Securities Pvt. Ltd.,Agrawal Securities (PVT) Ltd.,11,409.0,4499.0,2025-08-20 12:03:40.886327
2025-08-20,42863,2025082003001382,PFL,Kalika Securities Pvt. Ltd.,Dynamic Money Managers Securities Pvt. Ltd.,145,409.0,59305.0,2025-08-20 12:03:40.886525
2025-08-20,42103,2025082003001494,PFL,Kalika Securities Pvt. Ltd.,Asian Securities Private Ltd.,100,409.0,40900.0,2025-08-20 12:08:06.869239
2025-08-20,41455,2025082003001553,PFL,Kalika Securities Pvt. Ltd.,Online Securities Pvt. Ltd.,10,409.0,4090.0,2025-08-20 12:11:41.811237
2025-08-20,39643,2025082003001766,PFL,Kalika Securities Pvt. Ltd.,Opal Securities Investment (PVT) Ltd.,25,409.0,10225.0,2025-08-20 12:21:35.579505
2025-08-20,39309,2025082003001811,PFL,Kalika Securities Pvt. Ltd.,Naasa Securities Co. Ltd.,109,409.0,44581.0,2025-08-20 12:23:19.960263
2025-08-20,39308,2025082003001812,PFL,ABC Securities Private Limited,Naasa Securities Co. Ltd.,1000,409.0,409000.0,2025-08-20 12:23:19.960375
2025-08-20,39135,2025082003001831,PFL,Online Securities Pvt. Ltd.,Nepal Stock House (PVT) Ltd.,10,410.0,4100.0,2025-08-20 12:24:13.193127
2025-08-20,39134,2025082003001832,PFL,Online Securities Pvt. Ltd.,Asian Securities Private Ltd.,85,410.0,34850.0,2025-08-20 12:24:13.193230
2025-08-20,39133,2025082003001833,PFL,Online Securities Pvt. Ltd.,Linch Stock Market Ltd.,63,410.0,25830.0,2025-08-20 12:24:13.193278
2025-08-20,39132,2025082003001834,PFL,Online Securities Pvt. Ltd.,Neev Securities Pvt. Ltd.,10,410.0,4100.0,2025-08-20 12:24:13.193316
2025-08-20,39131,2025082003001835,PFL,Online Securities Pvt. Ltd.,Imperial Securities Company Pvt. Ltd.,192,410.0,78720.0,2025-08-20 12:24:13.193354
2025-08-20,38874,2025082003001866,PFL,Imperial Securities Company Pvt. Ltd.,Imperial Securities Company Pvt. Ltd.,12,411.0,4932.0,2025-08-20 12:25:55.393201
2025-08-20,38788,2025082003001878,PFL,Naasa Securities Co. Ltd.,Naasa Securities Co. Ltd.,30,409.0,12270.0,2025-08-20 12:26:34.530437
2025-08-20,38787,2025082003001879,PFL,Naasa Securities Co. Ltd.,Naasa Securities Co. Ltd.,10,409.0,4090.0,2025-08-20 12:26:34.530564
2025-08-20,38786,2025082003001880,PFL,Imperial Securities Company Pvt. Ltd.,Naasa Securities Co. Ltd.,100,408.3,40830.0,2025-08-20 12:26:34.530623
2025-08-20,38785,2025082003001881,PFL,Naasa Securities Co. Ltd.,Naasa Securities Co. Ltd.,15,408.2,6123.0,2025-08-20 12:26:34.530664
2025-08-20,38784,2025082003001882,PFL,Deevyaa Securities & Stock House Pvt. Ltd,Naasa Securities Co. Ltd.,80,408.2,32656.0,2025-08-20 12:26:34.530704
2025-08-20,38783,2025082003001883,PFL,Dakshinkali Investment & Securities Pvt. Ltd.,Naasa Securities Co. Ltd.,200,408.2,81640.0,2025-08-20 12:26:34.530879
2025-08-20,38782,2025082003001884,PFL,Naasa Securities Co. Ltd.,Naasa Securities Co. Ltd.,10,407.0,4070.0,2025-08-20 12:26:34.531165
2025-08-20,38781,2025082003001885,PFL,Imperial Securities Company Pvt. Ltd.,Naasa Securities Co. Ltd.,500,406.2,203100.0,2025-08-20 12:26:34.531297
2025-08-20,38780,2025082003001886,PFL,South Asian Bulls Pvt. Ltd.,Naasa Securities Co. Ltd.,20,406.1,8122.0,2025-08-20 12:26:34.531426
2025-08-20,38779,2025082003001887,PFL,Linch Stock Market Ltd.,Naasa Securities Co. Ltd.,35,406.1,14213.5,2025-08-20 12:26:34.531468
2025-08-20,38741,2025082003001895,PFL,Linch Stock Market Ltd.,Naasa Securities Co. Ltd.,215,406.1,87311.5,2025-08-20 12:26:43.648313
2025-08-20,38740,2025082003001896,PFL,Vision Securities Pvt. Ltd,Naasa Securities Co. Ltd.,785,406.1,318788.5,2025-08-20 12:26:43.648515
2025-08-20,38710,2025082003001903,PFL,Vision Securities Pvt. Ltd,Naasa Securities Co. Ltd.,215,406.1,87311.5,2025-08-20 12:26:51.084262
2025-08-20,38709,2025082003001904,PFL,Linch Stock Market Ltd.,Naasa Securities Co. Ltd.,785,406.0,318710.0,2025-08-20 12:26:51.084356
2025-08-20,37707,2025082003002039,PFL,Market Securities & Exchange (PVT) Ltd.,Imperial Securities Company Pvt. Ltd.,18,411.0,7398.0,2025-08-20 12:32:59.008455
2025-08-20,31702,2025082003002937,PFL,Sani Securities Company Ltd.,Nagarik Stock Dealer ,30,405.9,12177.0,2025-08-20 13:03:00.882286
2025-08-20,31701,2025082003002938,PFL,Linch Stock Market Ltd.,Nagarik Stock Dealer ,50,405.4,20270.0,2025-08-20 13:03:00.882402
2025-08-20,31700,2025082003002939,PFL,Trishakti Securities Public Limited,Nagarik Stock Dealer ,100,405.3,40530.0,2025-08-20 13:03:00.882479
2025-08-20,31699,2025082003002940,PFL,Naasa Securities Co. Ltd.,Nagarik Stock Dealer ,74,405.2,29984.8,2025-08-20 13:03:00.882548
2025-08-20,31698,2025082003002941,PFL,Imperial Securities Company Pvt. Ltd.,Nagarik Stock Dealer ,100,405.1,40510.0,2025-08-20 13:03:00.882609
2025-08-20,31697,2025082003002942,PFL,Imperial Securities Company Pvt. Ltd.,Nagarik Stock Dealer ,370,405.0,149850.0,2025-08-20 13:03:00.882677
2025-08-20,31696,2025082003002943,PFL,Opal Securities Investment (PVT) Ltd.,Nagarik Stock Dealer ,245,405.0,99225.0,2025-08-20 13:03:00.882753
2025-08-20,31695,2025082003002944,PFL,Trishakti Securities Public Limited,Nagarik Stock Dealer ,100,405.0,40500.0,2025-08-20 13:03:00.882816
2025-08-20,31694,2025082003002945,PFL,Imperial Securities Company Pvt. Ltd.,Nagarik Stock Dealer ,20,405.0,8100.0,2025-08-20 13:03:00.882875
2025-08-20,31693,2025082003002946,PFL,Sri Hari Securities Pvt. Ltd.,Nagarik Stock Dealer ,50,405.0,20250.0,2025-08-20 13:03:00.882934
2025-08-20,31692,2025082003002947,PFL,ABC Securities Private Limited,Nagarik Stock Dealer ,98,405.0,39690.0,2025-08-20 13:03:00.883002
2025-08-20,30715,2025082003003063,PFL,Online Securities Pvt. Ltd.,Naasa Securities Co. Ltd.,50,405.1,20255.0,2025-08-20 13:08:31.244100
2025-08-20,30714,2025082003003064,PFL,Linch Stock Market Ltd.,Naasa Securities Co. Ltd.,50,405.1,20255.0,2025-08-20 13:08:31.244189
2025-08-20,30713,2025082003003065,PFL,ABC Securities Private Limited,Naasa Securities Co. Ltd.,900,405.0,364500.0,2025-08-20 13:08:31.244236
2025-08-20,29929,2025082003003163,PFL,Linch Stock Market Ltd.,Naasa Securities Co. Ltd.,215,405.0,87075.0,2025-08-20 13:13:41.193553
2025-08-20,29928,2025082003003164,PFL,Naasa Securities Co. Ltd.,Naasa Securities Co. Ltd.,10,405.0,4050.0,2025-08-20 13:13:41.193750
2025-08-20,29927,2025082003003165,PFL,Sani Securities Company Ltd.,Naasa Securities Co. Ltd.,10,405.0,4050.0,2025-08-20 13:13:41.193877
2025-08-20,29926,2025082003003166,PFL,Dipshikha Dhitopatra Karobar Co. Pvt Ltd.,Naasa Securities Co. Ltd.,130,404.0,52520.0,2025-08-20 13:13:41.194047
2025-08-20,29925,2025082003003167,PFL,Dipshikha Dhitopatra Karobar Co. Pvt Ltd.,Naasa Securities Co. Ltd.,500,404.0,202000.0,2025-08-20 13:13:41.194166
2025-08-20,29924,2025082003003168,PFL,Dynamic Money Managers Securities Pvt. Ltd.,Naasa Securities Co. Ltd.,135,404.0,54540.0,2025-08-20 13:13:41.194283
2025-08-20,29883,2025082003003173,PFL,Dynamic Money Managers Securities Pvt. Ltd.,Naasa Securities Co. Ltd.,65,404.0,26260.0,2025-08-20 13:14:00.767854
2025-08-20,29882,2025082003003174,PFL,Sani Securities Company Ltd.,Naasa Securities Co. Ltd.,10,404.0,4040.0,2025-08-20 13:14:00.767992
2025-08-20,29881,2025082003003175,PFL,Imperial Securities Company Pvt. Ltd.,Naasa Securities Co. Ltd.,100,403.1,40310.0,2025-08-20 13:14:00.768046
2025-08-20,29880,2025082003003176,PFL,Aryatara Investment & Securities,Naasa Securities Co. Ltd.,20,403.0,8060.0,2025-08-20 13:14:00.768092
2025-08-20,29879,2025082003003177,PFL,South Asian Bulls Pvt. Ltd.,Naasa Securities Co. Ltd.,200,403.0,80600.0,2025-08-20 13:14:00.768151
2025-08-20,29878,2025082003003178,PFL,Cristal Kanchanjanga Securites Pvt. Ltd.,Naasa Securities Co. Ltd.,100,403.0,40300.0,2025-08-20 13:14:00.768189
2025-08-20,29877,2025082003003179,PFL,Sani Securities Company Ltd.,Naasa Securities Co. Ltd.,10,403.0,4030.0,2025-08-20 13:14:00.768225
2025-08-20,29876,2025082003003180,PFL,Bhrikuti Stock Broking Co. Pvt. Ltd.,Naasa Securities Co. Ltd.,200,402.8,80560.0,2025-08-20 13:14:00.768263
2025-08-20,29875,2025082003003181,PFL,Aryatara Investment & Securities,Naasa Securities Co. Ltd.,25,402.0,10050.0,2025-08-20 13:14:00.768303
2025-08-20,29874,2025082003003182,PFL,Trisul Securities & Invt. Ltd.,Naasa Securities Co. Ltd.,50,401.0,20050.0,2025-08-20 13:14:00.768341
2025-08-20,29873,2025082003003183,PFL,Naasa Securities Co. Ltd.,Naasa Securities Co. Ltd.,200,401.0,80200.0,2025-08-20 13:14:00.768382
2025-08-20,29872,2025082003003184,PFL,Naasa Securities Co. Ltd.,Naasa Securities Co. Ltd.,20,401.0,8020.0,2025-08-20 13:14:00.768421
2025-08-20,28391,2025082003003386,PFL,Midas Stock Broking Company Private Limited,ABC Securities Private Limited,2,400.0,800.0,2025-08-20 13:21:52.575013
2025-08-20,28361,2025082003003389,PFL,Midas Stock Broking Company Private Limited,Premier Securities Company Ltd.,8,401.0,3208.0,2025-08-20 13:22:04.601106
2025-08-20,28194,2025082003003409,PFL,S.P.S.A. Securities Limited,Imperial Securities Company Pvt. Ltd.,15,408.9,6133.5,2025-08-20 13:23:00.118354
2025-08-20,28193,2025082003003410,PFL,S.P.S.A. Securities Limited,Cristal Kanchanjanga Securites Pvt. Ltd.,200,408.9,81780.0,2025-08-20 13:23:00.118487
2025-08-20,28192,2025082003003411,PFL,S.P.S.A. Securities Limited,Asian Securities Private Ltd.,18,409.0,7362.0,2025-08-20 13:23:00.118519
2025-08-20,28191,2025082003003412,PFL,S.P.S.A. Securities Limited,Arun Securities (PVT) Ltd.,167,409.0,68303.0,2025-08-20 13:23:00.118543
2025-08-20,28050,2025082003003438,PFL,Online Securities Pvt. Ltd.,Online Securities Pvt. Ltd.,2,403.0,806.0,2025-08-20 13:23:52.371179
2025-08-20,26351,2025082003003671,PFL,Dipshikha Dhitopatra Karobar Co. Pvt Ltd.,Agrawal Securities (PVT) Ltd.,10,408.0,4080.0,2025-08-20 13:33:12.981768
2025-08-20,26340,2025082003003677,PFL,Sweta Securities Private Limited,Imperial Securities Company Pvt. Ltd.,100,405.0,40500.0,2025-08-20 13:33:16.918784
2025-08-20,26339,2025082003003678,PFL,Primo Securities (PVT) Ltd.,Imperial Securities Company Pvt. Ltd.,100,405.0,40500.0,2025-08-20 13:33:16.918907
2025-08-20,26338,2025082003003679,PFL,Creative Securities Pvt Ltd,Imperial Securities Company Pvt. Ltd.,149,403.0,60047.0,2025-08-20 13:33:16.918968
2025-08-20,26006,2025082003003721,PFL,Vision Securities Pvt. Ltd,Imperial Securities Company Pvt. Ltd.,500,403.0,201500.0,2025-08-20 13:34:59.398139
2025-08-20,25917,2025082003003727,PFL,Premier Securities Company Ltd.,Imperial Securities Company Pvt. Ltd.,20,403.0,8060.0,2025-08-20 13:35:16.174583
2025-08-20,25862,2025082003003738,PFL,Vision Securities Pvt. Ltd,Imperial Securities Company Pvt. Ltd.,200,403.0,80600.0,2025-08-20 13:35:37.524376
2025-08-20,25716,2025082003003769,PFL,Online Securities Pvt. Ltd.,Imperial Securities Company Pvt. Ltd.,20,403.0,8060.0,2025-08-20 13:36:26.958261
2025-08-20,25712,2025082003003770,PFL,Vision Securities Pvt. Ltd,Imperial Securities Company Pvt. Ltd.,45,403.0,18135.0,2025-08-20 13:36:27.700048
2025-08-20,25523,2025082003003815,PFL,Premier Securities Company Ltd.,Imperial Securities Company Pvt. Ltd.,80,403.0,32240.0,2025-08-20 13:37:32.561762
2025-08-20,25408,2025082003003828,PFL,Investment Management Nepal Pvt. Ltd.,Imperial Securities Company Pvt. Ltd.,30,403.0,12090.0,2025-08-20 13:38:17.990078
2025-08-20,25405,2025082003003829,PFL,Secured Securities Ltd.,Imperial Securities Company Pvt. Ltd.,32,403.0,12896.0,2025-08-20 13:38:20.542177
2025-08-20,25378,2025082003003835,PFL,Oxford Securities Pvt. Ltd.,Imperial Securities Company Pvt. Ltd.,724,403.0,291772.0,2025-08-20 13:38:32.657385
2025-08-20,22350,2025082003004222,PFL,Online Securities Pvt. Ltd.,Naasa Securities Co. Ltd.,2,406.0,812.0,2025-08-20 13:54:34.362227
2025-08-20,22141,2025082003004246,PFL,Online Securities Pvt. Ltd.,Nepal Stock House (PVT) Ltd.,1,407.0,407.0,2025-08-20 13:55:35.591963
2025-08-20,22116,2025082003004253,PFL,Kohinoor Investment & Securities Pvt. Ltd.,Agrawal Securities (PVT) Ltd.,14,404.1,5657.4,2025-08-20 13:55:46.005994
2025-08-20,21920,2025082003004312,PFL,Kohinoor Investment & Securities Pvt. Ltd.,Premier Securities Company Ltd.,28,404.1,11314.8,2025-08-20 13:56:56.002353
2025-08-20,19895,2025082003004583,PFL,Oxford Securities Pvt. Ltd.,Aryatara Investment & Securities,10,404.5,4045.0,2025-08-20 14:07:44.690150
2025-08-20,19894,2025082003004584,PFL,Asian Securities Private Ltd.,Aryatara Investment & Securities,90,404.5,36405.0,2025-08-20 14:07:44.690243
2025-08-20,19330,2025082003004658,PFL,Asian Securities Private Ltd.,Malla & Malla Stock Broking Company Pvt. Limited,10,404.5,4045.0,2025-08-20 14:10:48.788886
2025-08-20,15430,2025082003005236,PFL,Kohinoor Investment & Securities Pvt. Ltd.,Trishakti Securities Public Limited,158,406.0,64148.0,2025-08-20 14:27:00.600399
2025-08-20,15264,2025082003005268,PFL,Siprabi Securities Pvt. Ltd.,Kumari Securities Private Limited,10,407.0,4070.0,2025-08-20 14:27:41.272922
2025-08-20,14420,2025082003005443,PFL,Imperial Securities Company Pvt. Ltd.,Sweta Securities Private Limited,50,405.2,20260.0,2025-08-20 14:31:23.298129
2025-08-20,13812,2025082003005579,PFL,Kohinoor Investment & Securities Pvt. Ltd.,Trishakti Securities Public Limited,58,405.3,23507.4,2025-08-20 14:33:45.805072
2025-08-20,13425,2025082003005662,PFL,Kohinoor Investment & Securities Pvt. Ltd.,Imperial Securities Company Pvt. Ltd.,192,405.3,77817.6,2025-08-20 14:34:54.377142
2025-08-20,13424,2025082003005663,PFL,Imperial Securities Company Pvt. Ltd.,Imperial Securities Company Pvt. Ltd.,200,405.2,81040.0,2025-08-20 14:34:54.377455
2025-08-20,13423,2025082003005664,PFL,Vision Securities Pvt. Ltd,Imperial Securities Company Pvt. Ltd.,50,405.0,20250.0,2025-08-20 14:34:54.377641
2025-08-20,11257,2025082003006111,PFL,Sani Securities Company Ltd.,Asian Securities Private Ltd.,150,404.7,60705.0,2025-08-20 14:41:27.669200
2025-08-20,10644,2025082003006227,PFL,South Asian Bulls Pvt. Ltd.,Asian Securities Private Ltd.,56,404.5,22652.0,2025-08-20 14:43:14.223710
2025-08-20,10483,2025082003006260,PFL,Linch Stock Market Ltd.,Asian Securities Private Ltd.,100,404.2,40420.0,2025-08-20 14:43:40.892258
2025-08-20,10418,2025082003006272,PFL,Market Securities & Exchange (PVT) Ltd.,Aryatara Investment & Securities,50,404.0,20200.0,2025-08-20 14:43:52.244893
2025-08-20,10417,2025082003006273,PFL,Dipshikha Dhitopatra Karobar Co. Pvt Ltd.,Aryatara Investment & Securities,30,404.0,12120.0,2025-08-20 14:43:52.244935
2025-08-20,9605,2025082003006475,PFL,Dipshikha Dhitopatra Karobar Co. Pvt Ltd.,Agrawal Securities (PVT) Ltd.,120,404.0,48480.0,2025-08-20 14:45:25.453256
2025-08-20,9604,2025082003006476,PFL,Sani Securities Company Ltd.,Agrawal Securities (PVT) Ltd.,100,404.0,40400.0,2025-08-20 14:45:25.453401
2025-08-20,6653,2025082003007014,PFL,Midas Stock Broking Company Private Limited,Agrawal Securities (PVT) Ltd.,250,404.0,101000.0,2025-08-20 14:50:52.215406
2025-08-20,5542,2025082003007233,PFL,Imperial Securities Company Pvt. Ltd.,Linch Stock Market Ltd.,33,403.5,13315.5,2025-08-20 14:52:50.690245
2025-08-20,4161,2025082003007519,PFL,Sumeru Securities Pvt. Ltd.,Agrawal Securities (PVT) Ltd.,20,404.0,8080.0,2025-08-20 14:55:19.494390
2025-08-20,4160,2025082003007520,PFL,Sumeru Securities Pvt. Ltd.,Sri Hari Securities Pvt. Ltd.,50,404.0,20200.0,2025-08-20 14:55:19.494552
2025-08-20,4159,2025082003007521,PFL,Sumeru Securities Pvt. Ltd.,Linch Stock Market Ltd.,10,404.0,4040.0,2025-08-20 14:55:19.494639
2025-08-20,3992,2025082003007562,PFL,Sumeru Securities Pvt. Ltd.,Online Securities Pvt. Ltd.,10,404.0,4040.0,2025-08-20 14:55:39.524115
2025-08-20,2836,2025082003007815,PFL,Sumeru Securities Pvt. Ltd.,Aryatara Investment & Securities,210,404.0,84840.0,2025-08-20 14:57:16.733002
2025-08-20,2835,2025082003007816,PFL,Naasa Securities Co. Ltd.,Aryatara Investment & Securities,50,404.0,20200.0,2025-08-20 14:57:16.733167
2025-08-20,2453,2025082003007895,PFL,Oxford Securities Pvt. Ltd.,Aryatara Investment & Securities,10,404.0,4040.0,2025-08-20 14:57:48.863401
2025-08-20,1733,2025082003008022,PFL,Himalayan Securities Limited,Aryatara Investment & Securities,100,404.0,40400.0,2025-08-20 14:58:40.251583
2025-08-20,1581,2025082003008075,PFL,Online Securities Pvt. Ltd.,Aryatara Investment & Securities,100,404.0,40400.0,2025-08-20 14:58:51.946651
2025-08-20,680,2025082003008208,PFL,Market Securities & Exchange (PVT) Ltd.,Aryatara Investment & Securities,30,404.0,12120.0,2025-08-20 14:59:35.170072
2025-08-20,679,2025082003008209,PFL,Market Securities & Exchange (PVT) Ltd.,Aryatara Investment & Securities,30,404.0,12120.0,2025-08-20 14:59:35.170224
2025-08-20,678,2025082003008210,PFL,Market Securities & Exchange (PVT) Ltd.,Kohinoor Investment & Securities Pvt. Ltd.,15,404.0,6060.0,2025-08-20 14:59:35.170288
