Date,S.N.,contract_id,symbol,buyer_broker,seller_broker,volume,price,amount,transaction_time
2025-08-20,53836,2025082004000007,UMHL,Vision Securities Pvt. Ltd,Capital Max Securities Ltd,10,580.0,5800.0,2025-08-20 10:46:00.037994
2025-08-20,53752,2025082004000033,UMHL,Citizens Share Broker Limited,Dipshikha Dhitopatra Karobar Co. Pvt Ltd.,500,582.0,291000.0,2025-08-20 11:00:54.460950
2025-08-20,53733,2025082004000039,UMHL,Vision Securities Pvt. Ltd,Aryatara Investment & Securities,90,581.5,52335.0,2025-08-20 11:01:06.173760
2025-08-20,53732,2025082004000040,UMHL,Naasa Securities Co. Ltd.,Aryatara Investment & Securities,100,581.0,58100.0,2025-08-20 11:01:06.173940
2025-08-20,53731,2025082004000041,UMHL,Vision Securities Pvt. Ltd,Capital Max Securities Ltd,60,582.0,34920.0,2025-08-20 11:01:06.647205
2025-08-20,53707,2025082004000046,UMHL,Dipshikha Dhitopatra Karobar Co. Pvt Ltd.,Thrive Brokerage House Pvt. Ltd,26,580.0,15080.0,2025-08-20 11:01:26.191607
2025-08-20,53706,2025082004000047,UMHL,Vision Securities Pvt. Ltd,Thrive Brokerage House Pvt. Ltd,174,580.0,100920.0,2025-08-20 11:01:26.191836
2025-08-20,53697,2025082004000051,UMHL,Citizens Share Broker Limited,Sundhara Securities Limited,400,581.0,232400.0,2025-08-20 11:01:35.926888
2025-08-20,53674,2025082004000055,UMHL,Citizens Share Broker Limited,Thrive Brokerage House Pvt. Ltd,100,581.0,58100.0,2025-08-20 11:01:52.274878
2025-08-20,53666,2025082004000057,UMHL,Infinity Securities Limited,Imperial Securities Company Pvt. Ltd.,94,582.0,54708.0,2025-08-20 11:01:56.305848
2025-08-20,53661,2025082004000060,UMHL,Infinity Securities Limited,Thrive Brokerage House Pvt. Ltd,100,582.0,58200.0,2025-08-20 11:02:04.306918
2025-08-20,53624,2025082004000077,UMHL,Thrive Brokerage House Pvt. Ltd,Online Securities Pvt. Ltd.,10,581.0,5810.0,2025-08-20 11:02:34.523476
2025-08-20,53619,2025082004000081,UMHL,Thrive Brokerage House Pvt. Ltd,Thrive Brokerage House Pvt. Ltd,200,581.0,116200.0,2025-08-20 11:02:38.397204
2025-08-20,53596,2025082004000086,UMHL,Thrive Brokerage House Pvt. Ltd,Aryatara Investment & Securities,200,581.0,116200.0,2025-08-20 11:02:57.021222
2025-08-20,53583,2025082004000094,UMHL,Sumeru Securities Pvt. Ltd.,Siprabi Securities Pvt. Ltd.,300,582.0,174600.0,2025-08-20 11:03:02.846686
2025-08-20,53567,2025082004000098,UMHL,Linch Stock Market Ltd.,Siprabi Securities Pvt. Ltd.,100,582.0,58200.0,2025-08-20 11:03:17.322493
2025-08-20,53504,2025082004000113,UMHL,Thrive Brokerage House Pvt. Ltd,Aryatara Investment & Securities,90,581.0,52290.0,2025-08-20 11:03:51.432678
2025-08-20,53501,2025082004000114,UMHL,Thrive Brokerage House Pvt. Ltd,Arun Securities (PVT) Ltd.,500,581.9,290950.0,2025-08-20 11:03:52.634067
2025-08-20,53500,2025082004000115,UMHL,Thrive Brokerage House Pvt. Ltd,Siprabi Securities Pvt. Ltd.,82,582.0,47724.0,2025-08-20 11:03:52.634244
2025-08-20,53499,2025082004000116,UMHL,Thrive Brokerage House Pvt. Ltd,Sani Securities Company Ltd.,107,582.0,62274.0,2025-08-20 11:03:52.634305
2025-08-20,53498,2025082004000117,UMHL,Thrive Brokerage House Pvt. Ltd,Trishakti Securities Public Limited,32,582.0,18624.0,2025-08-20 11:03:52.634358
2025-08-20,53487,2025082004000121,UMHL,Thrive Brokerage House Pvt. Ltd,Nagarik Stock Dealer ,500,580.5,290250.0,2025-08-20 11:03:56.390826
2025-08-20,53486,2025082004000122,UMHL,MILKY WAY SHARE BROKER COMPANY LTD ,Nagarik Stock Dealer ,500,580.0,290000.0,2025-08-20 11:03:56.390969
2025-08-20,53467,2025082004000124,UMHL,Kalika Securities Pvt. Ltd.,Shree Krishna Securities Ltd.,145,580.0,84100.0,2025-08-20 11:04:04.680835
2025-08-20,53466,2025082004000125,UMHL,Vision Securities Pvt. Ltd,Shree Krishna Securities Ltd.,100,579.0,57900.0,2025-08-20 11:04:04.680877
2025-08-20,53465,2025082004000126,UMHL,Linch Stock Market Ltd.,Shree Krishna Securities Ltd.,170,576.1,97937.0,2025-08-20 11:04:04.680903
2025-08-20,53464,2025082004000127,UMHL,Thrive Brokerage House Pvt. Ltd,Shree Krishna Securities Ltd.,385,576.0,221760.0,2025-08-20 11:04:04.680929
2025-08-20,53336,2025082004000161,UMHL,Thrive Brokerage House Pvt. Ltd,Naasa Securities Co. Ltd.,115,576.0,66240.0,2025-08-20 11:05:00.622065
2025-08-20,53299,2025082004000165,UMHL,Naasa Securities Co. Ltd.,Naasa Securities Co. Ltd.,10,576.0,5760.0,2025-08-20 11:05:19.453794
2025-08-20,53282,2025082004000166,UMHL,Naasa Securities Co. Ltd.,Thrive Brokerage House Pvt. Ltd,100,575.0,57500.0,2025-08-20 11:05:22.850610
2025-08-20,53232,2025082004000175,UMHL,Online Securities Pvt. Ltd.,Bhrikuti Stock Broking Co. Pvt. Ltd.,10,575.0,5750.0,2025-08-20 11:05:47.657239
2025-08-20,53182,2025082004000186,UMHL,Online Securities Pvt. Ltd.,Online Securities Pvt. Ltd.,1000,573.0,573000.0,2025-08-20 11:06:10.349417
2025-08-20,53174,2025082004000187,UMHL,Vision Securities Pvt. Ltd,Shree Krishna Securities Ltd.,50,574.9,28745.0,2025-08-20 11:06:18.530881
2025-08-20,53173,2025082004000188,UMHL,Vision Securities Pvt. Ltd,Bhrikuti Stock Broking Co. Pvt. Ltd.,10,575.0,5750.0,2025-08-20 11:06:18.530921
2025-08-20,53172,2025082004000189,UMHL,Vision Securities Pvt. Ltd,Online Securities Pvt. Ltd.,10,575.0,5750.0,2025-08-20 11:06:18.530945
2025-08-20,53139,2025082004000197,UMHL,MILKY WAY SHARE BROKER COMPANY LTD ,Online Securities Pvt. Ltd.,300,572.5,171750.0,2025-08-20 11:06:36.530990
2025-08-20,53069,2025082004000218,UMHL,Midas Stock Broking Company Private Limited,Linch Stock Market Ltd.,15,573.1,8596.5,2025-08-20 11:07:10.418837
2025-08-20,53068,2025082004000219,UMHL,Deevyaa Securities & Stock House Pvt. Ltd,Linch Stock Market Ltd.,43,573.0,24639.0,2025-08-20 11:07:10.419003
2025-08-20,53067,2025082004000220,UMHL,MILKY WAY SHARE BROKER COMPANY LTD ,Linch Stock Market Ltd.,42,572.5,24045.0,2025-08-20 11:07:10.419067
2025-08-20,53025,2025082004000227,UMHL,Nagarik Stock Dealer ,Sumeru Securities Pvt. Ltd.,100,572.6,57260.0,2025-08-20 11:07:30.622481
2025-08-20,53018,2025082004000229,UMHL,Nagarik Stock Dealer ,Sundhara Securities Limited,50,573.0,28650.0,2025-08-20 11:07:34.810281
2025-08-20,52970,2025082004000242,UMHL,Nagarik Stock Dealer ,Primo Securities (PVT) Ltd.,44,573.0,25212.0,2025-08-20 11:07:54.873224
2025-08-20,52938,2025082004000254,UMHL,Himalayan Brokerage Company Limited,Sani Securities Company Ltd.,100,573.0,57300.0,2025-08-20 11:08:06.001648
2025-08-20,52937,2025082004000255,UMHL,Vision Securities Pvt. Ltd,Sani Securities Company Ltd.,100,573.0,57300.0,2025-08-20 11:08:06.001810
2025-08-20,52936,2025082004000256,UMHL,Capital Max Securities Ltd,Sani Securities Company Ltd.,12,573.0,6876.0,2025-08-20 11:08:06.001873
2025-08-20,52935,2025082004000257,UMHL,Aakashbhairab Securities Ltd.,Sani Securities Company Ltd.,63,573.0,36099.0,2025-08-20 11:08:06.001933
2025-08-20,52860,2025082004000284,UMHL,N.M.B. SECURITIES LIMITED,Sanima Securities Limited,150,574.0,86100.0,2025-08-20 11:08:40.276579
2025-08-20,52831,2025082004000290,UMHL,Vision Securities Pvt. Ltd,Online Securities Pvt. Ltd.,10,575.0,5750.0,2025-08-20 11:08:54.289092
2025-08-20,52829,2025082004000291,UMHL,Trishakti Securities Public Limited,Online Securities Pvt. Ltd.,30,575.0,17250.0,2025-08-20 11:08:55.611912
2025-08-20,52828,2025082004000292,UMHL,Trishakti Securities Public Limited,Sani Securities Company Ltd.,170,575.0,97750.0,2025-08-20 11:08:55.612065
2025-08-20,52810,2025082004000297,UMHL,Nagarik Stock Dealer ,Sani Securities Company Ltd.,280,575.0,161000.0,2025-08-20 11:09:06.957539
2025-08-20,52809,2025082004000298,UMHL,Nagarik Stock Dealer ,Online Securities Pvt. Ltd.,100,575.0,57500.0,2025-08-20 11:09:06.957693
2025-08-20,52808,2025082004000299,UMHL,Nagarik Stock Dealer ,Nepal Investment And Securities Trading Private Limited,108,575.0,62100.0,2025-08-20 11:09:06.957757
2025-08-20,52807,2025082004000300,UMHL,Nagarik Stock Dealer ,Naasa Securities Co. Ltd.,925,576.0,532800.0,2025-08-20 11:09:06.957821
2025-08-20,52806,2025082004000301,UMHL,Nagarik Stock Dealer ,Sundhara Securities Limited,50,576.0,28800.0,2025-08-20 11:09:06.957882
2025-08-20,52583,2025082004000392,UMHL,Thrive Brokerage House Pvt. Ltd,Capital Max Securities Ltd,100,577.0,57700.0,2025-08-20 11:10:27.834213
2025-08-20,52529,2025082004000409,UMHL,Sumeru Securities Pvt. Ltd.,Aryatara Investment & Securities,457,576.1,263277.7,2025-08-20 11:10:45.159356
2025-08-20,52467,2025082004000423,UMHL,Shree Krishna Securities Ltd.,Nepal Investment And Securities Trading Private Limited,50,577.0,28850.0,2025-08-20 11:11:14.364514
2025-08-20,52458,2025082004000425,UMHL,Sumeru Securities Pvt. Ltd.,Naasa Securities Co. Ltd.,543,576.1,312822.3,2025-08-20 11:11:20.434748
2025-08-20,52457,2025082004000426,UMHL,Nagarik Stock Dealer ,Naasa Securities Co. Ltd.,257,576.0,148032.0,2025-08-20 11:11:20.434845
2025-08-20,52407,2025082004000438,UMHL,Naasa Securities Co. Ltd.,Naasa Securities Co. Ltd.,200,576.1,115220.0,2025-08-20 11:11:42.644238
2025-08-20,52406,2025082004000439,UMHL,Nagarik Stock Dealer ,Naasa Securities Co. Ltd.,279,576.0,160704.0,2025-08-20 11:11:42.644322
2025-08-20,52384,2025082004000447,UMHL,Nagarik Stock Dealer ,Deevyaa Securities & Stock House Pvt. Ltd,14,576.0,8064.0,2025-08-20 11:11:52.742795
2025-08-20,52297,2025082004000483,UMHL,Imperial Securities Company Pvt. Ltd.,Secured Securities Ltd.,50,576.0,28800.0,2025-08-20 11:12:30.478439
2025-08-20,52136,2025082004000527,UMHL,Sipla Securities Private Limited,Trademow Securities Private Limited,25,575.1,14377.5,2025-08-20 11:13:39.212643
2025-08-20,52120,2025082004000535,UMHL,Sipla Securities Private Limited,Thrive Brokerage House Pvt. Ltd,475,575.1,273172.5,2025-08-20 11:13:48.012992
2025-08-20,52119,2025082004000536,UMHL,Naasa Securities Co. Ltd.,Thrive Brokerage House Pvt. Ltd,25,575.0,14375.0,2025-08-20 11:13:48.013357
2025-08-20,52070,2025082004000553,UMHL,Naasa Securities Co. Ltd.,Elite Stock House Limited,600,575.0,345000.0,2025-08-20 11:14:02.449380
2025-08-20,52062,2025082004000559,UMHL,N.M.B. SECURITIES LIMITED,Premier Securities Company Ltd.,1000,576.0,576000.0,2025-08-20 11:14:04.731428
2025-08-20,52014,2025082004000573,UMHL,Neev Securities Pvt. Ltd.,Kumari Securities Private Limited,500,576.0,288000.0,2025-08-20 11:14:24.500984
2025-08-20,52013,2025082004000574,UMHL,Imperial Securities Company Pvt. Ltd.,Kumari Securities Private Limited,100,575.1,57510.0,2025-08-20 11:14:24.501207
2025-08-20,52012,2025082004000575,UMHL,Naasa Securities Co. Ltd.,Kumari Securities Private Limited,375,575.0,215625.0,2025-08-20 11:14:24.501300
2025-08-20,52011,2025082004000576,UMHL,Kohinoor Investment & Securities Pvt. Ltd.,Kumari Securities Private Limited,25,575.0,14375.0,2025-08-20 11:14:24.501382
2025-08-20,51932,2025082004000604,UMHL,Kohinoor Investment & Securities Pvt. Ltd.,Naasa Securities Co. Ltd.,80,575.0,46000.0,2025-08-20 11:14:48.287456
2025-08-20,51790,2025082004000635,UMHL,Neev Securities Pvt. Ltd.,Sumeru Securities Pvt. Ltd.,200,575.1,115020.0,2025-08-20 11:15:53.030407
2025-08-20,51789,2025082004000636,UMHL,Neev Securities Pvt. Ltd.,Neev Securities Pvt. Ltd.,100,576.0,57600.0,2025-08-20 11:15:53.030752
2025-08-20,51788,2025082004000637,UMHL,Neev Securities Pvt. Ltd.,ABC Securities Private Limited,200,576.0,115200.0,2025-08-20 11:15:53.030975
2025-08-20,51734,2025082004000648,UMHL,Kohinoor Investment & Securities Pvt. Ltd.,Ashutosh Brokerage & Securities (PVT) Ltd.,20,575.0,11500.0,2025-08-20 11:16:17.897272
2025-08-20,51733,2025082004000649,UMHL,Malla & Malla Stock Broking Company Pvt. Limited,Ashutosh Brokerage & Securities (PVT) Ltd.,50,575.0,28750.0,2025-08-20 11:16:17.897536
2025-08-20,51732,2025082004000650,UMHL,Imperial Securities Company Pvt. Ltd.,Ashutosh Brokerage & Securities (PVT) Ltd.,37,575.0,21275.0,2025-08-20 11:16:17.897635
2025-08-20,51660,2025082004000676,UMHL,Imperial Securities Company Pvt. Ltd.,Imperial Securities Company Pvt. Ltd.,13,575.0,7475.0,2025-08-20 11:16:47.320207
2025-08-20,51659,2025082004000677,UMHL,Kumari Securities Private Limited,Imperial Securities Company Pvt. Ltd.,100,574.2,57420.0,2025-08-20 11:16:47.320395
2025-08-20,51658,2025082004000678,UMHL,Sri Hari Securities Pvt. Ltd.,Imperial Securities Company Pvt. Ltd.,887,574.1,509226.7,2025-08-20 11:16:47.320474
2025-08-20,51537,2025082004000711,UMHL,Nabil Stock Dealer Ltd.,Arun Securities (PVT) Ltd.,300,576.7,173010.0,2025-08-20 11:17:27.380457
2025-08-20,51467,2025082004000736,UMHL,Thrive Brokerage House Pvt. Ltd,Sundhara Securities Limited,50,575.0,28750.0,2025-08-20 11:17:48.585867
2025-08-20,51302,2025082004000784,UMHL,Investment Management Nepal Pvt. Ltd.,Primo Securities (PVT) Ltd.,50,576.0,28800.0,2025-08-20 11:18:53.112886
2025-08-20,51289,2025082004000786,UMHL,Thrive Brokerage House Pvt. Ltd,Thrive Brokerage House Pvt. Ltd,50,575.0,28750.0,2025-08-20 11:18:54.750815
2025-08-20,51217,2025082004000809,UMHL,Nepal Investment And Securities Trading Private Limited,Shree Krishna Securities Ltd.,100,574.2,57420.0,2025-08-20 11:19:17.045397
2025-08-20,51216,2025082004000810,UMHL,Citizens Share Broker Limited,Shree Krishna Securities Ltd.,250,574.2,143550.0,2025-08-20 11:19:17.045486
2025-08-20,51215,2025082004000811,UMHL,Sri Hari Securities Pvt. Ltd.,Shree Krishna Securities Ltd.,113,574.1,64873.3,2025-08-20 11:19:17.045632
2025-08-20,51214,2025082004000812,UMHL,Citizens Share Broker Limited,Shree Krishna Securities Ltd.,250,574.1,143525.0,2025-08-20 11:19:17.045696
2025-08-20,51213,2025082004000813,UMHL,N.M.B. SECURITIES LIMITED,Shree Krishna Securities Ltd.,27,574.0,15498.0,2025-08-20 11:19:17.045760
2025-08-20,51200,2025082004000816,UMHL,Imperial Securities Company Pvt. Ltd.,Arun Securities (PVT) Ltd.,200,574.9,114980.0,2025-08-20 11:19:24.513334
2025-08-20,51199,2025082004000817,UMHL,Imperial Securities Company Pvt. Ltd.,Thrive Brokerage House Pvt. Ltd,300,575.0,172500.0,2025-08-20 11:19:24.513571
2025-08-20,51158,2025082004000829,UMHL,Investment Management Nepal Pvt. Ltd.,Malla & Malla Stock Broking Company Pvt. Limited,200,574.1,114820.0,2025-08-20 11:19:39.155437
2025-08-20,51157,2025082004000830,UMHL,N.M.B. SECURITIES LIMITED,Malla & Malla Stock Broking Company Pvt. Limited,300,574.0,172200.0,2025-08-20 11:19:39.155696
2025-08-20,51134,2025082004000844,UMHL,Sipla Securities Private Limited,Thrive Brokerage House Pvt. Ltd,100,575.0,57500.0,2025-08-20 11:19:47.313363
2025-08-20,51099,2025082004000847,UMHL,Sweta Securities Private Limited,Thrive Brokerage House Pvt. Ltd,192,575.0,110400.0,2025-08-20 11:20:02.472287
2025-08-20,51098,2025082004000848,UMHL,Sweta Securities Private Limited,Trishakti Securities Public Limited,290,575.0,166750.0,2025-08-20 11:20:02.472594
2025-08-20,51097,2025082004000849,UMHL,Sweta Securities Private Limited,Naasa Securities Co. Ltd.,18,575.0,10350.0,2025-08-20 11:20:02.472709
2025-08-20,51034,2025082004000862,UMHL,Nabil Stock Dealer Ltd.,Naasa Securities Co. Ltd.,200,575.0,115000.0,2025-08-20 11:20:23.669791
2025-08-20,50980,2025082004000879,UMHL,Kohinoor Investment & Securities Pvt. Ltd.,Naasa Securities Co. Ltd.,282,575.0,162150.0,2025-08-20 11:20:46.257098
2025-08-20,50979,2025082004000880,UMHL,Kohinoor Investment & Securities Pvt. Ltd.,Sundhara Securities Limited,50,575.0,28750.0,2025-08-20 11:20:46.257324
2025-08-20,50978,2025082004000881,UMHL,Kohinoor Investment & Securities Pvt. Ltd.,Sundhara Securities Limited,50,575.0,28750.0,2025-08-20 11:20:46.257415
2025-08-20,50977,2025082004000882,UMHL,Kohinoor Investment & Securities Pvt. Ltd.,Trademow Securities Private Limited,798,575.0,458850.0,2025-08-20 11:20:46.257501
2025-08-20,50921,2025082004000897,UMHL,MILKY WAY SHARE BROKER COMPANY LTD ,Cristal Kanchanjanga Securites Pvt. Ltd.,800,575.0,460000.0,2025-08-20 11:21:00.347640
2025-08-20,50913,2025082004000900,UMHL,MILKY WAY SHARE BROKER COMPANY LTD ,Trisul Securities & Invt. Ltd.,21,575.0,12075.0,2025-08-20 11:21:04.051516
2025-08-20,50712,2025082004000952,UMHL,MILKY WAY SHARE BROKER COMPANY LTD ,Deevyaa Securities & Stock House Pvt. Ltd,179,575.0,102925.0,2025-08-20 11:22:32.540933
2025-08-20,50711,2025082004000953,UMHL,Investment Management Nepal Pvt. Ltd.,Deevyaa Securities & Stock House Pvt. Ltd,40,575.0,23000.0,2025-08-20 11:22:32.541152
2025-08-20,50710,2025082004000954,UMHL,South Asian Bulls Pvt. Ltd.,Deevyaa Securities & Stock House Pvt. Ltd,120,575.0,69000.0,2025-08-20 11:22:32.541244
2025-08-20,50709,2025082004000955,UMHL,Investment Management Nepal Pvt. Ltd.,Deevyaa Securities & Stock House Pvt. Ltd,110,574.1,63151.0,2025-08-20 11:22:32.541348
2025-08-20,50708,2025082004000956,UMHL,Kohinoor Investment & Securities Pvt. Ltd.,Deevyaa Securities & Stock House Pvt. Ltd,103,574.1,59132.3,2025-08-20 11:22:32.541437
2025-08-20,50590,2025082004000995,UMHL,Online Securities Pvt. Ltd.,Infinity Securities Limited,300,574.2,172260.0,2025-08-20 11:23:12.709888
2025-08-20,50589,2025082004000996,UMHL,Kohinoor Investment & Securities Pvt. Ltd.,Infinity Securities Limited,300,574.1,172230.0,2025-08-20 11:23:12.710291
2025-08-20,50526,2025082004001010,UMHL,Kohinoor Investment & Securities Pvt. Ltd.,Imperial Securities Company Pvt. Ltd.,97,574.1,55687.7,2025-08-20 11:23:34.294015
2025-08-20,50525,2025082004001011,UMHL,Investment Management Nepal Pvt. Ltd.,Imperial Securities Company Pvt. Ltd.,903,574.1,518412.3,2025-08-20 11:23:34.294230
2025-08-20,50341,2025082004001055,UMHL,Nagarik Stock Dealer ,Infinity Securities Limited,300,576.0,172800.0,2025-08-20 11:24:34.394237
2025-08-20,50340,2025082004001056,UMHL,Nagarik Stock Dealer ,Naasa Securities Co. Ltd.,115,576.0,66240.0,2025-08-20 11:24:34.394538
2025-08-20,50223,2025082004001081,UMHL,Nagarik Stock Dealer ,Capital Max Securities Ltd,10,576.0,5760.0,2025-08-20 11:25:06.199286
2025-08-20,50190,2025082004001087,UMHL,Dipshikha Dhitopatra Karobar Co. Pvt Ltd.,Dipshikha Dhitopatra Karobar Co. Pvt Ltd.,50,576.1,28805.0,2025-08-20 11:25:20.592614
2025-08-20,50180,2025082004001097,UMHL,Nagarik Stock Dealer ,Aryatara Investment & Securities,300,576.0,172800.0,2025-08-20 11:25:21.131204
2025-08-20,50179,2025082004001098,UMHL,Midas Stock Broking Company Private Limited,Dipshikha Dhitopatra Karobar Co. Pvt Ltd.,35,576.1,20163.5,2025-08-20 11:25:21.253877
2025-08-20,50098,2025082004001111,UMHL,Nagarik Stock Dealer ,Infinity Securities Limited,200,576.0,115200.0,2025-08-20 11:25:38.939192
2025-08-20,50022,2025082004001140,UMHL,Siprabi Securities Pvt. Ltd.,Online Securities Pvt. Ltd.,50,576.5,28825.0,2025-08-20 11:25:54.935074
2025-08-20,49973,2025082004001158,UMHL,Nagarik Stock Dealer ,Nepal Investment And Securities Trading Private Limited,10,576.0,5760.0,2025-08-20 11:26:15.430143
2025-08-20,49899,2025082004001184,UMHL,Nagarik Stock Dealer ,Nepal Investment And Securities Trading Private Limited,10,576.0,5760.0,2025-08-20 11:26:43.532500
2025-08-20,49883,2025082004001190,UMHL,Midas Stock Broking Company Private Limited,Online Securities Pvt. Ltd.,50,576.5,28825.0,2025-08-20 11:26:47.824226
2025-08-20,49859,2025082004001198,UMHL,Nagarik Stock Dealer ,Oxford Securities Pvt. Ltd.,35,576.0,20160.0,2025-08-20 11:26:58.432331
2025-08-20,49795,2025082004001214,UMHL,Nagarik Stock Dealer ,ABC Securities Private Limited,20,576.0,11520.0,2025-08-20 11:27:17.925268
2025-08-20,49597,2025082004001250,UMHL,MILKY WAY SHARE BROKER COMPANY LTD ,ABC Securities Private Limited,280,576.0,161280.0,2025-08-20 11:28:46.962104
2025-08-20,49596,2025082004001251,UMHL,MILKY WAY SHARE BROKER COMPANY LTD ,Naasa Securities Co. Ltd.,20,576.0,11520.0,2025-08-20 11:28:46.962337
2025-08-20,49508,2025082004001278,UMHL,Kohinoor Investment & Securities Pvt. Ltd.,Naasa Securities Co. Ltd.,400,576.0,230400.0,2025-08-20 11:29:22.636935
2025-08-20,49360,2025082004001310,UMHL,Linch Stock Market Ltd.,Agrawal Securities (PVT) Ltd.,10,575.1,5751.0,2025-08-20 11:30:16.385603
2025-08-20,49359,2025082004001311,UMHL,Kumari Securities Private Limited,Agrawal Securities (PVT) Ltd.,300,575.1,172530.0,2025-08-20 11:30:16.385843
2025-08-20,49358,2025082004001312,UMHL,J.F. Securites (PVT) Ltd.,Agrawal Securities (PVT) Ltd.,100,575.0,57500.0,2025-08-20 11:30:16.385942
2025-08-20,49357,2025082004001313,UMHL,Deevyaa Securities & Stock House Pvt. Ltd,Agrawal Securities (PVT) Ltd.,90,575.0,51750.0,2025-08-20 11:30:16.386038
2025-08-20,49315,2025082004001325,UMHL,Deevyaa Securities & Stock House Pvt. Ltd,Agrawal Securities (PVT) Ltd.,500,575.0,287500.0,2025-08-20 11:30:26.445629
2025-08-20,49314,2025082004001326,UMHL,Nabil Stock Dealer Ltd.,Naasa Securities Co. Ltd.,14,576.0,8064.0,2025-08-20 11:30:27.039432
2025-08-20,49263,2025082004001334,UMHL,Nabil Stock Dealer Ltd.,Agrawal Securities (PVT) Ltd.,36,576.0,20736.0,2025-08-20 11:30:36.491888
2025-08-20,49262,2025082004001335,UMHL,Deevyaa Securities & Stock House Pvt. Ltd,Agrawal Securities (PVT) Ltd.,410,575.0,235750.0,2025-08-20 11:30:36.492104
2025-08-20,49261,2025082004001336,UMHL,Deevyaa Securities & Stock House Pvt. Ltd,Agrawal Securities (PVT) Ltd.,54,575.0,31050.0,2025-08-20 11:30:36.492217
2025-08-20,49255,2025082004001339,UMHL,Deevyaa Securities & Stock House Pvt. Ltd,Secured Securities Ltd.,946,575.0,543950.0,2025-08-20 11:30:39.545946
2025-08-20,49185,2025082004001349,UMHL,South Asian Bulls Pvt. Ltd.,Secured Securities Ltd.,10,575.0,5750.0,2025-08-20 11:31:06.564246
2025-08-20,49179,2025082004001350,UMHL,Naasa Securities Co. Ltd.,Secured Securities Ltd.,500,575.0,287500.0,2025-08-20 11:31:08.244622
2025-08-20,49138,2025082004001380,UMHL,Naasa Securities Co. Ltd.,Secured Securities Ltd.,454,575.0,261050.0,2025-08-20 11:31:14.266568
2025-08-20,49129,2025082004001385,UMHL,Naasa Securities Co. Ltd.,Sharepro Securities Private Limited,346,576.0,199296.0,2025-08-20 11:31:16.327852
2025-08-20,49064,2025082004001397,UMHL,Naasa Securities Co. Ltd.,Sharepro Securities Private Limited,800,576.0,460800.0,2025-08-20 11:31:32.415661
2025-08-20,48894,2025082004001435,UMHL,Naasa Securities Co. Ltd.,Agrawal Securities (PVT) Ltd.,100,575.0,57500.0,2025-08-20 11:32:18.891813
2025-08-20,48872,2025082004001438,UMHL,Naasa Securities Co. Ltd.,Imperial Securities Company Pvt. Ltd.,500,575.0,287500.0,2025-08-20 11:32:25.613004
2025-08-20,48840,2025082004001448,UMHL,Naasa Securities Co. Ltd.,Malla & Malla Stock Broking Company Pvt. Limited,200,575.0,115000.0,2025-08-20 11:32:31.971411
2025-08-20,48787,2025082004001459,UMHL,Capital Max Securities Ltd,Imperial Securities Company Pvt. Ltd.,300,574.6,172380.0,2025-08-20 11:32:52.709366
2025-08-20,48786,2025082004001460,UMHL,Imperial Securities Company Pvt. Ltd.,Imperial Securities Company Pvt. Ltd.,200,574.5,114900.0,2025-08-20 11:32:52.709793
2025-08-20,48650,2025082004001484,UMHL,SUN SECURITIES PVT LTD,Imperial Securities Company Pvt. Ltd.,214,575.0,123050.0,2025-08-20 11:33:35.641875
2025-08-20,48617,2025082004001496,UMHL,SUN SECURITIES PVT LTD,Linch Stock Market Ltd.,136,575.0,78200.0,2025-08-20 11:33:46.772919
2025-08-20,48481,2025082004001530,UMHL,Sipla Securities Private Limited,Capital Max Securities Ltd,50,574.6,28730.0,2025-08-20 11:34:26.964654
2025-08-20,48480,2025082004001531,UMHL,Imperial Securities Company Pvt. Ltd.,Capital Max Securities Ltd,50,574.5,28725.0,2025-08-20 11:34:26.964712
2025-08-20,48440,2025082004001540,UMHL,Imperial Securities Company Pvt. Ltd.,Kumari Securities Private Limited,250,574.5,143625.0,2025-08-20 11:34:48.394764
2025-08-20,48439,2025082004001541,UMHL,Vision Securities Pvt. Ltd,Kumari Securities Private Limited,700,574.2,401940.0,2025-08-20 11:34:48.394988
2025-08-20,48438,2025082004001542,UMHL,Investment Management Nepal Pvt. Ltd.,Kumari Securities Private Limited,50,574.1,28705.0,2025-08-20 11:34:48.395081
2025-08-20,48381,2025082004001548,UMHL,Siprabi Securities Pvt. Ltd.,Linch Stock Market Ltd.,13,575.0,7475.0,2025-08-20 11:35:06.682105
2025-08-20,48341,2025082004001558,UMHL,Property Wiard Limited,Agrawal Securities (PVT) Ltd.,110,576.0,63360.0,2025-08-20 11:35:22.907867
2025-08-20,48340,2025082004001559,UMHL,Property Wiard Limited,Sani Securities Company Ltd.,740,576.0,426240.0,2025-08-20 11:35:22.908396
2025-08-20,47985,2025082004001662,UMHL,Deevyaa Securities & Stock House Pvt. Ltd,Kohinoor Investment & Securities Pvt. Ltd.,57,574.7,32757.9,2025-08-20 11:37:04.417406
2025-08-20,47944,2025082004001671,UMHL,Agrawal Securities (PVT) Ltd.,Kohinoor Investment & Securities Pvt. Ltd.,200,574.7,114940.0,2025-08-20 11:37:21.003382
2025-08-20,47923,2025082004001682,UMHL,Agrawal Securities (PVT) Ltd.,Dipshikha Dhitopatra Karobar Co. Pvt Ltd.,200,574.6,114920.0,2025-08-20 11:37:27.100345
2025-08-20,47903,2025082004001684,UMHL,Cristal Kanchanjanga Securites Pvt. Ltd.,Sweta Securities Private Limited,10,574.3,5743.0,2025-08-20 11:37:33.967533
2025-08-20,47902,2025082004001685,UMHL,Trishakti Securities Public Limited,Sweta Securities Private Limited,490,574.3,281407.0,2025-08-20 11:37:33.968001
2025-08-20,47881,2025082004001689,UMHL,Trishakti Securities Public Limited,Kohinoor Investment & Securities Pvt. Ltd.,40,574.3,22972.0,2025-08-20 11:37:38.495103
2025-08-20,47856,2025082004001697,UMHL,Kohinoor Investment & Securities Pvt. Ltd.,Capital Max Securities Ltd,40,575.8,23032.0,2025-08-20 11:37:48.516832
2025-08-20,47754,2025082004001726,UMHL,Bhrikuti Stock Broking Co. Pvt. Ltd.,Capital Max Securities Ltd,60,575.8,34548.0,2025-08-20 11:38:25.631200
2025-08-20,47753,2025082004001727,UMHL,Bhrikuti Stock Broking Co. Pvt. Ltd.,Sani Securities Company Ltd.,120,576.0,69120.0,2025-08-20 11:38:25.631465
2025-08-20,47752,2025082004001728,UMHL,Bhrikuti Stock Broking Co. Pvt. Ltd.,Trisul Securities & Invt. Ltd.,820,576.0,472320.0,2025-08-20 11:38:25.631560
2025-08-20,47652,2025082004001756,UMHL,Nagarik Stock Dealer ,Trisul Securities & Invt. Ltd.,180,576.0,103680.0,2025-08-20 11:38:58.921879
2025-08-20,47651,2025082004001757,UMHL,Nagarik Stock Dealer ,Trishakti Securities Public Limited,67,576.0,38592.0,2025-08-20 11:38:58.922176
2025-08-20,47608,2025082004001768,UMHL,Nagarik Stock Dealer ,Agrawal Securities (PVT) Ltd.,1500,576.0,864000.0,2025-08-20 11:39:13.747853
2025-08-20,47589,2025082004001771,UMHL,Kohinoor Investment & Securities Pvt. Ltd.,Citizens Share Broker Limited,100,576.4,57640.0,2025-08-20 11:39:22.895181
2025-08-20,47588,2025082004001772,UMHL,Kohinoor Investment & Securities Pvt. Ltd.,Dipshikha Dhitopatra Karobar Co. Pvt Ltd.,235,576.4,135454.0,2025-08-20 11:39:22.895224
2025-08-20,47587,2025082004001773,UMHL,Kohinoor Investment & Securities Pvt. Ltd.,Online Securities Pvt. Ltd.,400,576.5,230600.0,2025-08-20 11:39:22.895247
2025-08-20,47586,2025082004001774,UMHL,Kohinoor Investment & Securities Pvt. Ltd.,Sharepro Securities Private Limited,265,576.5,152772.5,2025-08-20 11:39:22.895271
2025-08-20,47449,2025082004001802,UMHL,Sani Securities Company Ltd.,Sharepro Securities Private Limited,89,576.5,51308.5,2025-08-20 11:40:02.468129
2025-08-20,47448,2025082004001803,UMHL,Sani Securities Company Ltd.,Trisul Securities & Invt. Ltd.,44,576.5,25366.0,2025-08-20 11:40:02.468361
2025-08-20,47423,2025082004001812,UMHL,Dakshinkali Investment & Securities Pvt. Ltd.,Capital Max Securities Ltd,153,576.0,88128.0,2025-08-20 11:40:09.676502
2025-08-20,47375,2025082004001829,UMHL,Dakshinkali Investment & Securities Pvt. Ltd.,Agrawal Securities (PVT) Ltd.,90,576.0,51840.0,2025-08-20 11:40:24.356339
2025-08-20,47362,2025082004001833,UMHL,Vision Securities Pvt. Ltd,Trisul Securities & Invt. Ltd.,400,576.5,230600.0,2025-08-20 11:40:27.619639
2025-08-20,47349,2025082004001839,UMHL,Agrawal Securities (PVT) Ltd.,Citizens Share Broker Limited,300,576.4,172920.0,2025-08-20 11:40:32.420701
2025-08-20,46899,2025082004001964,UMHL,BHOLE GANESH SECURITIES LTD,Kumari Securities Private Limited,50,575.1,28755.0,2025-08-20 11:42:49.090974
2025-08-20,46898,2025082004001965,UMHL,Midas Stock Broking Company Private Limited,Kumari Securities Private Limited,1000,575.0,575000.0,2025-08-20 11:42:49.091319
2025-08-20,46851,2025082004001981,UMHL,Midas Stock Broking Company Private Limited,Nepal Investment And Securities Trading Private Limited,10,574.9,5749.0,2025-08-20 11:43:04.246445
2025-08-20,46711,2025082004001996,UMHL,Kohinoor Investment & Securities Pvt. Ltd.,Agrawal Securities (PVT) Ltd.,500,574.8,287400.0,2025-08-20 11:43:33.653025
2025-08-20,46682,2025082004002006,UMHL,Kohinoor Investment & Securities Pvt. Ltd.,Kohinoor Investment & Securities Pvt. Ltd.,10,574.8,5748.0,2025-08-20 11:43:39.582073
2025-08-20,46636,2025082004002017,UMHL,Trishakti Securities Public Limited,Citizens Share Broker Limited,470,574.3,269921.0,2025-08-20 11:43:54.858086
2025-08-20,46635,2025082004002018,UMHL,MILKY WAY SHARE BROKER COMPANY LTD ,Citizens Share Broker Limited,30,574.2,17226.0,2025-08-20 11:43:54.858664
2025-08-20,46573,2025082004002034,UMHL,MILKY WAY SHARE BROKER COMPANY LTD ,ABC Securities Private Limited,500,574.2,287100.0,2025-08-20 11:44:14.277794
2025-08-20,46567,2025082004002036,UMHL,Naasa Securities Co. Ltd.,Kohinoor Investment & Securities Pvt. Ltd.,190,574.8,109212.0,2025-08-20 11:44:16.879551
2025-08-20,46566,2025082004002037,UMHL,MILKY WAY SHARE BROKER COMPANY LTD ,Citizens Share Broker Limited,200,574.2,114840.0,2025-08-20 11:44:18.887019
2025-08-20,46525,2025082004002060,UMHL,MILKY WAY SHARE BROKER COMPANY LTD ,ABC Securities Private Limited,500,574.2,287100.0,2025-08-20 11:44:34.368104
2025-08-20,46510,2025082004002061,UMHL,Naasa Securities Co. Ltd.,Sundhara Securities Limited,100,575.0,57500.0,2025-08-20 11:44:36.739808
2025-08-20,46509,2025082004002062,UMHL,Naasa Securities Co. Ltd.,Vision Securities Pvt. Ltd,800,575.0,460000.0,2025-08-20 11:44:36.740286
2025-08-20,46508,2025082004002063,UMHL,MILKY WAY SHARE BROKER COMPANY LTD ,Kumari Securities Private Limited,470,574.2,269874.0,2025-08-20 11:44:37.754221
2025-08-20,46507,2025082004002064,UMHL,Investment Management Nepal Pvt. Ltd.,Kumari Securities Private Limited,47,574.1,26982.7,2025-08-20 11:44:37.754463
2025-08-20,46506,2025082004002065,UMHL,Sundhara Securities Limited,Kumari Securities Private Limited,40,574.1,22964.0,2025-08-20 11:44:37.754571
2025-08-20,46505,2025082004002066,UMHL,Neev Securities Pvt. Ltd.,Kumari Securities Private Limited,493,574.1,283031.3,2025-08-20 11:44:37.754670
2025-08-20,46464,2025082004002084,UMHL,Neev Securities Pvt. Ltd.,Naasa Securities Co. Ltd.,200,574.1,114820.0,2025-08-20 11:44:51.481033
2025-08-20,46425,2025082004002093,UMHL,Neev Securities Pvt. Ltd.,Online Securities Pvt. Ltd.,300,574.1,172230.0,2025-08-20 11:45:06.681212
2025-08-20,46333,2025082004002105,UMHL,N.M.B. SECURITIES LIMITED,Capital Max Securities Ltd,523,574.0,300202.0,2025-08-20 11:45:40.464713
2025-08-20,46332,2025082004002106,UMHL,Thrive Brokerage House Pvt. Ltd,Capital Max Securities Ltd,100,574.0,57400.0,2025-08-20 11:45:40.464978
2025-08-20,46331,2025082004002107,UMHL,South Asian Bulls Pvt. Ltd.,Capital Max Securities Ltd,10,574.0,5740.0,2025-08-20 11:45:40.465092
2025-08-20,46330,2025082004002108,UMHL,Premier Securities Company Ltd.,Capital Max Securities Ltd,27,574.0,15498.0,2025-08-20 11:45:40.465203
2025-08-20,46281,2025082004002116,UMHL,Premier Securities Company Ltd.,Citizens Share Broker Limited,23,574.0,13202.0,2025-08-20 11:45:53.039152
2025-08-20,46280,2025082004002117,UMHL,Naasa Securities Co. Ltd.,Citizens Share Broker Limited,100,574.0,57400.0,2025-08-20 11:45:53.039227
2025-08-20,46279,2025082004002118,UMHL,Market Securities & Exchange (PVT) Ltd.,Citizens Share Broker Limited,200,573.6,114720.0,2025-08-20 11:45:53.039258
2025-08-20,46278,2025082004002119,UMHL,Sipla Securities Private Limited,Citizens Share Broker Limited,377,573.5,216209.5,2025-08-20 11:45:53.039283
2025-08-20,46272,2025082004002122,UMHL,Sipla Securities Private Limited,Citizens Share Broker Limited,123,573.5,70540.5,2025-08-20 11:45:57.049385
2025-08-20,46271,2025082004002123,UMHL,Aakashbhairab Securities Ltd.,Citizens Share Broker Limited,37,573.0,21201.0,2025-08-20 11:45:57.049475
2025-08-20,46270,2025082004002124,UMHL,Naasa Securities Co. Ltd.,Citizens Share Broker Limited,10,573.0,5730.0,2025-08-20 11:45:57.049504
2025-08-20,46269,2025082004002125,UMHL,SUN SECURITIES PVT LTD,Citizens Share Broker Limited,130,573.0,74490.0,2025-08-20 11:45:57.049528
2025-08-20,46244,2025082004002132,UMHL,SUN SECURITIES PVT LTD,Citizens Share Broker Limited,70,573.0,40110.0,2025-08-20 11:46:09.070116
2025-08-20,46243,2025082004002133,UMHL,South Asian Bulls Pvt. Ltd.,Citizens Share Broker Limited,10,573.0,5730.0,2025-08-20 11:46:09.070200
2025-08-20,46242,2025082004002134,UMHL,Online Securities Pvt. Ltd.,Citizens Share Broker Limited,10,572.9,5729.0,2025-08-20 11:46:09.070279
2025-08-20,46227,2025082004002138,UMHL,Online Securities Pvt. Ltd.,Swarna Laxmi Securities Pvt. Ltd.,390,572.9,223431.0,2025-08-20 11:46:17.330734
2025-08-20,46157,2025082004002154,UMHL,MILKY WAY SHARE BROKER COMPANY LTD ,Swarna Laxmi Securities Pvt. Ltd.,110,572.5,62975.0,2025-08-20 11:46:39.608575
2025-08-20,46068,2025082004002185,UMHL,Capital Max Securities Ltd,Citizens Share Broker Limited,50,573.0,28650.0,2025-08-20 11:47:06.756183
2025-08-20,45629,2025082004002332,UMHL,Siprabi Securities Pvt. Ltd.,J.F. Securites (PVT) Ltd.,17,573.0,9741.0,2025-08-20 11:49:41.694641
2025-08-20,45414,2025082004002369,UMHL,Kumari Securities Private Limited,Deevyaa Securities & Stock House Pvt. Ltd,50,573.5,28675.0,2025-08-20 11:50:46.566523
2025-08-20,45385,2025082004002374,UMHL,Infinity Securities Limited,Deevyaa Securities & Stock House Pvt. Ltd,100,573.0,57300.0,2025-08-20 11:50:54.591099
2025-08-20,45384,2025082004002375,UMHL,MILKY WAY SHARE BROKER COMPANY LTD ,Deevyaa Securities & Stock House Pvt. Ltd,75,572.5,42937.5,2025-08-20 11:50:54.591608
2025-08-20,45323,2025082004002398,UMHL,MILKY WAY SHARE BROKER COMPANY LTD ,Sundhara Securities Limited,50,572.5,28625.0,2025-08-20 11:51:06.553418
2025-08-20,45282,2025082004002408,UMHL,Ashutosh Brokerage & Securities (PVT) Ltd.,Vision Securities Pvt. Ltd,20,573.6,11472.0,2025-08-20 11:51:27.903419
2025-08-20,45281,2025082004002409,UMHL,MILKY WAY SHARE BROKER COMPANY LTD ,Vision Securities Pvt. Ltd,23,572.5,13167.5,2025-08-20 11:51:27.903522
2025-08-20,45280,2025082004002410,UMHL,Nabil Stock Dealer Ltd.,Vision Securities Pvt. Ltd,50,572.1,28605.0,2025-08-20 11:51:27.903596
2025-08-20,45279,2025082004002411,UMHL,Asian Securities Private Ltd.,Vision Securities Pvt. Ltd,40,572.0,22880.0,2025-08-20 11:51:27.903660
2025-08-20,45278,2025082004002412,UMHL,Kohinoor Investment & Securities Pvt. Ltd.,Vision Securities Pvt. Ltd,50,572.0,28600.0,2025-08-20 11:51:27.903726
2025-08-20,45277,2025082004002413,UMHL,Thrive Brokerage House Pvt. Ltd,Vision Securities Pvt. Ltd,100,572.0,57200.0,2025-08-20 11:51:27.903787
2025-08-20,45276,2025082004002414,UMHL,Capital Max Securities Ltd,Vision Securities Pvt. Ltd,17,572.0,9724.0,2025-08-20 11:51:27.903852
2025-08-20,45274,2025082004002415,UMHL,Capital Max Securities Ltd,Deevyaa Securities & Stock House Pvt. Ltd,150,572.0,85800.0,2025-08-20 11:51:28.659354
2025-08-20,45168,2025082004002443,UMHL,Capital Max Securities Ltd,Online Securities Pvt. Ltd.,33,572.0,18876.0,2025-08-20 11:51:55.259866
2025-08-20,45143,2025082004002453,UMHL,Sweta Securities Private Limited,Capital Max Securities Ltd,50,572.0,28600.0,2025-08-20 11:52:05.809516
2025-08-20,45142,2025082004002454,UMHL,Capital Max Securities Ltd,Capital Max Securities Ltd,350,571.6,200060.0,2025-08-20 11:52:05.809796
2025-08-20,45141,2025082004002455,UMHL,Nagarik Stock Dealer ,Capital Max Securities Ltd,1000,571.5,571500.0,2025-08-20 11:52:05.809907
2025-08-20,45065,2025082004002472,UMHL,Midas Stock Broking Company Private Limited,Sani Securities Company Ltd.,108,571.4,61711.2,2025-08-20 11:52:27.231773
2025-08-20,45064,2025082004002473,UMHL,Online Securities Pvt. Ltd.,Capital Max Securities Ltd,300,571.5,171450.0,2025-08-20 11:52:27.434623
2025-08-20,45022,2025082004002489,UMHL,Midas Stock Broking Company Private Limited,Trishakti Securities Public Limited,350,571.4,199990.0,2025-08-20 11:52:42.433633
2025-08-20,44997,2025082004002494,UMHL,Midas Stock Broking Company Private Limited,Imperial Securities Company Pvt. Ltd.,500,571.4,285700.0,2025-08-20 11:52:47.778653
2025-08-20,44980,2025082004002496,UMHL,Midas Stock Broking Company Private Limited,Online Securities Pvt. Ltd.,42,571.4,23998.8,2025-08-20 11:52:55.541449
2025-08-20,44955,2025082004002501,UMHL,Citizens Share Broker Limited,Capital Max Securities Ltd,800,571.3,457040.0,2025-08-20 11:53:01.939519
2025-08-20,44954,2025082004002502,UMHL,Citizens Share Broker Limited,Capital Max Securities Ltd,200,571.3,114260.0,2025-08-20 11:53:01.940031
2025-08-20,44953,2025082004002503,UMHL,Sagarmatha Securities Private Limited,Capital Max Securities Ltd,1000,571.1,571100.0,2025-08-20 11:53:01.940411
2025-08-20,44920,2025082004002507,UMHL,Premier Securities Company Ltd.,Online Securities Pvt. Ltd.,100,571.0,57100.0,2025-08-20 11:53:15.626843
2025-08-20,44897,2025082004002520,UMHL,Sri Hari Securities Pvt. Ltd.,Dipshikha Dhitopatra Karobar Co. Pvt Ltd.,50,571.0,28550.0,2025-08-20 11:53:18.492987
2025-08-20,44896,2025082004002521,UMHL,Sharepro Securities Private Limited,Dipshikha Dhitopatra Karobar Co. Pvt Ltd.,50,571.0,28550.0,2025-08-20 11:53:18.493227
2025-08-20,44890,2025082004002523,UMHL,Sharepro Securities Private Limited,Sani Securities Company Ltd.,108,571.0,61668.0,2025-08-20 11:53:19.967389
2025-08-20,44865,2025082004002533,UMHL,Sharepro Securities Private Limited,Capital Max Securities Ltd,342,571.0,195282.0,2025-08-20 11:53:30.019413
2025-08-20,44864,2025082004002534,UMHL,Naasa Securities Co. Ltd.,Capital Max Securities Ltd,658,571.0,375718.0,2025-08-20 11:53:30.019705
2025-08-20,44852,2025082004002535,UMHL,Naasa Securities Co. Ltd.,Deevyaa Securities & Stock House Pvt. Ltd,100,571.0,57100.0,2025-08-20 11:53:32.900895
2025-08-20,44848,2025082004002536,UMHL,Naasa Securities Co. Ltd.,Trishakti Securities Public Limited,42,571.0,23982.0,2025-08-20 11:53:34.602986
2025-08-20,44847,2025082004002537,UMHL,Shree Krishna Securities Ltd.,Trishakti Securities Public Limited,50,571.0,28550.0,2025-08-20 11:53:34.603044
2025-08-20,44846,2025082004002538,UMHL,Oxford Securities Pvt. Ltd.,Trishakti Securities Public Limited,49,571.0,27979.0,2025-08-20 11:53:34.603067
2025-08-20,44843,2025082004002539,UMHL,Oxford Securities Pvt. Ltd.,Capital Max Securities Ltd,151,571.0,86221.0,2025-08-20 11:53:36.039866
2025-08-20,44842,2025082004002540,UMHL,J.F. Securites (PVT) Ltd.,Capital Max Securities Ltd,100,571.0,57100.0,2025-08-20 11:53:36.040438
2025-08-20,44841,2025082004002541,UMHL,Opal Securities Investment (PVT) Ltd.,Capital Max Securities Ltd,49,571.0,27979.0,2025-08-20 11:53:36.040899
2025-08-20,44812,2025082004002550,UMHL,Opal Securities Investment (PVT) Ltd.,Arun Securities (PVT) Ltd.,451,571.0,257521.0,2025-08-20 11:53:48.349670
2025-08-20,44762,2025082004002555,UMHL,Nabil Stock Dealer Ltd.,Online Securities Pvt. Ltd.,30,570.2,17106.0,2025-08-20 11:54:01.811811
2025-08-20,44725,2025082004002562,UMHL,Online Securities Pvt. Ltd.,Online Securities Pvt. Ltd.,100,570.2,57020.0,2025-08-20 11:54:09.841369
2025-08-20,44724,2025082004002563,UMHL,Trishakti Securities Public Limited,Himalayan Securities Limited,10,570.1,5701.0,2025-08-20 11:54:10.012094
2025-08-20,44718,2025082004002564,UMHL,Trishakti Securities Public Limited,Kalika Securities Pvt. Ltd.,32,570.1,18243.2,2025-08-20 11:54:12.137387
2025-08-20,44713,2025082004002565,UMHL,Trishakti Securities Public Limited,Online Securities Pvt. Ltd.,500,570.1,285050.0,2025-08-20 11:54:13.866598
2025-08-20,44668,2025082004002578,UMHL,Imperial Securities Company Pvt. Ltd.,Online Securities Pvt. Ltd.,180,570.2,102636.0,2025-08-20 11:54:29.633508
2025-08-20,44655,2025082004002584,UMHL,Online Securities Pvt. Ltd.,Online Securities Pvt. Ltd.,141,570.2,80398.2,2025-08-20 11:54:33.994129
2025-08-20,44654,2025082004002585,UMHL,Online Securities Pvt. Ltd.,Capital Max Securities Ltd,400,570.2,228080.0,2025-08-20 11:54:33.994631
2025-08-20,44616,2025082004002589,UMHL,Online Securities Pvt. Ltd.,Trisul Securities & Invt. Ltd.,180,570.2,102636.0,2025-08-20 11:54:43.859097
2025-08-20,44615,2025082004002590,UMHL,Midas Stock Broking Company Private Limited,Trisul Securities & Invt. Ltd.,10,570.2,5702.0,2025-08-20 11:54:43.859402
2025-08-20,44614,2025082004002591,UMHL,Trishakti Securities Public Limited,Trisul Securities & Invt. Ltd.,458,570.1,261105.8,2025-08-20 11:54:43.859535
2025-08-20,44613,2025082004002592,UMHL,Capital Max Securities Ltd,Trisul Securities & Invt. Ltd.,852,570.1,485725.2,2025-08-20 11:54:43.859642
2025-08-20,44608,2025082004002596,UMHL,Capital Max Securities Ltd,Sumeru Securities Pvt. Ltd.,59,570.1,33635.9,2025-08-20 11:54:45.543553
2025-08-20,44597,2025082004002599,UMHL,Capital Max Securities Ltd,Deevyaa Securities & Stock House Pvt. Ltd,1000,570.1,570100.0,2025-08-20 11:54:49.054381
2025-08-20,44564,2025082004002607,UMHL,Capital Max Securities Ltd,Online Securities Pvt. Ltd.,200,570.1,114020.0,2025-08-20 11:54:58.115976
2025-08-20,44541,2025082004002614,UMHL,Nabil Stock Dealer Ltd.,Sani Securities Company Ltd.,20,570.2,11404.0,2025-08-20 11:55:04.687857
2025-08-20,44540,2025082004002615,UMHL,Capital Max Securities Ltd,Sani Securities Company Ltd.,88,570.1,50168.8,2025-08-20 11:55:04.687951
2025-08-20,44474,2025082004002622,UMHL,N.M.B. SECURITIES LIMITED,Arun Securities (PVT) Ltd.,1349,571.0,770279.0,2025-08-20 11:55:11.255171
2025-08-20,44473,2025082004002623,UMHL,N.M.B. SECURITIES LIMITED,Malla & Malla Stock Broking Company Pvt. Limited,200,571.0,114200.0,2025-08-20 11:55:11.255469
2025-08-20,44472,2025082004002624,UMHL,N.M.B. SECURITIES LIMITED,Imperial Securities Company Pvt. Ltd.,100,571.0,57100.0,2025-08-20 11:55:11.255574
2025-08-20,44458,2025082004002627,UMHL,N.M.B. SECURITIES LIMITED,Aryatara Investment & Securities,286,571.0,163306.0,2025-08-20 11:55:14.733254
2025-08-20,44414,2025082004002636,UMHL,N.M.B. SECURITIES LIMITED,Sani Securities Company Ltd.,65,571.0,37115.0,2025-08-20 11:55:26.900309
2025-08-20,44413,2025082004002637,UMHL,Nagarik Stock Dealer ,Sani Securities Company Ltd.,43,571.0,24553.0,2025-08-20 11:55:26.900366
2025-08-20,44405,2025082004002640,UMHL,Vision Securities Pvt. Ltd,Capital Max Securities Ltd,50,572.0,28600.0,2025-08-20 11:55:28.752973
2025-08-20,44404,2025082004002641,UMHL,Vision Securities Pvt. Ltd,Agrawal Securities (PVT) Ltd.,50,572.0,28600.0,2025-08-20 11:55:28.753470
2025-08-20,44373,2025082004002653,UMHL,Vision Securities Pvt. Ltd,Agrawal Securities (PVT) Ltd.,80,572.0,45760.0,2025-08-20 11:55:36.779960
2025-08-20,44328,2025082004002662,UMHL,Prabhu Stock Market Limited,Agrawal Securities (PVT) Ltd.,46,572.0,26312.0,2025-08-20 11:55:52.124119
2025-08-20,44266,2025082004002698,UMHL,Prabhu Stock Market Limited,Sani Securities Company Ltd.,108,572.0,61776.0,2025-08-20 11:56:05.148406
2025-08-20,44245,2025082004002700,UMHL,Prabhu Stock Market Limited,Citizens Share Broker Limited,200,572.0,114400.0,2025-08-20 11:56:11.997054
2025-08-20,44199,2025082004002706,UMHL,Prabhu Stock Market Limited,Agrawal Securities (PVT) Ltd.,146,572.0,83512.0,2025-08-20 11:56:33.981239
2025-08-20,44198,2025082004002707,UMHL,MILKY WAY SHARE BROKER COMPANY LTD ,Agrawal Securities (PVT) Ltd.,354,571.2,202204.8,2025-08-20 11:56:33.981321
2025-08-20,44196,2025082004002708,UMHL,MILKY WAY SHARE BROKER COMPANY LTD ,Sani Securities Company Ltd.,108,571.2,61689.6,2025-08-20 11:56:35.325237
2025-08-20,44166,2025082004002719,UMHL,MILKY WAY SHARE BROKER COMPANY LTD ,Dipshikha Dhitopatra Karobar Co. Pvt Ltd.,387,571.2,221054.4,2025-08-20 11:56:49.209256
2025-08-20,44155,2025082004002721,UMHL,MILKY WAY SHARE BROKER COMPANY LTD ,Agrawal Securities (PVT) Ltd.,151,571.2,86251.2,2025-08-20 11:56:52.076190
2025-08-20,44154,2025082004002722,UMHL,Capital Max Securities Ltd,Agrawal Securities (PVT) Ltd.,200,571.2,114240.0,2025-08-20 11:56:52.076283
2025-08-20,44153,2025082004002723,UMHL,MILKY WAY SHARE BROKER COMPANY LTD ,Agrawal Securities (PVT) Ltd.,649,571.1,370643.9,2025-08-20 11:56:52.076321
2025-08-20,44090,2025082004002743,UMHL,MILKY WAY SHARE BROKER COMPANY LTD ,Sani Securities Company Ltd.,20,571.1,11422.0,2025-08-20 11:57:15.595771
2025-08-20,44024,2025082004002769,UMHL,MILKY WAY SHARE BROKER COMPANY LTD ,Trisul Securities & Invt. Ltd.,331,571.1,189034.1,2025-08-20 11:57:34.181236
2025-08-20,44023,2025082004002770,UMHL,Nagarik Stock Dealer ,Trisul Securities & Invt. Ltd.,669,571.0,381999.0,2025-08-20 11:57:34.181565
2025-08-20,43559,2025082004002859,UMHL,Sajilo Broker Limited,Online Securities Pvt. Ltd.,200,572.1,114420.0,2025-08-20 12:00:01.588989
2025-08-20,43558,2025082004002860,UMHL,MILKY WAY SHARE BROKER COMPANY LTD ,Online Securities Pvt. Ltd.,430,571.2,245616.0,2025-08-20 12:00:01.589291
2025-08-20,43467,2025082004002908,UMHL,Online Securities Pvt. Ltd.,Online Securities Pvt. Ltd.,1000,572.0,572000.0,2025-08-20 12:00:27.682858
2025-08-20,43452,2025082004002911,UMHL,MILKY WAY SHARE BROKER COMPANY LTD ,Secured Securities Ltd.,570,571.2,325584.0,2025-08-20 12:00:32.348724
2025-08-20,43451,2025082004002912,UMHL,Imperial Securities Company Pvt. Ltd.,Secured Securities Ltd.,430,571.1,245573.0,2025-08-20 12:00:32.348783
2025-08-20,43386,2025082004002923,UMHL,Dynamic Money Managers Securities Pvt. Ltd.,Ashutosh Brokerage & Securities (PVT) Ltd.,1000,573.5,573500.0,2025-08-20 12:00:58.524923
2025-08-20,43352,2025082004002934,UMHL,Imperial Securities Company Pvt. Ltd.,Midas Stock Broking Company Private Limited,14,571.1,7995.4,2025-08-20 12:01:14.658570
2025-08-20,43296,2025082004002946,UMHL,Imperial Securities Company Pvt. Ltd.,Online Securities Pvt. Ltd.,56,571.1,31981.6,2025-08-20 12:01:31.957127
2025-08-20,43295,2025082004002947,UMHL,South Asian Bulls Pvt. Ltd.,Online Securities Pvt. Ltd.,10,571.1,5711.0,2025-08-20 12:01:31.957572
2025-08-20,43294,2025082004002948,UMHL,SUN SECURITIES PVT LTD,Online Securities Pvt. Ltd.,500,571.1,285550.0,2025-08-20 12:01:31.957700
2025-08-20,43130,2025082004002971,UMHL,Nagarik Stock Dealer ,Naasa Securities Co. Ltd.,200,571.0,114200.0,2025-08-20 12:02:17.679374
2025-08-20,43070,2025082004002993,UMHL,Nagarik Stock Dealer ,Capital Max Securities Ltd,88,571.0,50248.0,2025-08-20 12:02:41.567703
2025-08-20,43069,2025082004002994,UMHL,Naasa Securities Co. Ltd.,Capital Max Securities Ltd,250,571.0,142750.0,2025-08-20 12:02:41.568246
2025-08-20,43068,2025082004002995,UMHL,MILKY WAY SHARE BROKER COMPANY LTD ,Capital Max Securities Ltd,162,571.0,92502.0,2025-08-20 12:02:41.568612
2025-08-20,43064,2025082004002996,UMHL,Linch Stock Market Ltd.,Linch Stock Market Ltd.,50,571.1,28555.0,2025-08-20 12:02:44.014604
2025-08-20,43063,2025082004002997,UMHL,MILKY WAY SHARE BROKER COMPANY LTD ,Linch Stock Market Ltd.,50,571.0,28550.0,2025-08-20 12:02:44.015156
2025-08-20,42942,2025082004003038,UMHL,MILKY WAY SHARE BROKER COMPANY LTD ,Naasa Securities Co. Ltd.,128,571.0,73088.0,2025-08-20 12:03:21.986378
2025-08-20,42789,2025082004003074,UMHL,MILKY WAY SHARE BROKER COMPANY LTD ,Nepal Stock House (PVT) Ltd.,60,571.0,34260.0,2025-08-20 12:04:10.161488
2025-08-20,42788,2025082004003075,UMHL,Prabhu Stock Market Limited,Nepal Stock House (PVT) Ltd.,40,571.0,22840.0,2025-08-20 12:04:10.162030
2025-08-20,42769,2025082004003078,UMHL,Prabhu Stock Market Limited,Sri Hari Securities Pvt. Ltd.,10,571.0,5710.0,2025-08-20 12:04:15.565486
2025-08-20,42768,2025082004003079,UMHL,Sweta Securities Private Limited,Sri Hari Securities Pvt. Ltd.,110,571.0,62810.0,2025-08-20 12:04:15.565757
2025-08-20,42545,2025082004003119,UMHL,ABC Securities Private Limited,Naasa Securities Co. Ltd.,100,572.0,57200.0,2025-08-20 12:05:37.702878
2025-08-20,42439,2025082004003146,UMHL,Sweta Securities Private Limited,Sharepro Securities Private Limited,160,571.0,91360.0,2025-08-20 12:06:12.953769
2025-08-20,42416,2025082004003163,UMHL,Thrive Brokerage House Pvt. Ltd,Naasa Securities Co. Ltd.,10,572.0,5720.0,2025-08-20 12:06:18.866008
2025-08-20,42385,2025082004003166,UMHL,Capital Max Securities Ltd,Naasa Securities Co. Ltd.,390,572.0,223080.0,2025-08-20 12:06:30.002809
2025-08-20,42384,2025082004003167,UMHL,Capital Max Securities Ltd,Vision Securities Pvt. Ltd,333,572.0,190476.0,2025-08-20 12:06:30.003418
2025-08-20,42383,2025082004003168,UMHL,Capital Max Securities Ltd,Vision Securities Pvt. Ltd,500,572.0,286000.0,2025-08-20 12:06:30.003819
2025-08-20,42382,2025082004003169,UMHL,Capital Max Securities Ltd,Capital Max Securities Ltd,500,572.9,286450.0,2025-08-20 12:06:30.004219
2025-08-20,42381,2025082004003170,UMHL,Capital Max Securities Ltd,Creative Securities Pvt Ltd,100,573.0,57300.0,2025-08-20 12:06:30.004617
2025-08-20,42380,2025082004003171,UMHL,Capital Max Securities Ltd,Vision Securities Pvt. Ltd,800,573.0,458400.0,2025-08-20 12:06:30.005001
2025-08-20,42379,2025082004003172,UMHL,Capital Max Securities Ltd,Capital Max Securities Ltd,100,573.0,57300.0,2025-08-20 12:06:30.005378
2025-08-20,42378,2025082004003173,UMHL,Capital Max Securities Ltd,ABC Securities Private Limited,30,573.0,17190.0,2025-08-20 12:06:30.005776
2025-08-20,42377,2025082004003174,UMHL,Capital Max Securities Ltd,Trisul Securities & Invt. Ltd.,1247,573.0,714531.0,2025-08-20 12:06:30.006158
2025-08-20,42002,2025082004003250,UMHL,Deevyaa Securities & Stock House Pvt. Ltd,Creative Securities Pvt Ltd,100,572.0,57200.0,2025-08-20 12:08:39.823309
2025-08-20,41880,2025082004003264,UMHL,Deevyaa Securities & Stock House Pvt. Ltd,SUN SECURITIES PVT LTD,500,572.9,286450.0,2025-08-20 12:08:57.864927
2025-08-20,41862,2025082004003272,UMHL,Sumeru Securities Pvt. Ltd.,Trisul Securities & Invt. Ltd.,100,572.0,57200.0,2025-08-20 12:09:04.176553
2025-08-20,41861,2025082004003273,UMHL,MILKY WAY SHARE BROKER COMPANY LTD ,Trisul Securities & Invt. Ltd.,900,571.2,514080.0,2025-08-20 12:09:04.176862
2025-08-20,41687,2025082004003304,UMHL,MILKY WAY SHARE BROKER COMPANY LTD ,Primo Securities (PVT) Ltd.,100,571.2,57120.0,2025-08-20 12:10:13.429366
2025-08-20,41685,2025082004003305,UMHL,MILKY WAY SHARE BROKER COMPANY LTD ,Primo Securities (PVT) Ltd.,200,571.1,114220.0,2025-08-20 12:10:13.430041
2025-08-20,41684,2025082004003306,UMHL,Naasa Securities Co. Ltd.,Primo Securities (PVT) Ltd.,263,571.1,150199.3,2025-08-20 12:10:13.430691
2025-08-20,41551,2025082004003319,UMHL,Capital Max Securities Ltd,Capital Max Securities Ltd,20,571.3,11426.0,2025-08-20 12:11:06.603064
2025-08-20,41363,2025082004003361,UMHL,Sumeru Securities Pvt. Ltd.,Oxford Securities Pvt. Ltd.,200,572.0,114400.0,2025-08-20 12:12:14.842554
2025-08-20,41330,2025082004003374,UMHL,Naasa Securities Co. Ltd.,Oxford Securities Pvt. Ltd.,350,572.0,200200.0,2025-08-20 12:12:30.656248
2025-08-20,41329,2025082004003375,UMHL,Naasa Securities Co. Ltd.,Naasa Securities Co. Ltd.,150,572.0,85800.0,2025-08-20 12:12:30.656599
2025-08-20,41279,2025082004003382,UMHL,Naasa Securities Co. Ltd.,Naasa Securities Co. Ltd.,100,572.0,57200.0,2025-08-20 12:12:50.807625
2025-08-20,41258,2025082004003396,UMHL,Sumeru Securities Pvt. Ltd.,Naasa Securities Co. Ltd.,142,572.0,81224.0,2025-08-20 12:12:53.950867
2025-08-20,41211,2025082004003416,UMHL,Sumeru Securities Pvt. Ltd.,Sani Securities Company Ltd.,100,572.0,57200.0,2025-08-20 12:13:02.938910
2025-08-20,41210,2025082004003417,UMHL,SUN SECURITIES PVT LTD,Sani Securities Company Ltd.,70,571.4,39998.0,2025-08-20 12:13:02.939544
2025-08-20,40704,2025082004003534,UMHL,MILKY WAY SHARE BROKER COMPANY LTD ,Creative Securities Pvt Ltd,100,572.0,57200.0,2025-08-20 12:15:41.001484
2025-08-20,40510,2025082004003568,UMHL,Deevyaa Securities & Stock House Pvt. Ltd,Trisul Securities & Invt. Ltd.,100,572.8,57280.0,2025-08-20 12:16:53.036574
2025-08-20,40365,2025082004003590,UMHL,Linch Stock Market Ltd.,Creative Securities Pvt Ltd,100,572.5,57250.0,2025-08-20 12:17:53.788643
2025-08-20,40363,2025082004003591,UMHL,Imperial Securities Company Pvt. Ltd.,SUN SECURITIES PVT LTD,100,572.9,57290.0,2025-08-20 12:17:56.296159
2025-08-20,40285,2025082004003600,UMHL,Imperial Securities Company Pvt. Ltd.,Opal Securities Investment (PVT) Ltd.,100,572.5,57250.0,2025-08-20 12:18:32.451899
2025-08-20,40257,2025082004003602,UMHL,Kohinoor Investment & Securities Pvt. Ltd.,Opal Securities Investment (PVT) Ltd.,100,572.5,57250.0,2025-08-20 12:18:41.515679
2025-08-20,40225,2025082004003607,UMHL,Kohinoor Investment & Securities Pvt. Ltd.,Trishakti Securities Public Limited,7,561.6,3931.2,2025-08-20 12:18:51.546834
2025-08-20,40058,2025082004003652,UMHL,Thrive Brokerage House Pvt. Ltd,SUN SECURITIES PVT LTD,400,572.9,229160.0,2025-08-20 12:19:44.716590
2025-08-20,40057,2025082004003653,UMHL,Thrive Brokerage House Pvt. Ltd,Vision Securities Pvt. Ltd,300,572.9,171870.0,2025-08-20 12:19:44.716959
2025-08-20,40056,2025082004003654,UMHL,Thrive Brokerage House Pvt. Ltd,Investment Management Nepal Pvt. Ltd.,100,572.9,57290.0,2025-08-20 12:19:44.717261
2025-08-20,39866,2025082004003682,UMHL,Thrive Brokerage House Pvt. Ltd,Investment Management Nepal Pvt. Ltd.,19,572.9,10885.1,2025-08-20 12:20:40.824944
2025-08-20,39865,2025082004003683,UMHL,Thrive Brokerage House Pvt. Ltd,Trisul Securities & Invt. Ltd.,31,573.0,17763.0,2025-08-20 12:20:40.825261
2025-08-20,39820,2025082004003703,UMHL,Dynamic Money Managers Securities Pvt. Ltd.,Opal Securities Investment (PVT) Ltd.,200,572.9,114580.0,2025-08-20 12:20:53.480397
2025-08-20,39779,2025082004003708,UMHL,Market Securities & Exchange (PVT) Ltd.,Trisul Securities & Invt. Ltd.,250,573.0,143250.0,2025-08-20 12:21:01.052675
2025-08-20,39763,2025082004003710,UMHL,Primo Securities (PVT) Ltd.,Trisul Securities & Invt. Ltd.,338,573.0,193674.0,2025-08-20 12:21:03.743823
2025-08-20,39762,2025082004003711,UMHL,Primo Securities (PVT) Ltd.,Shree Krishna Securities Ltd.,140,573.0,80220.0,2025-08-20 12:21:03.744119
2025-08-20,39761,2025082004003712,UMHL,Primo Securities (PVT) Ltd.,Online Securities Pvt. Ltd.,22,573.0,12606.0,2025-08-20 12:21:03.744248
2025-08-20,39717,2025082004003713,UMHL,R.B.B. Securities Company Ltd,Online Securities Pvt. Ltd.,178,573.0,101994.0,2025-08-20 12:21:12.490862
2025-08-20,39716,2025082004003714,UMHL,R.B.B. Securities Company Ltd,Midas Stock Broking Company Private Limited,50,573.0,28650.0,2025-08-20 12:21:12.491227
2025-08-20,39463,2025082004003749,UMHL,Market Securities & Exchange (PVT) Ltd.,Citizens Share Broker Limited,150,574.0,86100.0,2025-08-20 12:22:43.371051
2025-08-20,39462,2025082004003750,UMHL,Market Securities & Exchange (PVT) Ltd.,Creative Securities Pvt Ltd,100,574.0,57400.0,2025-08-20 12:22:43.371451
2025-08-20,39038,2025082004003811,UMHL,Online Securities Pvt. Ltd.,Trishakti Securities Public Limited,70,573.0,40110.0,2025-08-20 12:24:45.287934
2025-08-20,39037,2025082004003812,UMHL,Opal Securities Investment (PVT) Ltd.,Trishakti Securities Public Limited,430,573.0,246390.0,2025-08-20 12:24:45.288303
2025-08-20,38999,2025082004003827,UMHL,Opal Securities Investment (PVT) Ltd.,Sani Securities Company Ltd.,70,573.0,40110.0,2025-08-20 12:25:06.767264
2025-08-20,38998,2025082004003828,UMHL,Dynamic Money Managers Securities Pvt. Ltd.,Sani Securities Company Ltd.,100,572.9,57290.0,2025-08-20 12:25:06.767635
2025-08-20,38997,2025082004003829,UMHL,Capital Max Securities Ltd,Sani Securities Company Ltd.,50,572.9,28645.0,2025-08-20 12:25:06.767783
2025-08-20,38996,2025082004003830,UMHL,Kohinoor Investment & Securities Pvt. Ltd.,Sani Securities Company Ltd.,100,572.2,57220.0,2025-08-20 12:25:06.767931
2025-08-20,38995,2025082004003831,UMHL,Machhapuchchhre Securities Limited,Sani Securities Company Ltd.,100,572.1,57210.0,2025-08-20 12:25:06.768139
2025-08-20,38994,2025082004003832,UMHL,R.B.B. Securities Company Ltd,Sani Securities Company Ltd.,80,572.1,45768.0,2025-08-20 12:25:06.768304
2025-08-20,38590,2025082004003898,UMHL,Kohinoor Investment & Securities Pvt. Ltd.,Neev Securities Pvt. Ltd.,100,573.0,57300.0,2025-08-20 12:27:42.304920
2025-08-20,38589,2025082004003899,UMHL,Kohinoor Investment & Securities Pvt. Ltd.,Naasa Securities Co. Ltd.,100,573.0,57300.0,2025-08-20 12:27:42.305597
2025-08-20,38498,2025082004003916,UMHL,Sweta Securities Private Limited,Deevyaa Securities & Stock House Pvt. Ltd,230,572.2,131606.0,2025-08-20 12:28:02.342442
2025-08-20,38497,2025082004003917,UMHL,Sri Hari Securities Pvt. Ltd.,Deevyaa Securities & Stock House Pvt. Ltd,70,572.2,40054.0,2025-08-20 12:28:02.342800
2025-08-20,38370,2025082004003948,UMHL,Sri Hari Securities Pvt. Ltd.,Online Securities Pvt. Ltd.,14,572.2,8010.8,2025-08-20 12:29:00.410781
2025-08-20,38335,2025082004003953,UMHL,Sri Hari Securities Pvt. Ltd.,Kumari Securities Private Limited,916,572.2,524135.2,2025-08-20 12:29:12.265738
2025-08-20,38334,2025082004003954,UMHL,Primo Securities (PVT) Ltd.,Kumari Securities Private Limited,84,572.2,48064.8,2025-08-20 12:29:12.266354
2025-08-20,38303,2025082004003957,UMHL,Primo Securities (PVT) Ltd.,Online Securities Pvt. Ltd.,308,572.2,176237.6,2025-08-20 12:29:22.523642
2025-08-20,38238,2025082004003987,UMHL,Kumari Securities Private Limited,Naasa Securities Co. Ltd.,10,573.0,5730.0,2025-08-20 12:29:46.375350
2025-08-20,38162,2025082004004003,UMHL,Investment Management Nepal Pvt. Ltd.,Naasa Securities Co. Ltd.,500,573.0,286500.0,2025-08-20 12:30:11.692450
2025-08-20,38070,2025082004004022,UMHL,Investment Management Nepal Pvt. Ltd.,Naasa Securities Co. Ltd.,390,573.0,223470.0,2025-08-20 12:30:45.747194
2025-08-20,38007,2025082004004039,UMHL,Primo Securities (PVT) Ltd.,Midas Stock Broking Company Private Limited,108,574.0,61992.0,2025-08-20 12:31:11.014005
2025-08-20,37671,2025082004004118,UMHL,ABC Securities Private Limited,Nepal Investment And Securities Trading Private Limited,10,573.8,5738.0,2025-08-20 12:33:10.048747
2025-08-20,37670,2025082004004119,UMHL,ABC Securities Private Limited,Malla & Malla Stock Broking Company Pvt. Limited,300,573.9,172170.0,2025-08-20 12:33:10.049093
2025-08-20,37669,2025082004004120,UMHL,ABC Securities Private Limited,Asian Securities Private Ltd.,150,573.9,86085.0,2025-08-20 12:33:10.049236
2025-08-20,37668,2025082004004121,UMHL,ABC Securities Private Limited,Midas Stock Broking Company Private Limited,40,574.0,22960.0,2025-08-20 12:33:10.049382
2025-08-20,37071,2025082004004338,UMHL,Investment Management Nepal Pvt. Ltd.,Trisul Securities & Invt. Ltd.,10,573.0,5730.0,2025-08-20 12:35:56.070418
2025-08-20,36751,2025082004004433,UMHL,Naasa Securities Co. Ltd.,Aryatara Investment & Securities,20,573.7,11474.0,2025-08-20 12:37:09.572821
2025-08-20,36652,2025082004004467,UMHL,Pragyan Securities (PVT) Ltd.,Creative Securities Pvt Ltd,100,573.0,57300.0,2025-08-20 12:37:36.270264
2025-08-20,36465,2025082004004522,UMHL,Capital Max Securities Ltd,Creative Securities Pvt Ltd,23,573.0,13179.0,2025-08-20 12:38:20.232746
2025-08-20,36397,2025082004004552,UMHL,Naasa Securities Co. Ltd.,Hatemalo Financial Services Private Limited,500,572.6,286300.0,2025-08-20 12:38:36.006694
2025-08-20,36396,2025082004004553,UMHL,Prabhu Stock Market Limited,Hatemalo Financial Services Private Limited,500,572.5,286250.0,2025-08-20 12:38:36.007066
2025-08-20,36395,2025082004004554,UMHL,Opal Securities Investment (PVT) Ltd.,Hatemalo Financial Services Private Limited,500,572.4,286200.0,2025-08-20 12:38:36.007220
2025-08-20,36394,2025082004004555,UMHL,MILKY WAY SHARE BROKER COMPANY LTD ,Hatemalo Financial Services Private Limited,200,572.3,114460.0,2025-08-20 12:38:36.007372
2025-08-20,36393,2025082004004556,UMHL,MILKY WAY SHARE BROKER COMPANY LTD ,Hatemalo Financial Services Private Limited,300,572.3,171690.0,2025-08-20 12:38:36.007509
2025-08-20,36275,2025082004004601,UMHL,Thrive Brokerage House Pvt. Ltd,Trishakti Securities Public Limited,200,572.3,114460.0,2025-08-20 12:39:04.050493
2025-08-20,36265,2025082004004602,UMHL,Thrive Brokerage House Pvt. Ltd,Creative Securities Pvt Ltd,377,572.3,215757.1,2025-08-20 12:39:04.908071
2025-08-20,35777,2025082004004755,UMHL,Hatemalo Financial Services Private Limited,Nepal Investment And Securities Trading Private Limited,20,572.9,11458.0,2025-08-20 12:41:08.212442
2025-08-20,35473,2025082004004829,UMHL,K.B.L. Securities Limited ,Malla & Malla Stock Broking Company Pvt. Limited,50,572.5,28625.0,2025-08-20 12:42:32.906632
2025-08-20,35457,2025082004004836,UMHL,Naasa Securities Co. Ltd.,Malla & Malla Stock Broking Company Pvt. Limited,50,572.5,28625.0,2025-08-20 12:42:37.032523
2025-08-20,35253,2025082004004892,UMHL,Naasa Securities Co. Ltd.,Sewa Securities Pvt. Ltd.,50,572.5,28625.0,2025-08-20 12:43:26.161720
2025-08-20,35252,2025082004004893,UMHL,Hatemalo Financial Services Private Limited,Sewa Securities Pvt. Ltd.,200,572.4,114480.0,2025-08-20 12:43:26.162055
2025-08-20,35251,2025082004004894,UMHL,Naasa Securities Co. Ltd.,Sewa Securities Pvt. Ltd.,100,572.4,57240.0,2025-08-20 12:43:26.162224
2025-08-20,35250,2025082004004895,UMHL,Thrive Brokerage House Pvt. Ltd,Sewa Securities Pvt. Ltd.,423,572.3,242082.9,2025-08-20 12:43:26.162379
2025-08-20,35249,2025082004004896,UMHL,Thrive Brokerage House Pvt. Ltd,Sewa Securities Pvt. Ltd.,227,572.2,129889.4,2025-08-20 12:43:26.162591
2025-08-20,35098,2025082004004941,UMHL,Thrive Brokerage House Pvt. Ltd,Kohinoor Investment & Securities Pvt. Ltd.,920,573.0,527160.0,2025-08-20 12:44:06.163080
2025-08-20,35097,2025082004004942,UMHL,Thrive Brokerage House Pvt. Ltd,Sani Securities Company Ltd.,80,573.0,45840.0,2025-08-20 12:44:06.163768
2025-08-20,35036,2025082004004960,UMHL,Thrive Brokerage House Pvt. Ltd,K.B.L. Securities Limited ,200,572.2,114440.0,2025-08-20 12:44:27.082008
2025-08-20,35017,2025082004004962,UMHL,Thrive Brokerage House Pvt. Ltd,SUN SECURITIES PVT LTD,573,572.2,327870.6,2025-08-20 12:44:31.885250
2025-08-20,35016,2025082004004963,UMHL,Thrive Brokerage House Pvt. Ltd,SUN SECURITIES PVT LTD,927,572.2,530429.4,2025-08-20 12:44:31.885592
2025-08-20,34988,2025082004004972,UMHL,Sharepro Securities Private Limited,Sani Securities Company Ltd.,100,573.0,57300.0,2025-08-20 12:44:37.477413
2025-08-20,34869,2025082004005009,UMHL,Thrive Brokerage House Pvt. Ltd,Nepal Investment And Securities Trading Private Limited,10,572.9,5729.0,2025-08-20 12:45:24.412304
2025-08-20,34868,2025082004005010,UMHL,Thrive Brokerage House Pvt. Ltd,Sani Securities Company Ltd.,190,573.0,108870.0,2025-08-20 12:45:24.412951
2025-08-20,34865,2025082004005012,UMHL,Sanima Securities Limited,Sani Securities Company Ltd.,430,573.0,246390.0,2025-08-20 12:45:25.562055
2025-08-20,34864,2025082004005013,UMHL,Sanima Securities Limited,Dipshikha Dhitopatra Karobar Co. Pvt Ltd.,10,573.0,5730.0,2025-08-20 12:45:25.562801
2025-08-20,34863,2025082004005014,UMHL,Sanima Securities Limited,Dynamic Money Managers Securities Pvt. Ltd.,60,573.0,34380.0,2025-08-20 12:45:25.563382
2025-08-20,34807,2025082004005030,UMHL,MILKY WAY SHARE BROKER COMPANY LTD ,Dynamic Money Managers Securities Pvt. Ltd.,450,573.0,257850.0,2025-08-20 12:45:47.182648
2025-08-20,34799,2025082004005031,UMHL,Trishakti Securities Public Limited,Dynamic Money Managers Securities Pvt. Ltd.,1000,573.0,573000.0,2025-08-20 12:45:51.755567
2025-08-20,34770,2025082004005044,UMHL,Dynamic Money Managers Securities Pvt. Ltd.,Dynamic Money Managers Securities Pvt. Ltd.,490,573.0,280770.0,2025-08-20 12:46:05.440509
2025-08-20,34769,2025082004005045,UMHL,Dynamic Money Managers Securities Pvt. Ltd.,Siprabi Securities Pvt. Ltd.,10,573.0,5730.0,2025-08-20 12:46:05.440859
2025-08-20,34727,2025082004005055,UMHL,Kohinoor Investment & Securities Pvt. Ltd.,Siprabi Securities Pvt. Ltd.,90,573.0,51570.0,2025-08-20 12:46:22.765606
2025-08-20,34587,2025082004005086,UMHL,Kohinoor Investment & Securities Pvt. Ltd.,Hatemalo Financial Services Private Limited,100,573.8,57380.0,2025-08-20 12:47:10.909102
2025-08-20,34549,2025082004005089,UMHL,Nagarik Stock Dealer ,Hatemalo Financial Services Private Limited,38,573.8,21804.4,2025-08-20 12:47:29.174371
2025-08-20,34468,2025082004005106,UMHL,Thrive Brokerage House Pvt. Ltd,Asian Securities Private Ltd.,50,573.5,28675.0,2025-08-20 12:47:58.892391
2025-08-20,34467,2025082004005107,UMHL,Thrive Brokerage House Pvt. Ltd,Hatemalo Financial Services Private Limited,862,573.8,494615.6,2025-08-20 12:47:58.893043
2025-08-20,34463,2025082004005110,UMHL,Thrive Brokerage House Pvt. Ltd,Trishakti Securities Public Limited,88,573.8,50494.4,2025-08-20 12:48:00.190408
2025-08-20,34462,2025082004005111,UMHL,R.B.B. Securities Company Ltd,Trishakti Securities Public Limited,912,573.0,522576.0,2025-08-20 12:48:00.191026
2025-08-20,34355,2025082004005149,UMHL,Primo Securities (PVT) Ltd.,Opal Securities Investment (PVT) Ltd.,100,573.9,57390.0,2025-08-20 12:48:31.033954
2025-08-20,34354,2025082004005150,UMHL,Primo Securities (PVT) Ltd.,Citizens Share Broker Limited,50,574.0,28700.0,2025-08-20 12:48:31.034334
2025-08-20,34309,2025082004005163,UMHL,Thrive Brokerage House Pvt. Ltd,Citizens Share Broker Limited,306,574.0,175644.0,2025-08-20 12:48:44.987143
2025-08-20,34308,2025082004005164,UMHL,Thrive Brokerage House Pvt. Ltd,Linch Stock Market Ltd.,53,574.0,30422.0,2025-08-20 12:48:44.987498
2025-08-20,34307,2025082004005165,UMHL,Thrive Brokerage House Pvt. Ltd,Aryatara Investment & Securities,500,574.0,287000.0,2025-08-20 12:48:44.987647
2025-08-20,34288,2025082004005167,UMHL,Kohinoor Investment & Securities Pvt. Ltd.,Primo Securities (PVT) Ltd.,40,574.5,22980.0,2025-08-20 12:48:57.148570
2025-08-20,34287,2025082004005168,UMHL,Kohinoor Investment & Securities Pvt. Ltd.,Online Securities Pvt. Ltd.,10,575.0,5750.0,2025-08-20 12:48:57.148631
2025-08-20,34182,2025082004005197,UMHL,Thrive Brokerage House Pvt. Ltd,Secured Securities Ltd.,141,574.0,80934.0,2025-08-20 12:49:43.032468
2025-08-20,34181,2025082004005198,UMHL,Nagarik Stock Dealer ,Secured Securities Ltd.,31,574.0,17794.0,2025-08-20 12:49:43.409763
2025-08-20,34180,2025082004005199,UMHL,Nagarik Stock Dealer ,Online Securities Pvt. Ltd.,169,575.0,97175.0,2025-08-20 12:49:43.410402
2025-08-20,34100,2025082004005220,UMHL,Kumari Securities Private Limited,Online Securities Pvt. Ltd.,21,575.0,12075.0,2025-08-20 12:50:30.634916
2025-08-20,34099,2025082004005221,UMHL,Kumari Securities Private Limited,Capital Max Securities Ltd,29,575.0,16675.0,2025-08-20 12:50:30.635347
2025-08-20,34074,2025082004005224,UMHL,Thrive Brokerage House Pvt. Ltd,Capital Max Securities Ltd,471,575.0,270825.0,2025-08-20 12:50:32.946307
2025-08-20,34073,2025082004005225,UMHL,Thrive Brokerage House Pvt. Ltd,Vision Securities Pvt. Ltd,207,575.0,119025.0,2025-08-20 12:50:32.946695
2025-08-20,34072,2025082004005226,UMHL,Thrive Brokerage House Pvt. Ltd,Imperial Securities Company Pvt. Ltd.,100,575.0,57500.0,2025-08-20 12:50:32.946836
2025-08-20,34071,2025082004005227,UMHL,Thrive Brokerage House Pvt. Ltd,Online Securities Pvt. Ltd.,100,575.0,57500.0,2025-08-20 12:50:32.946968
2025-08-20,34070,2025082004005228,UMHL,Thrive Brokerage House Pvt. Ltd,Investment Management Nepal Pvt. Ltd.,50,575.0,28750.0,2025-08-20 12:50:32.947104
2025-08-20,34069,2025082004005229,UMHL,Thrive Brokerage House Pvt. Ltd,Kohinoor Investment & Securities Pvt. Ltd.,72,575.0,41400.0,2025-08-20 12:50:32.947236
2025-08-20,34039,2025082004005242,UMHL,Thrive Brokerage House Pvt. Ltd,Kohinoor Investment & Securities Pvt. Ltd.,660,575.0,379500.0,2025-08-20 12:50:42.970558
2025-08-20,33846,2025082004005291,UMHL,Nagarik Stock Dealer ,Naasa Securities Co. Ltd.,500,574.0,287000.0,2025-08-20 12:51:47.621771
2025-08-20,33845,2025082004005292,UMHL,Nagarik Stock Dealer ,Kohinoor Investment & Securities Pvt. Ltd.,446,575.0,256450.0,2025-08-20 12:51:47.622464
2025-08-20,33844,2025082004005293,UMHL,Nagarik Stock Dealer ,Naasa Securities Co. Ltd.,54,575.0,31050.0,2025-08-20 12:51:47.622874
2025-08-20,33784,2025082004005307,UMHL,Thrive Brokerage House Pvt. Ltd,Naasa Securities Co. Ltd.,641,575.0,368575.0,2025-08-20 12:52:05.140433
2025-08-20,33783,2025082004005308,UMHL,Thrive Brokerage House Pvt. Ltd,Imperial Securities Company Pvt. Ltd.,55,575.0,31625.0,2025-08-20 12:52:05.141103
2025-08-20,33782,2025082004005309,UMHL,Thrive Brokerage House Pvt. Ltd,Sweta Securities Private Limited,411,575.0,236325.0,2025-08-20 12:52:05.141551
2025-08-20,33781,2025082004005310,UMHL,Thrive Brokerage House Pvt. Ltd,Opal Securities Investment (PVT) Ltd.,107,575.0,61525.0,2025-08-20 12:52:05.141944
2025-08-20,33780,2025082004005311,UMHL,Thrive Brokerage House Pvt. Ltd,SUN SECURITIES PVT LTD,786,575.0,451950.0,2025-08-20 12:52:05.142370
2025-08-20,33754,2025082004005321,UMHL,Kohinoor Investment & Securities Pvt. Ltd.,SUN SECURITIES PVT LTD,400,575.0,230000.0,2025-08-20 12:52:13.577893
2025-08-20,33735,2025082004005327,UMHL,Thrive Brokerage House Pvt. Ltd,Sani Securities Company Ltd.,800,574.0,459200.0,2025-08-20 12:52:20.140290
2025-08-20,33646,2025082004005347,UMHL,Nagarik Stock Dealer ,Sani Securities Company Ltd.,200,574.0,114800.0,2025-08-20 12:52:53.728159
2025-08-20,33441,2025082004005395,UMHL,Thrive Brokerage House Pvt. Ltd,Sani Securities Company Ltd.,600,574.0,344400.0,2025-08-20 12:53:57.136575
2025-08-20,33429,2025082004005397,UMHL,Nagarik Stock Dealer ,SUN SECURITIES PVT LTD,100,575.0,57500.0,2025-08-20 12:54:05.953486
2025-08-20,33355,2025082004005412,UMHL,Nagarik Stock Dealer ,SUN SECURITIES PVT LTD,20,575.0,11500.0,2025-08-20 12:54:30.000456
2025-08-20,32988,2025082004005480,UMHL,Trishakti Securities Public Limited,Deevyaa Securities & Stock House Pvt. Ltd,200,573.2,114640.0,2025-08-20 12:56:18.730265
2025-08-20,32824,2025082004005509,UMHL,Ashutosh Brokerage & Securities (PVT) Ltd.,Sani Securities Company Ltd.,30,574.0,17220.0,2025-08-20 12:57:04.505037
2025-08-20,32632,2025082004005536,UMHL,Thrive Brokerage House Pvt. Ltd,Sani Securities Company Ltd.,10,573.9,5739.0,2025-08-20 12:58:09.705918
2025-08-20,32518,2025082004005583,UMHL,Thrive Brokerage House Pvt. Ltd,Sani Securities Company Ltd.,70,573.9,40173.0,2025-08-20 12:58:57.797565
2025-08-20,32475,2025082004005594,UMHL,Property Wiard Limited,Siprabi Securities Pvt. Ltd.,100,573.1,57310.0,2025-08-20 12:59:14.823673
2025-08-20,31971,2025082004005688,UMHL,Naasa Securities Co. Ltd.,Imperial Securities Company Pvt. Ltd.,200,573.2,114640.0,2025-08-20 13:01:41.842393
2025-08-20,31412,2025082004005838,UMHL,Citizens Share Broker Limited,SUN SECURITIES PVT LTD,800,573.3,458640.0,2025-08-20 13:04:43.917229
2025-08-20,31411,2025082004005839,UMHL,Citizens Share Broker Limited,SUN SECURITIES PVT LTD,500,573.3,286650.0,2025-08-20 13:04:43.917602
2025-08-20,31410,2025082004005840,UMHL,Naasa Securities Co. Ltd.,SUN SECURITIES PVT LTD,150,573.2,85980.0,2025-08-20 13:04:43.917746
2025-08-20,31409,2025082004005841,UMHL,Thrive Brokerage House Pvt. Ltd,SUN SECURITIES PVT LTD,503,573.2,288319.6,2025-08-20 13:04:43.917879
2025-08-20,31408,2025082004005842,UMHL,Property Wiard Limited,SUN SECURITIES PVT LTD,547,573.1,313485.7,2025-08-20 13:04:43.918008
2025-08-20,31277,2025082004005897,UMHL,Property Wiard Limited,SUN SECURITIES PVT LTD,353,573.1,202304.3,2025-08-20 13:05:17.964715
2025-08-20,31276,2025082004005898,UMHL,R.B.B. Securities Company Ltd,SUN SECURITIES PVT LTD,147,573.0,84231.0,2025-08-20 13:05:17.965094
2025-08-20,30956,2025082004005958,UMHL,R.B.B. Securities Company Ltd,Premier Securities Company Ltd.,120,573.0,68760.0,2025-08-20 13:07:01.749967
2025-08-20,30889,2025082004005980,UMHL,R.B.B. Securities Company Ltd,ABC Securities Private Limited,421,573.0,241233.0,2025-08-20 13:07:29.649448
2025-08-20,30799,2025082004006030,UMHL,R.B.B. Securities Company Ltd,Naasa Securities Co. Ltd.,92,573.0,52716.0,2025-08-20 13:08:00.871020
2025-08-20,30798,2025082004006031,UMHL,Thrive Brokerage House Pvt. Ltd,Naasa Securities Co. Ltd.,50,573.0,28650.0,2025-08-20 13:08:00.871643
2025-08-20,30797,2025082004006032,UMHL,Sundhara Securities Limited,Naasa Securities Co. Ltd.,20,573.0,11460.0,2025-08-20 13:08:00.872037
2025-08-20,30520,2025082004006092,UMHL,Thrive Brokerage House Pvt. Ltd,Oxford Securities Pvt. Ltd.,500,572.2,286100.0,2025-08-20 13:09:49.802950
2025-08-20,30355,2025082004006131,UMHL,Naasa Securities Co. Ltd.,Naasa Securities Co. Ltd.,84,573.0,48132.0,2025-08-20 13:10:54.539444
2025-08-20,30039,2025082004006224,UMHL,Kohinoor Investment & Securities Pvt. Ltd.,Sani Securities Company Ltd.,30,573.9,17217.0,2025-08-20 13:12:54.308041
2025-08-20,30038,2025082004006225,UMHL,Kohinoor Investment & Securities Pvt. Ltd.,Sani Securities Company Ltd.,10,574.0,5740.0,2025-08-20 13:12:54.308175
2025-08-20,29708,2025082004006307,UMHL,Naasa Securities Co. Ltd.,Kohinoor Investment & Securities Pvt. Ltd.,280,573.0,160440.0,2025-08-20 13:14:58.391106
2025-08-20,29652,2025082004006316,UMHL,Imperial Securities Company Pvt. Ltd.,Sani Securities Company Ltd.,185,573.0,106005.0,2025-08-20 13:15:21.760110
2025-08-20,29521,2025082004006345,UMHL,Imperial Securities Company Pvt. Ltd.,Sani Securities Company Ltd.,95,573.0,54435.0,2025-08-20 13:16:05.971090
2025-08-20,29472,2025082004006363,UMHL,Naasa Securities Co. Ltd.,SUN SECURITIES PVT LTD,400,572.1,228840.0,2025-08-20 13:16:23.003041
2025-08-20,29471,2025082004006364,UMHL,Nagarik Stock Dealer ,SUN SECURITIES PVT LTD,306,572.1,175062.6,2025-08-20 13:16:23.003684
2025-08-20,29470,2025082004006365,UMHL,Sipla Securities Private Limited,SUN SECURITIES PVT LTD,50,572.0,28600.0,2025-08-20 13:16:23.004126
2025-08-20,29469,2025082004006366,UMHL,Kohinoor Investment & Securities Pvt. Ltd.,SUN SECURITIES PVT LTD,100,572.0,57200.0,2025-08-20 13:16:23.004570
2025-08-20,29468,2025082004006367,UMHL,Imperial Securities Company Pvt. Ltd.,SUN SECURITIES PVT LTD,10,572.0,5720.0,2025-08-20 13:16:23.004986
2025-08-20,29467,2025082004006368,UMHL,Trishakti Securities Public Limited,SUN SECURITIES PVT LTD,200,572.0,114400.0,2025-08-20 13:16:23.005396
2025-08-20,29466,2025082004006369,UMHL,Sri Hari Securities Pvt. Ltd.,SUN SECURITIES PVT LTD,20,572.0,11440.0,2025-08-20 13:16:23.005828
2025-08-20,29465,2025082004006370,UMHL,Stoxkarts Securities Limited,SUN SECURITIES PVT LTD,500,572.0,286000.0,2025-08-20 13:16:23.006234
2025-08-20,29353,2025082004006391,UMHL,Sundhara Securities Limited,SUN SECURITIES PVT LTD,50,572.9,28645.0,2025-08-20 13:16:49.701132
2025-08-20,29318,2025082004006405,UMHL,Nagarik Stock Dealer ,SUN SECURITIES PVT LTD,364,572.9,208535.6,2025-08-20 13:17:00.102498
2025-08-20,29317,2025082004006406,UMHL,Nagarik Stock Dealer ,Sani Securities Company Ltd.,136,573.0,77928.0,2025-08-20 13:17:00.103117
2025-08-20,29311,2025082004006408,UMHL,Trisul Securities & Invt. Ltd.,Sani Securities Company Ltd.,529,573.0,303117.0,2025-08-20 13:17:03.629617
2025-08-20,29290,2025082004006418,UMHL,Trisul Securities & Invt. Ltd.,Imperial Securities Company Pvt. Ltd.,10,573.0,5730.0,2025-08-20 13:17:09.038094
2025-08-20,29202,2025082004006440,UMHL,Trisul Securities & Invt. Ltd.,Sani Securities Company Ltd.,800,573.0,458400.0,2025-08-20 13:17:28.397396
2025-08-20,29113,2025082004006473,UMHL,Trisul Securities & Invt. Ltd.,Online Securities Pvt. Ltd.,84,573.0,48132.0,2025-08-20 13:17:50.956485
2025-08-20,29106,2025082004006474,UMHL,SHUBHAKAMANA SECURITIES PVT. LTD,Infinity Securities Limited,300,573.9,172170.0,2025-08-20 13:17:52.677082
2025-08-20,29004,2025082004006494,UMHL,Thrive Brokerage House Pvt. Ltd,Infinity Securities Limited,20,573.9,11478.0,2025-08-20 13:18:32.494034
2025-08-20,29003,2025082004006495,UMHL,Thrive Brokerage House Pvt. Ltd,Sumeru Securities Pvt. Ltd.,790,574.0,453460.0,2025-08-20 13:18:32.494379
2025-08-20,29002,2025082004006496,UMHL,Thrive Brokerage House Pvt. Ltd,Dynamic Money Managers Securities Pvt. Ltd.,190,574.0,109060.0,2025-08-20 13:18:32.494585
2025-08-20,28980,2025082004006503,UMHL,Nagarik Stock Dealer ,Dynamic Money Managers Securities Pvt. Ltd.,500,573.1,286550.0,2025-08-20 13:18:41.469179
2025-08-20,28979,2025082004006504,UMHL,Trisul Securities & Invt. Ltd.,Dynamic Money Managers Securities Pvt. Ltd.,577,573.0,330621.0,2025-08-20 13:18:41.470007
2025-08-20,28822,2025082004006523,UMHL,Trisul Securities & Invt. Ltd.,Dynamic Money Managers Securities Pvt. Ltd.,423,573.0,242379.0,2025-08-20 13:19:29.919781
2025-08-20,28821,2025082004006524,UMHL,Trisul Securities & Invt. Ltd.,J.F. Securites (PVT) Ltd.,50,573.0,28650.0,2025-08-20 13:19:30.107201
2025-08-20,28725,2025082004006551,UMHL,Trisul Securities & Invt. Ltd.,Deevyaa Securities & Stock House Pvt. Ltd,60,573.0,34380.0,2025-08-20 13:20:05.943924
2025-08-20,28218,2025082004006718,UMHL,Trisul Securities & Invt. Ltd.,J.F. Securites (PVT) Ltd.,50,573.0,28650.0,2025-08-20 13:22:46.622592
2025-08-20,27284,2025082004006980,UMHL,Nagarik Stock Dealer ,Dipshikha Dhitopatra Karobar Co. Pvt Ltd.,500,573.1,286550.0,2025-08-20 13:27:59.492809
2025-08-20,27283,2025082004006981,UMHL,Trisul Securities & Invt. Ltd.,Dipshikha Dhitopatra Karobar Co. Pvt Ltd.,417,573.0,238941.0,2025-08-20 13:27:59.493155
2025-08-20,27282,2025082004006982,UMHL,Dipshikha Dhitopatra Karobar Co. Pvt Ltd.,Dipshikha Dhitopatra Karobar Co. Pvt Ltd.,160,573.0,91680.0,2025-08-20 13:27:59.493296
2025-08-20,27281,2025082004006983,UMHL,Sweta Securities Private Limited,Dipshikha Dhitopatra Karobar Co. Pvt Ltd.,23,573.0,13179.0,2025-08-20 13:27:59.493437
2025-08-20,27276,2025082004006987,UMHL,Dynamic Money Managers Securities Pvt. Ltd.,Dynamic Money Managers Securities Pvt. Ltd.,810,574.0,464940.0,2025-08-20 13:28:02.154683
2025-08-20,27275,2025082004006988,UMHL,Dynamic Money Managers Securities Pvt. Ltd.,Siprabi Securities Pvt. Ltd.,120,574.5,68940.0,2025-08-20 13:28:02.155016
2025-08-20,27274,2025082004006989,UMHL,Dynamic Money Managers Securities Pvt. Ltd.,SUN SECURITIES PVT LTD,2000,574.8,1149600.0,2025-08-20 13:28:02.155179
2025-08-20,27160,2025082004007036,UMHL,Imperial Securities Company Pvt. Ltd.,Sewa Securities Pvt. Ltd.,300,574.9,172470.0,2025-08-20 13:28:39.157814
2025-08-20,27116,2025082004007047,UMHL,Nagarik Stock Dealer ,Sewa Securities Pvt. Ltd.,200,574.9,114980.0,2025-08-20 13:28:55.243690
2025-08-20,27115,2025082004007048,UMHL,Nagarik Stock Dealer ,Opal Securities Investment (PVT) Ltd.,145,574.9,83360.5,2025-08-20 13:28:55.244433
2025-08-20,27114,2025082004007049,UMHL,Nagarik Stock Dealer ,Online Securities Pvt. Ltd.,25,574.9,14372.5,2025-08-20 13:28:55.245067
2025-08-20,27113,2025082004007050,UMHL,Nagarik Stock Dealer ,SUN SECURITIES PVT LTD,194,575.0,111550.0,2025-08-20 13:28:55.245407
2025-08-20,27111,2025082004007051,UMHL,Nagarik Stock Dealer ,Naasa Securities Co. Ltd.,13,575.0,7475.0,2025-08-20 13:28:55.245612
2025-08-20,27110,2025082004007052,UMHL,Nagarik Stock Dealer ,Trisul Securities & Invt. Ltd.,800,575.0,460000.0,2025-08-20 13:28:55.245790
2025-08-20,27109,2025082004007053,UMHL,Nagarik Stock Dealer ,Kohinoor Investment & Securities Pvt. Ltd.,500,575.0,287500.0,2025-08-20 13:28:55.245956
2025-08-20,27108,2025082004007054,UMHL,Nagarik Stock Dealer ,Sagarmatha Securities Private Limited,50,575.0,28750.0,2025-08-20 13:28:55.246111
2025-08-20,27107,2025082004007055,UMHL,Nagarik Stock Dealer ,Imperial Securities Company Pvt. Ltd.,73,575.0,41975.0,2025-08-20 13:28:55.246294
2025-08-20,26964,2025082004007098,UMHL,Trisul Securities & Invt. Ltd.,Imperial Securities Company Pvt. Ltd.,200,575.0,115000.0,2025-08-20 13:29:29.462525
2025-08-20,26947,2025082004007101,UMHL,Dynamic Money Managers Securities Pvt. Ltd.,Imperial Securities Company Pvt. Ltd.,227,575.0,130525.0,2025-08-20 13:29:35.709452
2025-08-20,26737,2025082004007184,UMHL,Investment Management Nepal Pvt. Ltd.,Citizens Share Broker Limited,131,575.5,75390.5,2025-08-20 13:30:43.017277
2025-08-20,26736,2025082004007185,UMHL,Investment Management Nepal Pvt. Ltd.,Citizens Share Broker Limited,150,575.8,86370.0,2025-08-20 13:30:43.017603
2025-08-20,26735,2025082004007186,UMHL,Investment Management Nepal Pvt. Ltd.,Capital Max Securities Ltd,200,575.8,115160.0,2025-08-20 13:30:43.017745
2025-08-20,26698,2025082004007199,UMHL,Investment Management Nepal Pvt. Ltd.,Citizens Share Broker Limited,20,575.9,11518.0,2025-08-20 13:31:01.083418
2025-08-20,26521,2025082004007220,UMHL,Online Securities Pvt. Ltd.,Oxford Securities Pvt. Ltd.,83,576.0,47808.0,2025-08-20 13:31:45.054141
2025-08-20,26520,2025082004007221,UMHL,Dynamic Money Managers Securities Pvt. Ltd.,Hatemalo Financial Services Private Limited,500,575.0,287500.0,2025-08-20 13:31:45.324798
2025-08-20,26513,2025082004007222,UMHL,Dynamic Money Managers Securities Pvt. Ltd.,Dakshinkali Investment & Securities Pvt. Ltd.,250,575.0,143750.0,2025-08-20 13:31:52.759026
2025-08-20,26500,2025082004007226,UMHL,Dynamic Money Managers Securities Pvt. Ltd.,Aryatara Investment & Securities,50,575.0,28750.0,2025-08-20 13:32:01.903637
2025-08-20,26479,2025082004007235,UMHL,Dynamic Money Managers Securities Pvt. Ltd.,Aryatara Investment & Securities,20,575.0,11500.0,2025-08-20 13:32:07.946301
2025-08-20,26260,2025082004007278,UMHL,Sweta Securities Private Limited,J.F. Securites (PVT) Ltd.,3,573.0,1719.0,2025-08-20 13:33:42.196063
2025-08-20,26226,2025082004007280,UMHL,Dynamic Money Managers Securities Pvt. Ltd.,Aryatara Investment & Securities,23,575.0,13225.0,2025-08-20 13:33:48.420409
2025-08-20,26225,2025082004007281,UMHL,Midas Stock Broking Company Private Limited,Aryatara Investment & Securities,50,575.0,28750.0,2025-08-20 13:33:48.420779
2025-08-20,26224,2025082004007282,UMHL,Midas Stock Broking Company Private Limited,Aryatara Investment & Securities,35,575.0,20125.0,2025-08-20 13:33:48.420927
2025-08-20,26025,2025082004007366,UMHL,Vision Securities Pvt. Ltd,ABC Securities Private Limited,107,573.1,61321.7,2025-08-20 13:34:48.987536
2025-08-20,25267,2025082004007533,UMHL,Vision Securities Pvt. Ltd,Capital Max Securities Ltd,43,573.1,24643.3,2025-08-20 13:38:58.802542
2025-08-20,25266,2025082004007534,UMHL,Sweta Securities Private Limited,Capital Max Securities Ltd,27,573.0,15471.0,2025-08-20 13:38:58.803257
2025-08-20,25265,2025082004007535,UMHL,Vision Securities Pvt. Ltd,Capital Max Securities Ltd,50,573.0,28650.0,2025-08-20 13:38:58.803703
2025-08-20,24806,2025082004007724,UMHL,Vision Securities Pvt. Ltd,INDEX SECURITIES LIMITED,50,573.0,28650.0,2025-08-20 13:41:19.273231
2025-08-20,24805,2025082004007725,UMHL,Imperial Securities Company Pvt. Ltd.,INDEX SECURITIES LIMITED,480,573.0,275040.0,2025-08-20 13:41:19.273631
2025-08-20,24746,2025082004007740,UMHL,Thrive Brokerage House Pvt. Ltd,INDEX SECURITIES LIMITED,470,573.0,269310.0,2025-08-20 13:41:41.516098
2025-08-20,24539,2025082004007818,UMHL,Thrive Brokerage House Pvt. Ltd,Naasa Securities Co. Ltd.,10,575.0,5750.0,2025-08-20 13:42:59.712208
2025-08-20,24538,2025082004007819,UMHL,Thrive Brokerage House Pvt. Ltd,Online Securities Pvt. Ltd.,50,575.0,28750.0,2025-08-20 13:42:59.712547
2025-08-20,24537,2025082004007820,UMHL,Thrive Brokerage House Pvt. Ltd,Trisul Securities & Invt. Ltd.,400,575.0,230000.0,2025-08-20 13:42:59.712694
2025-08-20,24536,2025082004007821,UMHL,Thrive Brokerage House Pvt. Ltd,Oxford Securities Pvt. Ltd.,70,575.0,40250.0,2025-08-20 13:42:59.712850
2025-08-20,24331,2025082004007868,UMHL,Thrive Brokerage House Pvt. Ltd,Dynamic Money Managers Securities Pvt. Ltd.,500,573.2,286600.0,2025-08-20 13:44:12.197495
2025-08-20,24330,2025082004007869,UMHL,Pragyan Securities (PVT) Ltd.,Dynamic Money Managers Securities Pvt. Ltd.,30,573.1,17193.0,2025-08-20 13:44:12.198176
2025-08-20,24329,2025082004007870,UMHL,Trishakti Securities Public Limited,Dynamic Money Managers Securities Pvt. Ltd.,1000,573.1,573100.0,2025-08-20 13:44:12.198612
2025-08-20,24328,2025082004007871,UMHL,Kohinoor Investment & Securities Pvt. Ltd.,Dynamic Money Managers Securities Pvt. Ltd.,100,573.0,57300.0,2025-08-20 13:44:12.199139
2025-08-20,24315,2025082004007874,UMHL,Thrive Brokerage House Pvt. Ltd,Dynamic Money Managers Securities Pvt. Ltd.,70,573.0,40110.0,2025-08-20 13:44:15.943650
2025-08-20,24314,2025082004007875,UMHL,Thrive Brokerage House Pvt. Ltd,Oxford Securities Pvt. Ltd.,90,575.0,51750.0,2025-08-20 13:44:15.944358
2025-08-20,24313,2025082004007876,UMHL,Thrive Brokerage House Pvt. Ltd,INDEX SECURITIES LIMITED,840,575.0,483000.0,2025-08-20 13:44:15.944818
2025-08-20,24159,2025082004007916,UMHL,Kohinoor Investment & Securities Pvt. Ltd.,Online Securities Pvt. Ltd.,10,572.9,5729.0,2025-08-20 13:44:55.728179
2025-08-20,23818,2025082004007984,UMHL,Dynamic Money Managers Securities Pvt. Ltd.,Nepal Investment And Securities Trading Private Limited,10,574.8,5748.0,2025-08-20 13:46:37.848855
2025-08-20,23817,2025082004007985,UMHL,Dynamic Money Managers Securities Pvt. Ltd.,Nepal Investment And Securities Trading Private Limited,10,574.9,5749.0,2025-08-20 13:46:37.849257
2025-08-20,23816,2025082004007986,UMHL,Dynamic Money Managers Securities Pvt. Ltd.,Naasa Securities Co. Ltd.,21,574.9,12072.9,2025-08-20 13:46:37.849402
2025-08-20,23767,2025082004008003,UMHL,Thrive Brokerage House Pvt. Ltd,Shree Krishna Securities Ltd.,300,573.2,171960.0,2025-08-20 13:47:03.020107
2025-08-20,23648,2025082004008041,UMHL,Thrive Brokerage House Pvt. Ltd,Imperial Securities Company Pvt. Ltd.,200,573.2,114640.0,2025-08-20 13:47:46.125588
2025-08-20,23599,2025082004008059,UMHL,Nagarik Stock Dealer ,Naasa Securities Co. Ltd.,579,573.1,331824.9,2025-08-20 13:48:12.309549
2025-08-20,23593,2025082004008064,UMHL,Nagarik Stock Dealer ,Cristal Kanchanjanga Securites Pvt. Ltd.,100,573.1,57310.0,2025-08-20 13:48:15.064798
2025-08-20,23468,2025082004008101,UMHL,Naasa Securities Co. Ltd.,Imperial Securities Company Pvt. Ltd.,249,573.2,142726.8,2025-08-20 13:48:55.096615
2025-08-20,23437,2025082004008106,UMHL,Citizens Share Broker Limited,Nepal Investment And Securities Trading Private Limited,10,574.4,5744.0,2025-08-20 13:49:07.173448
2025-08-20,23436,2025082004008107,UMHL,Citizens Share Broker Limited,Nepal Investment And Securities Trading Private Limited,10,574.5,5745.0,2025-08-20 13:49:07.173598
2025-08-20,23435,2025082004008108,UMHL,Citizens Share Broker Limited,Nepal Investment And Securities Trading Private Limited,10,574.6,5746.0,2025-08-20 13:49:07.173628
2025-08-20,23434,2025082004008109,UMHL,Citizens Share Broker Limited,Nepal Investment And Securities Trading Private Limited,10,574.7,5747.0,2025-08-20 13:49:07.173656
2025-08-20,23433,2025082004008110,UMHL,Citizens Share Broker Limited,SUN SECURITIES PVT LTD,10,574.8,5748.0,2025-08-20 13:49:07.173685
2025-08-20,23401,2025082004008119,UMHL,Nagarik Stock Dealer ,Cristal Kanchanjanga Securites Pvt. Ltd.,10,573.1,5731.0,2025-08-20 13:49:17.426303
2025-08-20,23346,2025082004008135,UMHL,Citizens Share Broker Limited,SUN SECURITIES PVT LTD,10,574.8,5748.0,2025-08-20 13:49:31.212488
2025-08-20,23296,2025082004008146,UMHL,S.P.S.A. Securities Limited,Creative Securities Pvt Ltd,9,565.0,5085.0,2025-08-20 13:49:42.314803
2025-08-20,23142,2025082004008198,UMHL,S.P.S.A. Securities Limited,Sewa Securities Pvt. Ltd.,1,572.0,572.0,2025-08-20 13:50:32.396656
2025-08-20,22940,2025082004008268,UMHL,Thrive Brokerage House Pvt. Ltd,Linch Stock Market Ltd.,500,573.4,286700.0,2025-08-20 13:51:39.842645
2025-08-20,22844,2025082004008293,UMHL,Citizens Share Broker Limited,Naasa Securities Co. Ltd.,15,574.6,8619.0,2025-08-20 13:52:13.484581
2025-08-20,22657,2025082004008302,UMHL,Nagarik Stock Dealer ,Imperial Securities Company Pvt. Ltd.,10,573.3,5733.0,2025-08-20 13:52:53.932743
2025-08-20,22591,2025082004008317,UMHL,Citizens Share Broker Limited,Naasa Securities Co. Ltd.,10,574.6,5746.0,2025-08-20 13:53:09.570131
2025-08-20,22238,2025082004008410,UMHL,Oxford Securities Pvt. Ltd.,Linch Stock Market Ltd.,240,574.5,137880.0,2025-08-20 13:55:07.462556
2025-08-20,21759,2025082004008532,UMHL,Vision Securities Pvt. Ltd,Miyo Securities Pvt Ltd,320,573.4,183488.0,2025-08-20 13:57:51.499081
2025-08-20,21713,2025082004008543,UMHL,Citizens Share Broker Limited,Linch Stock Market Ltd.,10,574.5,5745.0,2025-08-20 13:58:07.998081
2025-08-20,21552,2025082004008584,UMHL,Deevyaa Securities & Stock House Pvt. Ltd,Linch Stock Market Ltd.,250,574.5,143625.0,2025-08-20 13:59:13.940518
2025-08-20,21530,2025082004008595,UMHL,Garima Securities Limited,Naasa Securities Co. Ltd.,82,574.6,47117.2,2025-08-20 13:59:19.133754
2025-08-20,21529,2025082004008596,UMHL,Garima Securities Limited,SUN SECURITIES PVT LTD,918,574.8,527666.4,2025-08-20 13:59:19.134161
2025-08-20,21437,2025082004008613,UMHL,Deevyaa Securities & Stock House Pvt. Ltd,SUN SECURITIES PVT LTD,500,574.8,287400.0,2025-08-20 13:59:54.022948
2025-08-20,21364,2025082004008630,UMHL,Deevyaa Securities & Stock House Pvt. Ltd,INDEX SECURITIES LIMITED,160,574.7,91952.0,2025-08-20 14:00:24.093178
2025-08-20,21363,2025082004008631,UMHL,Deevyaa Securities & Stock House Pvt. Ltd,SUN SECURITIES PVT LTD,62,574.8,35637.6,2025-08-20 14:00:24.093843
2025-08-20,21362,2025082004008632,UMHL,Deevyaa Securities & Stock House Pvt. Ltd,SUN SECURITIES PVT LTD,28,575.0,16100.0,2025-08-20 14:00:24.094255
2025-08-20,21340,2025082004008635,UMHL,Citizens Share Broker Limited,SUN SECURITIES PVT LTD,53,575.0,30475.0,2025-08-20 14:00:30.224940
2025-08-20,21334,2025082004008636,UMHL,Citizens Share Broker Limited,SUN SECURITIES PVT LTD,10,575.0,5750.0,2025-08-20 14:00:32.231036
2025-08-20,21302,2025082004008641,UMHL,Imperial Securities Company Pvt. Ltd.,SUN SECURITIES PVT LTD,90,575.0,51750.0,2025-08-20 14:00:40.105641
2025-08-20,21297,2025082004008642,UMHL,Nagarik Stock Dealer ,SUN SECURITIES PVT LTD,1819,575.0,1045925.0,2025-08-20 14:00:42.452503
2025-08-20,21296,2025082004008643,UMHL,Nagarik Stock Dealer ,Kumari Securities Private Limited,320,575.0,184000.0,2025-08-20 14:00:42.452889
2025-08-20,21295,2025082004008644,UMHL,Nagarik Stock Dealer ,Aryatara Investment & Securities,100,575.0,57500.0,2025-08-20 14:00:42.453024
2025-08-20,21294,2025082004008645,UMHL,Nagarik Stock Dealer ,Nepal Investment And Securities Trading Private Limited,900,575.0,517500.0,2025-08-20 14:00:42.453163
2025-08-20,21293,2025082004008646,UMHL,Nagarik Stock Dealer ,KALASH STOCK MARKET PVT. LTD.,124,575.0,71300.0,2025-08-20 14:00:42.453301
2025-08-20,21292,2025082004008647,UMHL,Nagarik Stock Dealer ,Kumari Securities Private Limited,38,575.0,21850.0,2025-08-20 14:00:42.453446
2025-08-20,21248,2025082004008654,UMHL,Citizens Share Broker Limited,Kumari Securities Private Limited,10,575.0,5750.0,2025-08-20 14:00:54.264523
2025-08-20,21245,2025082004008655,UMHL,Citizens Share Broker Limited,Naasa Securities Co. Ltd.,31,575.3,17834.3,2025-08-20 14:00:58.274807
2025-08-20,21226,2025082004008659,UMHL,Citizens Share Broker Limited,Agrawal Securities (PVT) Ltd.,10,575.4,5754.0,2025-08-20 14:01:04.296664
2025-08-20,21219,2025082004008663,UMHL,Kohinoor Investment & Securities Pvt. Ltd.,Agrawal Securities (PVT) Ltd.,190,575.4,109326.0,2025-08-20 14:01:06.031832
2025-08-20,21218,2025082004008664,UMHL,Kohinoor Investment & Securities Pvt. Ltd.,Aryatara Investment & Securities,20,575.7,11514.0,2025-08-20 14:01:06.031909
2025-08-20,21217,2025082004008665,UMHL,Kohinoor Investment & Securities Pvt. Ltd.,Oxford Securities Pvt. Ltd.,40,576.0,23040.0,2025-08-20 14:01:06.031966
2025-08-20,21056,2025082004008695,UMHL,Trisul Securities & Invt. Ltd.,Oxford Securities Pvt. Ltd.,50,576.0,28800.0,2025-08-20 14:01:59.992295
2025-08-20,20863,2025082004008751,UMHL,Kumari Securities Private Limited,J.F. Securites (PVT) Ltd.,80,575.0,46000.0,2025-08-20 14:03:11.569343
2025-08-20,20862,2025082004008752,UMHL,Imperial Securities Company Pvt. Ltd.,J.F. Securites (PVT) Ltd.,35,575.0,20125.0,2025-08-20 14:03:11.569953
2025-08-20,20861,2025082004008753,UMHL,Vision Securities Pvt. Ltd,J.F. Securites (PVT) Ltd.,400,575.0,230000.0,2025-08-20 14:03:11.570374
2025-08-20,20695,2025082004008837,UMHL,Nagarik Stock Dealer ,J.F. Securites (PVT) Ltd.,1485,574.5,853132.5,2025-08-20 14:03:52.811208
2025-08-20,20694,2025082004008838,UMHL,Nagarik Stock Dealer ,Primo Securities (PVT) Ltd.,515,575.0,296125.0,2025-08-20 14:03:52.811528
2025-08-20,20675,2025082004008850,UMHL,Capital Max Securities Ltd,Premier Securities Company Ltd.,300,573.7,172110.0,2025-08-20 14:04:01.134410
2025-08-20,20674,2025082004008851,UMHL,Dipshikha Dhitopatra Karobar Co. Pvt Ltd.,Premier Securities Company Ltd.,21,573.6,12045.6,2025-08-20 14:04:01.134509
2025-08-20,20529,2025082004008887,UMHL,Nagarik Stock Dealer ,Primo Securities (PVT) Ltd.,50,575.0,28750.0,2025-08-20 14:04:36.948124
2025-08-20,20500,2025082004008894,UMHL,Trisul Securities & Invt. Ltd.,Primo Securities (PVT) Ltd.,35,575.0,20125.0,2025-08-20 14:04:50.384155
2025-08-20,20499,2025082004008895,UMHL,Trisul Securities & Invt. Ltd.,Dakshinkali Investment & Securities Pvt. Ltd.,15,576.0,8640.0,2025-08-20 14:04:50.384236
2025-08-20,20136,2025082004009003,UMHL,Citizens Share Broker Limited,Dakshinkali Investment & Securities Pvt. Ltd.,10,576.0,5760.0,2025-08-20 14:06:30.778354
2025-08-20,19505,2025082004009175,UMHL,Imperial Securities Company Pvt. Ltd.,Trishakti Securities Public Limited,15,575.0,8625.0,2025-08-20 14:09:54.601145
2025-08-20,19329,2025082004009259,UMHL,Nagarik Stock Dealer ,Sagarmatha Securities Private Limited,50,574.0,28700.0,2025-08-20 14:10:48.953620
2025-08-20,19328,2025082004009260,UMHL,Sundhara Securities Limited,Sagarmatha Securities Private Limited,62,574.0,35588.0,2025-08-20 14:10:48.953987
2025-08-20,18887,2025082004009372,UMHL,Sundhara Securities Limited,Trademow Securities Private Limited,38,574.0,21812.0,2025-08-20 14:12:30.483217
2025-08-20,18886,2025082004009373,UMHL,Capital Max Securities Ltd,Trademow Securities Private Limited,50,574.0,28700.0,2025-08-20 14:12:30.483880
2025-08-20,18885,2025082004009374,UMHL,SUN SECURITIES PVT LTD,Trademow Securities Private Limited,200,574.0,114800.0,2025-08-20 14:12:30.484309
2025-08-20,18884,2025082004009375,UMHL,Vision Securities Pvt. Ltd,Trademow Securities Private Limited,212,573.8,121645.6,2025-08-20 14:12:30.484758
2025-08-20,18778,2025082004009400,UMHL,Vision Securities Pvt. Ltd,Imperial Securities Company Pvt. Ltd.,88,573.8,50494.4,2025-08-20 14:12:59.485181
2025-08-20,18777,2025082004009401,UMHL,R.B.B. Securities Company Ltd,Imperial Securities Company Pvt. Ltd.,1000,573.7,573700.0,2025-08-20 14:12:59.485228
2025-08-20,18776,2025082004009402,UMHL,Sumeru Securities Pvt. Ltd.,Imperial Securities Company Pvt. Ltd.,1000,573.7,573700.0,2025-08-20 14:12:59.485259
2025-08-20,18775,2025082004009403,UMHL,Dipshikha Dhitopatra Karobar Co. Pvt Ltd.,Imperial Securities Company Pvt. Ltd.,979,573.6,561554.4,2025-08-20 14:12:59.485284
2025-08-20,18774,2025082004009404,UMHL,J.F. Securites (PVT) Ltd.,Imperial Securities Company Pvt. Ltd.,500,573.6,286800.0,2025-08-20 14:12:59.485309
2025-08-20,18773,2025082004009405,UMHL,Capital Max Securities Ltd,Imperial Securities Company Pvt. Ltd.,1433,573.5,821825.5,2025-08-20 14:12:59.485397
2025-08-20,18584,2025082004009464,UMHL,Opal Securities Investment (PVT) Ltd.,Trishakti Securities Public Limited,500,573.7,286850.0,2025-08-20 14:13:43.733328
2025-08-20,18520,2025082004009482,UMHL,Capital Max Securities Ltd,Sunrise Securities Limited,500,573.5,286750.0,2025-08-20 14:13:58.404812
2025-08-20,18141,2025082004009570,UMHL,Linch Stock Market Ltd.,Sundhara Securities Limited,10,573.6,5736.0,2025-08-20 14:15:20.622097
2025-08-20,17837,2025082004009679,UMHL,Capital Max Securities Ltd,Capital Max Securities Ltd,67,573.5,38424.5,2025-08-20 14:16:30.906130
2025-08-20,17836,2025082004009680,UMHL,Online Securities Pvt. Ltd.,Capital Max Securities Ltd,100,573.5,57350.0,2025-08-20 14:16:30.906791
2025-08-20,17835,2025082004009681,UMHL,Vision Securities Pvt. Ltd,Capital Max Securities Ltd,158,573.4,90597.2,2025-08-20 14:16:30.907221
2025-08-20,17741,2025082004009714,UMHL,Vision Securities Pvt. Ltd,Online Securities Pvt. Ltd.,14,573.4,8027.6,2025-08-20 14:16:58.666444
2025-08-20,17733,2025082004009721,UMHL,J.F. Securites (PVT) Ltd.,Capital Max Securities Ltd,200,573.4,114680.0,2025-08-20 14:17:00.997561
2025-08-20,17732,2025082004009722,UMHL,Nepal Investment And Securities Trading Private Limited,Capital Max Securities Ltd,10,573.0,5730.0,2025-08-20 14:17:00.997921
2025-08-20,17731,2025082004009723,UMHL,Imperial Securities Company Pvt. Ltd.,Capital Max Securities Ltd,10,573.0,5730.0,2025-08-20 14:17:00.998074
2025-08-20,17730,2025082004009724,UMHL,Naasa Securities Co. Ltd.,Capital Max Securities Ltd,780,573.0,446940.0,2025-08-20 14:17:00.998216
2025-08-20,17458,2025082004009809,UMHL,Naasa Securities Co. Ltd.,Vision Securities Pvt. Ltd,70,573.0,40110.0,2025-08-20 14:17:58.921017
2025-08-20,17457,2025082004009810,UMHL,Naasa Securities Co. Ltd.,Vision Securities Pvt. Ltd,180,573.0,103140.0,2025-08-20 14:17:58.921396
2025-08-20,17433,2025082004009811,UMHL,Naasa Securities Co. Ltd.,Aryatara Investment & Securities,300,573.0,171900.0,2025-08-20 14:18:06.446061
2025-08-20,17350,2025082004009844,UMHL,Naasa Securities Co. Ltd.,Linch Stock Market Ltd.,20,573.0,11460.0,2025-08-20 14:18:22.906438
2025-08-20,17120,2025082004009906,UMHL,Naasa Securities Co. Ltd.,NIMB Stock Markets Limited,350,573.0,200550.0,2025-08-20 14:19:24.744579
2025-08-20,17119,2025082004009907,UMHL,Naasa Securities Co. Ltd.,NIMB Stock Markets Limited,250,573.0,143250.0,2025-08-20 14:19:24.744951
2025-08-20,17118,2025082004009908,UMHL,Naasa Securities Co. Ltd.,NIMB Stock Markets Limited,850,573.0,487050.0,2025-08-20 14:19:24.745100
2025-08-20,17066,2025082004009936,UMHL,Stoxkarts Securities Limited,NIMB Stock Markets Limited,11,573.0,6303.0,2025-08-20 14:19:36.296187
2025-08-20,17062,2025082004009939,UMHL,Sri Hari Securities Pvt. Ltd.,NIMB Stock Markets Limited,593,573.0,339789.0,2025-08-20 14:19:37.207597
2025-08-20,17025,2025082004009952,UMHL,Stoxkarts Securities Limited,NIMB Stock Markets Limited,11,573.0,6303.0,2025-08-20 14:19:46.311531
2025-08-20,16982,2025082004009959,UMHL,Vision Securities Pvt. Ltd,Stoxkarts Securities Limited,22,572.9,12603.8,2025-08-20 14:19:52.326909
2025-08-20,16857,2025082004009993,UMHL,Vision Securities Pvt. Ltd,NIMB Stock Markets Limited,178,572.9,101976.2,2025-08-20 14:20:30.522496
2025-08-20,16856,2025082004009994,UMHL,Thrive Brokerage House Pvt. Ltd,NIMB Stock Markets Limited,500,572.8,286400.0,2025-08-20 14:20:30.523134
2025-08-20,16855,2025082004009995,UMHL,Trishakti Securities Public Limited,NIMB Stock Markets Limited,1000,572.7,572700.0,2025-08-20 14:20:30.523558
2025-08-20,16854,2025082004009996,UMHL,Deevyaa Securities & Stock House Pvt. Ltd,NIMB Stock Markets Limited,30,572.6,17178.0,2025-08-20 14:20:30.523975
2025-08-20,16853,2025082004009997,UMHL,Kohinoor Investment & Securities Pvt. Ltd.,NIMB Stock Markets Limited,100,572.6,57260.0,2025-08-20 14:20:30.524384
2025-08-20,16852,2025082004009998,UMHL,Vision Securities Pvt. Ltd,NIMB Stock Markets Limited,10,572.1,5721.0,2025-08-20 14:20:30.524806
2025-08-20,16851,2025082004009999,UMHL,Machhapuchchhre Securities Limited,NIMB Stock Markets Limited,100,572.1,57210.0,2025-08-20 14:20:30.525238
2025-08-20,16850,2025082004010000,UMHL,MILKY WAY SHARE BROKER COMPANY LTD ,NIMB Stock Markets Limited,450,572.0,257400.0,2025-08-20 14:20:30.525690
2025-08-20,16849,2025082004010001,UMHL,Naasa Securities Co. Ltd.,NIMB Stock Markets Limited,50,572.0,28600.0,2025-08-20 14:20:30.526007
2025-08-20,16848,2025082004010002,UMHL,Thrive Brokerage House Pvt. Ltd,NIMB Stock Markets Limited,500,572.0,286000.0,2025-08-20 14:20:30.526287
2025-08-20,16509,2025082004010084,UMHL,Stoxkarts Securities Limited,NIMB Stock Markets Limited,10,572.0,5720.0,2025-08-20 14:22:06.492958
2025-08-20,16500,2025082004010089,UMHL,Stoxkarts Securities Limited,Vision Securities Pvt. Ltd,10,574.0,5740.0,2025-08-20 14:22:10.500791
2025-08-20,16444,2025082004010111,UMHL,Citizens Share Broker Limited,Stoxkarts Securities Limited,30,571.9,17157.0,2025-08-20 14:22:22.516333
2025-08-20,16426,2025082004010113,UMHL,Stoxkarts Securities Limited,Vision Securities Pvt. Ltd,10,574.0,5740.0,2025-08-20 14:22:26.523779
2025-08-20,15913,2025082004010302,UMHL,Trisul Securities & Invt. Ltd.,Naasa Securities Co. Ltd.,20,572.1,11442.0,2025-08-20 14:24:58.717918
2025-08-20,15537,2025082004010438,UMHL,Trisul Securities & Invt. Ltd.,Citizens Share Broker Limited,20,572.1,11442.0,2025-08-20 14:26:31.090409
2025-08-20,15536,2025082004010439,UMHL,Ashutosh Brokerage & Securities (PVT) Ltd.,Citizens Share Broker Limited,80,572.0,45760.0,2025-08-20 14:26:31.090477
2025-08-20,15025,2025082004010600,UMHL,NIMB Stock Markets Limited,Citizens Share Broker Limited,10,572.9,5729.0,2025-08-20 14:28:46.919304
