Date,S.N.,Contract ID,Symbol,Buyer Broker,Seller Broker,quantity,rate,amount,transaction_time
2025-07-28,169540,2025072803000221,ALICL,Opal Securities Investment (PVT) Ltd.,Naasa Securities Co. Ltd.,100,530.0,53000.0,2025-07-28T11:03:33.309934
2025-07-28,168024,2025072803000521,ALICL,Miyo Securities Pvt Ltd,Sewa Securities Pvt. Ltd.,60,531.2,31872.0,2025-07-28T11:06:34.723144
2025-07-28,167812,2025072803000588,ALICL,Miyo Securities Pvt Ltd,Midas Stock Broking Company Private Limited,10,531.2,5312.0,2025-07-28T11:06:59.271214
2025-07-28,167253,2025072803000694,ALICL,Miyo Securities Pvt Ltd,Trishakti Securities Public Limited,2000,531.2,1062400.0,2025-07-28T11:07:56.511182
2025-07-28,167122,2025072803000725,ALICL,Miyo Securities Pvt Ltd,Vision Securities Pvt. Ltd,500,531.2,265600.0,2025-07-28T11:08:13.1813
2025-07-28,166900,2025072803000783,ALICL,Miyo Securities Pvt Ltd,Primo Securities (PVT) Ltd.,400,531.2,212480.0,2025-07-28T11:08:37.909127
2025-07-28,165478,2025072803001071,ALICL,Miyo Securities Pvt Ltd,Kalika Securities Pvt. Ltd.,30,531.2,15936.0,2025-07-28T11:10:39.914084
2025-07-28,165477,2025072803001072,ALICL,Opal Securities Investment (PVT) Ltd.,Kalika Securities Pvt. Ltd.,100,531.1,53110.0,2025-07-28T11:10:39.914196
2025-07-28,165476,2025072803001073,ALICL,Linch Stock Market Ltd.,Kalika Securities Pvt. Ltd.,250,531.0,132750.0,2025-07-28T11:10:39.91428
2025-07-28,165475,2025072803001074,ALICL,Kalika Securities Pvt. Ltd.,Kalika Securities Pvt. Ltd.,100,531.0,53100.0,2025-07-28T11:10:39.914355
2025-07-28,165239,2025072803001123,ALICL,Kohinoor Investment & Securities Pvt. Ltd.,Kalika Securities Pvt. Ltd.,20,531.0,10620.0,2025-07-28T11:10:56.388016
2025-07-28,164798,2025072803001249,ALICL,Kohinoor Investment & Securities Pvt. Ltd.,SUN SECURITIES PVT LTD,30,531.0,15930.0,2025-07-28T11:11:30.833752
2025-07-28,164797,2025072803001250,ALICL,Sumeru Securities Pvt. Ltd.,SUN SECURITIES PVT LTD,200,529.1,105820.0,2025-07-28T11:11:30.833888
2025-07-28,164796,2025072803001251,ALICL,Kumari Securities Private Limited,SUN SECURITIES PVT LTD,100,528.0,52800.0,2025-07-28T11:11:30.833995
2025-07-28,164795,2025072803001252,ALICL,Kalika Securities Pvt. Ltd.,SUN SECURITIES PVT LTD,20,525.0,10500.0,2025-07-28T11:11:30.834104
2025-07-28,164794,2025072803001253,ALICL,Kohinoor Investment & Securities Pvt. Ltd.,SUN SECURITIES PVT LTD,20,525.0,10500.0,2025-07-28T11:11:30.834199
2025-07-28,164793,2025072803001254,ALICL,Primo Securities (PVT) Ltd.,SUN SECURITIES PVT LTD,130,523.1,68003.0,2025-07-28T11:11:30.834281
2025-07-28,158430,2025072803002766,ALICL,Imperial Securities Company Pvt. Ltd.,SUN SECURITIES PVT LTD,300,530.0,159000.0,2025-07-28T11:18:14.277006
2025-07-28,157919,2025072803002882,ALICL,Cristal Kanchanjanga Securites Pvt. Ltd.,SUN SECURITIES PVT LTD,200,530.0,106000.0,2025-07-28T11:18:48.460293
2025-07-28,156804,2025072803003190,ALICL,Nagarik Stock Dealer ,Oxford Securities Pvt. Ltd.,200,533.0,106600.0,2025-07-28T11:20:09.164437
2025-07-28,156803,2025072803003191,ALICL,Nagarik Stock Dealer ,Sewa Securities Pvt. Ltd.,48,533.0,25584.0,2025-07-28T11:20:09.164533
2025-07-28,156802,2025072803003192,ALICL,Nagarik Stock Dealer ,Nepal Stock House (PVT) Ltd.,200,533.5,106700.0,2025-07-28T11:20:09.164576
2025-07-28,156624,2025072803003237,ALICL,Miyo Securities Pvt Ltd,Sundhara Securities Limited,180,535.0,96300.0,2025-07-28T11:20:22.879522
2025-07-28,156623,2025072803003238,ALICL,Miyo Securities Pvt Ltd,Sani Securities Company Ltd.,528,535.0,282480.0,2025-07-28T11:20:22.879561
2025-07-28,156622,2025072803003239,ALICL,Miyo Securities Pvt Ltd,Asian Securities Private Ltd.,292,538.9,157358.8,2025-07-28T11:20:22.879591
2025-07-28,154816,2025072803003710,ALICL,Nagarik Stock Dealer ,Trishakti Securities Public Limited,52,534.0,27768.0,2025-07-28T11:22:23.474921
2025-07-28,154090,2025072803003906,ALICL,MILKY WAY SHARE BROKER COMPANY LTD ,Creative Securities Pvt Ltd,1000,528.2,528200.0,2025-07-28T11:23:00.32335
2025-07-28,150700,2025072803004745,ALICL,ABC Securities Private Limited,SHUBHAKAMANA SECURITIES PVT. LTD,56,528.5,29596.0,2025-07-28T11:27:29.242506
2025-07-28,150590,2025072803004767,ALICL,ABC Securities Private Limited,Opal Securities Investment (PVT) Ltd.,54,529.0,28566.0,2025-07-28T11:27:38.602764
2025-07-28,149323,2025072803005036,ALICL,ABC Securities Private Limited,Sharepro Securities Private Limited,46,529.0,24334.0,2025-07-28T11:29:44.400952
2025-07-28,149030,2025072803005112,ALICL,ABC Securities Private Limited,Arun Securities (PVT) Ltd.,44,528.5,23254.0,2025-07-28T11:30:14.775141
2025-07-28,148598,2025072803005241,ALICL,ABC Securities Private Limited,Market Securities & Exchange (PVT) Ltd.,100,528.0,52800.0,2025-07-28T11:30:50.208399
2025-07-28,148597,2025072803005242,ALICL,Sumeru Securities Pvt. Ltd.,Market Securities & Exchange (PVT) Ltd.,200,527.4,105480.0,2025-07-28T11:30:50.208512
2025-07-28,148596,2025072803005243,ALICL,MILKY WAY SHARE BROKER COMPANY LTD ,Market Securities & Exchange (PVT) Ltd.,700,527.3,369110.0,2025-07-28T11:30:50.20856
2025-07-28,148553,2025072803005251,ALICL,MILKY WAY SHARE BROKER COMPANY LTD ,SHUBHAKAMANA SECURITIES PVT. LTD,62,527.3,32692.6,2025-07-28T11:30:54.964793
2025-07-28,148504,2025072803005262,ALICL,MILKY WAY SHARE BROKER COMPANY LTD ,Sharepro Securities Private Limited,64,527.3,33747.2,2025-07-28T11:31:00.074929
2025-07-28,147653,2025072803005510,ALICL,Opal Securities Investment (PVT) Ltd.,Arun Securities (PVT) Ltd.,10,528.5,5285.0,2025-07-28T11:32:19.194922
2025-07-28,147542,2025072803005526,ALICL,MILKY WAY SHARE BROKER COMPANY LTD ,Opal Securities Investment (PVT) Ltd.,66,527.3,34801.8,2025-07-28T11:32:27.7252
2025-07-28,146992,2025072803005629,ALICL,Naasa Securities Co. Ltd.,Sharepro Securities Private Limited,52,528.0,27456.0,2025-07-28T11:33:17.28196
2025-07-28,146991,2025072803005630,ALICL,MILKY WAY SHARE BROKER COMPANY LTD ,Sharepro Securities Private Limited,11,527.3,5800.3,2025-07-28T11:33:17.282188
2025-07-28,146437,2025072803005810,ALICL,Siprabi Securities Pvt. Ltd.,Agrawal Securities (PVT) Ltd.,1,523.0,523.0,2025-07-28T11:34:04.152167
2025-07-28,146378,2025072803005839,ALICL,MILKY WAY SHARE BROKER COMPANY LTD ,ABC Securities Private Limited,10,527.3,5273.0,2025-07-28T11:34:10.230194
2025-07-28,146291,2025072803005879,ALICL,MILKY WAY SHARE BROKER COMPANY LTD ,Sundhara Securities Limited,87,527.3,45875.1,2025-07-28T11:34:18.505095
2025-07-28,146290,2025072803005880,ALICL,Deevyaa Securities & Stock House Pvt. Ltd,Sundhara Securities Limited,13,527.1,6852.3,2025-07-28T11:34:18.505212
2025-07-28,146283,2025072803005883,ALICL,Deevyaa Securities & Stock House Pvt. Ltd,Vision Securities Pvt. Ltd,187,527.1,98567.7,2025-07-28T11:34:18.898234
2025-07-28,146282,2025072803005884,ALICL,Sumeru Securities Pvt. Ltd.,Vision Securities Pvt. Ltd,300,527.1,158130.0,2025-07-28T11:34:18.898336
2025-07-28,146281,2025072803005885,ALICL,Opal Securities Investment (PVT) Ltd.,Vision Securities Pvt. Ltd,100,527.0,52700.0,2025-07-28T11:34:18.898379
2025-07-28,146280,2025072803005886,ALICL,Aryatara Investment & Securities,Vision Securities Pvt. Ltd,50,527.0,26350.0,2025-07-28T11:34:18.898424
2025-07-28,146279,2025072803005887,ALICL,Neev Securities Pvt. Ltd.,Vision Securities Pvt. Ltd,363,527.0,191301.0,2025-07-28T11:34:18.898464
2025-07-28,145158,2025072803006198,ALICL,Neev Securities Pvt. Ltd.,Dynamic Money Managers Securities Pvt. Ltd.,250,527.0,131750.0,2025-07-28T11:35:57.234202
2025-07-28,145142,2025072803006199,ALICL,Neev Securities Pvt. Ltd.,Market Securities & Exchange (PVT) Ltd.,387,527.0,203949.0,2025-07-28T11:35:57.553564
2025-07-28,145141,2025072803006200,ALICL,Asian Securities Private Ltd.,Market Securities & Exchange (PVT) Ltd.,25,527.0,13175.0,2025-07-28T11:35:57.553809
2025-07-28,144837,2025072803006265,ALICL,Online Securities Pvt. Ltd.,Sharepro Securities Private Limited,24,526.3,12631.2,2025-07-28T11:36:21.771292
2025-07-28,144738,2025072803006288,ALICL,Online Securities Pvt. Ltd.,Market Securities & Exchange (PVT) Ltd.,218,526.3,114733.4,2025-07-28T11:36:32.623472
2025-07-28,143094,2025072803006717,ALICL,Online Securities Pvt. Ltd.,Sani Securities Company Ltd.,258,526.3,135785.4,2025-07-28T11:38:58.091529
2025-07-28,143093,2025072803006718,ALICL,K.B.L. Securities Limited ,Sani Securities Company Ltd.,500,526.3,263150.0,2025-07-28T11:38:58.091755
2025-07-28,142344,2025072803006956,ALICL,Agrawal Securities (PVT) Ltd.,Premier Securities Company Ltd.,25,526.0,13150.0,2025-07-28T11:40:08.240884
2025-07-28,142343,2025072803006957,ALICL,Dynamic Money Managers Securities Pvt. Ltd.,Premier Securities Company Ltd.,500,525.3,262650.0,2025-07-28T11:40:08.240951
2025-07-28,142342,2025072803006958,ALICL,Trishakti Securities Public Limited,Premier Securities Company Ltd.,300,525.0,157500.0,2025-07-28T11:40:08.24098
2025-07-28,142341,2025072803006959,ALICL,Nepal Stock House (PVT) Ltd.,Premier Securities Company Ltd.,100,525.0,52500.0,2025-07-28T11:40:08.241007
2025-07-28,142340,2025072803006960,ALICL,Online Securities Pvt. Ltd.,Premier Securities Company Ltd.,83,524.0,43492.0,2025-07-28T11:40:08.241059
2025-07-28,142339,2025072803006961,ALICL,Imperial Securities Company Pvt. Ltd.,Premier Securities Company Ltd.,92,524.0,48208.0,2025-07-28T11:40:08.241093
2025-07-28,141859,2025072803007083,ALICL,Imperial Securities Company Pvt. Ltd.,Sharepro Securities Private Limited,339,524.0,177636.0,2025-07-28T11:40:54.682814
2025-07-28,141777,2025072803007106,ALICL,Imperial Securities Company Pvt. Ltd.,Opal Securities Investment (PVT) Ltd.,53,524.0,27772.0,2025-07-28T11:40:59.765169
2025-07-28,141688,2025072803007138,ALICL,Imperial Securities Company Pvt. Ltd.,Sharepro Securities Private Limited,16,524.0,8384.0,2025-07-28T11:41:10.764994
2025-07-28,141687,2025072803007139,ALICL,Aryatara Investment & Securities,Sharepro Securities Private Limited,33,523.7,17282.1,2025-07-28T11:41:10.76511
2025-07-28,140413,2025072803007417,ALICL,Opal Securities Investment (PVT) Ltd.,Vision Securities Pvt. Ltd,100,523.8,52380.0,2025-07-28T11:42:47.487008
2025-07-28,140412,2025072803007418,ALICL,Aryatara Investment & Securities,Vision Securities Pvt. Ltd,37,523.7,19376.9,2025-07-28T11:42:47.487145
2025-07-28,140411,2025072803007419,ALICL,Market Securities & Exchange (PVT) Ltd.,Vision Securities Pvt. Ltd,100,523.7,52370.0,2025-07-28T11:42:47.487202
2025-07-28,140410,2025072803007420,ALICL,Sumeru Securities Pvt. Ltd.,Vision Securities Pvt. Ltd,200,523.7,104740.0,2025-07-28T11:42:47.487266
2025-07-28,140409,2025072803007421,ALICL,Imperial Securities Company Pvt. Ltd.,Vision Securities Pvt. Ltd,200,523.7,104740.0,2025-07-28T11:42:47.487312
2025-07-28,140408,2025072803007422,ALICL,Oxford Securities Pvt. Ltd.,Vision Securities Pvt. Ltd,1000,523.6,523600.0,2025-07-28T11:42:47.487357
2025-07-28,140407,2025072803007423,ALICL,Opal Securities Investment (PVT) Ltd.,Vision Securities Pvt. Ltd,1000,523.5,523500.0,2025-07-28T11:42:47.4874
2025-07-28,140406,2025072803007424,ALICL,Sundhara Securities Limited,Vision Securities Pvt. Ltd,190,523.5,99465.0,2025-07-28T11:42:47.487444
2025-07-28,140405,2025072803007425,ALICL,Naasa Securities Co. Ltd.,Vision Securities Pvt. Ltd,173,523.2,90513.6,2025-07-28T11:42:47.487485
2025-07-28,138194,2025072803008024,ALICL,Sumeru Securities Pvt. Ltd.,Linch Stock Market Ltd.,100,523.4,52340.0,2025-07-28T11:45:28.584946
2025-07-28,137803,2025072803008135,ALICL,Sri Hari Securities Pvt. Ltd.,Sani Securities Company Ltd.,250,523.3,130825.0,2025-07-28T11:46:01.09026
2025-07-28,137802,2025072803008136,ALICL,Naasa Securities Co. Ltd.,Sani Securities Company Ltd.,309,523.2,161668.8,2025-07-28T11:46:01.090498
2025-07-28,137418,2025072803008212,ALICL,Naasa Securities Co. Ltd.,Arun Securities (PVT) Ltd.,46,523.2,24067.2,2025-07-28T11:46:28.696803
2025-07-28,137097,2025072803008305,ALICL,Naasa Securities Co. Ltd.,Sharepro Securities Private Limited,13,523.2,6801.6,2025-07-28T11:46:52.767554
2025-07-28,136960,2025072803008345,ALICL,Naasa Securities Co. Ltd.,Linch Stock Market Ltd.,50,523.2,26160.0,2025-07-28T11:47:02.569545
2025-07-28,136800,2025072803008382,ALICL,Naasa Securities Co. Ltd.,Sewa Securities Pvt. Ltd.,100,523.2,52320.0,2025-07-28T11:47:13.819062
2025-07-28,136764,2025072803008394,ALICL,Cristal Kanchanjanga Securites Pvt. Ltd.,Sewa Securities Pvt. Ltd.,200,525.0,105000.0,2025-07-28T11:47:16.371298
2025-07-28,136763,2025072803008395,ALICL,Cristal Kanchanjanga Securites Pvt. Ltd.,Naasa Securities Co. Ltd.,62,525.0,32550.0,2025-07-28T11:47:16.371399
2025-07-28,136762,2025072803008396,ALICL,Cristal Kanchanjanga Securites Pvt. Ltd.,Prabhu Stock Market Limited,38,525.0,19950.0,2025-07-28T11:47:16.371463
2025-07-28,136266,2025072803008508,ALICL,Naasa Securities Co. Ltd.,Oxford Securities Pvt. Ltd.,100,523.2,52320.0,2025-07-28T11:47:45.940245
2025-07-28,135038,2025072803009059,ALICL,Imperial Securities Company Pvt. Ltd.,Prabhu Stock Market Limited,100,525.0,52500.0,2025-07-28T11:48:58.897329
2025-07-28,134810,2025072803009168,ALICL,Investment Management Nepal Pvt. Ltd.,Sharepro Securities Private Limited,42,523.5,21987.0,2025-07-28T11:49:11.526141
2025-07-28,134416,2025072803009253,ALICL,Trishakti Securities Public Limited,Prabhu Stock Market Limited,12,525.0,6300.0,2025-07-28T11:49:36.619767
2025-07-28,132331,2025072803010043,ALICL,Citizens Share Broker Limited,Opal Securities Investment (PVT) Ltd.,70,526.0,36820.0,2025-07-28T11:52:02.145289
2025-07-28,130781,2025072803010633,ALICL,Citizens Share Broker Limited,Opal Securities Investment (PVT) Ltd.,50,526.0,26300.0,2025-07-28T11:54:11.946368
2025-07-28,130527,2025072803010749,ALICL,Citizens Share Broker Limited,Market Securities & Exchange (PVT) Ltd.,100,526.0,52600.0,2025-07-28T11:54:35.335808
2025-07-28,130500,2025072803010757,ALICL,Citizens Share Broker Limited,Malla & Malla Stock Broking Company Pvt. Limited,80,526.0,42080.0,2025-07-28T11:54:37.894251
2025-07-28,130499,2025072803010758,ALICL,Sani Securities Company Ltd.,Malla & Malla Stock Broking Company Pvt. Limited,10,526.0,5260.0,2025-07-28T11:54:37.894406
2025-07-28,130107,2025072803010952,ALICL,Investment Management Nepal Pvt. Ltd.,Malla & Malla Stock Broking Company Pvt. Limited,10,525.5,5255.0,2025-07-28T11:55:07.418261
2025-07-28,129899,2025072803011007,ALICL,Aryatara Investment & Securities,Opal Securities Investment (PVT) Ltd.,110,524.1,57651.0,2025-07-28T11:55:30.879083
2025-07-28,128993,2025072803011390,ALICL,Imperial Securities Company Pvt. Ltd.,Online Securities Pvt. Ltd.,33,525.0,17325.0,2025-07-28T11:56:52.231673
2025-07-28,127422,2025072803011907,ALICL,Imperial Securities Company Pvt. Ltd.,Midas Stock Broking Company Private Limited,20,525.0,10500.0,2025-07-28T11:59:24.523558
2025-07-28,125461,2025072803012494,ALICL,Imperial Securities Company Pvt. Ltd.,Vision Securities Pvt. Ltd,247,525.0,129675.0,2025-07-28T12:02:24.378785
2025-07-28,125460,2025072803012495,ALICL,Vision Securities Pvt. Ltd,Vision Securities Pvt. Ltd,100,525.0,52500.0,2025-07-28T12:02:24.378927
2025-07-28,124811,2025072803012712,ALICL,Aryatara Investment & Securities,Kumari Securities Private Limited,590,524.1,309219.0,2025-07-28T12:03:31.516365
2025-07-28,124089,2025072803012948,ALICL,Deevyaa Securities & Stock House Pvt. Ltd,Kumari Securities Private Limited,10,524.1,5241.0,2025-07-28T12:04:48.294074
2025-07-28,123146,2025072803013221,ALICL,Trishakti Securities Public Limited,Nagarik Stock Dealer ,38,524.0,19912.0,2025-07-28T12:06:22.273925
2025-07-28,123145,2025072803013222,ALICL,Kohinoor Investment & Securities Pvt. Ltd.,Nagarik Stock Dealer ,31,524.0,16244.0,2025-07-28T12:06:22.274065
2025-07-28,123144,2025072803013223,ALICL,Himalayan Securities Limited,Nagarik Stock Dealer ,50,524.0,26200.0,2025-07-28T12:06:22.274127
2025-07-28,123143,2025072803013224,ALICL,Sri Hari Securities Pvt. Ltd.,Nagarik Stock Dealer ,30,523.7,15711.0,2025-07-28T12:06:22.274183
2025-07-28,123142,2025072803013225,ALICL,Aryatara Investment & Securities,Nagarik Stock Dealer ,30,523.6,15708.0,2025-07-28T12:06:22.274233
2025-07-28,123141,2025072803013226,ALICL,Dynamic Money Managers Securities Pvt. Ltd.,Nagarik Stock Dealer ,521,523.6,272795.6,2025-07-28T12:06:22.274281
2025-07-28,121201,2025072803013731,ALICL,Sani Securities Company Ltd.,Naasa Securities Co. Ltd.,10,523.8,5238.0,2025-07-28T12:09:33.881134
2025-07-28,121200,2025072803013732,ALICL,Siprabi Securities Pvt. Ltd.,Naasa Securities Co. Ltd.,25,523.7,13092.5,2025-07-28T12:09:33.881314
2025-07-28,120197,2025072803014013,ALICL,Siprabi Securities Pvt. Ltd.,Nabil Stock Dealer Ltd.,30,523.7,15711.0,2025-07-28T12:11:00.462979
2025-07-28,120157,2025072803014032,ALICL,Siprabi Securities Pvt. Ltd.,Dynamic Money Managers Securities Pvt. Ltd.,45,523.7,23566.5,2025-07-28T12:11:02.758518
2025-07-28,120156,2025072803014033,ALICL,Kumari Securities Private Limited,Dynamic Money Managers Securities Pvt. Ltd.,55,523.7,28803.5,2025-07-28T12:11:02.758775
2025-07-28,118479,2025072803014395,ALICL,Premier Securities Company Ltd.,Opal Securities Investment (PVT) Ltd.,200,524.0,104800.0,2025-07-28T12:13:01.795168
2025-07-28,118072,2025072803014499,ALICL,Kumari Securities Private Limited,Indira securities pvt. ltd,45,523.7,23566.5,2025-07-28T12:13:27.03708
2025-07-28,118071,2025072803014500,ALICL,Aryatara Investment & Securities,Indira securities pvt. ltd,10,523.7,5237.0,2025-07-28T12:13:27.037266
2025-07-28,118070,2025072803014501,ALICL,Dynamic Money Managers Securities Pvt. Ltd.,Indira securities pvt. ltd,445,523.6,233002.0,2025-07-28T12:13:27.03733
2025-07-28,117922,2025072803014535,ALICL,Dynamic Money Managers Securities Pvt. Ltd.,Sani Securities Company Ltd.,34,523.6,17802.4,2025-07-28T12:13:37.664837
2025-07-28,117921,2025072803014536,ALICL,Sundhara Securities Limited,Sani Securities Company Ltd.,500,523.5,261750.0,2025-07-28T12:13:37.665012
2025-07-28,117920,2025072803014537,ALICL,Primo Securities (PVT) Ltd.,Sani Securities Company Ltd.,466,523.3,243857.8,2025-07-28T12:13:37.66509
2025-07-28,116549,2025072803014847,ALICL,Thrive Brokerage House Pvt. Ltd,Naasa Securities Co. Ltd.,30,523.7,15711.0,2025-07-28T12:15:00.538769
2025-07-28,116548,2025072803014848,ALICL,Primo Securities (PVT) Ltd.,Naasa Securities Co. Ltd.,70,523.3,36631.0,2025-07-28T12:15:00.538974
2025-07-28,115684,2025072803015049,ALICL,Primo Securities (PVT) Ltd.,Nepal Stock House (PVT) Ltd.,334,523.3,174782.2,2025-07-28T12:15:46.693745
2025-07-28,115683,2025072803015050,ALICL,Creative Securities Pvt Ltd,Nepal Stock House (PVT) Ltd.,20,523.1,10462.0,2025-07-28T12:15:46.694053
2025-07-28,115682,2025072803015051,ALICL,Sumeru Securities Pvt. Ltd.,Nepal Stock House (PVT) Ltd.,400,523.1,209240.0,2025-07-28T12:15:46.694224
2025-07-28,115681,2025072803015052,ALICL,Asian Securities Private Ltd.,Nepal Stock House (PVT) Ltd.,30,523.0,15690.0,2025-07-28T12:15:46.694391
2025-07-28,115680,2025072803015053,ALICL,Primo Securities (PVT) Ltd.,Nepal Stock House (PVT) Ltd.,1000,523.0,523000.0,2025-07-28T12:15:46.694554
2025-07-28,115679,2025072803015054,ALICL,Sani Securities Company Ltd.,Nepal Stock House (PVT) Ltd.,20,523.0,10460.0,2025-07-28T12:15:46.694708
2025-07-28,115678,2025072803015055,ALICL,Sani Securities Company Ltd.,Nepal Stock House (PVT) Ltd.,50,523.0,26150.0,2025-07-28T12:15:46.694873
2025-07-28,115677,2025072803015056,ALICL,Aakashbhairab Securities Ltd.,Nepal Stock House (PVT) Ltd.,28,523.0,14644.0,2025-07-28T12:15:46.695042
2025-07-28,115443,2025072803015104,ALICL,Deevyaa Securities & Stock House Pvt. Ltd,Opal Securities Investment (PVT) Ltd.,78,522.8,40778.4,2025-07-28T12:16:00.275882
2025-07-28,115080,2025072803015191,ALICL,Deevyaa Securities & Stock House Pvt. Ltd,Dipshikha Dhitopatra Karobar Co. Pvt Ltd.,22,522.8,11501.6,2025-07-28T12:16:18.473678
2025-07-28,114231,2025072803015413,ALICL,Sweta Securities Private Limited,Opal Securities Investment (PVT) Ltd.,78,520.4,40591.2,2025-07-28T12:17:05.130103
2025-07-28,113916,2025072803015488,ALICL,Sweta Securities Private Limited,Dipshikha Dhitopatra Karobar Co. Pvt Ltd.,38,520.4,19775.2,2025-07-28T12:17:23.911625
2025-07-28,113730,2025072803015526,ALICL,Sweta Securities Private Limited,Dipshikha Dhitopatra Karobar Co. Pvt Ltd.,116,520.4,60366.4,2025-07-28T12:17:33.129631
2025-07-28,113729,2025072803015527,ALICL,Dynamic Money Managers Securities Pvt. Ltd.,Dipshikha Dhitopatra Karobar Co. Pvt Ltd.,384,520.3,199795.2,2025-07-28T12:17:33.129767
2025-07-28,112476,2025072803015816,ALICL,Agrawal Securities (PVT) Ltd.,Aryatara Investment & Securities,20,520.4,10408.0,2025-07-28T12:18:50.882679
2025-07-28,112475,2025072803015817,ALICL,Dynamic Money Managers Securities Pvt. Ltd.,Aryatara Investment & Securities,116,520.3,60354.8,2025-07-28T12:18:50.882831
2025-07-28,112474,2025072803015818,ALICL,Sumeru Securities Pvt. Ltd.,Aryatara Investment & Securities,64,520.1,33286.4,2025-07-28T12:18:50.882903
2025-07-28,111152,2025072803016094,ALICL,Sumeru Securities Pvt. Ltd.,Naasa Securities Co. Ltd.,300,520.1,156030.0,2025-07-28T12:20:04.537776
2025-07-28,110998,2025072803016122,ALICL,Naasa Securities Co. Ltd.,Opal Securities Investment (PVT) Ltd.,200,521.0,104200.0,2025-07-28T12:20:11.816845
2025-07-28,110117,2025072803016300,ALICL,Sumeru Securities Pvt. Ltd.,Opal Securities Investment (PVT) Ltd.,24,520.1,12482.4,2025-07-28T12:21:02.283279
2025-07-28,110073,2025072803016309,ALICL,Sumeru Securities Pvt. Ltd.,Trishakti Securities Public Limited,162,520.1,84256.2,2025-07-28T12:21:05.191268
2025-07-28,110072,2025072803016310,ALICL,Creative Securities Pvt Ltd,Trishakti Securities Public Limited,50,520.1,26005.0,2025-07-28T12:21:05.191393
2025-07-28,110071,2025072803016311,ALICL,Aryatara Investment & Securities,Trishakti Securities Public Limited,288,520.1,149788.8,2025-07-28T12:21:05.191446
2025-07-28,108284,2025072803016737,ALICL,Sani Securities Company Ltd.,Online Securities Pvt. Ltd.,200,520.2,104040.0,2025-07-28T12:23:02.888204
2025-07-28,108116,2025072803016778,ALICL,Aryatara Investment & Securities,Opal Securities Investment (PVT) Ltd.,71,520.1,36927.1,2025-07-28T12:23:14.370493
2025-07-28,107198,2025072803016968,ALICL,Aryatara Investment & Securities,Secured Securities Ltd.,141,520.1,73334.1,2025-07-28T12:24:14.557351
2025-07-28,107197,2025072803016969,ALICL,Primo Securities (PVT) Ltd.,Secured Securities Ltd.,160,520.1,83216.0,2025-07-28T12:24:14.557516
2025-07-28,106873,2025072803017043,ALICL,Primo Securities (PVT) Ltd.,Secured Securities Ltd.,305,520.1,158630.5,2025-07-28T12:24:39.207993
2025-07-28,106440,2025072803017148,ALICL,ABC Securities Private Limited,Online Securities Pvt. Ltd.,100,520.5,52050.0,2025-07-28T12:25:07.602002
2025-07-28,106312,2025072803017187,ALICL,Vision Securities Pvt. Ltd,Online Securities Pvt. Ltd.,60,520.5,31230.0,2025-07-28T12:25:14.844313
2025-07-28,106219,2025072803017216,ALICL,Primo Securities (PVT) Ltd.,Dynamic Money Managers Securities Pvt. Ltd.,35,520.1,18203.5,2025-07-28T12:25:23.846933
2025-07-28,106218,2025072803017217,ALICL,ABC Securities Private Limited,Dynamic Money Managers Securities Pvt. Ltd.,49,520.1,25484.9,2025-07-28T12:25:23.847081
2025-07-28,105727,2025072803017323,ALICL,Aryatara Investment & Securities,Online Securities Pvt. Ltd.,113,520.5,58816.5,2025-07-28T12:26:02.471068
2025-07-28,105091,2025072803017479,ALICL,Cristal Kanchanjanga Securites Pvt. Ltd.,Opal Securities Investment (PVT) Ltd.,100,521.0,52100.0,2025-07-28T12:26:50.91122
2025-07-28,105090,2025072803017480,ALICL,Cristal Kanchanjanga Securites Pvt. Ltd.,Swarna Laxmi Securities Pvt. Ltd.,150,521.0,78150.0,2025-07-28T12:26:50.911341
2025-07-28,103697,2025072803017773,ALICL,Cristal Kanchanjanga Securites Pvt. Ltd.,Trishakti Securities Public Limited,16,521.0,8336.0,2025-07-28T12:28:33.473669
2025-07-28,102237,2025072803018148,ALICL,Premier Securities Company Ltd.,Nepal Investment And Securities Trading Private Limited,50,522.0,26100.0,2025-07-28T12:30:17.957406
2025-07-28,100558,2025072803018567,ALICL,Cristal Kanchanjanga Securites Pvt. Ltd.,Nepal Investment And Securities Trading Private Limited,100,521.0,52100.0,2025-07-28T12:32:40.934243
2025-07-28,99993,2025072803018699,ALICL,Cristal Kanchanjanga Securites Pvt. Ltd.,Vision Securities Pvt. Ltd,134,521.0,69814.0,2025-07-28T12:33:27.096325
2025-07-28,99992,2025072803018700,ALICL,Vision Securities Pvt. Ltd,Vision Securities Pvt. Ltd,66,521.0,34386.0,2025-07-28T12:33:27.09662
2025-07-28,98934,2025072803019010,ALICL,Sumeru Securities Pvt. Ltd.,Nepal Investment And Securities Trading Private Limited,100,522.0,52200.0,2025-07-28T12:34:56.890955
2025-07-28,98928,2025072803019012,ALICL,Vision Securities Pvt. Ltd,Linch Stock Market Ltd.,34,521.0,17714.0,2025-07-28T12:34:57.773669
2025-07-28,98122,2025072803019207,ALICL,Aryatara Investment & Securities,Linch Stock Market Ltd.,16,520.1,8321.6,2025-07-28T12:35:51.860894
2025-07-28,95107,2025072803019974,ALICL,Sumeru Securities Pvt. Ltd.,Kumari Securities Private Limited,100,520.3,52030.0,2025-07-28T12:39:50.142418
2025-07-28,95020,2025072803020011,ALICL,Online Securities Pvt. Ltd.,Siprabi Securities Pvt. Ltd.,20,522.9,10458.0,2025-07-28T12:39:54.826363
2025-07-28,95019,2025072803020012,ALICL,Online Securities Pvt. Ltd.,SUN SECURITIES PVT LTD,80,523.0,41840.0,2025-07-28T12:39:54.826494
2025-07-28,94935,2025072803020033,ALICL,Sani Securities Company Ltd.,SUN SECURITIES PVT LTD,20,523.0,10460.0,2025-07-28T12:40:01.508708
2025-07-28,94934,2025072803020034,ALICL,Sani Securities Company Ltd.,Nepal Stock House (PVT) Ltd.,79,524.0,41396.0,2025-07-28T12:40:01.508751
2025-07-28,94671,2025072803020136,ALICL,Sani Securities Company Ltd.,Nepal Stock House (PVT) Ltd.,100,524.0,52400.0,2025-07-28T12:40:17.137061
2025-07-28,93990,2025072803020251,ALICL,Oxford Securities Pvt. Ltd.,Nepal Stock House (PVT) Ltd.,100,524.0,52400.0,2025-07-28T12:40:52.689601
2025-07-28,92233,2025072803020796,ALICL,Property Wiard Limited,Nepal Stock House (PVT) Ltd.,139,524.0,72836.0,2025-07-28T12:42:13.806468
2025-07-28,90516,2025072803021216,ALICL,Premier Securities Company Ltd.,Kumari Securities Private Limited,50,524.1,26205.0,2025-07-28T12:44:01.714691
2025-07-28,90185,2025072803021316,ALICL,Property Wiard Limited,Sani Securities Company Ltd.,61,524.0,31964.0,2025-07-28T12:44:32.168387
2025-07-28,89022,2025072803021525,ALICL,Miyo Securities Pvt Ltd,Sani Securities Company Ltd.,29,524.0,15196.0,2025-07-28T12:45:56.792394
2025-07-28,89021,2025072803021526,ALICL,Miyo Securities Pvt Ltd,Kumari Securities Private Limited,350,524.1,183435.0,2025-07-28T12:45:56.792446
2025-07-28,89020,2025072803021527,ALICL,Miyo Securities Pvt Ltd,Vision Securities Pvt. Ltd,1821,524.5,955114.5,2025-07-28T12:45:56.792485
2025-07-28,85355,2025072803022295,ALICL,Vision Securities Pvt. Ltd,Nepal Stock House (PVT) Ltd.,20,522.1,10442.0,2025-07-28T12:52:04.868361
2025-07-28,85354,2025072803022296,ALICL,Cristal Kanchanjanga Securites Pvt. Ltd.,Nepal Stock House (PVT) Ltd.,48,522.1,25060.8,2025-07-28T12:52:04.868553
2025-07-28,83819,2025072803022598,ALICL,Nepal Stock House (PVT) Ltd.,Trishakti Securities Public Limited,200,522.2,104440.0,2025-07-28T12:54:21.494771
2025-07-28,82881,2025072803022852,ALICL,Deevyaa Securities & Stock House Pvt. Ltd,Trishakti Securities Public Limited,248,523.0,129704.0,2025-07-28T12:55:40.514443
2025-07-28,82393,2025072803022976,ALICL,Deevyaa Securities & Stock House Pvt. Ltd,Kohinoor Investment & Securities Pvt. Ltd.,35,523.0,18305.0,2025-07-28T12:56:22.843361
2025-07-28,80571,2025072803023415,ALICL,Deevyaa Securities & Stock House Pvt. Ltd,J.F. Securites (PVT) Ltd.,216,523.0,112968.0,2025-07-28T12:59:38.684041
2025-07-28,76290,2025072803024442,ALICL,Blue Chip Securities Ltd,Aryatara Investment & Securities,210,523.0,109830.0,2025-07-28T13:08:58.95175
2025-07-28,76252,2025072803024457,ALICL,Blue Chip Securities Ltd,Kumari Securities Private Limited,290,523.0,151670.0,2025-07-28T13:09:05.558391
2025-07-28,76188,2025072803024464,ALICL,South Asian Bulls Pvt. Ltd.,South Asian Bulls Pvt. Ltd.,200,522.5,104500.0,2025-07-28T13:09:14.483201
2025-07-28,75983,2025072803024508,ALICL,Creative Securities Pvt Ltd,Kumari Securities Private Limited,100,523.0,52300.0,2025-07-28T13:09:50.144728
2025-07-28,75966,2025072803024514,ALICL,Asian Securities Private Ltd.,Kumari Securities Private Limited,110,523.0,57530.0,2025-07-28T13:09:52.688766
2025-07-28,75835,2025072803024535,ALICL,Asian Securities Private Ltd.,Online Securities Pvt. Ltd.,100,523.0,52300.0,2025-07-28T13:10:19.501538
2025-07-28,75451,2025072803024653,ALICL,South Asian Bulls Pvt. Ltd.,Vision Securities Pvt. Ltd,100,522.5,52250.0,2025-07-28T13:11:23.592244
2025-07-28,75342,2025072803024682,ALICL,South Asian Bulls Pvt. Ltd.,ABC Securities Private Limited,100,522.5,52250.0,2025-07-28T13:11:43.730217
2025-07-28,75238,2025072803024707,ALICL,South Asian Bulls Pvt. Ltd.,Online Securities Pvt. Ltd.,10,522.5,5225.0,2025-07-28T13:12:01.136166
2025-07-28,75187,2025072803024717,ALICL,Naasa Securities Co. Ltd.,Online Securities Pvt. Ltd.,37,523.0,19351.0,2025-07-28T13:12:08.368417
2025-07-28,75186,2025072803024718,ALICL,Naasa Securities Co. Ltd.,Premier Securities Company Ltd.,11,523.0,5753.0,2025-07-28T13:12:08.368665
2025-07-28,74222,2025072803024979,ALICL,Kumari Securities Private Limited,Vision Securities Pvt. Ltd,300,523.0,156900.0,2025-07-28T13:14:21.011545
2025-07-28,74069,2025072803025036,ALICL,Asian Securities Private Ltd.,Vision Securities Pvt. Ltd,68,523.0,35564.0,2025-07-28T13:14:41.216671
2025-07-28,73873,2025072803025110,ALICL,Sundhara Securities Limited,Vision Securities Pvt. Ltd,11,523.0,5753.0,2025-07-28T13:15:04.39713
2025-07-28,73872,2025072803025111,ALICL,Sundhara Securities Limited,Imperial Securities Company Pvt. Ltd.,22,523.0,11506.0,2025-07-28T13:15:04.397379
2025-07-28,73829,2025072803025124,ALICL,Shree Krishna Securities Ltd.,Imperial Securities Company Pvt. Ltd.,78,523.0,40794.0,2025-07-28T13:15:09.968155
2025-07-28,72303,2025072803025419,ALICL,Shree Krishna Securities Ltd.,Vision Securities Pvt. Ltd,100,523.0,52300.0,2025-07-28T13:18:31.939126
2025-07-28,72209,2025072803025456,ALICL,Kalika Securities Pvt. Ltd.,Sani Securities Company Ltd.,50,524.0,26200.0,2025-07-28T13:18:42.582643
2025-07-28,71994,2025072803025528,ALICL,Oxford Securities Pvt. Ltd.,Arun Securities (PVT) Ltd.,100,524.0,52400.0,2025-07-28T13:19:10.573206
2025-07-28,71993,2025072803025529,ALICL,Shree Krishna Securities Ltd.,Arun Securities (PVT) Ltd.,100,523.0,52300.0,2025-07-28T13:19:10.573579
2025-07-28,69414,2025072803026125,ALICL,Shree Krishna Securities Ltd.,Opal Securities Investment (PVT) Ltd.,53,523.0,27719.0,2025-07-28T13:24:28.256284
2025-07-28,68402,2025072803026335,ALICL,Shree Krishna Securities Ltd.,Opal Securities Investment (PVT) Ltd.,58,523.0,30334.0,2025-07-28T13:26:18.409823
2025-07-28,68242,2025072803026367,ALICL,Naasa Securities Co. Ltd.,Imperial Securities Company Pvt. Ltd.,10,524.8,5248.0,2025-07-28T13:26:34.209523
2025-07-28,68011,2025072803026405,ALICL,Shree Krishna Securities Ltd.,Opal Securities Investment (PVT) Ltd.,14,523.0,7322.0,2025-07-28T13:26:58.792259
2025-07-28,67977,2025072803026415,ALICL,Online Securities Pvt. Ltd.,Imperial Securities Company Pvt. Ltd.,11,524.8,5772.8,2025-07-28T13:27:01.945018
2025-07-28,67976,2025072803026416,ALICL,Online Securities Pvt. Ltd.,Dynamic Money Managers Securities Pvt. Ltd.,200,524.9,104980.0,2025-07-28T13:27:01.945248
2025-07-28,67975,2025072803026417,ALICL,Online Securities Pvt. Ltd.,Vision Securities Pvt. Ltd,653,525.0,342825.0,2025-07-28T13:27:01.945435
2025-07-28,67974,2025072803026418,ALICL,Online Securities Pvt. Ltd.,Siprabi Securities Pvt. Ltd.,111,525.0,58275.0,2025-07-28T13:27:01.945637
2025-07-28,67304,2025072803026591,ALICL,Shree Krishna Securities Ltd.,Opal Securities Investment (PVT) Ltd.,91,523.0,47593.0,2025-07-28T13:28:00.113881
2025-07-28,67270,2025072803026598,ALICL,Miyo Securities Pvt Ltd,Siprabi Securities Pvt. Ltd.,554,525.0,290850.0,2025-07-28T13:28:03.606144
2025-07-28,67269,2025072803026599,ALICL,Miyo Securities Pvt Ltd,Cristal Kanchanjanga Securites Pvt. Ltd.,350,525.0,183750.0,2025-07-28T13:28:03.606221
2025-07-28,67268,2025072803026600,ALICL,Miyo Securities Pvt Ltd,Investment Management Nepal Pvt. Ltd.,93,525.0,48825.0,2025-07-28T13:28:03.606246
2025-07-28,65783,2025072803026988,ALICL,Imperial Securities Company Pvt. Ltd.,Opal Securities Investment (PVT) Ltd.,50,524.3,26215.0,2025-07-28T13:30:26.62197
2025-07-28,65283,2025072803027063,ALICL,Primo Securities (PVT) Ltd.,Opal Securities Investment (PVT) Ltd.,50,524.2,26210.0,2025-07-28T13:31:00.585812
2025-07-28,65031,2025072803027123,ALICL,Primo Securities (PVT) Ltd.,S.P.S.A. Securities Limited,50,524.2,26210.0,2025-07-28T13:31:16.28008
2025-07-28,65030,2025072803027124,ALICL,Naasa Securities Co. Ltd.,S.P.S.A. Securities Limited,200,524.0,104800.0,2025-07-28T13:31:16.280185
2025-07-28,65029,2025072803027125,ALICL,Sani Securities Company Ltd.,S.P.S.A. Securities Limited,100,523.5,52350.0,2025-07-28T13:31:16.280284
2025-07-28,65028,2025072803027126,ALICL,Vision Securities Pvt. Ltd,S.P.S.A. Securities Limited,550,523.1,287705.0,2025-07-28T13:31:16.280357
2025-07-28,64891,2025072803027147,ALICL,Online Securities Pvt. Ltd.,Opal Securities Investment (PVT) Ltd.,43,525.0,22575.0,2025-07-28T13:31:24.824954
2025-07-28,64513,2025072803027225,ALICL,Prabhu Stock Market Limited,J.F. Securites (PVT) Ltd.,200,529.0,105800.0,2025-07-28T13:31:57.55408
2025-07-28,64512,2025072803027226,ALICL,Prabhu Stock Market Limited,Sri Hari Securities Pvt. Ltd.,135,529.0,71415.0,2025-07-28T13:31:57.554289
2025-07-28,64144,2025072803027287,ALICL,Prabhu Stock Market Limited,Asian Securities Private Ltd.,165,529.0,87285.0,2025-07-28T13:32:27.847881
2025-07-28,62512,2025072803027563,ALICL,Online Securities Pvt. Ltd.,Vision Securities Pvt. Ltd,100,525.0,52500.0,2025-07-28T13:34:38.253306
2025-07-28,56039,2025072803029112,ALICL,Investment Management Nepal Pvt. Ltd.,Online Securities Pvt. Ltd.,100,526.2,52620.0,2025-07-28T13:43:22.657701
2025-07-28,55307,2025072803029324,ALICL,Prabhu Stock Market Limited,Kumari Securities Private Limited,500,529.9,264950.0,2025-07-28T13:44:28.413276
2025-07-28,54176,2025072803029675,ALICL,Linch Stock Market Ltd.,ABC Securities Private Limited,400,529.5,211800.0,2025-07-28T13:46:10.890339
2025-07-28,53804,2025072803029745,ALICL,Trishakti Securities Public Limited,Dynamic Money Managers Securities Pvt. Ltd.,200,529.8,105960.0,2025-07-28T13:46:34.535314
2025-07-28,53596,2025072803029800,ALICL,Trishakti Securities Public Limited,Imperial Securities Company Pvt. Ltd.,100,529.8,52980.0,2025-07-28T13:46:49.913798
2025-07-28,52973,2025072803029974,ALICL,INDEX SECURITIES LIMITED,Kumari Securities Private Limited,200,529.9,105980.0,2025-07-28T13:47:39.429886
2025-07-28,52876,2025072803030007,ALICL,Linch Stock Market Ltd.,Kumari Securities Private Limited,100,529.9,52990.0,2025-07-28T13:47:48.448602
2025-07-28,51942,2025072803030261,ALICL,Blue Chip Securities Ltd,Kumari Securities Private Limited,206,529.9,109159.4,2025-07-28T13:48:57.978876
2025-07-28,51941,2025072803030262,ALICL,Blue Chip Securities Ltd,Imperial Securities Company Pvt. Ltd.,144,530.0,76320.0,2025-07-28T13:48:57.979216
2025-07-28,51352,2025072803030426,ALICL,Siprabi Securities Pvt. Ltd.,Imperial Securities Company Pvt. Ltd.,56,530.0,29680.0,2025-07-28T13:49:40.860971
2025-07-28,51351,2025072803030427,ALICL,Siprabi Securities Pvt. Ltd.,Opal Securities Investment (PVT) Ltd.,10,530.0,5300.0,2025-07-28T13:49:40.861165
2025-07-28,51350,2025072803030428,ALICL,Siprabi Securities Pvt. Ltd.,Sumeru Securities Pvt. Ltd.,50,530.0,26500.0,2025-07-28T13:49:40.861234
2025-07-28,51349,2025072803030429,ALICL,Siprabi Securities Pvt. Ltd.,N.M.B. SECURITIES LIMITED,84,530.0,44520.0,2025-07-28T13:49:40.861295
2025-07-28,50824,2025072803030567,ALICL,Kumari Securities Private Limited,N.M.B. SECURITIES LIMITED,16,530.0,8480.0,2025-07-28T13:50:23.673376
2025-07-28,50732,2025072803030600,ALICL,Dipshikha Dhitopatra Karobar Co. Pvt Ltd.,INDEX SECURITIES LIMITED,500,531.4,265700.0,2025-07-28T13:50:35.204633
2025-07-28,49487,2025072803030874,ALICL,Kumari Securities Private Limited,Sumeru Securities Pvt. Ltd.,484,530.0,256520.0,2025-07-28T13:51:58.082288
2025-07-28,49404,2025072803030891,ALICL,Prabhu Stock Market Limited,Sumeru Securities Pvt. Ltd.,16,530.0,8480.0,2025-07-28T13:52:01.99566
2025-07-28,48425,2025072803031067,ALICL,Prabhu Stock Market Limited,Kumari Securities Private Limited,84,530.0,44520.0,2025-07-28T13:52:41.868617
2025-07-28,47041,2025072803031377,ALICL,South Asian Bulls Pvt. Ltd.,Aryatara Investment & Securities,40,528.1,21124.0,2025-07-28T13:53:41.824034
2025-07-28,47040,2025072803031378,ALICL,Cristal Kanchanjanga Securites Pvt. Ltd.,Aryatara Investment & Securities,50,528.0,26400.0,2025-07-28T13:53:41.824196
2025-07-28,45501,2025072803031798,ALICL,Aryatara Investment & Securities,Secured Securities Ltd.,32,526.4,16844.8,2025-07-28T13:55:05.78768
2025-07-28,45500,2025072803031799,ALICL,Vision Securities Pvt. Ltd,Secured Securities Ltd.,468,526.3,246308.4,2025-07-28T13:55:05.788001
2025-07-28,44400,2025072803032064,ALICL,Kumari Securities Private Limited,Dynamic Money Managers Securities Pvt. Ltd.,8,520.2,4161.6,2025-07-28T13:56:28.40344
2025-07-28,43152,2025072803032350,ALICL,Vision Securities Pvt. Ltd,Neev Securities Pvt. Ltd.,32,526.3,16841.6,2025-07-28T13:58:46.917936
2025-07-28,43151,2025072803032351,ALICL,Kumari Securities Private Limited,Neev Securities Pvt. Ltd.,25,526.3,13157.5,2025-07-28T13:58:46.91806
2025-07-28,43150,2025072803032352,ALICL,Vision Securities Pvt. Ltd,Neev Securities Pvt. Ltd.,500,526.2,263100.0,2025-07-28T13:58:46.918133
2025-07-28,43149,2025072803032353,ALICL,Sharepro Securities Private Limited,Neev Securities Pvt. Ltd.,184,526.0,96784.0,2025-07-28T13:58:46.918216
2025-07-28,43148,2025072803032354,ALICL,Dipshikha Dhitopatra Karobar Co. Pvt Ltd.,Neev Securities Pvt. Ltd.,109,525.4,57268.6,2025-07-28T13:58:46.918293
2025-07-28,41360,2025072803032766,ALICL,Dipshikha Dhitopatra Karobar Co. Pvt Ltd.,ABC Securities Private Limited,50,525.4,26270.0,2025-07-28T14:03:28.551878
2025-07-28,41140,2025072803032806,ALICL,Dipshikha Dhitopatra Karobar Co. Pvt Ltd.,Opal Securities Investment (PVT) Ltd.,53,525.4,27846.2,2025-07-28T14:04:05.217203
2025-07-28,40218,2025072803033034,ALICL,Malla & Malla Stock Broking Company Pvt. Limited,Opal Securities Investment (PVT) Ltd.,42,525.5,22071.0,2025-07-28T14:06:25.627699
2025-07-28,39388,2025072803033240,ALICL,Asian Securities Private Ltd.,Opal Securities Investment (PVT) Ltd.,10,525.6,5256.0,2025-07-28T14:07:59.096987
2025-07-28,38824,2025072803033411,ALICL,Sweta Securities Private Limited,Kumari Securities Private Limited,50,527.9,26395.0,2025-07-28T14:09:06.571035
2025-07-28,38642,2025072803033465,ALICL,Malla & Malla Stock Broking Company Pvt. Limited,Opal Securities Investment (PVT) Ltd.,53,525.5,27851.5,2025-07-28T14:09:31.75777
2025-07-28,36869,2025072803033924,ALICL,Sumeru Securities Pvt. Ltd.,Kumari Securities Private Limited,30,527.9,15837.0,2025-07-28T14:13:28.076268
2025-07-28,36481,2025072803034006,ALICL,Malla & Malla Stock Broking Company Pvt. Limited,Kumari Securities Private Limited,16,527.9,8446.4,2025-07-28T14:14:22.5826
2025-07-28,36468,2025072803034009,ALICL,Trishakti Securities Public Limited,Dynamic Money Managers Securities Pvt. Ltd.,900,528.0,475200.0,2025-07-28T14:14:26.512231
2025-07-28,36338,2025072803034029,ALICL,Trishakti Securities Public Limited,Dynamic Money Managers Securities Pvt. Ltd.,900,528.0,475200.0,2025-07-28T14:14:39.048134
2025-07-28,36200,2025072803034056,ALICL,Oxford Securities Pvt. Ltd.,Asian Securities Private Ltd.,100,526.0,52600.0,2025-07-28T14:15:01.90985
2025-07-28,36008,2025072803034102,ALICL,Asian Securities Private Ltd.,Dynamic Money Managers Securities Pvt. Ltd.,10,525.6,5256.0,2025-07-28T14:15:32.725512
2025-07-28,36007,2025072803034103,ALICL,Malla & Malla Stock Broking Company Pvt. Limited,Dynamic Money Managers Securities Pvt. Ltd.,905,525.5,475577.5,2025-07-28T14:15:32.725716
2025-07-28,36006,2025072803034104,ALICL,Pragyan Securities (PVT) Ltd.,Dynamic Money Managers Securities Pvt. Ltd.,10,525.5,5255.0,2025-07-28T14:15:32.725814
2025-07-28,36005,2025072803034105,ALICL,Dipshikha Dhitopatra Karobar Co. Pvt Ltd.,Dynamic Money Managers Securities Pvt. Ltd.,288,525.4,151315.2,2025-07-28T14:15:32.725882
2025-07-28,36004,2025072803034106,ALICL,Online Securities Pvt. Ltd.,Dynamic Money Managers Securities Pvt. Ltd.,157,525.0,82425.0,2025-07-28T14:15:32.72595
2025-07-28,36003,2025072803034107,ALICL,Deevyaa Securities & Stock House Pvt. Ltd,Dynamic Money Managers Securities Pvt. Ltd.,300,525.0,157500.0,2025-07-28T14:15:32.726015
2025-07-28,36002,2025072803034108,ALICL,Agrawal Securities (PVT) Ltd.,Dynamic Money Managers Securities Pvt. Ltd.,10,525.0,5250.0,2025-07-28T14:15:32.726087
2025-07-28,35862,2025072803034132,ALICL,Imperial Securities Company Pvt. Ltd.,Dynamic Money Managers Securities Pvt. Ltd.,19,525.0,9975.0,2025-07-28T14:15:57.240006
2025-07-28,35053,2025072803034329,ALICL,Aryatara Investment & Securities,Sani Securities Company Ltd.,80,524.0,41920.0,2025-07-28T14:18:05.682362
2025-07-28,35052,2025072803034330,ALICL,Siprabi Securities Pvt. Ltd.,Sani Securities Company Ltd.,12,524.0,6288.0,2025-07-28T14:18:05.682556
2025-07-28,35026,2025072803034334,ALICL,Sumeru Securities Pvt. Ltd.,Dynamic Money Managers Securities Pvt. Ltd.,1500,525.0,787500.0,2025-07-28T14:18:12.87958
2025-07-28,34928,2025072803034359,ALICL,Trademow Securities Private Limited,Sani Securities Company Ltd.,10,524.0,5240.0,2025-07-28T14:18:29.0876
2025-07-28,31954,2025072803034991,ALICL,Kumari Securities Private Limited,Asian Securities Private Ltd.,500,525.1,262550.0,2025-07-28T14:24:47.239047
2025-07-28,31788,2025072803035023,ALICL,Trademow Securities Private Limited,Online Securities Pvt. Ltd.,40,524.0,20960.0,2025-07-28T14:25:08.961847
2025-07-28,31432,2025072803035104,ALICL,Imperial Securities Company Pvt. Ltd.,Property Wiard Limited,177,524.0,92748.0,2025-07-28T14:25:43.448715
2025-07-28,30972,2025072803035219,ALICL,Sri Hari Securities Pvt. Ltd.,Dynamic Money Managers Securities Pvt. Ltd.,15,525.0,7875.0,2025-07-28T14:26:49.046953
2025-07-28,30971,2025072803035220,ALICL,Imperial Securities Company Pvt. Ltd.,Dynamic Money Managers Securities Pvt. Ltd.,35,524.0,18340.0,2025-07-28T14:26:49.047307
2025-07-28,30880,2025072803035238,ALICL,Imperial Securities Company Pvt. Ltd.,Ashutosh Brokerage & Securities (PVT) Ltd.,188,524.0,98512.0,2025-07-28T14:27:03.835428
2025-07-28,30879,2025072803035239,ALICL,Aryatara Investment & Securities,Ashutosh Brokerage & Securities (PVT) Ltd.,20,524.0,10480.0,2025-07-28T14:27:03.835673
2025-07-28,30878,2025072803035240,ALICL,Imperial Securities Company Pvt. Ltd.,Ashutosh Brokerage & Securities (PVT) Ltd.,50,523.5,26175.0,2025-07-28T14:27:03.835758
2025-07-28,30877,2025072803035241,ALICL,Sumeru Securities Pvt. Ltd.,Ashutosh Brokerage & Securities (PVT) Ltd.,300,523.3,156990.0,2025-07-28T14:27:03.835843
2025-07-28,30876,2025072803035242,ALICL,Imperial Securities Company Pvt. Ltd.,Ashutosh Brokerage & Securities (PVT) Ltd.,50,523.1,26155.0,2025-07-28T14:27:03.835922
2025-07-28,30875,2025072803035243,ALICL,Sri Hari Securities Pvt. Ltd.,Ashutosh Brokerage & Securities (PVT) Ltd.,250,523.1,130775.0,2025-07-28T14:27:03.835995
2025-07-28,30874,2025072803035244,ALICL,Sharepro Securities Private Limited,Ashutosh Brokerage & Securities (PVT) Ltd.,150,523.1,78465.0,2025-07-28T14:27:03.836106
2025-07-28,30692,2025072803035274,ALICL,Sharepro Securities Private Limited,Ashutosh Brokerage & Securities (PVT) Ltd.,250,523.1,130775.0,2025-07-28T14:27:30.502032
2025-07-28,30691,2025072803035275,ALICL,Vision Securities Pvt. Ltd,Ashutosh Brokerage & Securities (PVT) Ltd.,28,523.0,14644.0,2025-07-28T14:27:30.502205
2025-07-28,30690,2025072803035276,ALICL,Cristal Kanchanjanga Securites Pvt. Ltd.,Ashutosh Brokerage & Securities (PVT) Ltd.,152,523.0,79496.0,2025-07-28T14:27:30.502275
2025-07-28,30689,2025072803035277,ALICL,Aryatara Investment & Securities,Ashutosh Brokerage & Securities (PVT) Ltd.,70,523.0,36610.0,2025-07-28T14:27:30.502339
2025-07-28,30460,2025072803035356,ALICL,Miyo Securities Pvt Ltd,Secured Securities Ltd.,133,527.9,70210.7,2025-07-28T14:28:03.180799
2025-07-28,30459,2025072803035357,ALICL,Miyo Securities Pvt Ltd,Asian Securities Private Ltd.,2102,528.0,1109856.0,2025-07-28T14:28:03.180869
2025-07-28,29474,2025072803035604,ALICL,Nepal Investment And Securities Trading Private Limited,Opal Securities Investment (PVT) Ltd.,83,523.1,43417.3,2025-07-28T14:30:09.023111
2025-07-28,29324,2025072803035634,ALICL,Nepal Investment And Securities Trading Private Limited,Opal Securities Investment (PVT) Ltd.,14,523.1,7323.4,2025-07-28T14:30:25.266687
2025-07-28,28950,2025072803035709,ALICL,Aryatara Investment & Securities,Opal Securities Investment (PVT) Ltd.,27,523.0,14121.0,2025-07-28T14:31:21.713689
2025-07-28,28498,2025072803035816,ALICL,Naasa Securities Co. Ltd.,Opal Securities Investment (PVT) Ltd.,54,523.1,28247.4,2025-07-28T14:32:23.494283
2025-07-28,27525,2025072803036086,ALICL,Nepal Investment And Securities Trading Private Limited,J.F. Securites (PVT) Ltd.,4,523.0,2092.0,2025-07-28T14:34:32.765551
2025-07-28,27442,2025072803036143,ALICL,Naasa Securities Co. Ltd.,Nagarik Stock Dealer ,86,523.1,44986.6,2025-07-28T14:34:39.19696
2025-07-28,27441,2025072803036144,ALICL,Naasa Securities Co. Ltd.,Nagarik Stock Dealer ,100,523.1,52310.0,2025-07-28T14:34:39.197008
2025-07-28,27440,2025072803036145,ALICL,Malla & Malla Stock Broking Company Pvt. Limited,Nagarik Stock Dealer ,50,523.1,26155.0,2025-07-28T14:34:39.197061
2025-07-28,27439,2025072803036146,ALICL,Agrawal Securities (PVT) Ltd.,Nagarik Stock Dealer ,764,523.1,399648.4,2025-07-28T14:34:39.197093
2025-07-28,22070,2025072803037438,ALICL,Aryatara Investment & Securities,Asian Securities Private Ltd.,10,524.0,5240.0,2025-07-28T14:42:22.27316
2025-07-28,22069,2025072803037439,ALICL,Imperial Securities Company Pvt. Ltd.,Asian Securities Private Ltd.,123,524.0,64452.0,2025-07-28T14:42:22.273384
2025-07-28,20131,2025072803037872,ALICL,Trishakti Securities Public Limited,Oxford Securities Pvt. Ltd.,167,525.0,87675.0,2025-07-28T14:44:35.955625
2025-07-28,20130,2025072803037873,ALICL,Trishakti Securities Public Limited,Dynamic Money Managers Securities Pvt. Ltd.,33,525.0,17325.0,2025-07-28T14:44:35.955815
2025-07-28,20011,2025072803037895,ALICL,Sumeru Securities Pvt. Ltd.,Dynamic Money Managers Securities Pvt. Ltd.,4967,525.0,2607675.0,2025-07-28T14:44:42.824591
2025-07-28,17146,2025072803038464,ALICL,Imperial Securities Company Pvt. Ltd.,Midas Stock Broking Company Private Limited,20,528.5,10570.0,2025-07-28T14:47:11.35091
2025-07-28,17145,2025072803038465,ALICL,Imperial Securities Company Pvt. Ltd.,Aryatara Investment & Securities,10,528.8,5288.0,2025-07-28T14:47:11.351124
2025-07-28,16578,2025072803038655,ALICL,Imperial Securities Company Pvt. Ltd.,Sri Hari Securities Pvt. Ltd.,50,528.0,26400.0,2025-07-28T14:47:38.167962
2025-07-28,15283,2025072803038920,ALICL,Blue Chip Securities Ltd,Aryatara Investment & Securities,90,528.0,47520.0,2025-07-28T14:48:56.721407
2025-07-28,15282,2025072803038921,ALICL,Blue Chip Securities Ltd,Online Securities Pvt. Ltd.,50,528.2,26410.0,2025-07-28T14:48:56.721448
2025-07-28,15281,2025072803038922,ALICL,Blue Chip Securities Ltd,Premier Securities Company Ltd.,10,529.0,5290.0,2025-07-28T14:48:56.721479
2025-07-28,15280,2025072803038923,ALICL,Blue Chip Securities Ltd,Bhrikuti Stock Broking Co. Pvt. Ltd.,100,529.9,52990.0,2025-07-28T14:48:56.721515
2025-07-28,15279,2025072803038924,ALICL,Blue Chip Securities Ltd,Dakshinkali Investment & Securities Pvt. Ltd.,500,530.0,265000.0,2025-07-28T14:48:56.721542
2025-07-28,15278,2025072803038925,ALICL,Blue Chip Securities Ltd,Dynamic Money Managers Securities Pvt. Ltd.,250,530.8,132700.0,2025-07-28T14:48:56.721572
2025-07-28,12666,2025072803039527,ALICL,Sani Securities Company Ltd.,Aryatara Investment & Securities,10,530.5,5305.0,2025-07-28T14:51:26.439627
2025-07-28,12665,2025072803039528,ALICL,Sani Securities Company Ltd.,Aryatara Investment & Securities,40,530.5,21220.0,2025-07-28T14:51:26.440009
2025-07-28,12345,2025072803039654,ALICL,Siprabi Securities Pvt. Ltd.,Dynamic Money Managers Securities Pvt. Ltd.,1,525.0,525.0,2025-07-28T14:51:46.493379
2025-07-28,11368,2025072803039863,ALICL,Siprabi Securities Pvt. Ltd.,Naasa Securities Co. Ltd.,3,525.0,1575.0,2025-07-28T14:52:48.669105
2025-07-28,10470,2025072803040092,ALICL,Linch Stock Market Ltd.,Aryatara Investment & Securities,113,530.2,59912.6,2025-07-28T14:53:39.635297
2025-07-28,10469,2025072803040093,ALICL,Linch Stock Market Ltd.,Dakshinkali Investment & Securities Pvt. Ltd.,387,530.3,205226.1,2025-07-28T14:53:39.635478
2025-07-28,10229,2025072803040158,ALICL,Bhrikuti Stock Broking Co. Pvt. Ltd.,Aryatara Investment & Securities,20,530.1,10602.0,2025-07-28T14:53:50.998215
2025-07-28,6290,2025072803041043,ALICL,Dakshinkali Investment & Securities Pvt. Ltd.,Premier Securities Company Ltd.,100,528.0,52800.0,2025-07-28T14:57:06.022161
2025-07-28,4062,2025072803041562,ALICL,Vision Securities Pvt. Ltd,Aryatara Investment & Securities,10,529.8,5298.0,2025-07-28T14:58:27.897543
2025-07-28,3523,2025072803041697,ALICL,Dakshinkali Investment & Securities Pvt. Ltd.,MILKY WAY SHARE BROKER COMPANY LTD ,20,528.0,10560.0,2025-07-28T14:58:43.160451
2025-07-28,3522,2025072803041698,ALICL,Imperial Securities Company Pvt. Ltd.,MILKY WAY SHARE BROKER COMPANY LTD ,50,528.0,26400.0,2025-07-28T14:58:43.160647
2025-07-28,3521,2025072803041699,ALICL,Aryatara Investment & Securities,MILKY WAY SHARE BROKER COMPANY LTD ,250,527.1,131775.0,2025-07-28T14:58:43.160725
2025-07-28,3520,2025072803041700,ALICL,Aryatara Investment & Securities,MILKY WAY SHARE BROKER COMPANY LTD ,403,527.1,212421.3,2025-07-28T14:58:43.160796
2025-07-28,3519,2025072803041701,ALICL,Neev Securities Pvt. Ltd.,MILKY WAY SHARE BROKER COMPANY LTD ,500,526.0,263000.0,2025-07-28T14:58:43.160873
2025-07-28,3518,2025072803041702,ALICL,Asian Securities Private Ltd.,MILKY WAY SHARE BROKER COMPANY LTD ,100,526.0,52600.0,2025-07-28T14:58:43.160944
2025-07-28,3444,2025072803041726,ALICL,Secured Securities Ltd.,MILKY WAY SHARE BROKER COMPANY LTD ,25,526.0,13150.0,2025-07-28T14:58:44.866846
2025-07-28,2926,2025072803041882,ALICL,Sumeru Securities Pvt. Ltd.,MILKY WAY SHARE BROKER COMPANY LTD ,15,525.1,7876.5,2025-07-28T14:59:03.069466
2025-07-28,2662,2025072803041956,ALICL,Neev Securities Pvt. Ltd.,MILKY WAY SHARE BROKER COMPANY LTD ,152,526.0,79952.0,2025-07-28T14:59:11.07161
2025-07-28,1301,2025072803042210,ALICL,ABC Securities Private Limited,MILKY WAY SHARE BROKER COMPANY LTD ,20,527.0,10540.0,2025-07-28T14:59:37.834062
2025-07-28,1300,2025072803042211,ALICL,Aryatara Investment & Securities,MILKY WAY SHARE BROKER COMPANY LTD ,28,527.0,14756.0,2025-07-28T14:59:37.834257
2025-07-28,1299,2025072803042212,ALICL,Kumari Securities Private Limited,MILKY WAY SHARE BROKER COMPANY LTD ,200,526.0,105200.0,2025-07-28T14:59:37.834329
2025-07-28,1298,2025072803042213,ALICL,Dipshikha Dhitopatra Karobar Co. Pvt Ltd.,MILKY WAY SHARE BROKER COMPANY LTD ,100,526.0,52600.0,2025-07-28T14:59:37.834403
2025-07-28,1297,2025072803042214,ALICL,Sumeru Securities Pvt. Ltd.,MILKY WAY SHARE BROKER COMPANY LTD ,185,525.1,97143.5,2025-07-28T14:59:37.834471
2025-07-28,1296,2025072803042215,ALICL,Dipshikha Dhitopatra Karobar Co. Pvt Ltd.,MILKY WAY SHARE BROKER COMPANY LTD ,500,525.0,262500.0,2025-07-28T14:59:37.834554
2025-07-28,1295,2025072803042216,ALICL,Vision Securities Pvt. Ltd,MILKY WAY SHARE BROKER COMPANY LTD ,10,525.0,5250.0,2025-07-28T14:59:37.834625
2025-07-28,1294,2025072803042217,ALICL,Swarna Laxmi Securities Pvt. Ltd.,MILKY WAY SHARE BROKER COMPANY LTD ,900,525.0,472500.0,2025-07-28T14:59:37.834691
2025-07-28,1293,2025072803042218,ALICL,Imperial Securities Company Pvt. Ltd.,MILKY WAY SHARE BROKER COMPANY LTD ,30,525.0,15750.0,2025-07-28T14:59:37.83476
2025-07-28,825,2025072803042309,ALICL,Online Securities Pvt. Ltd.,MILKY WAY SHARE BROKER COMPANY LTD ,27,525.0,14175.0,2025-07-28T14:59:46.411143
