Date,S.N.,Contract ID,Symbol,Buyer Broker,Seller Broker,quantity,rate,amount,transaction_time
2025-07-28,170661,2025072804000014,HDHPC,Agrawal Securities (PVT) Ltd.,Bhrikuti Stock Broking Co. Pvt. Ltd.,10,213.0,2130.0,2025-07-28T10:46:00.068564
2025-07-28,170552,2025072804000049,HDHPC,Asian Securities Private Ltd.,Naasa Securities Co. Ltd.,100,209.0,20900.0,2025-07-28T11:00:37.427077
2025-07-28,170551,2025072804000050,HDHPC,Premier Securities Company Ltd.,Naasa Securities Co. Ltd.,1000,208.8,208800.0,2025-07-28T11:00:37.42716
2025-07-28,170483,2025072804000070,HDHPC,Sani Securities Company Ltd.,Naasa Securities Co. Ltd.,50,208.8,10440.0,2025-07-28T11:00:56.481545
2025-07-28,170460,2025072804000082,HDHPC,Naasa Securities Co. Ltd.,Naasa Securities Co. Ltd.,10,208.8,2088.0,2025-07-28T11:01:01.92425
2025-07-28,170332,2025072804000145,HDHPC,Naasa Securities Co. Ltd.,Sundhara Securities Limited,1000,209.0,209000.0,2025-07-28T11:01:29.003589
2025-07-28,170291,2025072804000150,HDHPC,Asian Securities Private Ltd.,Sundhara Securities Limited,100,209.0,20900.0,2025-07-28T11:01:34.278405
2025-07-28,170266,2025072804000156,HDHPC,Naasa Securities Co. Ltd.,Agrawal Securities (PVT) Ltd.,50,208.8,10440.0,2025-07-28T11:01:41.301213
2025-07-28,170172,2025072804000196,HDHPC,Cristal Kanchanjanga Securites Pvt. Ltd.,Sundhara Securities Limited,30,208.0,6240.0,2025-07-28T11:01:59.397048
2025-07-28,170009,2025072804000259,HDHPC,Sundhara Securities Limited,Sundhara Securities Limited,870,205.3,178611.0,2025-07-28T11:02:25.49547
2025-07-28,169784,2025072804000337,HDHPC,Vision Securities Pvt. Ltd,Trishakti Securities Public Limited,97,208.0,20176.0,2025-07-28T11:03:01.231021
2025-07-28,169548,2025072804000401,HDHPC,South Asian Bulls Pvt. Ltd.,Agrawal Securities (PVT) Ltd.,200,207.0,41400.0,2025-07-28T11:03:31.770342
2025-07-28,169543,2025072804000402,HDHPC,Naasa Securities Co. Ltd.,Agrawal Securities (PVT) Ltd.,100,207.0,20700.0,2025-07-28T11:03:32.256695
2025-07-28,169232,2025072804000490,HDHPC,Primo Securities (PVT) Ltd.,Midas Stock Broking Company Private Limited,300,208.0,62400.0,2025-07-28T11:04:12.688468
2025-07-28,169049,2025072804000544,HDHPC,Asian Securities Private Ltd.,Agrawal Securities (PVT) Ltd.,250,208.8,52200.0,2025-07-28T11:04:34.748011
2025-07-28,169048,2025072804000545,HDHPC,Asian Securities Private Ltd.,Naasa Securities Co. Ltd.,373,208.8,77882.4,2025-07-28T11:04:34.748102
2025-07-28,169047,2025072804000546,HDHPC,Asian Securities Private Ltd.,Opal Securities Investment (PVT) Ltd.,53,209.0,11077.0,2025-07-28T11:04:34.748158
2025-07-28,168732,2025072804000635,HDHPC,Naasa Securities Co. Ltd.,NIMB Stock Markets Limited,350,210.0,73500.0,2025-07-28T11:05:07.031108
2025-07-28,168484,2025072804000736,HDHPC,Sundhara Securities Limited,Sani Securities Company Ltd.,200,209.0,41800.0,2025-07-28T11:05:38.304582
2025-07-28,168305,2025072804000797,HDHPC,Online Securities Pvt. Ltd.,Sani Securities Company Ltd.,45,208.5,9382.5,2025-07-28T11:05:58.533076
2025-07-28,168069,2025072804000870,HDHPC,Asian Securities Private Ltd.,Secured Securities Ltd.,124,208.2,25816.8,2025-07-28T11:06:27.915052
2025-07-28,168068,2025072804000871,HDHPC,Online Securities Pvt. Ltd.,Secured Securities Ltd.,233,208.1,48487.3,2025-07-28T11:06:27.915166
2025-07-28,167360,2025072804001056,HDHPC,Vision Securities Pvt. Ltd,Naasa Securities Co. Ltd.,150,209.0,31350.0,2025-07-28T11:07:44.811737
2025-07-28,166502,2025072804001300,HDHPC,Online Securities Pvt. Ltd.,Midas Stock Broking Company Private Limited,50,208.1,10405.0,2025-07-28T11:09:19.903862
2025-07-28,166473,2025072804001309,HDHPC,Online Securities Pvt. Ltd.,Asian Securities Private Ltd.,1000,208.1,208100.0,2025-07-28T11:09:22.481492
2025-07-28,166005,2025072804001454,HDHPC,Online Securities Pvt. Ltd.,Oxford Securities Pvt. Ltd.,88,208.1,18312.8,2025-07-28T11:09:53.211368
2025-07-28,165499,2025072804001580,HDHPC,Online Securities Pvt. Ltd.,Siprabi Securities Pvt. Ltd.,200,208.1,41620.0,2025-07-28T11:10:37.608556
2025-07-28,165134,2025072804001677,HDHPC,Siprabi Securities Pvt. Ltd.,Imperial Securities Company Pvt. Ltd.,10,209.0,2090.0,2025-07-28T11:11:07.856237
2025-07-28,164663,2025072804001811,HDHPC,Bhrikuti Stock Broking Co. Pvt. Ltd.,Imperial Securities Company Pvt. Ltd.,10,209.0,2090.0,2025-07-28T11:11:38.824819
2025-07-28,164662,2025072804001812,HDHPC,Bhrikuti Stock Broking Co. Pvt. Ltd.,ABC Securities Private Limited,40,209.0,8360.0,2025-07-28T11:11:38.825104
2025-07-28,164384,2025072804001882,HDHPC,Premier Securities Company Ltd.,Swarna Laxmi Securities Pvt. Ltd.,18,208.5,3753.0,2025-07-28T11:11:58.471452
2025-07-28,164082,2025072804001974,HDHPC,Kalika Securities Pvt. Ltd.,ABC Securities Private Limited,40,209.0,8360.0,2025-07-28T11:12:23.432663
2025-07-28,164045,2025072804001992,HDHPC,Premier Securities Company Ltd.,Sani Securities Company Ltd.,100,208.5,20850.0,2025-07-28T11:12:25.748242
2025-07-28,163868,2025072804002040,HDHPC,Premier Securities Company Ltd.,Nepal Investment And Securities Trading Private Limited,150,208.5,31275.0,2025-07-28T11:12:38.435491
2025-07-28,163497,2025072804002173,HDHPC,Primo Securities (PVT) Ltd.,Naasa Securities Co. Ltd.,50,208.6,10430.0,2025-07-28T11:13:06.059336
2025-07-28,163496,2025072804002174,HDHPC,Premier Securities Company Ltd.,Naasa Securities Co. Ltd.,32,208.5,6672.0,2025-07-28T11:13:06.059511
2025-07-28,163425,2025072804002205,HDHPC,Naasa Securities Co. Ltd.,Vision Securities Pvt. Ltd,200,208.2,41640.0,2025-07-28T11:13:09.944476
2025-07-28,163028,2025072804002313,HDHPC,Online Securities Pvt. Ltd.,Naasa Securities Co. Ltd.,48,208.5,10008.0,2025-07-28T11:13:37.39943
2025-07-28,162561,2025072804002436,HDHPC,Imperial Securities Company Pvt. Ltd.,Sundhara Securities Limited,1000,208.3,208300.0,2025-07-28T11:14:06.673041
2025-07-28,162560,2025072804002437,HDHPC,Sani Securities Company Ltd.,Sundhara Securities Limited,50,208.2,10410.0,2025-07-28T11:14:06.673226
2025-07-28,162559,2025072804002438,HDHPC,Online Securities Pvt. Ltd.,Sundhara Securities Limited,429,208.1,89274.9,2025-07-28T11:14:06.6733
2025-07-28,162558,2025072804002439,HDHPC,Primo Securities (PVT) Ltd.,Sundhara Securities Limited,200,208.0,41600.0,2025-07-28T11:14:06.673376
2025-07-28,162307,2025072804002495,HDHPC,Sweta Securities Private Limited,Sundhara Securities Limited,321,208.0,66768.0,2025-07-28T11:14:23.305764
2025-07-28,162277,2025072804002500,HDHPC,Sweta Securities Private Limited,Sani Securities Company Ltd.,50,208.0,10400.0,2025-07-28T11:14:24.608661
2025-07-28,161391,2025072804002726,HDHPC,Kohinoor Investment & Securities Pvt. Ltd.,ABC Securities Private Limited,11,209.0,2299.0,2025-07-28T11:15:14.002912
2025-07-28,160839,2025072804002879,HDHPC,Asian Securities Private Ltd.,Vision Securities Pvt. Ltd,400,208.5,83400.0,2025-07-28T11:15:39.965526
2025-07-28,159995,2025072804003132,HDHPC,Naasa Securities Co. Ltd.,Deevyaa Securities & Stock House Pvt. Ltd,50,208.9,10445.0,2025-07-28T11:16:31.269453
2025-07-28,159585,2025072804003283,HDHPC,Naasa Securities Co. Ltd.,Online Securities Pvt. Ltd.,50,208.9,10445.0,2025-07-28T11:16:54.738563
2025-07-28,159584,2025072804003284,HDHPC,Asian Securities Private Ltd.,Online Securities Pvt. Ltd.,500,208.5,104250.0,2025-07-28T11:16:54.738744
2025-07-28,158967,2025072804003482,HDHPC,Secured Securities Ltd.,Sani Securities Company Ltd.,100,208.9,20890.0,2025-07-28T11:17:35.966208
2025-07-28,158798,2025072804003523,HDHPC,Dakshinkali Investment & Securities Pvt. Ltd.,Online Securities Pvt. Ltd.,8,205.0,1640.0,2025-07-28T11:17:46.880463
2025-07-28,158689,2025072804003547,HDHPC,Premier Securities Company Ltd.,ABC Securities Private Limited,172,209.0,35948.0,2025-07-28T11:17:55.123267
2025-07-28,158542,2025072804003579,HDHPC,Dakshinkali Investment & Securities Pvt. Ltd.,Online Securities Pvt. Ltd.,1,204.9,204.9,2025-07-28T11:18:07.122954
2025-07-28,158515,2025072804003584,HDHPC,Naasa Securities Co. Ltd.,ABC Securities Private Limited,200,209.0,41800.0,2025-07-28T11:18:08.715502
2025-07-28,158404,2025072804003626,HDHPC,Naasa Securities Co. Ltd.,ABC Securities Private Limited,500,209.0,104500.0,2025-07-28T11:18:16.868207
2025-07-28,158064,2025072804003699,HDHPC,Online Securities Pvt. Ltd.,ABC Securities Private Limited,37,209.0,7733.0,2025-07-28T11:18:37.850369
2025-07-28,158063,2025072804003700,HDHPC,Online Securities Pvt. Ltd.,Trishakti Securities Public Limited,13,209.0,2717.0,2025-07-28T11:18:37.850555
2025-07-28,157989,2025072804003728,HDHPC,Naasa Securities Co. Ltd.,Dipshikha Dhitopatra Karobar Co. Pvt Ltd.,10,208.7,2087.0,2025-07-28T11:18:42.419075
2025-07-28,157988,2025072804003729,HDHPC,Naasa Securities Co. Ltd.,Dipshikha Dhitopatra Karobar Co. Pvt Ltd.,10,208.6,2086.0,2025-07-28T11:18:42.419248
2025-07-28,157987,2025072804003730,HDHPC,Asian Securities Private Ltd.,Dipshikha Dhitopatra Karobar Co. Pvt Ltd.,446,208.5,92991.0,2025-07-28T11:18:42.419329
2025-07-28,156829,2025072804003995,HDHPC,Premier Securities Company Ltd.,Trishakti Securities Public Limited,1987,209.0,415283.0,2025-07-28T11:20:06.54978
2025-07-28,156828,2025072804003996,HDHPC,Premier Securities Company Ltd.,Linch Stock Market Ltd.,200,209.0,41800.0,2025-07-28T11:20:06.549958
2025-07-28,156827,2025072804003997,HDHPC,Premier Securities Company Ltd.,Secured Securities Ltd.,170,209.0,35530.0,2025-07-28T11:20:06.55006
2025-07-28,156826,2025072804003998,HDHPC,Premier Securities Company Ltd.,Sani Securities Company Ltd.,100,209.0,20900.0,2025-07-28T11:20:06.550176
2025-07-28,156825,2025072804003999,HDHPC,Premier Securities Company Ltd.,Nepal Stock House (PVT) Ltd.,150,209.0,31350.0,2025-07-28T11:20:06.550289
2025-07-28,156679,2025072804004041,HDHPC,Bhrikuti Stock Broking Co. Pvt. Ltd.,Vision Securities Pvt. Ltd,10,209.8,2098.0,2025-07-28T11:20:18.491718
2025-07-28,156551,2025072804004088,HDHPC,Naasa Securities Co. Ltd.,Aakashbhairab Securities Ltd.,10,209.1,2091.0,2025-07-28T11:20:28.297447
2025-07-28,156550,2025072804004089,HDHPC,Dynamic Money Managers Securities Pvt. Ltd.,Aakashbhairab Securities Ltd.,110,209.0,22990.0,2025-07-28T11:20:28.297637
2025-07-28,156503,2025072804004098,HDHPC,Linch Stock Market Ltd.,Vision Securities Pvt. Ltd,260,209.8,54548.0,2025-07-28T11:20:32.763723
2025-07-28,156259,2025072804004166,HDHPC,Malla & Malla Stock Broking Company Pvt. Limited,Vision Securities Pvt. Ltd,100,209.8,20980.0,2025-07-28T11:20:50.260515
2025-07-28,155544,2025072804004396,HDHPC,Siprabi Securities Pvt. Ltd.,Nepal Investment And Securities Trading Private Limited,30,209.9,6297.0,2025-07-28T11:21:42.346765
2025-07-28,155245,2025072804004483,HDHPC,Siprabi Securities Pvt. Ltd.,Vision Securities Pvt. Ltd,30,209.3,6279.0,2025-07-28T11:22:03.759627
2025-07-28,154912,2025072804004575,HDHPC,Vision Securities Pvt. Ltd,Nepal Investment And Securities Trading Private Limited,70,209.9,14693.0,2025-07-28T11:22:19.817776
2025-07-28,154911,2025072804004576,HDHPC,Vision Securities Pvt. Ltd,South Asian Bulls Pvt. Ltd.,100,209.9,20990.0,2025-07-28T11:22:19.817985
2025-07-28,154608,2025072804004666,HDHPC,Online Securities Pvt. Ltd.,NIMB Stock Markets Limited,100,210.0,21000.0,2025-07-28T11:22:33.687541
2025-07-28,154277,2025072804004771,HDHPC,Naasa Securities Co. Ltd.,Neev Securities Pvt. Ltd.,10,209.4,2094.0,2025-07-28T11:22:51.335728
2025-07-28,154276,2025072804004772,HDHPC,Siprabi Securities Pvt. Ltd.,Neev Securities Pvt. Ltd.,1210,209.4,253374.0,2025-07-28T11:22:51.335778
2025-07-28,154275,2025072804004773,HDHPC,Naasa Securities Co. Ltd.,Neev Securities Pvt. Ltd.,10,209.2,2092.0,2025-07-28T11:22:51.335821
2025-07-28,154274,2025072804004774,HDHPC,Naasa Securities Co. Ltd.,Neev Securities Pvt. Ltd.,10,209.1,2091.0,2025-07-28T11:22:51.335844
2025-07-28,154273,2025072804004775,HDHPC,Dynamic Money Managers Securities Pvt. Ltd.,Neev Securities Pvt. Ltd.,40,209.0,8360.0,2025-07-28T11:22:51.33587
2025-07-28,154272,2025072804004776,HDHPC,Sumeru Securities Pvt. Ltd.,Neev Securities Pvt. Ltd.,220,209.0,45980.0,2025-07-28T11:22:51.335894
2025-07-28,154012,2025072804004867,HDHPC,Naasa Securities Co. Ltd.,Midas Stock Broking Company Private Limited,10,209.1,2091.0,2025-07-28T11:23:05.517995
2025-07-28,154011,2025072804004868,HDHPC,Sumeru Securities Pvt. Ltd.,Midas Stock Broking Company Private Limited,235,209.0,49115.0,2025-07-28T11:23:05.518208
2025-07-28,154010,2025072804004869,HDHPC,Naasa Securities Co. Ltd.,Midas Stock Broking Company Private Limited,100,209.0,20900.0,2025-07-28T11:23:05.518337
2025-07-28,154009,2025072804004870,HDHPC,Aryatara Investment & Securities,Midas Stock Broking Company Private Limited,40,209.0,8360.0,2025-07-28T11:23:05.518544
2025-07-28,153839,2025072804004923,HDHPC,Naasa Securities Co. Ltd.,Imperial Securities Company Pvt. Ltd.,10,208.7,2087.0,2025-07-28T11:23:16.451323
2025-07-28,153838,2025072804004924,HDHPC,Naasa Securities Co. Ltd.,Imperial Securities Company Pvt. Ltd.,10,208.6,2086.0,2025-07-28T11:23:16.451377
2025-07-28,153837,2025072804004925,HDHPC,Sweta Securities Private Limited,Imperial Securities Company Pvt. Ltd.,500,208.6,104300.0,2025-07-28T11:23:16.451401
2025-07-28,153836,2025072804004926,HDHPC,Imperial Securities Company Pvt. Ltd.,Imperial Securities Company Pvt. Ltd.,1000,208.6,208600.0,2025-07-28T11:23:16.451424
2025-07-28,153835,2025072804004927,HDHPC,Nepal Stock House (PVT) Ltd.,Imperial Securities Company Pvt. Ltd.,980,208.5,204330.0,2025-07-28T11:23:16.451449
2025-07-28,153279,2025072804005070,HDHPC,Kohinoor Investment & Securities Pvt. Ltd.,Cristal Kanchanjanga Securites Pvt. Ltd.,500,208.6,104300.0,2025-07-28T11:23:54.829965
2025-07-28,153140,2025072804005103,HDHPC,Kohinoor Investment & Securities Pvt. Ltd.,Trisul Securities & Invt. Ltd.,1000,208.6,208600.0,2025-07-28T11:24:03.733712
2025-07-28,153139,2025072804005104,HDHPC,Naasa Securities Co. Ltd.,Trisul Securities & Invt. Ltd.,10,208.6,2086.0,2025-07-28T11:24:03.73412
2025-07-28,153138,2025072804005105,HDHPC,Nepal Stock House (PVT) Ltd.,Trisul Securities & Invt. Ltd.,1020,208.5,212670.0,2025-07-28T11:24:03.734498
2025-07-28,153137,2025072804005106,HDHPC,Naasa Securities Co. Ltd.,Trisul Securities & Invt. Ltd.,200,208.5,41700.0,2025-07-28T11:24:03.734786
2025-07-28,153136,2025072804005107,HDHPC,Premier Securities Company Ltd.,Trisul Securities & Invt. Ltd.,2393,208.5,498940.5,2025-07-28T11:24:03.735113
2025-07-28,153135,2025072804005108,HDHPC,Naasa Securities Co. Ltd.,Trisul Securities & Invt. Ltd.,200,208.5,41700.0,2025-07-28T11:24:03.73541
2025-07-28,153134,2025072804005109,HDHPC,Naasa Securities Co. Ltd.,Trisul Securities & Invt. Ltd.,10,208.4,2084.0,2025-07-28T11:24:03.735703
2025-07-28,153133,2025072804005110,HDHPC,Linch Stock Market Ltd.,Trisul Securities & Invt. Ltd.,167,208.4,34802.8,2025-07-28T11:24:03.735986
2025-07-28,153002,2025072804005138,HDHPC,Linch Stock Market Ltd.,Neev Securities Pvt. Ltd.,333,208.4,69397.2,2025-07-28T11:24:13.784485
2025-07-28,153001,2025072804005139,HDHPC,Naasa Securities Co. Ltd.,Neev Securities Pvt. Ltd.,10,208.2,2082.0,2025-07-28T11:24:13.784562
2025-07-28,153000,2025072804005140,HDHPC,Sharepro Securities Private Limited,Neev Securities Pvt. Ltd.,207,208.1,43076.7,2025-07-28T11:24:13.784591
2025-07-28,151915,2025072804005408,HDHPC,Sharepro Securities Private Limited,Vision Securities Pvt. Ltd,293,208.1,60973.3,2025-07-28T11:25:46.818803
2025-07-28,151558,2025072804005507,HDHPC,Sagarmatha Securities Private Limited,Vision Securities Pvt. Ltd,50,208.6,10430.0,2025-07-28T11:26:17.647437
2025-07-28,151317,2025072804005555,HDHPC,Sweta Securities Private Limited,Trisul Securities & Invt. Ltd.,229,208.0,47632.0,2025-07-28T11:26:37.424421
2025-07-28,151316,2025072804005556,HDHPC,Vision Securities Pvt. Ltd,Trisul Securities & Invt. Ltd.,20,208.0,4160.0,2025-07-28T11:26:37.424635
2025-07-28,151315,2025072804005557,HDHPC,Naasa Securities Co. Ltd.,Trisul Securities & Invt. Ltd.,90,208.0,18720.0,2025-07-28T11:26:37.424725
2025-07-28,151314,2025072804005558,HDHPC,Nepal Investment And Securities Trading Private Limited,Trisul Securities & Invt. Ltd.,100,208.0,20800.0,2025-07-28T11:26:37.424814
2025-07-28,151313,2025072804005559,HDHPC,Oxford Securities Pvt. Ltd.,Trisul Securities & Invt. Ltd.,4561,208.0,948688.0,2025-07-28T11:26:37.424899
2025-07-28,151230,2025072804005581,HDHPC,Dipshikha Dhitopatra Karobar Co. Pvt Ltd.,Online Securities Pvt. Ltd.,10,209.5,2095.0,2025-07-28T11:26:44.462732
2025-07-28,151011,2025072804005647,HDHPC,Nepal Stock House (PVT) Ltd.,Indira securities pvt. ltd,10,208.5,2085.0,2025-07-28T11:27:04.663903
2025-07-28,150751,2025072804005716,HDHPC,Oxford Securities Pvt. Ltd.,Premier Securities Company Ltd.,10,208.0,2080.0,2025-07-28T11:27:24.85878
2025-07-28,150639,2025072804005749,HDHPC,Oxford Securities Pvt. Ltd.,Pragyan Securities (PVT) Ltd.,300,208.0,62400.0,2025-07-28T11:27:33.359351
2025-07-28,150575,2025072804005774,HDHPC,Oxford Securities Pvt. Ltd.,NIMB Stock Markets Limited,1000,208.0,208000.0,2025-07-28T11:27:39.804072
2025-07-28,150495,2025072804005797,HDHPC,Online Securities Pvt. Ltd.,Midas Stock Broking Company Private Limited,60,208.5,12510.0,2025-07-28T11:27:50.841362
2025-07-28,150447,2025072804005810,HDHPC,Online Securities Pvt. Ltd.,Nagarik Stock Dealer ,40,208.5,8340.0,2025-07-28T11:27:55.313354
2025-07-28,150446,2025072804005811,HDHPC,Oxford Securities Pvt. Ltd.,Nagarik Stock Dealer ,92,208.0,19136.0,2025-07-28T11:27:55.31356
2025-07-28,150283,2025072804005846,HDHPC,Dipshikha Dhitopatra Karobar Co. Pvt Ltd.,Secured Securities Ltd.,10,209.0,2090.0,2025-07-28T11:28:10.983964
2025-07-28,149954,2025072804005931,HDHPC,Siprabi Securities Pvt. Ltd.,Secured Securities Ltd.,100,209.0,20900.0,2025-07-28T11:28:38.200574
2025-07-28,148782,2025072804006214,HDHPC,Oxford Securities Pvt. Ltd.,Imperial Securities Company Pvt. Ltd.,100,208.0,20800.0,2025-07-28T11:30:33.10303
2025-07-28,148648,2025072804006244,HDHPC,Oxford Securities Pvt. Ltd.,NIMB Stock Markets Limited,1000,208.0,208000.0,2025-07-28T11:30:44.99829
2025-07-28,148538,2025072804006258,HDHPC,Oxford Securities Pvt. Ltd.,Imperial Securities Company Pvt. Ltd.,30,208.0,6240.0,2025-07-28T11:30:56.586493
2025-07-28,148079,2025072804006375,HDHPC,Oxford Securities Pvt. Ltd.,Vision Securities Pvt. Ltd,300,208.0,62400.0,2025-07-28T11:31:32.115228
2025-07-28,147541,2025072804006493,HDHPC,Oxford Securities Pvt. Ltd.,Online Securities Pvt. Ltd.,30,208.0,6240.0,2025-07-28T11:32:27.829523
2025-07-28,147402,2025072804006524,HDHPC,Oxford Securities Pvt. Ltd.,Vision Securities Pvt. Ltd,50,208.0,10400.0,2025-07-28T11:32:41.359716
2025-07-28,147372,2025072804006529,HDHPC,Oxford Securities Pvt. Ltd.,Naasa Securities Co. Ltd.,110,208.0,22880.0,2025-07-28T11:32:44.112823
2025-07-28,146969,2025072804006613,HDHPC,Online Securities Pvt. Ltd.,Imperial Securities Company Pvt. Ltd.,500,208.1,104050.0,2025-07-28T11:33:19.798201
2025-07-28,146941,2025072804006622,HDHPC,Online Securities Pvt. Ltd.,Premier Securities Company Ltd.,177,208.1,36833.7,2025-07-28T11:33:23.03479
2025-07-28,146940,2025072804006623,HDHPC,Oxford Securities Pvt. Ltd.,Premier Securities Company Ltd.,1823,208.0,379184.0,2025-07-28T11:33:23.035044
2025-07-28,146854,2025072804006639,HDHPC,Oxford Securities Pvt. Ltd.,NIMB Stock Markets Limited,431,208.0,89648.0,2025-07-28T11:33:31.724285
2025-07-28,146636,2025072804006693,HDHPC,Oxford Securities Pvt. Ltd.,Premier Securities Company Ltd.,663,208.0,137904.0,2025-07-28T11:33:48.200355
2025-07-28,146635,2025072804006694,HDHPC,Oxford Securities Pvt. Ltd.,Premier Securities Company Ltd.,370,208.0,76960.0,2025-07-28T11:33:48.200591
2025-07-28,146634,2025072804006695,HDHPC,Ashutosh Brokerage & Securities (PVT) Ltd.,Premier Securities Company Ltd.,1000,208.0,208000.0,2025-07-28T11:33:48.200689
2025-07-28,146633,2025072804006696,HDHPC,Cristal Kanchanjanga Securites Pvt. Ltd.,Premier Securities Company Ltd.,100,208.0,20800.0,2025-07-28T11:33:48.200788
2025-07-28,146301,2025072804006755,HDHPC,Kalika Securities Pvt. Ltd.,Premier Securities Company Ltd.,50,208.0,10400.0,2025-07-28T11:34:17.142579
2025-07-28,145952,2025072804006828,HDHPC,Bhrikuti Stock Broking Co. Pvt. Ltd.,Premier Securities Company Ltd.,17,208.0,3536.0,2025-07-28T11:34:48.382941
2025-07-28,145951,2025072804006829,HDHPC,Bhrikuti Stock Broking Co. Pvt. Ltd.,Nepal Investment And Securities Trading Private Limited,33,208.0,6864.0,2025-07-28T11:34:48.383212
2025-07-28,145846,2025072804006860,HDHPC,Sani Securities Company Ltd.,Secured Securities Ltd.,100,207.6,20760.0,2025-07-28T11:34:57.922903
2025-07-28,145510,2025072804006948,HDHPC,Sani Securities Company Ltd.,Sundhara Securities Limited,80,207.6,16608.0,2025-07-28T11:35:24.024436
2025-07-28,145491,2025072804006955,HDHPC,Sani Securities Company Ltd.,Dipshikha Dhitopatra Karobar Co. Pvt Ltd.,237,207.6,49201.2,2025-07-28T11:35:26.259376
2025-07-28,145440,2025072804006983,HDHPC,Sani Securities Company Ltd.,Kohinoor Investment & Securities Pvt. Ltd.,100,207.6,20760.0,2025-07-28T11:35:30.389761
2025-07-28,145228,2025072804007046,HDHPC,Sani Securities Company Ltd.,Aryatara Investment & Securities,568,207.6,117916.8,2025-07-28T11:35:49.56674
2025-07-28,145060,2025072804007074,HDHPC,Sani Securities Company Ltd.,Nepal Investment And Securities Trading Private Limited,17,207.6,3529.2,2025-07-28T11:36:05.638026
2025-07-28,145011,2025072804007106,HDHPC,Swarna Laxmi Securities Pvt. Ltd.,Sani Securities Company Ltd.,500,208.0,104000.0,2025-07-28T11:36:08.356015
2025-07-28,145010,2025072804007107,HDHPC,Swarna Laxmi Securities Pvt. Ltd.,Vision Securities Pvt. Ltd,100,208.0,20800.0,2025-07-28T11:36:08.356296
2025-07-28,142988,2025072804007638,HDHPC,Sani Securities Company Ltd.,Online Securities Pvt. Ltd.,53,207.6,11002.8,2025-07-28T11:39:09.234409
2025-07-28,142977,2025072804007641,HDHPC,Vision Securities Pvt. Ltd,Sri Hari Securities Pvt. Ltd.,500,207.7,103850.0,2025-07-28T11:39:10.05853
2025-07-28,142849,2025072804007687,HDHPC,Sani Securities Company Ltd.,Online Securities Pvt. Ltd.,27,207.6,5605.2,2025-07-28T11:39:22.382488
2025-07-28,142848,2025072804007688,HDHPC,Naasa Securities Co. Ltd.,Online Securities Pvt. Ltd.,123,207.5,25522.5,2025-07-28T11:39:22.382771
2025-07-28,142705,2025072804007726,HDHPC,Nabil Stock Dealer Ltd.,Dynamic Money Managers Securities Pvt. Ltd.,290,207.7,60233.0,2025-07-28T11:39:36.386235
2025-07-28,142629,2025072804007740,HDHPC,Nabil Stock Dealer Ltd.,Trishakti Securities Public Limited,210,207.7,43617.0,2025-07-28T11:39:42.784766
2025-07-28,142628,2025072804007741,HDHPC,Naasa Securities Co. Ltd.,Trishakti Securities Public Limited,97,207.5,20127.5,2025-07-28T11:39:42.785045
2025-07-28,142627,2025072804007742,HDHPC,Kohinoor Investment & Securities Pvt. Ltd.,Trishakti Securities Public Limited,63,207.5,13072.5,2025-07-28T11:39:42.785193
2025-07-28,142269,2025072804007831,HDHPC,Kohinoor Investment & Securities Pvt. Ltd.,Midas Stock Broking Company Private Limited,937,207.5,194427.5,2025-07-28T11:40:16.431143
2025-07-28,141703,2025072804007982,HDHPC,Thrive Brokerage House Pvt. Ltd,Oxford Securities Pvt. Ltd.,10,207.1,2071.0,2025-07-28T11:41:08.898595
2025-07-28,141510,2025072804008077,HDHPC,Sani Securities Company Ltd.,Opal Securities Investment (PVT) Ltd.,100,207.3,20730.0,2025-07-28T11:41:25.442905
2025-07-28,141143,2025072804008168,HDHPC,Thrive Brokerage House Pvt. Ltd,Agrawal Securities (PVT) Ltd.,300,207.1,62130.0,2025-07-28T11:41:56.360415
2025-07-28,140691,2025072804008292,HDHPC,Thrive Brokerage House Pvt. Ltd,Vision Securities Pvt. Ltd,190,207.1,39349.0,2025-07-28T11:42:30.218487
2025-07-28,140690,2025072804008293,HDHPC,Imperial Securities Company Pvt. Ltd.,Vision Securities Pvt. Ltd,110,207.1,22781.0,2025-07-28T11:42:30.219038
2025-07-28,139971,2025072804008500,HDHPC,Imperial Securities Company Pvt. Ltd.,Bhrikuti Stock Broking Co. Pvt. Ltd.,90,207.1,18639.0,2025-07-28T11:43:18.3299
2025-07-28,139964,2025072804008503,HDHPC,Imperial Securities Company Pvt. Ltd.,Midas Stock Broking Company Private Limited,678,207.1,140413.8,2025-07-28T11:43:19.089034
2025-07-28,139713,2025072804008592,HDHPC,Imperial Securities Company Pvt. Ltd.,Primo Securities (PVT) Ltd.,122,207.1,25266.2,2025-07-28T11:43:37.143666
2025-07-28,139652,2025072804008617,HDHPC,Dynamic Money Managers Securities Pvt. Ltd.,Naasa Securities Co. Ltd.,100,207.0,20700.0,2025-07-28T11:43:41.810083
2025-07-28,139651,2025072804008618,HDHPC,Bhrikuti Stock Broking Co. Pvt. Ltd.,Naasa Securities Co. Ltd.,100,207.0,20700.0,2025-07-28T11:43:41.810392
2025-07-28,139650,2025072804008619,HDHPC,Oxford Securities Pvt. Ltd.,Naasa Securities Co. Ltd.,25,207.0,5175.0,2025-07-28T11:43:41.810517
2025-07-28,139513,2025072804008662,HDHPC,Oxford Securities Pvt. Ltd.,Neev Securities Pvt. Ltd.,75,207.0,15525.0,2025-07-28T11:43:54.468639
2025-07-28,139512,2025072804008663,HDHPC,Asian Securities Private Ltd.,Neev Securities Pvt. Ltd.,300,207.0,62100.0,2025-07-28T11:43:54.469156
2025-07-28,139511,2025072804008664,HDHPC,Premier Securities Company Ltd.,Neev Securities Pvt. Ltd.,200,207.0,41400.0,2025-07-28T11:43:54.469516
2025-07-28,139510,2025072804008665,HDHPC,Sani Securities Company Ltd.,Neev Securities Pvt. Ltd.,425,207.0,87975.0,2025-07-28T11:43:54.469857
2025-07-28,139341,2025072804008706,HDHPC,Sani Securities Company Ltd.,Sri Hari Securities Pvt. Ltd.,140,207.0,28980.0,2025-07-28T11:44:08.203444
2025-07-28,139161,2025072804008745,HDHPC,Sani Securities Company Ltd.,Ashutosh Brokerage & Securities (PVT) Ltd.,145,207.0,30015.0,2025-07-28T11:44:18.851777
2025-07-28,139160,2025072804008746,HDHPC,Premier Securities Company Ltd.,Ashutosh Brokerage & Securities (PVT) Ltd.,750,206.5,154875.0,2025-07-28T11:44:18.852022
2025-07-28,139159,2025072804008747,HDHPC,Swarna Laxmi Securities Pvt. Ltd.,Ashutosh Brokerage & Securities (PVT) Ltd.,500,206.5,103250.0,2025-07-28T11:44:18.85214
2025-07-28,138531,2025072804008848,HDHPC,Naasa Securities Co. Ltd.,Ashutosh Brokerage & Securities (PVT) Ltd.,759,206.5,156733.5,2025-07-28T11:45:06.257282
2025-07-28,137870,2025072804009013,HDHPC,Trishakti Securities Public Limited,Linch Stock Market Ltd.,1000,207.0,207000.0,2025-07-28T11:45:55.728753
2025-07-28,137869,2025072804009014,HDHPC,Trishakti Securities Public Limited,Naasa Securities Co. Ltd.,10,207.0,2070.0,2025-07-28T11:45:55.728815
2025-07-28,137868,2025072804009015,HDHPC,Trishakti Securities Public Limited,Primo Securities (PVT) Ltd.,343,207.1,71035.3,2025-07-28T11:45:55.728845
2025-07-28,137867,2025072804009016,HDHPC,Trishakti Securities Public Limited,Naasa Securities Co. Ltd.,147,207.5,30502.5,2025-07-28T11:45:55.728874
2025-07-28,137725,2025072804009056,HDHPC,Imperial Securities Company Pvt. Ltd.,Naasa Securities Co. Ltd.,82,207.5,17015.0,2025-07-28T11:46:07.471284
2025-07-28,136788,2025072804009312,HDHPC,Naasa Securities Co. Ltd.,Sri Hari Securities Pvt. Ltd.,20,206.5,4130.0,2025-07-28T11:47:14.852612
2025-07-28,136787,2025072804009313,HDHPC,Siprabi Securities Pvt. Ltd.,Naasa Securities Co. Ltd.,308,207.5,63910.0,2025-07-28T11:47:14.855684
2025-07-28,136786,2025072804009314,HDHPC,Siprabi Securities Pvt. Ltd.,Nepal Stock House (PVT) Ltd.,40,207.5,8300.0,2025-07-28T11:47:14.855935
2025-07-28,135707,2025072804009542,HDHPC,Siprabi Securities Pvt. Ltd.,Dynamic Money Managers Securities Pvt. Ltd.,133,207.5,27597.5,2025-07-28T11:48:21.317135
2025-07-28,135706,2025072804009543,HDHPC,Oxford Securities Pvt. Ltd.,Dynamic Money Managers Securities Pvt. Ltd.,289,206.6,59707.4,2025-07-28T11:48:21.317766
2025-07-28,134874,2025072804009691,HDHPC,Imperial Securities Company Pvt. Ltd.,Vision Securities Pvt. Ltd,500,207.0,103500.0,2025-07-28T11:49:07.959392
2025-07-28,134686,2025072804009754,HDHPC,Imperial Securities Company Pvt. Ltd.,Sani Securities Company Ltd.,400,207.0,82800.0,2025-07-28T11:49:19.338993
2025-07-28,134424,2025072804009841,HDHPC,Imperial Securities Company Pvt. Ltd.,Nepal Investment And Securities Trading Private Limited,100,207.0,20700.0,2025-07-28T11:49:36.307777
2025-07-28,134423,2025072804009842,HDHPC,Agrawal Securities (PVT) Ltd.,Nepal Investment And Securities Trading Private Limited,200,207.0,41400.0,2025-07-28T11:49:36.308075
2025-07-28,133952,2025072804009946,HDHPC,Midas Stock Broking Company Private Limited,Primo Securities (PVT) Ltd.,10,206.8,2068.0,2025-07-28T11:50:03.481836
2025-07-28,133642,2025072804010006,HDHPC,Linch Stock Market Ltd.,Naasa Securities Co. Ltd.,30,207.0,6210.0,2025-07-28T11:50:22.70155
2025-07-28,133351,2025072804010062,HDHPC,Linch Stock Market Ltd.,Sani Securities Company Ltd.,20,207.0,4140.0,2025-07-28T11:50:46.959516
2025-07-28,133169,2025072804010098,HDHPC,Midas Stock Broking Company Private Limited,Sundhara Securities Limited,540,206.8,111672.0,2025-07-28T11:50:57.882971
2025-07-28,132702,2025072804010196,HDHPC,Capital Max Securities Ltd,Sani Securities Company Ltd.,250,207.0,51750.0,2025-07-28T11:51:29.447876
2025-07-28,132655,2025072804010211,HDHPC,Midas Stock Broking Company Private Limited,Opal Securities Investment (PVT) Ltd.,70,206.8,14476.0,2025-07-28T11:51:34.163755
2025-07-28,132586,2025072804010218,HDHPC,ABC Securities Private Limited,Sani Securities Company Ltd.,130,207.0,26910.0,2025-07-28T11:51:38.703388
2025-07-28,132585,2025072804010219,HDHPC,ABC Securities Private Limited,Naasa Securities Co. Ltd.,170,207.0,35190.0,2025-07-28T11:51:38.703677
2025-07-28,132536,2025072804010228,HDHPC,Online Securities Pvt. Ltd.,Naasa Securities Co. Ltd.,90,207.0,18630.0,2025-07-28T11:51:41.776343
2025-07-28,131665,2025072804010373,HDHPC,Online Securities Pvt. Ltd.,Kumari Securities Private Limited,10,207.0,2070.0,2025-07-28T11:52:52.279649
2025-07-28,131664,2025072804010374,HDHPC,Nepal Stock House (PVT) Ltd.,Kumari Securities Private Limited,50,206.9,10345.0,2025-07-28T11:52:52.280365
2025-07-28,131663,2025072804010375,HDHPC,Midas Stock Broking Company Private Limited,Kumari Securities Private Limited,345,206.8,71346.0,2025-07-28T11:52:52.280904
2025-07-28,131662,2025072804010376,HDHPC,Nepal Stock House (PVT) Ltd.,Kumari Securities Private Limited,50,206.8,10340.0,2025-07-28T11:52:52.281425
2025-07-28,131661,2025072804010377,HDHPC,Agrawal Securities (PVT) Ltd.,Kumari Securities Private Limited,100,206.8,20680.0,2025-07-28T11:52:52.28183
2025-07-28,131660,2025072804010378,HDHPC,Shree Krishna Securities Ltd.,Kumari Securities Private Limited,100,206.7,20670.0,2025-07-28T11:52:52.282258
2025-07-28,131659,2025072804010379,HDHPC,Sani Securities Company Ltd.,Kumari Securities Private Limited,845,206.7,174661.5,2025-07-28T11:52:52.282843
2025-07-28,131087,2025072804010540,HDHPC,Dakshinkali Investment & Securities Pvt. Ltd.,Siprabi Securities Pvt. Ltd.,10,207.0,2070.0,2025-07-28T11:53:39.462221
2025-07-28,130641,2025072804010605,HDHPC,Vision Securities Pvt. Ltd,Siprabi Securities Pvt. Ltd.,25,207.0,5175.0,2025-07-28T11:54:21.832252
2025-07-28,130640,2025072804010606,HDHPC,Vision Securities Pvt. Ltd,Vision Securities Pvt. Ltd,175,207.0,36225.0,2025-07-28T11:54:21.832323
2025-07-28,130529,2025072804010621,HDHPC,Malla & Malla Stock Broking Company Pvt. Limited,Vision Securities Pvt. Ltd,50,207.0,10350.0,2025-07-28T11:54:34.925828
2025-07-28,130497,2025072804010638,HDHPC,Capital Max Securities Ltd,Vision Securities Pvt. Ltd,25,207.0,5175.0,2025-07-28T11:54:38.263355
2025-07-28,129682,2025072804010788,HDHPC,Capital Max Securities Ltd,Sumeru Securities Pvt. Ltd.,18,206.8,3722.4,2025-07-28T11:55:47.879766
2025-07-28,129547,2025072804010815,HDHPC,Vision Securities Pvt. Ltd,Dipshikha Dhitopatra Karobar Co. Pvt Ltd.,500,207.0,103500.0,2025-07-28T11:56:00.221572
2025-07-28,127505,2025072804011184,HDHPC,Online Securities Pvt. Ltd.,Trisul Securities & Invt. Ltd.,490,207.1,101479.0,2025-07-28T11:59:19.573802
2025-07-28,126852,2025072804011304,HDHPC,Kumari Securities Private Limited,Imperial Securities Company Pvt. Ltd.,100,207.4,20740.0,2025-07-28T12:00:11.205741
2025-07-28,126767,2025072804011315,HDHPC,Online Securities Pvt. Ltd.,Sani Securities Company Ltd.,38,207.1,7869.8,2025-07-28T12:00:20.57172
2025-07-28,126360,2025072804011376,HDHPC,Vision Securities Pvt. Ltd,Midas Stock Broking Company Private Limited,20,207.3,4146.0,2025-07-28T12:00:55.732577
2025-07-28,126359,2025072804011377,HDHPC,Aryatara Investment & Securities,Midas Stock Broking Company Private Limited,40,207.2,8288.0,2025-07-28T12:00:55.733213
2025-07-28,126342,2025072804011381,HDHPC,Aryatara Investment & Securities,Midas Stock Broking Company Private Limited,625,207.2,129500.0,2025-07-28T12:00:58.231288
2025-07-28,126037,2025072804011449,HDHPC,Online Securities Pvt. Ltd.,Imperial Securities Company Pvt. Ltd.,160,207.1,33136.0,2025-07-28T12:01:28.51535
2025-07-28,126026,2025072804011455,HDHPC,Online Securities Pvt. Ltd.,Neev Securities Pvt. Ltd.,312,207.1,64615.2,2025-07-28T12:01:29.296071
2025-07-28,126025,2025072804011456,HDHPC,Premier Securities Company Ltd.,Neev Securities Pvt. Ltd.,100,207.1,20710.0,2025-07-28T12:01:29.296159
2025-07-28,126024,2025072804011457,HDHPC,Sundhara Securities Limited,Neev Securities Pvt. Ltd.,24,207.0,4968.0,2025-07-28T12:01:29.296181
2025-07-28,126023,2025072804011458,HDHPC,Vision Securities Pvt. Ltd,Neev Securities Pvt. Ltd.,500,207.0,103500.0,2025-07-28T12:01:29.296203
2025-07-28,126022,2025072804011459,HDHPC,Sani Securities Company Ltd.,Neev Securities Pvt. Ltd.,500,207.0,103500.0,2025-07-28T12:01:29.296222
2025-07-28,126021,2025072804011460,HDHPC,Midas Stock Broking Company Private Limited,Neev Securities Pvt. Ltd.,200,207.0,41400.0,2025-07-28T12:01:29.296243
2025-07-28,126020,2025072804011461,HDHPC,Imperial Securities Company Pvt. Ltd.,Neev Securities Pvt. Ltd.,200,207.0,41400.0,2025-07-28T12:01:29.296262
2025-07-28,126019,2025072804011462,HDHPC,Midas Stock Broking Company Private Limited,Neev Securities Pvt. Ltd.,1000,206.9,206900.0,2025-07-28T12:01:29.296281
2025-07-28,126018,2025072804011463,HDHPC,Capital Max Securities Ltd,Neev Securities Pvt. Ltd.,32,206.8,6617.6,2025-07-28T12:01:29.296334
2025-07-28,126017,2025072804011464,HDHPC,Sani Securities Company Ltd.,Neev Securities Pvt. Ltd.,155,206.7,32038.5,2025-07-28T12:01:29.296361
2025-07-28,126016,2025072804011465,HDHPC,South Asian Bulls Pvt. Ltd.,Neev Securities Pvt. Ltd.,100,206.7,20670.0,2025-07-28T12:01:29.296387
2025-07-28,126015,2025072804011466,HDHPC,KALASH STOCK MARKET PVT. LTD.,Neev Securities Pvt. Ltd.,1000,206.7,206700.0,2025-07-28T12:01:29.296413
2025-07-28,126014,2025072804011467,HDHPC,Dipshikha Dhitopatra Karobar Co. Pvt Ltd.,Neev Securities Pvt. Ltd.,200,206.7,41340.0,2025-07-28T12:01:29.296437
2025-07-28,126013,2025072804011468,HDHPC,Naasa Securities Co. Ltd.,Neev Securities Pvt. Ltd.,221,206.5,45636.5,2025-07-28T12:01:29.29646
2025-07-28,126012,2025072804011469,HDHPC,Online Securities Pvt. Ltd.,Neev Securities Pvt. Ltd.,500,206.5,103250.0,2025-07-28T12:01:29.296482
2025-07-28,126011,2025072804011470,HDHPC,Siprabi Securities Pvt. Ltd.,Neev Securities Pvt. Ltd.,106,206.5,21889.0,2025-07-28T12:01:29.296507
2025-07-28,126010,2025072804011471,HDHPC,Thrive Brokerage House Pvt. Ltd,Neev Securities Pvt. Ltd.,500,206.3,103150.0,2025-07-28T12:01:29.296531
2025-07-28,126009,2025072804011472,HDHPC,Sani Securities Company Ltd.,Neev Securities Pvt. Ltd.,100,206.2,20620.0,2025-07-28T12:01:29.296554
2025-07-28,126008,2025072804011473,HDHPC,Shree Krishna Securities Ltd.,Neev Securities Pvt. Ltd.,100,206.2,20620.0,2025-07-28T12:01:29.296577
2025-07-28,126007,2025072804011474,HDHPC,Linch Stock Market Ltd.,Neev Securities Pvt. Ltd.,360,206.2,74232.0,2025-07-28T12:01:29.2966
2025-07-28,126006,2025072804011475,HDHPC,Stoxkarts Securities Limited,Neev Securities Pvt. Ltd.,1799,206.2,370953.8,2025-07-28T12:01:29.296624
2025-07-28,125528,2025072804011623,HDHPC,Nepal Stock House (PVT) Ltd.,Midas Stock Broking Company Private Limited,100,207.2,20720.0,2025-07-28T12:02:20.244262
2025-07-28,124826,2025072804011751,HDHPC,Nepal Stock House (PVT) Ltd.,Midas Stock Broking Company Private Limited,100,207.2,20720.0,2025-07-28T12:03:30.145057
2025-07-28,123286,2025072804012060,HDHPC,Online Securities Pvt. Ltd.,Sani Securities Company Ltd.,35,207.0,7245.0,2025-07-28T12:06:08.589346
2025-07-28,123285,2025072804012061,HDHPC,Online Securities Pvt. Ltd.,Premier Securities Company Ltd.,500,207.1,103550.0,2025-07-28T12:06:08.589681
2025-07-28,123284,2025072804012062,HDHPC,Online Securities Pvt. Ltd.,Trisul Securities & Invt. Ltd.,131,207.1,27130.1,2025-07-28T12:06:08.589834
2025-07-28,123283,2025072804012063,HDHPC,Online Securities Pvt. Ltd.,Midas Stock Broking Company Private Limited,675,207.2,139860.0,2025-07-28T12:06:08.590075
2025-07-28,123282,2025072804012064,HDHPC,Online Securities Pvt. Ltd.,Nepal Stock House (PVT) Ltd.,159,207.5,32992.5,2025-07-28T12:06:08.590234
2025-07-28,123185,2025072804012080,HDHPC,Deevyaa Securities & Stock House Pvt. Ltd,Nepal Stock House (PVT) Ltd.,140,207.5,29050.0,2025-07-28T12:06:15.985405
2025-07-28,122743,2025072804012184,HDHPC,Investment Management Nepal Pvt. Ltd.,Nepal Stock House (PVT) Ltd.,45,207.5,9337.5,2025-07-28T12:07:04.201077
2025-07-28,122075,2025072804012356,HDHPC,Kohinoor Investment & Securities Pvt. Ltd.,Nepal Stock House (PVT) Ltd.,100,207.0,20700.0,2025-07-28T12:08:19.638143
2025-07-28,119103,2025072804013253,HDHPC,Sani Securities Company Ltd.,Swarna Laxmi Securities Pvt. Ltd.,200,206.9,41380.0,2025-07-28T12:12:15.59134
2025-07-28,118323,2025072804013432,HDHPC,Sundhara Securities Limited,Sweta Securities Private Limited,10,207.0,2070.0,2025-07-28T12:13:12.354437
2025-07-28,118229,2025072804013449,HDHPC,Dakshinkali Investment & Securities Pvt. Ltd.,Dipshikha Dhitopatra Karobar Co. Pvt Ltd.,50,206.6,10330.0,2025-07-28T12:13:17.76079
2025-07-28,118228,2025072804013450,HDHPC,Oxford Securities Pvt. Ltd.,Dipshikha Dhitopatra Karobar Co. Pvt Ltd.,38,206.6,7850.8,2025-07-28T12:13:17.760841
2025-07-28,117975,2025072804013502,HDHPC,Naasa Securities Co. Ltd.,Sewa Securities Pvt. Ltd.,200,206.7,41340.0,2025-07-28T12:13:33.034789
2025-07-28,117590,2025072804013616,HDHPC,Oxford Securities Pvt. Ltd.,Opal Securities Investment (PVT) Ltd.,42,206.6,8677.2,2025-07-28T12:13:54.325565
2025-07-28,117589,2025072804013617,HDHPC,Sri Hari Securities Pvt. Ltd.,Opal Securities Investment (PVT) Ltd.,728,206.6,150404.8,2025-07-28T12:13:54.325663
2025-07-28,116276,2025072804013939,HDHPC,Siprabi Securities Pvt. Ltd.,Agrawal Securities (PVT) Ltd.,50,206.9,10345.0,2025-07-28T12:15:11.411989
2025-07-28,116247,2025072804013947,HDHPC,Sri Hari Securities Pvt. Ltd.,Naasa Securities Co. Ltd.,772,206.6,159495.2,2025-07-28T12:15:13.229224
2025-07-28,116246,2025072804013948,HDHPC,Sri Hari Securities Pvt. Ltd.,Naasa Securities Co. Ltd.,1228,206.6,253704.8,2025-07-28T12:15:13.229961
2025-07-28,116240,2025072804013950,HDHPC,Sri Hari Securities Pvt. Ltd.,Nepal Stock House (PVT) Ltd.,272,206.6,56195.2,2025-07-28T12:15:14.117467
2025-07-28,116239,2025072804013951,HDHPC,Sri Hari Securities Pvt. Ltd.,Nepal Stock House (PVT) Ltd.,228,206.6,47104.8,2025-07-28T12:15:14.117875
2025-07-28,115722,2025072804014090,HDHPC,Sri Hari Securities Pvt. Ltd.,Kohinoor Investment & Securities Pvt. Ltd.,200,206.6,41320.0,2025-07-28T12:15:43.778395
2025-07-28,114922,2025072804014298,HDHPC,Sri Hari Securities Pvt. Ltd.,Nepal Stock House (PVT) Ltd.,1072,206.6,221475.2,2025-07-28T12:16:24.790205
2025-07-28,114921,2025072804014299,HDHPC,Naasa Securities Co. Ltd.,Nepal Stock House (PVT) Ltd.,10,206.6,2066.0,2025-07-28T12:16:24.790555
2025-07-28,114482,2025072804014431,HDHPC,Capital Max Securities Ltd,Asian Securities Private Ltd.,200,206.4,41280.0,2025-07-28T12:16:48.090508
2025-07-28,114431,2025072804014443,HDHPC,Capital Max Securities Ltd,Agrawal Securities (PVT) Ltd.,250,206.4,51600.0,2025-07-28T12:16:51.785063
2025-07-28,114312,2025072804014472,HDHPC,Capital Max Securities Ltd,Dipshikha Dhitopatra Karobar Co. Pvt Ltd.,10,206.4,2064.0,2025-07-28T12:16:59.391492
2025-07-28,114210,2025072804014494,HDHPC,Capital Max Securities Ltd,Naasa Securities Co. Ltd.,100,206.4,20640.0,2025-07-28T12:17:06.258167
2025-07-28,114122,2025072804014514,HDHPC,Capital Max Securities Ltd,Kohinoor Investment & Securities Pvt. Ltd.,190,206.4,39216.0,2025-07-28T12:17:11.494031
2025-07-28,114121,2025072804014515,HDHPC,Bhrikuti Stock Broking Co. Pvt. Ltd.,Kohinoor Investment & Securities Pvt. Ltd.,20,206.4,4128.0,2025-07-28T12:17:11.494385
2025-07-28,113566,2025072804014712,HDHPC,Bhrikuti Stock Broking Co. Pvt. Ltd.,Creative Securities Pvt Ltd,140,206.4,28896.0,2025-07-28T12:17:43.367345
2025-07-28,113438,2025072804014735,HDHPC,Bhrikuti Stock Broking Co. Pvt. Ltd.,Himalayan Securities Limited,840,206.4,173376.0,2025-07-28T12:17:51.488835
2025-07-28,113374,2025072804014768,HDHPC,Premier Securities Company Ltd.,Premier Securities Company Ltd.,5,203.0,1015.0,2025-07-28T12:17:54.685653
2025-07-28,112785,2025072804014944,HDHPC,Stoxkarts Securities Limited,Aryatara Investment & Securities,100,206.2,20620.0,2025-07-28T12:18:31.683095
2025-07-28,112643,2025072804014983,HDHPC,Stoxkarts Securities Limited,Nepal Stock House (PVT) Ltd.,101,206.2,20826.2,2025-07-28T12:18:40.821679
2025-07-28,112642,2025072804014984,HDHPC,South Asian Bulls Pvt. Ltd.,Nepal Stock House (PVT) Ltd.,100,206.2,20620.0,2025-07-28T12:18:40.822062
2025-07-28,112641,2025072804014985,HDHPC,Online Securities Pvt. Ltd.,Nepal Stock House (PVT) Ltd.,944,206.2,194652.8,2025-07-28T12:18:40.822222
2025-07-28,112192,2025072804015110,HDHPC,Vision Securities Pvt. Ltd,Himalayan Securities Limited,20,206.4,4128.0,2025-07-28T12:19:07.474282
2025-07-28,111462,2025072804015292,HDHPC,Bhrikuti Stock Broking Co. Pvt. Ltd.,Imperial Securities Company Pvt. Ltd.,80,206.3,16504.0,2025-07-28T12:19:47.059436
2025-07-28,111141,2025072804015374,HDHPC,Bhrikuti Stock Broking Co. Pvt. Ltd.,Imperial Securities Company Pvt. Ltd.,120,206.3,24756.0,2025-07-28T12:20:04.933807
2025-07-28,111140,2025072804015375,HDHPC,Online Securities Pvt. Ltd.,Imperial Securities Company Pvt. Ltd.,56,206.2,11547.2,2025-07-28T12:20:04.934157
2025-07-28,111139,2025072804015376,HDHPC,Kumari Securities Private Limited,Imperial Securities Company Pvt. Ltd.,100,206.2,20620.0,2025-07-28T12:20:04.934324
2025-07-28,111138,2025072804015377,HDHPC,Midas Stock Broking Company Private Limited,Imperial Securities Company Pvt. Ltd.,500,206.2,103100.0,2025-07-28T12:20:04.934481
2025-07-28,111137,2025072804015378,HDHPC,Vision Securities Pvt. Ltd,Imperial Securities Company Pvt. Ltd.,2000,206.1,412200.0,2025-07-28T12:20:04.934634
2025-07-28,111136,2025072804015379,HDHPC,Agrawal Securities (PVT) Ltd.,Imperial Securities Company Pvt. Ltd.,224,206.1,46166.4,2025-07-28T12:20:04.934785
2025-07-28,110733,2025072804015487,HDHPC,Agrawal Securities (PVT) Ltd.,Online Securities Pvt. Ltd.,276,206.1,56883.6,2025-07-28T12:20:26.247607
2025-07-28,110732,2025072804015488,HDHPC,Naasa Securities Co. Ltd.,Online Securities Pvt. Ltd.,80,206.1,16488.0,2025-07-28T12:20:26.321516
2025-07-28,110574,2025072804015530,HDHPC,Vision Securities Pvt. Ltd,Online Securities Pvt. Ltd.,300,206.1,61830.0,2025-07-28T12:20:36.998831
2025-07-28,110512,2025072804015554,HDHPC,Imperial Securities Company Pvt. Ltd.,Dipshikha Dhitopatra Karobar Co. Pvt Ltd.,1000,206.0,206000.0,2025-07-28T12:20:41.478436
2025-07-28,110495,2025072804015562,HDHPC,Nepal Investment And Securities Trading Private Limited,Himalayan Securities Limited,140,206.0,28840.0,2025-07-28T12:20:42.828525
2025-07-28,110450,2025072804015581,HDHPC,Nepal Investment And Securities Trading Private Limited,Imperial Securities Company Pvt. Ltd.,38,206.0,7828.0,2025-07-28T12:20:45.494897
2025-07-28,110432,2025072804015584,HDHPC,Nepal Investment And Securities Trading Private Limited,Opal Securities Investment (PVT) Ltd.,322,206.0,66332.0,2025-07-28T12:20:46.943497
2025-07-28,110431,2025072804015585,HDHPC,Sani Securities Company Ltd.,Opal Securities Investment (PVT) Ltd.,10,206.0,2060.0,2025-07-28T12:20:46.943903
2025-07-28,110430,2025072804015586,HDHPC,Investment Management Nepal Pvt. Ltd.,Opal Securities Investment (PVT) Ltd.,488,206.0,100528.0,2025-07-28T12:20:46.94408
2025-07-28,110009,2025072804015740,HDHPC,Investment Management Nepal Pvt. Ltd.,Aryatara Investment & Securities,12,206.0,2472.0,2025-07-28T12:21:08.565484
2025-07-28,110008,2025072804015741,HDHPC,Kohinoor Investment & Securities Pvt. Ltd.,Aryatara Investment & Securities,488,206.0,100528.0,2025-07-28T12:21:08.565864
2025-07-28,109858,2025072804015783,HDHPC,Kohinoor Investment & Securities Pvt. Ltd.,Midas Stock Broking Company Private Limited,12,206.0,2472.0,2025-07-28T12:21:18.194659
2025-07-28,109857,2025072804015784,HDHPC,Sani Securities Company Ltd.,Midas Stock Broking Company Private Limited,75,206.0,15450.0,2025-07-28T12:21:18.194998
2025-07-28,109856,2025072804015785,HDHPC,Online Securities Pvt. Ltd.,Midas Stock Broking Company Private Limited,500,206.0,103000.0,2025-07-28T12:21:18.195161
2025-07-28,109855,2025072804015786,HDHPC,Imperial Securities Company Pvt. Ltd.,Midas Stock Broking Company Private Limited,30,206.0,6180.0,2025-07-28T12:21:18.195346
2025-07-28,109854,2025072804015787,HDHPC,Aryatara Investment & Securities,Midas Stock Broking Company Private Limited,50,206.0,10300.0,2025-07-28T12:21:18.195504
2025-07-28,109853,2025072804015788,HDHPC,ABC Securities Private Limited,Midas Stock Broking Company Private Limited,10,206.0,2060.0,2025-07-28T12:21:18.195657
2025-07-28,109852,2025072804015789,HDHPC,Online Securities Pvt. Ltd.,Midas Stock Broking Company Private Limited,20,206.0,4120.0,2025-07-28T12:21:18.19581
2025-07-28,109851,2025072804015790,HDHPC,Dakshinkali Investment & Securities Pvt. Ltd.,Midas Stock Broking Company Private Limited,100,206.0,20600.0,2025-07-28T12:21:18.195962
2025-07-28,109850,2025072804015791,HDHPC,Naasa Securities Co. Ltd.,Midas Stock Broking Company Private Limited,50,206.0,10300.0,2025-07-28T12:21:18.196123
2025-07-28,109849,2025072804015792,HDHPC,Infinity Securities Limited,Midas Stock Broking Company Private Limited,100,206.0,20600.0,2025-07-28T12:21:18.19628
2025-07-28,109848,2025072804015793,HDHPC,ABC Securities Private Limited,Midas Stock Broking Company Private Limited,559,206.0,115154.0,2025-07-28T12:21:18.196437
2025-07-28,109829,2025072804015796,HDHPC,ABC Securities Private Limited,Online Securities Pvt. Ltd.,411,206.0,84666.0,2025-07-28T12:21:19.712286
2025-07-28,109828,2025072804015797,HDHPC,Nepal Stock House (PVT) Ltd.,Online Securities Pvt. Ltd.,100,206.0,20600.0,2025-07-28T12:21:19.712644
2025-07-28,109827,2025072804015798,HDHPC,Sani Securities Company Ltd.,Online Securities Pvt. Ltd.,13,206.0,2678.0,2025-07-28T12:21:19.712805
2025-07-28,109826,2025072804015799,HDHPC,Trisul Securities & Invt. Ltd.,Online Securities Pvt. Ltd.,160,206.0,32960.0,2025-07-28T12:21:19.712977
2025-07-28,109714,2025072804015850,HDHPC,Trisul Securities & Invt. Ltd.,Dipshikha Dhitopatra Karobar Co. Pvt Ltd.,340,206.0,70040.0,2025-07-28T12:21:26.344937
2025-07-28,109713,2025072804015851,HDHPC,Cristal Kanchanjanga Securites Pvt. Ltd.,Dipshikha Dhitopatra Karobar Co. Pvt Ltd.,100,206.0,20600.0,2025-07-28T12:21:26.345335
2025-07-28,109712,2025072804015852,HDHPC,Siprabi Securities Pvt. Ltd.,Dipshikha Dhitopatra Karobar Co. Pvt Ltd.,60,206.0,12360.0,2025-07-28T12:21:26.345498
2025-07-28,109283,2025072804015959,HDHPC,SHUBHAKAMANA SECURITIES PVT. LTD,Imperial Securities Company Pvt. Ltd.,50,206.5,10325.0,2025-07-28T12:21:53.77676
2025-07-28,109282,2025072804015960,HDHPC,SHUBHAKAMANA SECURITIES PVT. LTD,Nepal Stock House (PVT) Ltd.,50,206.5,10325.0,2025-07-28T12:21:53.77682
2025-07-28,109281,2025072804015961,HDHPC,SHUBHAKAMANA SECURITIES PVT. LTD,Imperial Securities Company Pvt. Ltd.,50,206.8,10340.0,2025-07-28T12:21:53.776891
2025-07-28,109280,2025072804015962,HDHPC,SHUBHAKAMANA SECURITIES PVT. LTD,Sweta Securities Private Limited,190,207.0,39330.0,2025-07-28T12:21:53.776923
2025-07-28,109279,2025072804015963,HDHPC,SHUBHAKAMANA SECURITIES PVT. LTD,SUN SECURITIES PVT LTD,500,207.0,103500.0,2025-07-28T12:21:53.77696
2025-07-28,109278,2025072804015964,HDHPC,SHUBHAKAMANA SECURITIES PVT. LTD,Siprabi Securities Pvt. Ltd.,88,207.0,18216.0,2025-07-28T12:21:53.776986
2025-07-28,109277,2025072804015965,HDHPC,SHUBHAKAMANA SECURITIES PVT. LTD,Sumeru Securities Pvt. Ltd.,18,207.0,3726.0,2025-07-28T12:21:53.777012
2025-07-28,109276,2025072804015966,HDHPC,SHUBHAKAMANA SECURITIES PVT. LTD,Imperial Securities Company Pvt. Ltd.,50,207.0,10350.0,2025-07-28T12:21:53.777037
2025-07-28,109275,2025072804015967,HDHPC,SHUBHAKAMANA SECURITIES PVT. LTD,Deevyaa Securities & Stock House Pvt. Ltd,1504,207.0,311328.0,2025-07-28T12:21:53.777061
2025-07-28,109173,2025072804015997,HDHPC,Siprabi Securities Pvt. Ltd.,Secured Securities Ltd.,40,206.0,8240.0,2025-07-28T12:22:01.648721
2025-07-28,109172,2025072804015998,HDHPC,Sani Securities Company Ltd.,Secured Securities Ltd.,150,206.0,30900.0,2025-07-28T12:22:01.649098
2025-07-28,109171,2025072804015999,HDHPC,Trishakti Securities Public Limited,Secured Securities Ltd.,100,206.0,20600.0,2025-07-28T12:22:01.649256
2025-07-28,109170,2025072804016000,HDHPC,Dipshikha Dhitopatra Karobar Co. Pvt Ltd.,Secured Securities Ltd.,97,206.0,19982.0,2025-07-28T12:22:01.649434
2025-07-28,108659,2025072804016175,HDHPC,Vision Securities Pvt. Ltd,Arun Securities (PVT) Ltd.,10,206.1,2061.0,2025-07-28T12:22:35.630692
2025-07-28,108658,2025072804016176,HDHPC,Dipshikha Dhitopatra Karobar Co. Pvt Ltd.,Arun Securities (PVT) Ltd.,903,206.0,186018.0,2025-07-28T12:22:35.631053
2025-07-28,108657,2025072804016177,HDHPC,Agrawal Securities (PVT) Ltd.,Arun Securities (PVT) Ltd.,87,206.0,17922.0,2025-07-28T12:22:35.6312
2025-07-28,107151,2025072804016596,HDHPC,SHUBHAKAMANA SECURITIES PVT. LTD,Online Securities Pvt. Ltd.,500,206.9,103450.0,2025-07-28T12:24:18.965865
2025-07-28,107150,2025072804016597,HDHPC,SHUBHAKAMANA SECURITIES PVT. LTD,Deevyaa Securities & Stock House Pvt. Ltd,1096,207.0,226872.0,2025-07-28T12:24:18.965936
2025-07-28,107149,2025072804016598,HDHPC,SHUBHAKAMANA SECURITIES PVT. LTD,Sundhara Securities Limited,904,207.0,187128.0,2025-07-28T12:24:18.965969
2025-07-28,106890,2025072804016676,HDHPC,Agrawal Securities (PVT) Ltd.,Arun Securities (PVT) Ltd.,13,206.0,2678.0,2025-07-28T12:24:38.305742
2025-07-28,106889,2025072804016677,HDHPC,Nepal Stock House (PVT) Ltd.,Arun Securities (PVT) Ltd.,100,206.0,20600.0,2025-07-28T12:24:38.306055
2025-07-28,106888,2025072804016678,HDHPC,Beni Securities Pvt.Ltd.,Arun Securities (PVT) Ltd.,490,206.0,100940.0,2025-07-28T12:24:38.306201
2025-07-28,106654,2025072804016720,HDHPC,Sani Securities Company Ltd.,Arun Securities (PVT) Ltd.,297,206.0,61182.0,2025-07-28T12:24:53.101657
2025-07-28,106215,2025072804016823,HDHPC,Sani Securities Company Ltd.,Sumeru Securities Pvt. Ltd.,1311,206.0,270066.0,2025-07-28T12:25:23.911738
2025-07-28,105707,2025072804016967,HDHPC,Sani Securities Company Ltd.,Siprabi Securities Pvt. Ltd.,392,206.0,80752.0,2025-07-28T12:26:04.293975
2025-07-28,105643,2025072804016984,HDHPC,Swarna Laxmi Securities Pvt. Ltd.,Siprabi Securities Pvt. Ltd.,50,206.0,10300.0,2025-07-28T12:26:09.002873
2025-07-28,105113,2025072804017115,HDHPC,Shree Krishna Securities Ltd.,J.F. Securites (PVT) Ltd.,100,205.9,20590.0,2025-07-28T12:26:49.415059
2025-07-28,105112,2025072804017116,HDHPC,Thrive Brokerage House Pvt. Ltd,J.F. Securites (PVT) Ltd.,100,205.7,20570.0,2025-07-28T12:26:49.415425
2025-07-28,105085,2025072804017123,HDHPC,Siprabi Securities Pvt. Ltd.,Siprabi Securities Pvt. Ltd.,794,206.0,163564.0,2025-07-28T12:26:51.068008
2025-07-28,105084,2025072804017124,HDHPC,Siprabi Securities Pvt. Ltd.,J.F. Securites (PVT) Ltd.,200,206.0,41200.0,2025-07-28T12:26:51.068391
2025-07-28,105083,2025072804017125,HDHPC,Siprabi Securities Pvt. Ltd.,Imperial Securities Company Pvt. Ltd.,461,206.0,94966.0,2025-07-28T12:26:51.068549
2025-07-28,104312,2025072804017315,HDHPC,Secured Securities Ltd.,Imperial Securities Company Pvt. Ltd.,39,206.0,8034.0,2025-07-28T12:27:49.156507
2025-07-28,104132,2025072804017355,HDHPC,Secured Securities Ltd.,K.B.L. Securities Limited ,100,206.0,20600.0,2025-07-28T12:27:59.573423
2025-07-28,103701,2025072804017480,HDHPC,Secured Securities Ltd.,Trishakti Securities Public Limited,361,206.0,74366.0,2025-07-28T12:28:32.879945
2025-07-28,103700,2025072804017481,HDHPC,SHUBHAKAMANA SECURITIES PVT. LTD,Trishakti Securities Public Limited,439,206.0,90434.0,2025-07-28T12:28:32.880302
2025-07-28,102691,2025072804017699,HDHPC,SHUBHAKAMANA SECURITIES PVT. LTD,Sharepro Securities Private Limited,61,206.0,12566.0,2025-07-28T12:29:42.289039
2025-07-28,102690,2025072804017700,HDHPC,Malla & Malla Stock Broking Company Pvt. Limited,Sharepro Securities Private Limited,439,206.0,90434.0,2025-07-28T12:29:42.289391
2025-07-28,102379,2025072804017755,HDHPC,Malla & Malla Stock Broking Company Pvt. Limited,Naasa Securities Co. Ltd.,50,206.0,10300.0,2025-07-28T12:30:06.619833
2025-07-28,101572,2025072804017952,HDHPC,Malla & Malla Stock Broking Company Pvt. Limited,Sharepro Securities Private Limited,511,206.0,105266.0,2025-07-28T12:31:16.146379
2025-07-28,101571,2025072804017953,HDHPC,Malla & Malla Stock Broking Company Pvt. Limited,Sharepro Securities Private Limited,144,206.0,29664.0,2025-07-28T12:31:16.146771
2025-07-28,101471,2025072804017965,HDHPC,Malla & Malla Stock Broking Company Pvt. Limited,Naasa Securities Co. Ltd.,175,206.0,36050.0,2025-07-28T12:31:23.668373
2025-07-28,101366,2025072804017985,HDHPC,Malla & Malla Stock Broking Company Pvt. Limited,Thrive Brokerage House Pvt. Ltd,10,206.0,2060.0,2025-07-28T12:31:34.187458
2025-07-28,101068,2025072804018044,HDHPC,Cristal Kanchanjanga Securites Pvt. Ltd.,Vision Securities Pvt. Ltd,250,206.5,51625.0,2025-07-28T12:31:57.353183
2025-07-28,99282,2025072804018446,HDHPC,Kalika Securities Pvt. Ltd.,Sundhara Securities Limited,50,207.0,10350.0,2025-07-28T12:34:26.664614
2025-07-28,97821,2025072804018753,HDHPC,Creative Securities Pvt Ltd,Sundhara Securities Limited,200,207.0,41400.0,2025-07-28T12:36:15.170913
2025-07-28,97817,2025072804018754,HDHPC,Trishakti Securities Public Limited,Sundhara Securities Limited,346,207.0,71622.0,2025-07-28T12:36:15.63909
2025-07-28,97816,2025072804018755,HDHPC,Trishakti Securities Public Limited,Nepal Investment And Securities Trading Private Limited,64,207.0,13248.0,2025-07-28T12:36:15.639477
2025-07-28,97080,2025072804018906,HDHPC,Cristal Kanchanjanga Securites Pvt. Ltd.,Thrive Brokerage House Pvt. Ltd,250,206.5,51625.0,2025-07-28T12:37:17.48363
2025-07-28,97079,2025072804018907,HDHPC,Nepal Stock House (PVT) Ltd.,Thrive Brokerage House Pvt. Ltd,55,206.5,11357.5,2025-07-28T12:37:17.483992
2025-07-28,96914,2025072804018952,HDHPC,Creative Securities Pvt Ltd,Nepal Investment And Securities Trading Private Limited,36,207.0,7452.0,2025-07-28T12:37:30.034949
2025-07-28,96913,2025072804018953,HDHPC,Creative Securities Pvt Ltd,Trishakti Securities Public Limited,164,207.0,33948.0,2025-07-28T12:37:30.035423
2025-07-28,96753,2025072804018993,HDHPC,Nepal Stock House (PVT) Ltd.,Deevyaa Securities & Stock House Pvt. Ltd,400,206.5,82600.0,2025-07-28T12:37:44.296558
2025-07-28,96632,2025072804019014,HDHPC,Nepal Stock House (PVT) Ltd.,Creative Securities Pvt Ltd,45,206.5,9292.5,2025-07-28T12:37:54.747647
2025-07-28,96212,2025072804019078,HDHPC,Aryatara Investment & Securities,Cristal Kanchanjanga Securites Pvt. Ltd.,295,206.5,60917.5,2025-07-28T12:38:29.19488
2025-07-28,95312,2025072804019299,HDHPC,Himalayan Brokerage Company Limited,KALASH STOCK MARKET PVT. LTD.,12,206.6,2479.2,2025-07-28T12:39:35.318511
2025-07-28,95311,2025072804019300,HDHPC,Opal Securities Investment (PVT) Ltd.,KALASH STOCK MARKET PVT. LTD.,145,206.6,29957.0,2025-07-28T12:39:35.318922
2025-07-28,95310,2025072804019301,HDHPC,Aryatara Investment & Securities,KALASH STOCK MARKET PVT. LTD.,205,206.5,42332.5,2025-07-28T12:39:35.319109
2025-07-28,95309,2025072804019302,HDHPC,Malla & Malla Stock Broking Company Pvt. Limited,KALASH STOCK MARKET PVT. LTD.,671,206.0,138226.0,2025-07-28T12:39:35.31927
2025-07-28,95308,2025072804019303,HDHPC,Neev Securities Pvt. Ltd.,KALASH STOCK MARKET PVT. LTD.,967,206.0,199202.0,2025-07-28T12:39:35.319447
2025-07-28,95114,2025072804019360,HDHPC,Neev Securities Pvt. Ltd.,Premier Securities Company Ltd.,33,206.0,6798.0,2025-07-28T12:39:49.357932
2025-07-28,95113,2025072804019361,HDHPC,Creative Securities Pvt Ltd,Premier Securities Company Ltd.,500,206.0,103000.0,2025-07-28T12:39:49.358699
2025-07-28,95112,2025072804019362,HDHPC,Malla & Malla Stock Broking Company Pvt. Limited,Premier Securities Company Ltd.,467,206.0,96202.0,2025-07-28T12:39:49.359192
2025-07-28,94796,2025072804019413,HDHPC,Agrawal Securities (PVT) Ltd.,Global IME Securities Limited,268,206.5,55342.0,2025-07-28T12:40:10.631887
2025-07-28,94098,2025072804019596,HDHPC,Secured Securities Ltd.,Trishakti Securities Public Limited,1000,207.0,207000.0,2025-07-28T12:40:46.875673
2025-07-28,93827,2025072804019659,HDHPC,Agrawal Securities (PVT) Ltd.,Trishakti Securities Public Limited,1366,207.0,282762.0,2025-07-28T12:40:59.292835
2025-07-28,93826,2025072804019660,HDHPC,Agrawal Securities (PVT) Ltd.,Nepal Stock House (PVT) Ltd.,366,207.0,75762.0,2025-07-28T12:40:59.293216
2025-07-28,93792,2025072804019670,HDHPC,Agrawal Securities (PVT) Ltd.,Naasa Securities Co. Ltd.,100,206.5,20650.0,2025-07-28T12:41:01.254049
2025-07-28,93791,2025072804019671,HDHPC,Market Securities & Exchange (PVT) Ltd.,Naasa Securities Co. Ltd.,120,206.5,24780.0,2025-07-28T12:41:01.254433
2025-07-28,93790,2025072804019672,HDHPC,Kohinoor Investment & Securities Pvt. Ltd.,Naasa Securities Co. Ltd.,30,206.5,6195.0,2025-07-28T12:41:01.254595
2025-07-28,93201,2025072804019825,HDHPC,Investment Management Nepal Pvt. Ltd.,Secured Securities Ltd.,200,206.6,41320.0,2025-07-28T12:41:31.619759
2025-07-28,93200,2025072804019826,HDHPC,Kohinoor Investment & Securities Pvt. Ltd.,Secured Securities Ltd.,190,206.5,39235.0,2025-07-28T12:41:31.620163
2025-07-28,93199,2025072804019827,HDHPC,Naasa Securities Co. Ltd.,Secured Securities Ltd.,144,206.5,29736.0,2025-07-28T12:41:31.6619
2025-07-28,93013,2025072804019871,HDHPC,Naasa Securities Co. Ltd.,Secured Securities Ltd.,50,206.5,10325.0,2025-07-28T12:41:39.255348
2025-07-28,92303,2025072804020060,HDHPC,Malla & Malla Stock Broking Company Pvt. Limited,Secured Securities Ltd.,533,206.0,109798.0,2025-07-28T12:42:11.068482
2025-07-28,92302,2025072804020061,HDHPC,Sani Securities Company Ltd.,Secured Securities Ltd.,30,206.0,6180.0,2025-07-28T12:42:11.068852
2025-07-28,92301,2025072804020062,HDHPC,Naasa Securities Co. Ltd.,Secured Securities Ltd.,853,206.0,175718.0,2025-07-28T12:42:11.069016
2025-07-28,91980,2025072804020163,HDHPC,Vision Securities Pvt. Ltd,Nepal Stock House (PVT) Ltd.,134,207.0,27738.0,2025-07-28T12:42:29.64223
2025-07-28,91979,2025072804020164,HDHPC,Vision Securities Pvt. Ltd,Asian Securities Private Ltd.,366,207.0,75762.0,2025-07-28T12:42:29.642648
2025-07-28,91602,2025072804020247,HDHPC,Vision Securities Pvt. Ltd,Asian Securities Private Ltd.,500,207.0,103500.0,2025-07-28T12:42:53.732464
2025-07-28,91024,2025072804020368,HDHPC,Cristal Kanchanjanga Securites Pvt. Ltd.,Asian Securities Private Ltd.,13,207.0,2691.0,2025-07-28T12:43:27.719511
2025-07-28,91023,2025072804020369,HDHPC,Cristal Kanchanjanga Securites Pvt. Ltd.,Naasa Securities Co. Ltd.,145,207.0,30015.0,2025-07-28T12:43:27.719878
2025-07-28,91022,2025072804020370,HDHPC,Cristal Kanchanjanga Securites Pvt. Ltd.,Naasa Securities Co. Ltd.,180,207.0,37260.0,2025-07-28T12:43:27.720069
2025-07-28,91021,2025072804020371,HDHPC,Cristal Kanchanjanga Securites Pvt. Ltd.,Nepal Investment And Securities Trading Private Limited,35,207.0,7245.0,2025-07-28T12:43:27.720243
2025-07-28,91020,2025072804020372,HDHPC,Cristal Kanchanjanga Securites Pvt. Ltd.,Naasa Securities Co. Ltd.,1000,207.0,207000.0,2025-07-28T12:43:27.720412
2025-07-28,91019,2025072804020373,HDHPC,Cristal Kanchanjanga Securites Pvt. Ltd.,Sani Securities Company Ltd.,130,207.0,26910.0,2025-07-28T12:43:27.720581
2025-07-28,91018,2025072804020374,HDHPC,Cristal Kanchanjanga Securites Pvt. Ltd.,Magnet Securities and Investment Company Private Limited,497,207.0,102879.0,2025-07-28T12:43:27.720743
2025-07-28,90225,2025072804020579,HDHPC,Vision Securities Pvt. Ltd,Magnet Securities and Investment Company Private Limited,400,207.0,82800.0,2025-07-28T12:44:27.19346
2025-07-28,90098,2025072804020620,HDHPC,Malla & Malla Stock Broking Company Pvt. Limited,Magnet Securities and Investment Company Private Limited,69,207.0,14283.0,2025-07-28T12:44:37.034054
2025-07-28,90097,2025072804020621,HDHPC,Malla & Malla Stock Broking Company Pvt. Limited,Sani Securities Company Ltd.,31,207.0,6417.0,2025-07-28T12:44:37.034419
2025-07-28,89970,2025072804020644,HDHPC,Trishakti Securities Public Limited,Sani Securities Company Ltd.,29,207.0,6003.0,2025-07-28T12:44:49.687256
2025-07-28,89925,2025072804020650,HDHPC,Trishakti Securities Public Limited,Naasa Securities Co. Ltd.,10,207.0,2070.0,2025-07-28T12:44:52.028988
2025-07-28,88898,2025072804020938,HDHPC,Trishakti Securities Public Limited,Trisul Securities & Invt. Ltd.,961,207.0,198927.0,2025-07-28T12:46:09.409726
2025-07-28,88897,2025072804020939,HDHPC,Creative Securities Pvt Ltd,Trisul Securities & Invt. Ltd.,100,207.0,20700.0,2025-07-28T12:46:09.410522
2025-07-28,88896,2025072804020940,HDHPC,Nepal Investment And Securities Trading Private Limited,Trisul Securities & Invt. Ltd.,100,207.0,20700.0,2025-07-28T12:46:09.411056
2025-07-28,88865,2025072804020942,HDHPC,Dipshikha Dhitopatra Karobar Co. Pvt Ltd.,Nepal Stock House (PVT) Ltd.,200,207.5,41500.0,2025-07-28T12:46:11.193849
2025-07-28,88767,2025072804020949,HDHPC,Naasa Securities Co. Ltd.,Sundhara Securities Limited,10,207.0,2070.0,2025-07-28T12:46:14.738142
2025-07-28,88766,2025072804020950,HDHPC,Vision Securities Pvt. Ltd,Sundhara Securities Limited,100,207.0,20700.0,2025-07-28T12:46:14.738535
2025-07-28,88448,2025072804021039,HDHPC,Agrawal Securities (PVT) Ltd.,Sundhara Securities Limited,70,207.0,14490.0,2025-07-28T12:46:41.437138
2025-07-28,88364,2025072804021056,HDHPC,Sundhara Securities Limited,Sundhara Securities Limited,1000,207.0,207000.0,2025-07-28T12:46:48.866476
2025-07-28,88214,2025072804021090,HDHPC,Naasa Securities Co. Ltd.,Naasa Securities Co. Ltd.,11,206.9,2275.9,2025-07-28T12:46:59.128554
2025-07-28,88079,2025072804021149,HDHPC,Neev Securities Pvt. Ltd.,Naasa Securities Co. Ltd.,139,206.9,28759.1,2025-07-28T12:47:16.041933
2025-07-28,88078,2025072804021150,HDHPC,Neev Securities Pvt. Ltd.,Sundhara Securities Limited,1011,207.0,209277.0,2025-07-28T12:47:16.042683
2025-07-28,87871,2025072804021225,HDHPC,Sani Securities Company Ltd.,Sundhara Securities Limited,400,207.0,82800.0,2025-07-28T12:47:35.102592
2025-07-28,87821,2025072804021238,HDHPC,Premier Securities Company Ltd.,Sundhara Securities Limited,500,207.0,103500.0,2025-07-28T12:47:42.360378
2025-07-28,87497,2025072804021349,HDHPC,Sundhara Securities Limited,Sundhara Securities Limited,409,207.0,84663.0,2025-07-28T12:48:15.79813
2025-07-28,87226,2025072804021415,HDHPC,Sundhara Securities Limited,Naasa Securities Co. Ltd.,500,207.0,103500.0,2025-07-28T12:48:45.462403
2025-07-28,87099,2025072804021438,HDHPC,Sundhara Securities Limited,Trishakti Securities Public Limited,91,207.0,18837.0,2025-07-28T12:49:00.648558
2025-07-28,87098,2025072804021439,HDHPC,Creative Securities Pvt Ltd,Trishakti Securities Public Limited,100,207.0,20700.0,2025-07-28T12:49:00.64895
2025-07-28,87097,2025072804021440,HDHPC,Asian Securities Private Ltd.,Trishakti Securities Public Limited,30,207.0,6210.0,2025-07-28T12:49:00.649115
2025-07-28,87096,2025072804021441,HDHPC,Naasa Securities Co. Ltd.,Trishakti Securities Public Limited,35,207.0,7245.0,2025-07-28T12:49:00.649291
2025-07-28,87024,2025072804021480,HDHPC,Dynamic Money Managers Securities Pvt. Ltd.,Trishakti Securities Public Limited,44,207.0,9108.0,2025-07-28T12:49:08.834974
2025-07-28,86849,2025072804021502,HDHPC,Dynamic Money Managers Securities Pvt. Ltd.,Naasa Securities Co. Ltd.,100,207.0,20700.0,2025-07-28T12:49:23.30998
2025-07-28,86751,2025072804021535,HDHPC,Dynamic Money Managers Securities Pvt. Ltd.,Imperial Securities Company Pvt. Ltd.,200,207.0,41400.0,2025-07-28T12:49:35.508416
2025-07-28,86684,2025072804021550,HDHPC,Investment Management Nepal Pvt. Ltd.,Nepal Stock House (PVT) Ltd.,56,207.5,11620.0,2025-07-28T12:49:38.660028
2025-07-28,86683,2025072804021551,HDHPC,Investment Management Nepal Pvt. Ltd.,Imperial Securities Company Pvt. Ltd.,100,207.5,20750.0,2025-07-28T12:49:38.66057
2025-07-28,86031,2025072804021739,HDHPC,Vision Securities Pvt. Ltd,Naasa Securities Co. Ltd.,150,207.6,31140.0,2025-07-28T12:50:56.049751
2025-07-28,85827,2025072804021795,HDHPC,Vision Securities Pvt. Ltd,Trisul Securities & Invt. Ltd.,350,207.6,72660.0,2025-07-28T12:51:16.28206
2025-07-28,85826,2025072804021796,HDHPC,Investment Management Nepal Pvt. Ltd.,Trisul Securities & Invt. Ltd.,155,207.5,32162.5,2025-07-28T12:51:16.282523
2025-07-28,85808,2025072804021800,HDHPC,Investment Management Nepal Pvt. Ltd.,Naasa Securities Co. Ltd.,689,207.5,142967.5,2025-07-28T12:51:18.427899
2025-07-28,85807,2025072804021801,HDHPC,Midas Stock Broking Company Private Limited,Naasa Securities Co. Ltd.,555,207.1,114940.5,2025-07-28T12:51:18.428294
2025-07-28,85806,2025072804021802,HDHPC,Dynamic Money Managers Securities Pvt. Ltd.,Naasa Securities Co. Ltd.,656,207.0,135792.0,2025-07-28T12:51:18.428507
2025-07-28,85805,2025072804021803,HDHPC,Opal Securities Investment (PVT) Ltd.,Naasa Securities Co. Ltd.,400,207.0,82800.0,2025-07-28T12:51:18.429244
2025-07-28,85804,2025072804021804,HDHPC,Asian Securities Private Ltd.,Naasa Securities Co. Ltd.,100,207.0,20700.0,2025-07-28T12:51:18.42989
2025-07-28,85803,2025072804021805,HDHPC,Nepal Investment And Securities Trading Private Limited,Naasa Securities Co. Ltd.,200,207.0,41400.0,2025-07-28T12:51:18.430488
2025-07-28,85701,2025072804021837,HDHPC,ABC Securities Private Limited,Naasa Securities Co. Ltd.,100,207.0,20700.0,2025-07-28T12:51:27.548161
2025-07-28,85570,2025072804021894,HDHPC,ABC Securities Private Limited,Naasa Securities Co. Ltd.,100,207.0,20700.0,2025-07-28T12:51:41.87252
2025-07-28,85479,2025072804021927,HDHPC,SHUBHAKAMANA SECURITIES PVT. LTD,Naasa Securities Co. Ltd.,200,207.0,41400.0,2025-07-28T12:51:53.254814
2025-07-28,85285,2025072804021963,HDHPC,Imperial Securities Company Pvt. Ltd.,Dipshikha Dhitopatra Karobar Co. Pvt Ltd.,124,207.6,25742.4,2025-07-28T12:52:10.625651
2025-07-28,85284,2025072804021964,HDHPC,SHUBHAKAMANA SECURITIES PVT. LTD,Dipshikha Dhitopatra Karobar Co. Pvt Ltd.,176,207.0,36432.0,2025-07-28T12:52:10.626109
2025-07-28,85094,2025072804022021,HDHPC,SHUBHAKAMANA SECURITIES PVT. LTD,Trisul Securities & Invt. Ltd.,624,207.0,129168.0,2025-07-28T12:52:34.265459
2025-07-28,85093,2025072804022022,HDHPC,Dipshikha Dhitopatra Karobar Co. Pvt Ltd.,Trisul Securities & Invt. Ltd.,176,207.0,36432.0,2025-07-28T12:52:34.265849
2025-07-28,85092,2025072804022023,HDHPC,Dipshikha Dhitopatra Karobar Co. Pvt Ltd.,Midas Stock Broking Company Private Limited,24,207.0,4968.0,2025-07-28T12:52:34.471471
2025-07-28,85091,2025072804022024,HDHPC,Nepal Stock House (PVT) Ltd.,Midas Stock Broking Company Private Limited,200,207.0,41400.0,2025-07-28T12:52:34.472235
2025-07-28,84976,2025072804022054,HDHPC,Naasa Securities Co. Ltd.,Midas Stock Broking Company Private Limited,900,207.0,186300.0,2025-07-28T12:52:48.621298
2025-07-28,84911,2025072804022075,HDHPC,Dipshikha Dhitopatra Karobar Co. Pvt Ltd.,Sani Securities Company Ltd.,1000,206.8,206800.0,2025-07-28T12:52:54.567613
2025-07-28,84606,2025072804022147,HDHPC,Vision Securities Pvt. Ltd,Asian Securities Private Ltd.,300,206.7,62010.0,2025-07-28T12:53:19.202499
2025-07-28,84605,2025072804022148,HDHPC,ABC Securities Private Limited,Asian Securities Private Ltd.,700,206.5,144550.0,2025-07-28T12:53:19.202919
2025-07-28,84563,2025072804022150,HDHPC,ABC Securities Private Limited,Kohinoor Investment & Securities Pvt. Ltd.,300,206.5,61950.0,2025-07-28T12:53:21.890537
2025-07-28,84562,2025072804022151,HDHPC,Siprabi Securities Pvt. Ltd.,Kohinoor Investment & Securities Pvt. Ltd.,100,206.2,20620.0,2025-07-28T12:53:21.89129
2025-07-28,84561,2025072804022152,HDHPC,Aryatara Investment & Securities,Kohinoor Investment & Securities Pvt. Ltd.,100,206.1,20610.0,2025-07-28T12:53:21.891833
2025-07-28,83369,2025072804022541,HDHPC,Sani Securities Company Ltd.,Midas Stock Broking Company Private Limited,60,207.0,12420.0,2025-07-28T12:54:57.161082
2025-07-28,82837,2025072804022698,HDHPC,Aryatara Investment & Securities,Midas Stock Broking Company Private Limited,1000,207.0,207000.0,2025-07-28T12:55:44.877174
2025-07-28,82389,2025072804022820,HDHPC,Trishakti Securities Public Limited,Online Securities Pvt. Ltd.,500,206.3,103150.0,2025-07-28T12:56:23.473705
2025-07-28,82249,2025072804022868,HDHPC,Naasa Securities Co. Ltd.,Sani Securities Company Ltd.,100,206.9,20690.0,2025-07-28T12:56:35.830365
2025-07-28,82111,2025072804022908,HDHPC,Naasa Securities Co. Ltd.,Trishakti Securities Public Limited,490,206.2,101038.0,2025-07-28T12:56:50.4921
2025-07-28,82110,2025072804022909,HDHPC,Sweta Securities Private Limited,Trishakti Securities Public Limited,10,206.2,2062.0,2025-07-28T12:56:50.492519
2025-07-28,81783,2025072804022960,HDHPC,Sweta Securities Private Limited,Asian Securities Private Ltd.,90,206.2,18558.0,2025-07-28T12:57:25.97252
2025-07-28,81782,2025072804022961,HDHPC,Linch Stock Market Ltd.,Asian Securities Private Ltd.,300,206.1,61830.0,2025-07-28T12:57:25.972925
2025-07-28,81781,2025072804022962,HDHPC,Trishakti Securities Public Limited,Asian Securities Private Ltd.,200,206.1,41220.0,2025-07-28T12:57:25.973102
2025-07-28,81780,2025072804022963,HDHPC,Naasa Securities Co. Ltd.,Asian Securities Private Ltd.,247,206.0,50882.0,2025-07-28T12:57:25.973269
2025-07-28,81779,2025072804022964,HDHPC,Imperial Securities Company Pvt. Ltd.,Asian Securities Private Ltd.,600,206.0,123600.0,2025-07-28T12:57:25.97346
2025-07-28,81778,2025072804022965,HDHPC,Sundhara Securities Limited,Asian Securities Private Ltd.,563,206.0,115978.0,2025-07-28T12:57:25.973641
2025-07-28,81539,2025072804023031,HDHPC,Siprabi Securities Pvt. Ltd.,Naasa Securities Co. Ltd.,200,206.1,41220.0,2025-07-28T12:57:51.983768
2025-07-28,81289,2025072804023086,HDHPC,Siprabi Securities Pvt. Ltd.,Sumeru Securities Pvt. Ltd.,100,206.1,20610.0,2025-07-28T12:58:18.198759
2025-07-28,80757,2025072804023254,HDHPC,Siprabi Securities Pvt. Ltd.,Vision Securities Pvt. Ltd,990,206.1,204039.0,2025-07-28T12:59:12.239698
2025-07-28,80755,2025072804023255,HDHPC,Siprabi Securities Pvt. Ltd.,Naasa Securities Co. Ltd.,200,206.1,41220.0,2025-07-28T12:59:12.494995
2025-07-28,80611,2025072804023299,HDHPC,Siprabi Securities Pvt. Ltd.,Vision Securities Pvt. Ltd,10,206.1,2061.0,2025-07-28T12:59:31.300082
2025-07-28,80529,2025072804023323,HDHPC,Siprabi Securities Pvt. Ltd.,Naasa Securities Co. Ltd.,88,206.1,18136.8,2025-07-28T12:59:44.309017
2025-07-28,80363,2025072804023375,HDHPC,Siprabi Securities Pvt. Ltd.,Trisul Securities & Invt. Ltd.,88,206.1,18136.8,2025-07-28T13:00:05.798723
2025-07-28,79818,2025072804023565,HDHPC,Linch Stock Market Ltd.,Sani Securities Company Ltd.,100,206.2,20620.0,2025-07-28T13:01:19.762919
2025-07-28,79698,2025072804023601,HDHPC,Linch Stock Market Ltd.,Siprabi Securities Pvt. Ltd.,385,206.5,79502.5,2025-07-28T13:01:41.765113
2025-07-28,78743,2025072804023822,HDHPC,Sri Hari Securities Pvt. Ltd.,Siprabi Securities Pvt. Ltd.,105,206.5,21682.5,2025-07-28T13:03:30.88129
2025-07-28,77967,2025072804023992,HDHPC,Dakshinkali Investment & Securities Pvt. Ltd.,Sundhara Securities Limited,3,206.0,618.0,2025-07-28T13:05:15.319886
2025-07-28,77841,2025072804024012,HDHPC,Linch Stock Market Ltd.,Midas Stock Broking Company Private Limited,400,206.2,82480.0,2025-07-28T13:05:29.233635
2025-07-28,77840,2025072804024013,HDHPC,Deevyaa Securities & Stock House Pvt. Ltd,Midas Stock Broking Company Private Limited,200,206.2,41240.0,2025-07-28T13:05:29.2341
2025-07-28,77839,2025072804024014,HDHPC,Naasa Securities Co. Ltd.,Midas Stock Broking Company Private Limited,10,206.2,2062.0,2025-07-28T13:05:29.234363
2025-07-28,77838,2025072804024015,HDHPC,Sumeru Securities Pvt. Ltd.,Midas Stock Broking Company Private Limited,300,206.2,61860.0,2025-07-28T13:05:29.234557
2025-07-28,77249,2025072804024175,HDHPC,Siprabi Securities Pvt. Ltd.,Neev Securities Pvt. Ltd.,1870,206.1,385407.0,2025-07-28T13:06:45.237301
2025-07-28,77215,2025072804024179,HDHPC,Sundhara Securities Limited,Midas Stock Broking Company Private Limited,300,206.2,61860.0,2025-07-28T13:06:48.422591
2025-07-28,76956,2025072804024230,HDHPC,Siprabi Securities Pvt. Ltd.,Naasa Securities Co. Ltd.,20,206.1,4122.0,2025-07-28T13:07:26.219582
2025-07-28,76896,2025072804024253,HDHPC,Online Securities Pvt. Ltd.,Midas Stock Broking Company Private Limited,100,206.2,20620.0,2025-07-28T13:07:35.06008
2025-07-28,76755,2025072804024289,HDHPC,Swarna Laxmi Securities Pvt. Ltd.,Midas Stock Broking Company Private Limited,500,206.2,103100.0,2025-07-28T13:07:56.553993
2025-07-28,76736,2025072804024291,HDHPC,Sundhara Securities Limited,Midas Stock Broking Company Private Limited,200,206.2,41240.0,2025-07-28T13:07:59.10192
2025-07-28,76685,2025072804024303,HDHPC,Siprabi Securities Pvt. Ltd.,Imperial Securities Company Pvt. Ltd.,191,206.1,39365.1,2025-07-28T13:08:03.646025
2025-07-28,76551,2025072804024336,HDHPC,Naasa Securities Co. Ltd.,Midas Stock Broking Company Private Limited,50,206.2,10310.0,2025-07-28T13:08:23.732969
2025-07-28,76501,2025072804024344,HDHPC,Secured Securities Ltd.,Midas Stock Broking Company Private Limited,100,206.2,20620.0,2025-07-28T13:08:32.364336
2025-07-28,76221,2025072804024398,HDHPC,Swarna Laxmi Securities Pvt. Ltd.,Midas Stock Broking Company Private Limited,206,206.2,42477.2,2025-07-28T13:09:09.846401
2025-07-28,75763,2025072804024537,HDHPC,Swarna Laxmi Securities Pvt. Ltd.,Magnet Securities and Investment Company Private Limited,294,206.2,60622.8,2025-07-28T13:10:30.926715
2025-07-28,75762,2025072804024538,HDHPC,Thrive Brokerage House Pvt. Ltd,Magnet Securities and Investment Company Private Limited,256,206.2,52787.2,2025-07-28T13:10:30.927128
2025-07-28,75276,2025072804024638,HDHPC,Linch Stock Market Ltd.,Siprabi Securities Pvt. Ltd.,180,206.5,37170.0,2025-07-28T13:11:55.03188
2025-07-28,75275,2025072804024639,HDHPC,Linch Stock Market Ltd.,Naasa Securities Co. Ltd.,100,206.5,20650.0,2025-07-28T13:11:55.032292
2025-07-28,75274,2025072804024640,HDHPC,Linch Stock Market Ltd.,Naasa Securities Co. Ltd.,80,206.5,16520.0,2025-07-28T13:11:55.032495
2025-07-28,75160,2025072804024680,HDHPC,Vision Securities Pvt. Ltd,Sani Securities Company Ltd.,200,206.9,41380.0,2025-07-28T13:12:10.864837
2025-07-28,75159,2025072804024681,HDHPC,Vision Securities Pvt. Ltd,Oxford Securities Pvt. Ltd.,500,206.9,103450.0,2025-07-28T13:12:10.865477
2025-07-28,75026,2025072804024711,HDHPC,Vision Securities Pvt. Ltd,Naasa Securities Co. Ltd.,300,207.0,62100.0,2025-07-28T13:12:28.097022
2025-07-28,74087,2025072804024967,HDHPC,N.M.B. SECURITIES LIMITED,Trisul Securities & Invt. Ltd.,88,206.6,18180.8,2025-07-28T13:14:37.317141
2025-07-28,74071,2025072804024970,HDHPC,Aryatara Investment & Securities,Naasa Securities Co. Ltd.,450,207.0,93150.0,2025-07-28T13:14:40.790207
2025-07-28,73619,2025072804025077,HDHPC,Siprabi Securities Pvt. Ltd.,Trisul Securities & Invt. Ltd.,250,206.9,51725.0,2025-07-28T13:15:39.241451
2025-07-28,73515,2025072804025110,HDHPC,Online Securities Pvt. Ltd.,Trisul Securities & Invt. Ltd.,17,206.9,3517.3,2025-07-28T13:15:55.196463
2025-07-28,73258,2025072804025197,HDHPC,Naasa Securities Co. Ltd.,Trisul Securities & Invt. Ltd.,733,206.9,151657.7,2025-07-28T13:16:19.743763
2025-07-28,73257,2025072804025198,HDHPC,Naasa Securities Co. Ltd.,Naasa Securities Co. Ltd.,250,207.0,51750.0,2025-07-28T13:16:19.744178
2025-07-28,73256,2025072804025199,HDHPC,Naasa Securities Co. Ltd.,Arun Securities (PVT) Ltd.,100,207.0,20700.0,2025-07-28T13:16:19.744377
2025-07-28,73255,2025072804025200,HDHPC,Naasa Securities Co. Ltd.,Online Securities Pvt. Ltd.,500,207.0,103500.0,2025-07-28T13:16:19.744562
2025-07-28,73254,2025072804025201,HDHPC,Naasa Securities Co. Ltd.,Naasa Securities Co. Ltd.,20,207.0,4140.0,2025-07-28T13:16:19.744742
2025-07-28,73253,2025072804025202,HDHPC,Naasa Securities Co. Ltd.,Thrive Brokerage House Pvt. Ltd,500,207.0,103500.0,2025-07-28T13:16:19.744924
2025-07-28,73252,2025072804025203,HDHPC,Naasa Securities Co. Ltd.,Aryatara Investment & Securities,30,207.0,6210.0,2025-07-28T13:16:19.745103
2025-07-28,73251,2025072804025204,HDHPC,Naasa Securities Co. Ltd.,Secured Securities Ltd.,267,207.0,55269.0,2025-07-28T13:16:19.745284
2025-07-28,72328,2025072804025449,HDHPC,Naasa Securities Co. Ltd.,Online Securities Pvt. Ltd.,100,206.9,20690.0,2025-07-28T13:18:27.066497
2025-07-28,72327,2025072804025450,HDHPC,Naasa Securities Co. Ltd.,Secured Securities Ltd.,123,207.0,25461.0,2025-07-28T13:18:27.066919
2025-07-28,72326,2025072804025451,HDHPC,Naasa Securities Co. Ltd.,Naasa Securities Co. Ltd.,30,207.0,6210.0,2025-07-28T13:18:27.06711
2025-07-28,72325,2025072804025452,HDHPC,Naasa Securities Co. Ltd.,Capital Max Securities Ltd,10,207.0,2070.0,2025-07-28T13:18:27.067303
2025-07-28,72324,2025072804025453,HDHPC,Naasa Securities Co. Ltd.,Market Securities & Exchange (PVT) Ltd.,337,207.0,69759.0,2025-07-28T13:18:27.067507
2025-07-28,70696,2025072804025779,HDHPC,Premier Securities Company Ltd.,Market Securities & Exchange (PVT) Ltd.,63,207.0,13041.0,2025-07-28T13:22:17.249748
2025-07-28,70695,2025072804025780,HDHPC,Premier Securities Company Ltd.,Trishakti Securities Public Limited,60,207.0,12420.0,2025-07-28T13:22:17.250164
2025-07-28,70694,2025072804025781,HDHPC,Premier Securities Company Ltd.,Online Securities Pvt. Ltd.,700,207.0,144900.0,2025-07-28T13:22:17.250414
2025-07-28,69924,2025072804025947,HDHPC,Kohinoor Investment & Securities Pvt. Ltd.,Imperial Securities Company Pvt. Ltd.,10,207.0,2070.0,2025-07-28T13:23:48.885132
2025-07-28,69776,2025072804026017,HDHPC,Premier Securities Company Ltd.,South Asian Bulls Pvt. Ltd.,10,206.9,2069.0,2025-07-28T13:24:02.20406
2025-07-28,68787,2025072804026341,HDHPC,Malla & Malla Stock Broking Company Pvt. Limited,Sani Securities Company Ltd.,30,207.0,6210.0,2025-07-28T13:25:36.501692
2025-07-28,66828,2025072804026829,HDHPC,Sani Securities Company Ltd.,Trisul Securities & Invt. Ltd.,500,207.3,103650.0,2025-07-28T13:28:42.934117
2025-07-28,66540,2025072804026900,HDHPC,Naasa Securities Co. Ltd.,Malla & Malla Stock Broking Company Pvt. Limited,40,207.2,8288.0,2025-07-28T13:29:11.131019
2025-07-28,66178,2025072804027001,HDHPC,Oxford Securities Pvt. Ltd.,Malla & Malla Stock Broking Company Pvt. Limited,460,207.2,95312.0,2025-07-28T13:29:47.466861
2025-07-28,66177,2025072804027002,HDHPC,Oxford Securities Pvt. Ltd.,Trisul Securities & Invt. Ltd.,500,207.3,103650.0,2025-07-28T13:29:47.467695
2025-07-28,66176,2025072804027003,HDHPC,Oxford Securities Pvt. Ltd.,Imperial Securities Company Pvt. Ltd.,80,207.3,16584.0,2025-07-28T13:29:47.468247
2025-07-28,66175,2025072804027004,HDHPC,Oxford Securities Pvt. Ltd.,Secured Securities Ltd.,2000,207.5,415000.0,2025-07-28T13:29:47.468824
2025-07-28,66174,2025072804027005,HDHPC,Oxford Securities Pvt. Ltd.,Naasa Securities Co. Ltd.,1800,207.5,373500.0,2025-07-28T13:29:47.469415
2025-07-28,66173,2025072804027006,HDHPC,Oxford Securities Pvt. Ltd.,Vision Securities Pvt. Ltd,160,207.5,33200.0,2025-07-28T13:29:47.469966
2025-07-28,65280,2025072804027195,HDHPC,N.M.B. SECURITIES LIMITED,Vision Securities Pvt. Ltd,412,207.5,85490.0,2025-07-28T13:31:01.298754
2025-07-28,65200,2025072804027213,HDHPC,Vision Securities Pvt. Ltd,Vision Securities Pvt. Ltd,581,207.5,120557.5,2025-07-28T13:31:05.359804
2025-07-28,65009,2025072804027252,HDHPC,Capital Max Securities Ltd,Naasa Securities Co. Ltd.,1000,207.7,207700.0,2025-07-28T13:31:19.72106
2025-07-28,64945,2025072804027263,HDHPC,Vision Securities Pvt. Ltd,Malla & Malla Stock Broking Company Pvt. Limited,98,207.5,20335.0,2025-07-28T13:31:21.866923
2025-07-28,64537,2025072804027374,HDHPC,Sundhara Securities Limited,Trisul Securities & Invt. Ltd.,1000,207.6,207600.0,2025-07-28T13:31:54.153829
2025-07-28,64523,2025072804027377,HDHPC,Vision Securities Pvt. Ltd,Online Securities Pvt. Ltd.,311,207.5,64532.5,2025-07-28T13:31:55.763969
2025-07-28,63017,2025072804027783,HDHPC,Malla & Malla Stock Broking Company Pvt. Limited,Online Securities Pvt. Ltd.,189,207.5,39217.5,2025-07-28T13:33:57.595186
2025-07-28,62705,2025072804027907,HDHPC,Nepal Investment And Securities Trading Private Limited,Naasa Securities Co. Ltd.,15,207.7,3115.5,2025-07-28T13:34:22.297887
2025-07-28,62581,2025072804027945,HDHPC,Trishakti Securities Public Limited,Naasa Securities Co. Ltd.,1000,207.7,207700.0,2025-07-28T13:34:32.544806
2025-07-28,62281,2025072804028066,HDHPC,Dynamic Money Managers Securities Pvt. Ltd.,Naasa Securities Co. Ltd.,80,207.7,16616.0,2025-07-28T13:34:57.388381
2025-07-28,61619,2025072804028289,HDHPC,Secured Securities Ltd.,Naasa Securities Co. Ltd.,905,207.7,187968.5,2025-07-28T13:35:55.780261
2025-07-28,60848,2025072804028491,HDHPC,Thrive Brokerage House Pvt. Ltd,Deevyaa Securities & Stock House Pvt. Ltd,50,207.9,10395.0,2025-07-28T13:36:47.781389
2025-07-28,60847,2025072804028492,HDHPC,Thrive Brokerage House Pvt. Ltd,Trisul Securities & Invt. Ltd.,194,207.9,40332.6,2025-07-28T13:36:47.782222
2025-07-28,60298,2025072804028621,HDHPC,Secured Securities Ltd.,Pragyan Securities (PVT) Ltd.,18,207.7,3738.6,2025-07-28T13:37:22.015083
2025-07-28,60171,2025072804028647,HDHPC,Online Securities Pvt. Ltd.,Trisul Securities & Invt. Ltd.,80,207.9,16632.0,2025-07-28T13:37:34.959781
2025-07-28,60095,2025072804028656,HDHPC,Imperial Securities Company Pvt. Ltd.,Trisul Securities & Invt. Ltd.,500,207.9,103950.0,2025-07-28T13:37:40.782617
2025-07-28,60045,2025072804028673,HDHPC,Aryatara Investment & Securities,Trisul Securities & Invt. Ltd.,150,207.9,31185.0,2025-07-28T13:37:43.974223
2025-07-28,59567,2025072804028822,HDHPC,ABC Securities Private Limited,Trisul Securities & Invt. Ltd.,76,207.9,15800.4,2025-07-28T13:38:24.609555
2025-07-28,59566,2025072804028823,HDHPC,ABC Securities Private Limited,Vision Securities Pvt. Ltd,1900,208.0,395200.0,2025-07-28T13:38:24.609986
2025-07-28,59565,2025072804028824,HDHPC,ABC Securities Private Limited,Neev Securities Pvt. Ltd.,24,208.0,4992.0,2025-07-28T13:38:24.61018
2025-07-28,59432,2025072804028861,HDHPC,Capital Max Securities Ltd,Neev Securities Pvt. Ltd.,576,208.0,119808.0,2025-07-28T13:38:35.595894
2025-07-28,59431,2025072804028862,HDHPC,Capital Max Securities Ltd,Online Securities Pvt. Ltd.,10,208.0,2080.0,2025-07-28T13:38:35.596772
2025-07-28,59430,2025072804028863,HDHPC,Capital Max Securities Ltd,Naasa Securities Co. Ltd.,20,208.0,4160.0,2025-07-28T13:38:35.597531
2025-07-28,59429,2025072804028864,HDHPC,Capital Max Securities Ltd,Asian Securities Private Ltd.,200,208.0,41600.0,2025-07-28T13:38:35.598224
2025-07-28,59428,2025072804028865,HDHPC,Capital Max Securities Ltd,Imperial Securities Company Pvt. Ltd.,50,208.0,10400.0,2025-07-28T13:38:35.59893
2025-07-28,59427,2025072804028866,HDHPC,Capital Max Securities Ltd,MILKY WAY SHARE BROKER COMPANY LTD ,100,208.0,20800.0,2025-07-28T13:38:35.599654
2025-07-28,59426,2025072804028867,HDHPC,Capital Max Securities Ltd,Shree Krishna Securities Ltd.,44,208.0,9152.0,2025-07-28T13:38:35.600375
2025-07-28,59361,2025072804028893,HDHPC,Dakshinkali Investment & Securities Pvt. Ltd.,Creative Securities Pvt Ltd,5,206.5,1032.5,2025-07-28T13:38:39.970547
2025-07-28,58958,2025072804028951,HDHPC,Sani Securities Company Ltd.,Shree Krishna Securities Ltd.,10,208.0,2080.0,2025-07-28T13:39:06.963504
2025-07-28,58923,2025072804028960,HDHPC,Sundhara Securities Limited,Shree Krishna Securities Ltd.,46,208.0,9568.0,2025-07-28T13:39:11.726862
2025-07-28,58922,2025072804028961,HDHPC,Sundhara Securities Limited,Nepal Stock House (PVT) Ltd.,200,208.0,41600.0,2025-07-28T13:39:11.727293
2025-07-28,58921,2025072804028962,HDHPC,Sundhara Securities Limited,Sundhara Securities Limited,254,208.0,52832.0,2025-07-28T13:39:11.727499
2025-07-28,58720,2025072804029012,HDHPC,Secured Securities Ltd.,Sweta Securities Private Limited,77,207.7,15992.9,2025-07-28T13:39:29.797464
2025-07-28,58719,2025072804029013,HDHPC,Sani Securities Company Ltd.,Sweta Securities Private Limited,500,207.7,103850.0,2025-07-28T13:39:29.797915
2025-07-28,58718,2025072804029014,HDHPC,Dipshikha Dhitopatra Karobar Co. Pvt Ltd.,Sweta Securities Private Limited,1000,207.6,207600.0,2025-07-28T13:39:29.798115
2025-07-28,58717,2025072804029015,HDHPC,Imperial Securities Company Pvt. Ltd.,Sweta Securities Private Limited,100,207.5,20750.0,2025-07-28T13:39:29.798336
2025-07-28,58716,2025072804029016,HDHPC,Trishakti Securities Public Limited,Sweta Securities Private Limited,1000,207.3,207300.0,2025-07-28T13:39:29.798529
2025-07-28,58715,2025072804029017,HDHPC,Secured Securities Ltd.,Sweta Securities Private Limited,150,207.2,31080.0,2025-07-28T13:39:29.798727
2025-07-28,58714,2025072804029018,HDHPC,Kohinoor Investment & Securities Pvt. Ltd.,Sweta Securities Private Limited,50,207.1,10355.0,2025-07-28T13:39:29.798912
2025-07-28,58713,2025072804029019,HDHPC,Secured Securities Ltd.,Sweta Securities Private Limited,20,207.1,4142.0,2025-07-28T13:39:29.799095
2025-07-28,58712,2025072804029020,HDHPC,Malla & Malla Stock Broking Company Pvt. Limited,Sweta Securities Private Limited,70,207.0,14490.0,2025-07-28T13:39:29.799298
2025-07-28,58711,2025072804029021,HDHPC,Dipshikha Dhitopatra Karobar Co. Pvt Ltd.,Sweta Securities Private Limited,1033,207.0,213831.0,2025-07-28T13:39:29.799492
2025-07-28,58695,2025072804029025,HDHPC,Sundhara Securities Limited,Sundhara Securities Limited,246,208.0,51168.0,2025-07-28T13:39:30.409022
2025-07-28,58694,2025072804029026,HDHPC,Sundhara Securities Limited,Kohinoor Investment & Securities Pvt. Ltd.,495,208.0,102960.0,2025-07-28T13:39:30.409463
2025-07-28,58693,2025072804029027,HDHPC,Sundhara Securities Limited,Sumeru Securities Pvt. Ltd.,259,208.0,53872.0,2025-07-28T13:39:30.409668
2025-07-28,58660,2025072804029037,HDHPC,Sani Securities Company Ltd.,Sumeru Securities Pvt. Ltd.,20,208.0,4160.0,2025-07-28T13:39:34.618295
2025-07-28,58628,2025072804029050,HDHPC,Sundhara Securities Limited,Sumeru Securities Pvt. Ltd.,221,208.0,45968.0,2025-07-28T13:39:39.359246
2025-07-28,58627,2025072804029051,HDHPC,Sundhara Securities Limited,Kohinoor Investment & Securities Pvt. Ltd.,100,208.0,20800.0,2025-07-28T13:39:39.360264
2025-07-28,58626,2025072804029052,HDHPC,Sundhara Securities Limited,Online Securities Pvt. Ltd.,500,208.0,104000.0,2025-07-28T13:39:39.36124
2025-07-28,58438,2025072804029085,HDHPC,Sani Securities Company Ltd.,Naasa Securities Co. Ltd.,692,208.2,144074.4,2025-07-28T13:39:55.38764
2025-07-28,58029,2025072804029176,HDHPC,Sani Securities Company Ltd.,Trisul Securities & Invt. Ltd.,1000,208.6,208600.0,2025-07-28T13:40:29.972764
2025-07-28,57787,2025072804029227,HDHPC,Market Securities & Exchange (PVT) Ltd.,Trishakti Securities Public Limited,200,208.7,41740.0,2025-07-28T13:40:44.08907
2025-07-28,57786,2025072804029228,HDHPC,Market Securities & Exchange (PVT) Ltd.,Vision Securities Pvt. Ltd,800,208.7,166960.0,2025-07-28T13:40:44.089182
2025-07-28,57675,2025072804029258,HDHPC,Sani Securities Company Ltd.,Vision Securities Pvt. Ltd,308,208.7,64279.6,2025-07-28T13:40:50.101666
2025-07-28,57341,2025072804029325,HDHPC,Imperial Securities Company Pvt. Ltd.,Vision Securities Pvt. Ltd,300,208.7,62610.0,2025-07-28T13:41:21.999393
2025-07-28,56722,2025072804029450,HDHPC,South Asian Bulls Pvt. Ltd.,Vision Securities Pvt. Ltd,200,208.7,41740.0,2025-07-28T13:42:12.313787
2025-07-28,56630,2025072804029465,HDHPC,Sani Securities Company Ltd.,Vision Securities Pvt. Ltd,500,208.7,104350.0,2025-07-28T13:42:23.530274
2025-07-28,56579,2025072804029474,HDHPC,Aryatara Investment & Securities,Vision Securities Pvt. Ltd,400,208.7,83480.0,2025-07-28T13:42:28.179176
2025-07-28,56526,2025072804029485,HDHPC,Creative Securities Pvt Ltd,Vision Securities Pvt. Ltd,100,208.7,20870.0,2025-07-28T13:42:31.249603
2025-07-28,56263,2025072804029566,HDHPC,Naasa Securities Co. Ltd.,Malla & Malla Stock Broking Company Pvt. Limited,200,208.6,41720.0,2025-07-28T13:42:57.505422
2025-07-28,56262,2025072804029567,HDHPC,Naasa Securities Co. Ltd.,Vision Securities Pvt. Ltd,270,208.7,56349.0,2025-07-28T13:42:57.506145
2025-07-28,56195,2025072804029616,HDHPC,Nabil Stock Dealer Ltd.,Vision Securities Pvt. Ltd,122,208.7,25461.4,2025-07-28T13:43:01.912233
2025-07-28,56133,2025072804029638,HDHPC,Oxford Securities Pvt. Ltd.,Sani Securities Company Ltd.,50,209.0,10450.0,2025-07-28T13:43:11.871028
2025-07-28,56132,2025072804029639,HDHPC,Oxford Securities Pvt. Ltd.,Malla & Malla Stock Broking Company Pvt. Limited,350,209.0,73150.0,2025-07-28T13:43:11.871499
2025-07-28,56131,2025072804029640,HDHPC,Oxford Securities Pvt. Ltd.,NIMB Stock Markets Limited,549,209.0,114741.0,2025-07-28T13:43:11.871701
2025-07-28,56130,2025072804029641,HDHPC,Oxford Securities Pvt. Ltd.,Agrawal Securities (PVT) Ltd.,51,209.0,10659.0,2025-07-28T13:43:11.871932
2025-07-28,55744,2025072804029723,HDHPC,Linch Stock Market Ltd.,Agrawal Securities (PVT) Ltd.,39,209.0,8151.0,2025-07-28T13:43:50.690753
2025-07-28,55743,2025072804029724,HDHPC,Linch Stock Market Ltd.,Asian Securities Private Ltd.,200,209.0,41800.0,2025-07-28T13:43:50.691198
2025-07-28,55742,2025072804029725,HDHPC,Linch Stock Market Ltd.,Sri Hari Securities Pvt. Ltd.,53,209.0,11077.0,2025-07-28T13:43:50.691406
2025-07-28,55741,2025072804029726,HDHPC,Linch Stock Market Ltd.,Imperial Securities Company Pvt. Ltd.,18,209.0,3762.0,2025-07-28T13:43:50.691596
2025-07-28,55740,2025072804029727,HDHPC,Linch Stock Market Ltd.,Opal Securities Investment (PVT) Ltd.,40,209.0,8360.0,2025-07-28T13:43:50.691813
2025-07-28,55214,2025072804029870,HDHPC,Dakshinkali Investment & Securities Pvt. Ltd.,Linch Stock Market Ltd.,100,209.0,20900.0,2025-07-28T13:44:34.56772
2025-07-28,55123,2025072804029896,HDHPC,Trishakti Securities Public Limited,Linch Stock Market Ltd.,1500,209.0,313500.0,2025-07-28T13:44:47.159235
2025-07-28,54821,2025072804029978,HDHPC,Online Securities Pvt. Ltd.,Linch Stock Market Ltd.,250,209.0,52250.0,2025-07-28T13:45:20.017583
2025-07-28,54177,2025072804030090,HDHPC,Sri Hari Securities Pvt. Ltd.,Linch Stock Market Ltd.,100,209.0,20900.0,2025-07-28T13:46:10.729236
2025-07-28,54061,2025072804030147,HDHPC,Vision Securities Pvt. Ltd,Linch Stock Market Ltd.,50,209.0,10450.0,2025-07-28T13:46:19.61359
2025-07-28,54060,2025072804030148,HDHPC,Vision Securities Pvt. Ltd,Vision Securities Pvt. Ltd,350,209.0,73150.0,2025-07-28T13:46:19.614003
2025-07-28,53740,2025072804030254,HDHPC,Sundhara Securities Limited,Linch Stock Market Ltd.,300,209.2,62760.0,2025-07-28T13:46:40.731412
2025-07-28,53739,2025072804030255,HDHPC,Sundhara Securities Limited,Shree Krishna Securities Ltd.,100,209.2,20920.0,2025-07-28T13:46:40.765003
2025-07-28,53578,2025072804030287,HDHPC,Sundhara Securities Limited,Trisul Securities & Invt. Ltd.,37,209.2,7740.4,2025-07-28T13:46:50.704567
2025-07-28,53577,2025072804030288,HDHPC,Sagarmatha Securities Private Limited,Trisul Securities & Invt. Ltd.,30,209.2,6276.0,2025-07-28T13:46:50.704974
2025-07-28,53576,2025072804030289,HDHPC,Vision Securities Pvt. Ltd,Trisul Securities & Invt. Ltd.,533,209.0,111397.0,2025-07-28T13:46:50.705175
2025-07-28,53196,2025072804030395,HDHPC,Vision Securities Pvt. Ltd,Trisul Securities & Invt. Ltd.,67,209.0,14003.0,2025-07-28T13:47:22.538164
2025-07-28,53195,2025072804030396,HDHPC,Sani Securities Company Ltd.,Trisul Securities & Invt. Ltd.,280,209.0,58520.0,2025-07-28T13:47:22.538991
2025-07-28,53194,2025072804030397,HDHPC,Nabil Stock Dealer Ltd.,Trisul Securities & Invt. Ltd.,165,208.7,34435.5,2025-07-28T13:47:22.539585
2025-07-28,53193,2025072804030398,HDHPC,Dipshikha Dhitopatra Karobar Co. Pvt Ltd.,Trisul Securities & Invt. Ltd.,500,208.5,104250.0,2025-07-28T13:47:22.540135
2025-07-28,53192,2025072804030399,HDHPC,Agrawal Securities (PVT) Ltd.,Trisul Securities & Invt. Ltd.,200,208.5,41700.0,2025-07-28T13:47:22.540704
2025-07-28,53191,2025072804030400,HDHPC,Agrawal Securities (PVT) Ltd.,Trisul Securities & Invt. Ltd.,288,208.3,59990.4,2025-07-28T13:47:22.54127
2025-07-28,52845,2025072804030479,HDHPC,Vision Securities Pvt. Ltd,Opal Securities Investment (PVT) Ltd.,10,209.0,2090.0,2025-07-28T13:47:51.357981
2025-07-28,52441,2025072804030593,HDHPC,Shree Krishna Securities Ltd.,Shree Krishna Securities Ltd.,100,209.2,20920.0,2025-07-28T13:48:24.645418
2025-07-28,52440,2025072804030594,HDHPC,Shree Krishna Securities Ltd.,Vision Securities Pvt. Ltd,50,209.3,10465.0,2025-07-28T13:48:24.645515
2025-07-28,52439,2025072804030595,HDHPC,Shree Krishna Securities Ltd.,Malla & Malla Stock Broking Company Pvt. Limited,850,209.3,177905.0,2025-07-28T13:48:24.645546
2025-07-28,52409,2025072804030603,HDHPC,Agrawal Securities (PVT) Ltd.,Malla & Malla Stock Broking Company Pvt. Limited,1000,209.3,209300.0,2025-07-28T13:48:26.175776
2025-07-28,51978,2025072804030710,HDHPC,Asian Securities Private Ltd.,Malla & Malla Stock Broking Company Pvt. Limited,1150,209.3,240695.0,2025-07-28T13:48:53.968893
2025-07-28,51651,2025072804030763,HDHPC,Naasa Securities Co. Ltd.,Shree Krishna Securities Ltd.,24,209.4,5025.6,2025-07-28T13:49:18.053798
2025-07-28,51283,2025072804030863,HDHPC,Pragyan Securities (PVT) Ltd.,Shree Krishna Securities Ltd.,76,209.4,15914.4,2025-07-28T13:49:45.73287
2025-07-28,51282,2025072804030864,HDHPC,Pragyan Securities (PVT) Ltd.,Trisul Securities & Invt. Ltd.,276,209.4,57794.4,2025-07-28T13:49:45.733281
2025-07-28,50941,2025072804030937,HDHPC,Creative Securities Pvt Ltd,Sri Hari Securities Pvt. Ltd.,100,209.3,20930.0,2025-07-28T13:50:12.813906
2025-07-28,50281,2025072804031098,HDHPC,South Asian Bulls Pvt. Ltd.,Sri Hari Securities Pvt. Ltd.,900,209.3,188370.0,2025-07-28T13:51:03.217165
2025-07-28,50173,2025072804031143,HDHPC,South Asian Bulls Pvt. Ltd.,Trisul Securities & Invt. Ltd.,724,209.4,151605.6,2025-07-28T13:51:14.675626
2025-07-28,50172,2025072804031144,HDHPC,South Asian Bulls Pvt. Ltd.,Trisul Securities & Invt. Ltd.,100,209.4,20940.0,2025-07-28T13:51:14.676063
2025-07-28,50171,2025072804031145,HDHPC,South Asian Bulls Pvt. Ltd.,Trisul Securities & Invt. Ltd.,1000,209.5,209500.0,2025-07-28T13:51:14.676291
2025-07-28,49840,2025072804031221,HDHPC,Bhrikuti Stock Broking Co. Pvt. Ltd.,Naasa Securities Co. Ltd.,900,209.3,188370.0,2025-07-28T13:51:36.391516
2025-07-28,49839,2025072804031222,HDHPC,Vision Securities Pvt. Ltd,Naasa Securities Co. Ltd.,100,209.1,20910.0,2025-07-28T13:51:36.392359
2025-07-28,49337,2025072804031384,HDHPC,Vision Securities Pvt. Ltd,Shree Krishna Securities Ltd.,100,209.1,20910.0,2025-07-28T13:52:05.164636
2025-07-28,49018,2025072804031482,HDHPC,Vision Securities Pvt. Ltd,Online Securities Pvt. Ltd.,100,209.1,20910.0,2025-07-28T13:52:18.496541
2025-07-28,48829,2025072804031531,HDHPC,Agrawal Securities (PVT) Ltd.,Bhrikuti Stock Broking Co. Pvt. Ltd.,200,209.0,41800.0,2025-07-28T13:52:24.695884
2025-07-28,48690,2025072804031575,HDHPC,Agrawal Securities (PVT) Ltd.,Naasa Securities Co. Ltd.,100,209.0,20900.0,2025-07-28T13:52:30.707653
2025-07-28,48667,2025072804031576,HDHPC,Agrawal Securities (PVT) Ltd.,Agrawal Securities (PVT) Ltd.,300,209.0,62700.0,2025-07-28T13:52:31.11042
2025-07-28,48559,2025072804031623,HDHPC,Agrawal Securities (PVT) Ltd.,Asian Securities Private Ltd.,400,209.0,83600.0,2025-07-28T13:52:35.715918
2025-07-28,48558,2025072804031624,HDHPC,Midas Stock Broking Company Private Limited,Asian Securities Private Ltd.,162,209.0,33858.0,2025-07-28T13:52:35.716781
2025-07-28,47715,2025072804031898,HDHPC,Sri Hari Securities Pvt. Ltd.,Sri Hari Securities Pvt. Ltd.,80,208.9,16712.0,2025-07-28T13:53:12.316327
2025-07-28,47705,2025072804031903,HDHPC,Sri Hari Securities Pvt. Ltd.,Aryatara Investment & Securities,10,208.9,2089.0,2025-07-28T13:53:13.004269
2025-07-28,47704,2025072804031904,HDHPC,Sewa Securities Pvt. Ltd.,Aryatara Investment & Securities,100,208.9,20890.0,2025-07-28T13:53:13.00471
2025-07-28,47292,2025072804032024,HDHPC,Dipshikha Dhitopatra Karobar Co. Pvt Ltd.,Kumari Securities Private Limited,100,208.8,20880.0,2025-07-28T13:53:30.626159
2025-07-28,47239,2025072804032040,HDHPC,Dipshikha Dhitopatra Karobar Co. Pvt Ltd.,Kohinoor Investment & Securities Pvt. Ltd.,140,208.8,29232.0,2025-07-28T13:53:33.528488
2025-07-28,47127,2025072804032086,HDHPC,Dipshikha Dhitopatra Karobar Co. Pvt Ltd.,Asian Securities Private Ltd.,1500,208.8,313200.0,2025-07-28T13:53:38.714288
2025-07-28,46979,2025072804032158,HDHPC,Dipshikha Dhitopatra Karobar Co. Pvt Ltd.,Sani Securities Company Ltd.,200,208.8,41760.0,2025-07-28T13:53:44.35278
2025-07-28,46855,2025072804032191,HDHPC,Dipshikha Dhitopatra Karobar Co. Pvt Ltd.,Dynamic Money Managers Securities Pvt. Ltd.,27,208.8,5637.6,2025-07-28T13:53:51.168699
2025-07-28,46472,2025072804032333,HDHPC,Trishakti Securities Public Limited,INDEX SECURITIES LIMITED,1000,208.5,208500.0,2025-07-28T13:54:10.839892
2025-07-28,46438,2025072804032344,HDHPC,Sundhara Securities Limited,Sewa Securities Pvt. Ltd.,50,208.5,10425.0,2025-07-28T13:54:12.969113
2025-07-28,46295,2025072804032369,HDHPC,Sundhara Securities Limited,Asian Securities Private Ltd.,490,208.5,102165.0,2025-07-28T13:54:19.852719
2025-07-28,45979,2025072804032456,HDHPC,Sundhara Securities Limited,Aryatara Investment & Securities,440,208.5,91740.0,2025-07-28T13:54:38.455484
2025-07-28,45550,2025072804032557,HDHPC,Sundhara Securities Limited,Hatemalo Financial Services Private Limited,20,208.5,4170.0,2025-07-28T13:55:02.488089
2025-07-28,45549,2025072804032558,HDHPC,Aryatara Investment & Securities,Hatemalo Financial Services Private Limited,300,208.5,62550.0,2025-07-28T13:55:02.48854
2025-07-28,45321,2025072804032596,HDHPC,Agrawal Securities (PVT) Ltd.,Online Securities Pvt. Ltd.,212,208.3,44159.6,2025-07-28T13:55:17.429677
2025-07-28,45017,2025072804032672,HDHPC,Sani Securities Company Ltd.,Dynamic Money Managers Securities Pvt. Ltd.,1000,208.2,208200.0,2025-07-28T13:55:42.225535
2025-07-28,44774,2025072804032740,HDHPC,Naasa Securities Co. Ltd.,Trisul Securities & Invt. Ltd.,30,208.2,6246.0,2025-07-28T13:55:56.88055
2025-07-28,44750,2025072804032741,HDHPC,Naasa Securities Co. Ltd.,Dynamic Money Managers Securities Pvt. Ltd.,53,208.2,11034.6,2025-07-28T13:55:57.920364
2025-07-28,44174,2025072804032903,HDHPC,Naasa Securities Co. Ltd.,Online Securities Pvt. Ltd.,97,208.2,20195.4,2025-07-28T13:56:54.25658
2025-07-28,44135,2025072804032913,HDHPC,South Asian Bulls Pvt. Ltd.,Infinity Securities Limited,1000,208.1,208100.0,2025-07-28T13:56:58.169846
2025-07-28,44134,2025072804032914,HDHPC,Sundhara Securities Limited,Infinity Securities Limited,309,208.0,64272.0,2025-07-28T13:56:58.170838
2025-07-28,44133,2025072804032915,HDHPC,Siprabi Securities Pvt. Ltd.,Infinity Securities Limited,10,208.0,2080.0,2025-07-28T13:56:58.171629
2025-07-28,44132,2025072804032916,HDHPC,APPLE SECURITIES PRIVATE LIMITED,Infinity Securities Limited,2000,208.0,416000.0,2025-07-28T13:56:58.172433
2025-07-28,44131,2025072804032917,HDHPC,Imperial Securities Company Pvt. Ltd.,Infinity Securities Limited,100,208.0,20800.0,2025-07-28T13:56:58.173154
2025-07-28,44130,2025072804032918,HDHPC,Oxford Securities Pvt. Ltd.,Infinity Securities Limited,45,208.0,9360.0,2025-07-28T13:56:58.173948
2025-07-28,44129,2025072804032919,HDHPC,Asian Securities Private Ltd.,Infinity Securities Limited,36,208.0,7488.0,2025-07-28T13:56:58.174723
2025-07-28,44055,2025072804032948,HDHPC,Asian Securities Private Ltd.,Naasa Securities Co. Ltd.,64,208.0,13312.0,2025-07-28T13:57:05.475153
2025-07-28,44054,2025072804032949,HDHPC,Dipshikha Dhitopatra Karobar Co. Pvt Ltd.,Naasa Securities Co. Ltd.,1000,208.0,208000.0,2025-07-28T13:57:05.47557
2025-07-28,44053,2025072804032950,HDHPC,Citizens Share Broker Limited,Naasa Securities Co. Ltd.,500,208.0,104000.0,2025-07-28T13:57:05.475777
2025-07-28,43904,2025072804032975,HDHPC,N.M.B. SECURITIES LIMITED,Trisul Securities & Invt. Ltd.,300,207.1,62130.0,2025-07-28T13:57:20.386688
