Date,S.N.,contract_id,symbol,buyer_broker,seller_broker,volume,price,amount,transaction_time
2025-09-23,67224,2025092301000014,HBL,Sani Securities Company Ltd.,Aryatara Investment & Securities,10,198.0,1980.0,2025-09-23 11:00:47.555043
2025-09-23,67075,2025092301000037,HBL,Sani Securities Company Ltd.,Online Securities Pvt. Ltd.,10,198.0,1980.0,2025-09-23 11:01:31.189629
2025-09-23,66748,2025092301000076,HBL,Sumeru Securities Pvt. Ltd.,Naasa Securities Co. Ltd.,10,198.1,1981.0,2025-09-23 11:02:43.288312
2025-09-23,66710,2025092301000083,HBL,Sumeru Securities Pvt. Ltd.,Sani Securities Company Ltd.,10,198.1,1981.0,2025-09-23 11:02:51.024652
2025-09-23,66670,2025092301000085,HBL,Sumeru Securities Pvt. Ltd.,Naasa Securities Co. Ltd.,10,198.1,1981.0,2025-09-23 11:03:00.526457
2025-09-23,66644,2025092301000092,HBL,Sumeru Securities Pvt. Ltd.,Naasa Securities Co. Ltd.,10,198.1,1981.0,2025-09-23 11:03:04.446376
2025-09-23,66622,2025092301000096,HBL,Sumeru Securities Pvt. Ltd.,Sri Hari Securities Pvt. Ltd.,10,198.1,1981.0,2025-09-23 11:03:08.358274
2025-09-23,66572,2025092301000103,HBL,Sumeru Securities Pvt. Ltd.,Dipshikha Dhitopatra Karobar Co. Pvt Ltd.,10,198.1,1981.0,2025-09-23 11:03:15.023978
2025-09-23,66459,2025092301000123,HBL,Sani Securities Company Ltd.,Opal Securities Investment (PVT) Ltd.,10,198.8,1988.0,2025-09-23 11:03:32.856286
2025-09-23,66458,2025092301000124,HBL,Sani Securities Company Ltd.,Vision Securities Pvt. Ltd,10,198.9,1989.0,2025-09-23 11:03:32.856365
2025-09-23,66456,2025092301000125,HBL,Sani Securities Company Ltd.,Naasa Securities Co. Ltd.,10,199.0,1990.0,2025-09-23 11:03:33.215815
2025-09-23,66430,2025092301000127,HBL,Sani Securities Company Ltd.,Online Securities Pvt. Ltd.,10,199.0,1990.0,2025-09-23 11:03:36.861127
2025-09-23,66392,2025092301000133,HBL,Sani Securities Company Ltd.,Aryatara Investment & Securities,10,199.0,1990.0,2025-09-23 11:03:42.063810
2025-09-23,66384,2025092301000138,HBL,Sani Securities Company Ltd.,Aryatara Investment & Securities,10,199.0,1990.0,2025-09-23 11:03:43.719632
2025-09-23,66362,2025092301000141,HBL,Sani Securities Company Ltd.,Imperial Securities Company Pvt. Ltd.,10,199.0,1990.0,2025-09-23 11:03:46.350689
2025-09-23,66355,2025092301000143,HBL,Sani Securities Company Ltd.,Naasa Securities Co. Ltd.,10,199.0,1990.0,2025-09-23 11:03:49.425196
2025-09-23,66351,2025092301000144,HBL,Sani Securities Company Ltd.,Sewa Securities Pvt. Ltd.,10,199.0,1990.0,2025-09-23 11:03:50.154776
2025-09-23,66243,2025092301000165,HBL,Sani Securities Company Ltd.,Naasa Securities Co. Ltd.,10,199.0,1990.0,2025-09-23 11:04:07.136966
2025-09-23,66223,2025092301000169,HBL,Sani Securities Company Ltd.,Imperial Securities Company Pvt. Ltd.,10,199.0,1990.0,2025-09-23 11:04:09.828218
2025-09-23,66189,2025092301000172,HBL,Sani Securities Company Ltd.,Linch Stock Market Ltd.,10,199.0,1990.0,2025-09-23 11:04:12.590723
2025-09-23,66186,2025092301000173,HBL,Sani Securities Company Ltd.,K.B.L. Securities Limited ,10,199.0,1990.0,2025-09-23 11:04:13.775460
2025-09-23,66167,2025092301000176,HBL,Sani Securities Company Ltd.,Sani Securities Company Ltd.,300,199.0,59700.0,2025-09-23 11:04:17.243381
2025-09-23,66137,2025092301000182,HBL,Sani Securities Company Ltd.,Nepal Stock House (PVT) Ltd.,10,199.2,1992.0,2025-09-23 11:04:25.897059
2025-09-23,66078,2025092301000192,HBL,Sani Securities Company Ltd.,Naasa Securities Co. Ltd.,10,199.2,1992.0,2025-09-23 11:04:36.161530
2025-09-23,66074,2025092301000193,HBL,Sani Securities Company Ltd.,Sani Securities Company Ltd.,10,199.2,1992.0,2025-09-23 11:04:36.227296
2025-09-23,65935,2025092301000220,HBL,Sani Securities Company Ltd.,Midas Stock Broking Company Private Limited,10,199.2,1992.0,2025-09-23 11:05:10.910800
2025-09-23,65922,2025092301000222,HBL,Imperial Securities Company Pvt. Ltd.,Online Securities Pvt. Ltd.,10,199.5,1995.0,2025-09-23 11:05:12.030380
2025-09-23,65921,2025092301000223,HBL,Imperial Securities Company Pvt. Ltd.,Sundhara Securities Limited,10,200.0,2000.0,2025-09-23 11:05:12.030455
2025-09-23,65920,2025092301000224,HBL,Imperial Securities Company Pvt. Ltd.,Naasa Securities Co. Ltd.,10,200.0,2000.0,2025-09-23 11:05:12.030496
2025-09-23,65919,2025092301000225,HBL,Imperial Securities Company Pvt. Ltd.,Dipshikha Dhitopatra Karobar Co. Pvt Ltd.,10,200.0,2000.0,2025-09-23 11:05:12.030533
2025-09-23,65864,2025092301000234,HBL,Sani Securities Company Ltd.,Naasa Securities Co. Ltd.,10,199.2,1992.0,2025-09-23 11:05:26.168784
2025-09-23,65846,2025092301000237,HBL,Oxford Securities Pvt. Ltd.,Aryatara Investment & Securities,10,200.0,2000.0,2025-09-23 11:05:30.579912
2025-09-23,65845,2025092301000238,HBL,Oxford Securities Pvt. Ltd.,Naasa Securities Co. Ltd.,10,200.0,2000.0,2025-09-23 11:05:30.579992
2025-09-23,65844,2025092301000239,HBL,Oxford Securities Pvt. Ltd.,Agrawal Securities (PVT) Ltd.,25,200.0,5000.0,2025-09-23 11:05:30.580045
2025-09-23,65828,2025092301000242,HBL,Sani Securities Company Ltd.,Naasa Securities Co. Ltd.,10,199.2,1992.0,2025-09-23 11:05:33.023953
2025-09-23,65808,2025092301000250,HBL,Thrive Brokerage House Pvt. Ltd,Agrawal Securities (PVT) Ltd.,35,200.0,7000.0,2025-09-23 11:05:36.261213
2025-09-23,65807,2025092301000251,HBL,Thrive Brokerage House Pvt. Ltd,Dakshinkali Investment & Securities Pvt. Ltd.,10,200.0,2000.0,2025-09-23 11:05:36.261292
2025-09-23,65806,2025092301000252,HBL,Thrive Brokerage House Pvt. Ltd,Imperial Securities Company Pvt. Ltd.,10,200.0,2000.0,2025-09-23 11:05:36.261329
2025-09-23,65805,2025092301000253,HBL,Thrive Brokerage House Pvt. Ltd,Opal Securities Investment (PVT) Ltd.,10,200.0,2000.0,2025-09-23 11:05:36.261366
2025-09-23,65746,2025092301000265,HBL,Thrive Brokerage House Pvt. Ltd,Kohinoor Investment & Securities Pvt. Ltd.,10,200.0,2000.0,2025-09-23 11:05:47.482889
2025-09-23,65668,2025092301000278,HBL,Thrive Brokerage House Pvt. Ltd,Capital Max Securities Ltd,10,200.0,2000.0,2025-09-23 11:06:02.400582
2025-09-23,65664,2025092301000279,HBL,Thrive Brokerage House Pvt. Ltd,Kohinoor Investment & Securities Pvt. Ltd.,10,200.0,2000.0,2025-09-23 11:06:03.069474
2025-09-23,65530,2025092301000311,HBL,Kalika Securities Pvt. Ltd.,Naasa Securities Co. Ltd.,10,200.0,2000.0,2025-09-23 11:06:29.155339
2025-09-23,65506,2025092301000312,HBL,Ashutosh Brokerage & Securities (PVT) Ltd.,J.F. Securites (PVT) Ltd.,10,200.0,2000.0,2025-09-23 11:06:33.523804
2025-09-23,65505,2025092301000313,HBL,Ashutosh Brokerage & Securities (PVT) Ltd.,Naasa Securities Co. Ltd.,10,200.0,2000.0,2025-09-23 11:06:33.523895
2025-09-23,65406,2025092301000321,HBL,Ashutosh Brokerage & Securities (PVT) Ltd.,Sani Securities Company Ltd.,10,200.0,2000.0,2025-09-23 11:06:47.083433
2025-09-23,65401,2025092301000322,HBL,Ashutosh Brokerage & Securities (PVT) Ltd.,Naasa Securities Co. Ltd.,10,200.0,2000.0,2025-09-23 11:06:47.892474
2025-09-23,65397,2025092301000324,HBL,Ashutosh Brokerage & Securities (PVT) Ltd.,Asian Securities Private Ltd.,10,200.0,2000.0,2025-09-23 11:06:48.486262
2025-09-23,65384,2025092301000325,HBL,Thrive Brokerage House Pvt. Ltd,Secured Securities Ltd.,10,201.0,2010.0,2025-09-23 11:06:50.856391
2025-09-23,65383,2025092301000326,HBL,Thrive Brokerage House Pvt. Ltd,Deevyaa Securities & Stock House Pvt. Ltd,10,201.0,2010.0,2025-09-23 11:06:50.856468
2025-09-23,65303,2025092301000334,HBL,Ashutosh Brokerage & Securities (PVT) Ltd.,Naasa Securities Co. Ltd.,10,200.0,2000.0,2025-09-23 11:07:02.365782
2025-09-23,65277,2025092301000342,HBL,Ashutosh Brokerage & Securities (PVT) Ltd.,Naasa Securities Co. Ltd.,10,200.0,2000.0,2025-09-23 11:07:08.935108
2025-09-23,65181,2025092301000367,HBL,Ashutosh Brokerage & Securities (PVT) Ltd.,Capital Max Securities Ltd,10,200.0,2000.0,2025-09-23 11:07:25.734812
2025-09-23,65158,2025092301000372,HBL,Ashutosh Brokerage & Securities (PVT) Ltd.,Dipshikha Dhitopatra Karobar Co. Pvt Ltd.,170,200.0,34000.0,2025-09-23 11:07:31.049337
2025-09-23,65157,2025092301000373,HBL,Sani Securities Company Ltd.,Dipshikha Dhitopatra Karobar Co. Pvt Ltd.,570,200.0,114000.0,2025-09-23 11:07:31.049424
2025-09-23,65103,2025092301000397,HBL,Dipshikha Dhitopatra Karobar Co. Pvt Ltd.,Dipshikha Dhitopatra Karobar Co. Pvt Ltd.,10,200.0,2000.0,2025-09-23 11:07:37.726722
2025-09-23,65102,2025092301000398,HBL,Dipshikha Dhitopatra Karobar Co. Pvt Ltd.,Dipshikha Dhitopatra Karobar Co. Pvt Ltd.,10,200.0,2000.0,2025-09-23 11:07:37.726808
2025-09-23,65099,2025092301000399,HBL,Dipshikha Dhitopatra Karobar Co. Pvt Ltd.,Kohinoor Investment & Securities Pvt. Ltd.,10,200.0,2000.0,2025-09-23 11:07:39.053017
2025-09-23,65091,2025092301000401,HBL,Dipshikha Dhitopatra Karobar Co. Pvt Ltd.,Agrawal Securities (PVT) Ltd.,10,200.0,2000.0,2025-09-23 11:07:42.221743
2025-09-23,65041,2025092301000406,HBL,Dipshikha Dhitopatra Karobar Co. Pvt Ltd.,Sani Securities Company Ltd.,10,200.0,2000.0,2025-09-23 11:07:56.260916
2025-09-23,64956,2025092301000427,HBL,Dipshikha Dhitopatra Karobar Co. Pvt Ltd.,Naasa Securities Co. Ltd.,10,200.0,2000.0,2025-09-23 11:08:09.654836
2025-09-23,64944,2025092301000430,HBL,Dipshikha Dhitopatra Karobar Co. Pvt Ltd.,Vision Securities Pvt. Ltd,10,200.0,2000.0,2025-09-23 11:08:13.442510
2025-09-23,64881,2025092301000440,HBL,Dipshikha Dhitopatra Karobar Co. Pvt Ltd.,Primo Securities (PVT) Ltd.,10,200.0,2000.0,2025-09-23 11:08:26.597243
2025-09-23,64750,2025092301000472,HBL,Dipshikha Dhitopatra Karobar Co. Pvt Ltd.,Sani Securities Company Ltd.,10,200.0,2000.0,2025-09-23 11:08:48.208277
2025-09-23,64735,2025092301000475,HBL,Dipshikha Dhitopatra Karobar Co. Pvt Ltd.,Dynamic Money Managers Securities Pvt. Ltd.,10,200.0,2000.0,2025-09-23 11:08:49.963852
2025-09-23,64718,2025092301000484,HBL,Kalika Securities Pvt. Ltd.,Dipshikha Dhitopatra Karobar Co. Pvt Ltd.,11,200.8,2208.8,2025-09-23 11:08:52.337238
2025-09-23,64717,2025092301000485,HBL,Kalika Securities Pvt. Ltd.,Naasa Securities Co. Ltd.,10,200.8,2008.0,2025-09-23 11:08:52.337342
2025-09-23,64690,2025092301000492,HBL,Kalika Securities Pvt. Ltd.,Kumari Securities Private Limited,10,200.8,2008.0,2025-09-23 11:08:55.859986
2025-09-23,64645,2025092301000503,HBL,Kalika Securities Pvt. Ltd.,Naasa Securities Co. Ltd.,10,200.8,2008.0,2025-09-23 11:09:02.158577
2025-09-23,64632,2025092301000508,HBL,Kalika Securities Pvt. Ltd.,Sani Securities Company Ltd.,19,200.8,3815.2,2025-09-23 11:09:04.929753
2025-09-23,64631,2025092301000509,HBL,Dipshikha Dhitopatra Karobar Co. Pvt Ltd.,Sani Securities Company Ltd.,150,200.0,30000.0,2025-09-23 11:09:04.929986
2025-09-23,64630,2025092301000510,HBL,Online Securities Pvt. Ltd.,Sani Securities Company Ltd.,90,200.0,18000.0,2025-09-23 11:09:04.930164
2025-09-23,64549,2025092301000531,HBL,Sani Securities Company Ltd.,Nepal Investment And Securities Trading Private Limited,10,199.2,1992.0,2025-09-23 11:09:17.539290
2025-09-23,64548,2025092301000532,HBL,Sani Securities Company Ltd.,Imperial Securities Company Pvt. Ltd.,10,199.2,1992.0,2025-09-23 11:09:17.829686
2025-09-23,64500,2025092301000540,HBL,Sani Securities Company Ltd.,Naasa Securities Co. Ltd.,664,199.2,132268.8,2025-09-23 11:09:24.354147
2025-09-23,64478,2025092301000543,HBL,Sani Securities Company Ltd.,Midas Stock Broking Company Private Limited,10,199.2,1992.0,2025-09-23 11:09:30.307594
2025-09-23,64439,2025092301000547,HBL,Sani Securities Company Ltd.,Trisul Securities & Invt. Ltd.,10,199.2,1992.0,2025-09-23 11:09:35.824729
2025-09-23,64401,2025092301000553,HBL,Sani Securities Company Ltd.,Dipshikha Dhitopatra Karobar Co. Pvt Ltd.,10,199.2,1992.0,2025-09-23 11:09:40.145600
2025-09-23,64375,2025092301000561,HBL,Sani Securities Company Ltd.,Midas Stock Broking Company Private Limited,10,199.2,1992.0,2025-09-23 11:09:43.680268
2025-09-23,64369,2025092301000563,HBL,Sani Securities Company Ltd.,Naasa Securities Co. Ltd.,10,199.2,1992.0,2025-09-23 11:09:44.790306
2025-09-23,64367,2025092301000564,HBL,Sani Securities Company Ltd.,Midas Stock Broking Company Private Limited,10,199.2,1992.0,2025-09-23 11:09:45.078189
2025-09-23,64359,2025092301000566,HBL,Sani Securities Company Ltd.,Imperial Securities Company Pvt. Ltd.,10,199.2,1992.0,2025-09-23 11:09:46.740794
2025-09-23,64328,2025092301000586,HBL,Sani Securities Company Ltd.,South Asian Bulls Pvt. Ltd.,10,199.2,1992.0,2025-09-23 11:09:50.625307
2025-09-23,64302,2025092301000589,HBL,Sani Securities Company Ltd.,Nepal Investment And Securities Trading Private Limited,10,199.2,1992.0,2025-09-23 11:09:55.452962
2025-09-23,64225,2025092301000606,HBL,Sani Securities Company Ltd.,Sweta Securities Private Limited,10,199.2,1992.0,2025-09-23 11:10:07.064418
2025-09-23,64200,2025092301000615,HBL,Sani Securities Company Ltd.,Vision Securities Pvt. Ltd,10,199.2,1992.0,2025-09-23 11:10:09.702036
2025-09-23,64191,2025092301000617,HBL,Sani Securities Company Ltd.,Dipshikha Dhitopatra Karobar Co. Pvt Ltd.,10,199.2,1992.0,2025-09-23 11:10:10.939700
2025-09-23,64170,2025092301000623,HBL,Sani Securities Company Ltd.,South Asian Bulls Pvt. Ltd.,10,199.2,1992.0,2025-09-23 11:10:14.560855
2025-09-23,64072,2025092301000648,HBL,Sani Securities Company Ltd.,Siprabi Securities Pvt. Ltd.,10,199.2,1992.0,2025-09-23 11:10:32.524874
2025-09-23,64063,2025092301000650,HBL,Sani Securities Company Ltd.,ABC Securities Private Limited,10,199.2,1992.0,2025-09-23 11:10:34.119836
2025-09-23,63980,2025092301000666,HBL,Sani Securities Company Ltd.,Investment Management Nepal Pvt. Ltd.,10,199.2,1992.0,2025-09-23 11:10:50.407189
2025-09-23,63921,2025092301000674,HBL,Sani Securities Company Ltd.,Naasa Securities Co. Ltd.,10,199.2,1992.0,2025-09-23 11:11:01.680633
2025-09-23,63899,2025092301000676,HBL,Sani Securities Company Ltd.,Naasa Securities Co. Ltd.,10,199.2,1992.0,2025-09-23 11:11:04.614216
2025-09-23,63838,2025092301000683,HBL,Sani Securities Company Ltd.,Secured Securities Ltd.,10,199.2,1992.0,2025-09-23 11:11:20.769975
2025-09-23,63836,2025092301000684,HBL,Sani Securities Company Ltd.,Naasa Securities Co. Ltd.,10,199.2,1992.0,2025-09-23 11:11:21.860706
2025-09-23,63819,2025092301000688,HBL,Sani Securities Company Ltd.,Naasa Securities Co. Ltd.,10,199.2,1992.0,2025-09-23 11:11:25.554051
2025-09-23,63805,2025092301000693,HBL,Sani Securities Company Ltd.,Kalika Securities Pvt. Ltd.,10,199.2,1992.0,2025-09-23 11:11:28.241133
2025-09-23,63804,2025092301000694,HBL,Sani Securities Company Ltd.,Opal Securities Investment (PVT) Ltd.,10,199.2,1992.0,2025-09-23 11:11:28.498278
2025-09-23,63787,2025092301000699,HBL,Sewa Securities Pvt. Ltd.,Shree Krishna Securities Ltd.,10,199.0,1990.0,2025-09-23 11:11:34.398430
2025-09-23,63783,2025092301000703,HBL,Sewa Securities Pvt. Ltd.,Trishakti Securities Public Limited,50,199.0,9950.0,2025-09-23 11:11:34.994854
2025-09-23,63782,2025092301000704,HBL,Vision Securities Pvt. Ltd,Trishakti Securities Public Limited,10,199.0,1990.0,2025-09-23 11:11:34.994998
2025-09-23,63781,2025092301000705,HBL,Naasa Securities Co. Ltd.,Trishakti Securities Public Limited,65,199.0,12935.0,2025-09-23 11:11:34.995075
2025-09-23,63780,2025092301000706,HBL,Naasa Securities Co. Ltd.,Trishakti Securities Public Limited,90,199.0,17910.0,2025-09-23 11:11:34.995139
2025-09-23,63779,2025092301000707,HBL,Sani Securities Company Ltd.,Trishakti Securities Public Limited,20,199.0,3980.0,2025-09-23 11:11:34.995208
2025-09-23,63778,2025092301000708,HBL,Sani Securities Company Ltd.,Trishakti Securities Public Limited,50,199.0,9950.0,2025-09-23 11:11:34.995272
2025-09-23,63777,2025092301000709,HBL,Naasa Securities Co. Ltd.,Trishakti Securities Public Limited,10,199.0,1990.0,2025-09-23 11:11:34.995336
2025-09-23,63752,2025092301000711,HBL,Bhrikuti Stock Broking Co. Pvt. Ltd.,Naasa Securities Co. Ltd.,10,198.5,1985.0,2025-09-23 11:11:39.788527
2025-09-23,63737,2025092301000712,HBL,Dipshikha Dhitopatra Karobar Co. Pvt Ltd.,Trishakti Securities Public Limited,85,199.0,16915.0,2025-09-23 11:11:41.223337
2025-09-23,63736,2025092301000713,HBL,Dipshikha Dhitopatra Karobar Co. Pvt Ltd.,Oxford Securities Pvt. Ltd.,10,199.0,1990.0,2025-09-23 11:11:41.223474
2025-09-23,63717,2025092301000716,HBL,Bhrikuti Stock Broking Co. Pvt. Ltd.,Deevyaa Securities & Stock House Pvt. Ltd,10,198.5,1985.0,2025-09-23 11:11:45.738139
2025-09-23,63703,2025092301000718,HBL,Bhrikuti Stock Broking Co. Pvt. Ltd.,Linch Stock Market Ltd.,10,198.5,1985.0,2025-09-23 11:11:48.310016
2025-09-23,63687,2025092301000719,HBL,Bhrikuti Stock Broking Co. Pvt. Ltd.,Online Securities Pvt. Ltd.,10,198.5,1985.0,2025-09-23 11:11:50.546589
2025-09-23,63683,2025092301000722,HBL,Agrawal Securities (PVT) Ltd.,Trishakti Securities Public Limited,10,198.2,1982.0,2025-09-23 11:11:51.721971
2025-09-23,63665,2025092301000724,HBL,Sumeru Securities Pvt. Ltd.,Deevyaa Securities & Stock House Pvt. Ltd,10,198.1,1981.0,2025-09-23 11:11:56.096160
2025-09-23,63614,2025092301000737,HBL,Sumeru Securities Pvt. Ltd.,Bhrikuti Stock Broking Co. Pvt. Ltd.,10,198.1,1981.0,2025-09-23 11:12:07.221012
2025-09-23,63423,2025092301000775,HBL,Himalayan Securities Limited,Oxford Securities Pvt. Ltd.,10,198.2,1982.0,2025-09-23 11:12:39.476226
2025-09-23,63398,2025092301000779,HBL,Himalayan Securities Limited,Opal Securities Investment (PVT) Ltd.,10,198.2,1982.0,2025-09-23 11:12:46.956996
2025-09-23,63227,2025092301000819,HBL,Sumeru Securities Pvt. Ltd.,Imperial Securities Company Pvt. Ltd.,10,198.1,1981.0,2025-09-23 11:13:15.016644
2025-09-23,63220,2025092301000824,HBL,Sumeru Securities Pvt. Ltd.,Online Securities Pvt. Ltd.,10,198.1,1981.0,2025-09-23 11:13:15.480082
2025-09-23,63177,2025092301000828,HBL,Midas Stock Broking Company Private Limited,Oxford Securities Pvt. Ltd.,10,198.1,1981.0,2025-09-23 11:13:22.002341
2025-09-23,63170,2025092301000831,HBL,Midas Stock Broking Company Private Limited,Vision Securities Pvt. Ltd,10,198.1,1981.0,2025-09-23 11:13:23.485890
2025-09-23,63088,2025092301000843,HBL,Himalayan Securities Limited,Sundhara Securities Limited,10,198.1,1981.0,2025-09-23 11:13:37.487797
2025-09-23,63060,2025092301000848,HBL,Himalayan Securities Limited,Naasa Securities Co. Ltd.,10,198.1,1981.0,2025-09-23 11:13:41.914795
2025-09-23,63057,2025092301000849,HBL,Himalayan Securities Limited,Dakshinkali Investment & Securities Pvt. Ltd.,10,198.1,1981.0,2025-09-23 11:13:42.356226
2025-09-23,63037,2025092301000853,HBL,Himalayan Securities Limited,Indira securities pvt. ltd,10,198.1,1981.0,2025-09-23 11:13:45.249387
2025-09-23,63022,2025092301000856,HBL,Himalayan Securities Limited,Naasa Securities Co. Ltd.,10,198.1,1981.0,2025-09-23 11:13:48.915875
2025-09-23,62993,2025092301000859,HBL,Siprabi Securities Pvt. Ltd.,Sani Securities Company Ltd.,10,198.0,1980.0,2025-09-23 11:13:59.095940
2025-09-23,62910,2025092301000874,HBL,Siprabi Securities Pvt. Ltd.,Naasa Securities Co. Ltd.,10,198.0,1980.0,2025-09-23 11:14:11.105101
2025-09-23,62892,2025092301000881,HBL,Siprabi Securities Pvt. Ltd.,Bhrikuti Stock Broking Co. Pvt. Ltd.,10,198.0,1980.0,2025-09-23 11:14:16.134142
2025-09-23,62878,2025092301000882,HBL,Siprabi Securities Pvt. Ltd.,Naasa Securities Co. Ltd.,10,198.0,1980.0,2025-09-23 11:14:17.553348
2025-09-23,62860,2025092301000883,HBL,Siprabi Securities Pvt. Ltd.,Naasa Securities Co. Ltd.,10,198.0,1980.0,2025-09-23 11:14:20.117682
2025-09-23,62824,2025092301000885,HBL,Siprabi Securities Pvt. Ltd.,Midas Stock Broking Company Private Limited,10,198.0,1980.0,2025-09-23 11:14:23.306872
2025-09-23,62822,2025092301000887,HBL,Siprabi Securities Pvt. Ltd.,Naasa Securities Co. Ltd.,10,198.0,1980.0,2025-09-23 11:14:23.878598
2025-09-23,62755,2025092301000905,HBL,Siprabi Securities Pvt. Ltd.,Online Securities Pvt. Ltd.,10,198.0,1980.0,2025-09-23 11:14:36.315049
2025-09-23,62731,2025092301000911,HBL,Siprabi Securities Pvt. Ltd.,Opal Securities Investment (PVT) Ltd.,10,198.0,1980.0,2025-09-23 11:14:41.795549
2025-09-23,62717,2025092301000913,HBL,Siprabi Securities Pvt. Ltd.,Sipla Securities Private Limited,10,198.0,1980.0,2025-09-23 11:14:44.128896
2025-09-23,62716,2025092301000914,HBL,Siprabi Securities Pvt. Ltd.,Naasa Securities Co. Ltd.,10,198.0,1980.0,2025-09-23 11:14:44.185255
2025-09-23,62714,2025092301000915,HBL,Siprabi Securities Pvt. Ltd.,Sani Securities Company Ltd.,10,198.0,1980.0,2025-09-23 11:14:44.876135
2025-09-23,62709,2025092301000917,HBL,Siprabi Securities Pvt. Ltd.,Imperial Securities Company Pvt. Ltd.,10,198.0,1980.0,2025-09-23 11:14:46.517573
2025-09-23,62698,2025092301000919,HBL,Siprabi Securities Pvt. Ltd.,Dipshikha Dhitopatra Karobar Co. Pvt Ltd.,10,198.0,1980.0,2025-09-23 11:14:49.143753
2025-09-23,62647,2025092301000937,HBL,Midas Stock Broking Company Private Limited,KALASH STOCK MARKET PVT. LTD.,10,198.1,1981.0,2025-09-23 11:14:59.472174
2025-09-23,62635,2025092301000939,HBL,Siprabi Securities Pvt. Ltd.,Trishakti Securities Public Limited,10,198.0,1980.0,2025-09-23 11:15:00.611714
2025-09-23,62629,2025092301000941,HBL,Siprabi Securities Pvt. Ltd.,Indira securities pvt. ltd,10,198.0,1980.0,2025-09-23 11:15:01.453700
2025-09-23,62610,2025092301000949,HBL,Siprabi Securities Pvt. Ltd.,Linch Stock Market Ltd.,10,198.0,1980.0,2025-09-23 11:15:04.471098
2025-09-23,62588,2025092301000955,HBL,Siprabi Securities Pvt. Ltd.,Agrawal Securities (PVT) Ltd.,10,198.0,1980.0,2025-09-23 11:15:08.018396
2025-09-23,62516,2025092301000968,HBL,Siprabi Securities Pvt. Ltd.,Oxford Securities Pvt. Ltd.,10,198.0,1980.0,2025-09-23 11:15:24.469919
2025-09-23,62475,2025092301000975,HBL,Siprabi Securities Pvt. Ltd.,Vision Securities Pvt. Ltd,10,198.0,1980.0,2025-09-23 11:15:28.735282
2025-09-23,62448,2025092301000983,HBL,Siprabi Securities Pvt. Ltd.,Aryatara Investment & Securities,10,198.0,1980.0,2025-09-23 11:15:34.697940
2025-09-23,62407,2025092301000990,HBL,Siprabi Securities Pvt. Ltd.,Sri Hari Securities Pvt. Ltd.,10,198.0,1980.0,2025-09-23 11:15:42.230668
2025-09-23,62397,2025092301000992,HBL,Siprabi Securities Pvt. Ltd.,Indira securities pvt. ltd,10,198.0,1980.0,2025-09-23 11:15:44.794013
2025-09-23,62390,2025092301000995,HBL,Siprabi Securities Pvt. Ltd.,Imperial Securities Company Pvt. Ltd.,10,198.0,1980.0,2025-09-23 11:15:45.354529
2025-09-23,62370,2025092301001003,HBL,Siprabi Securities Pvt. Ltd.,Kohinoor Investment & Securities Pvt. Ltd.,10,198.0,1980.0,2025-09-23 11:15:47.564127
2025-09-23,62347,2025092301001004,HBL,Siprabi Securities Pvt. Ltd.,Opal Securities Investment (PVT) Ltd.,10,198.0,1980.0,2025-09-23 11:15:48.571561
2025-09-23,62335,2025092301001006,HBL,Siprabi Securities Pvt. Ltd.,Imperial Securities Company Pvt. Ltd.,10,198.0,1980.0,2025-09-23 11:15:51.072802
2025-09-23,62323,2025092301001008,HBL,Siprabi Securities Pvt. Ltd.,Naasa Securities Co. Ltd.,10,198.0,1980.0,2025-09-23 11:15:52.127051
2025-09-23,62305,2025092301001012,HBL,Siprabi Securities Pvt. Ltd.,Naasa Securities Co. Ltd.,10,198.0,1980.0,2025-09-23 11:15:57.168366
2025-09-23,62291,2025092301001014,HBL,Siprabi Securities Pvt. Ltd.,J.F. Securites (PVT) Ltd.,10,198.0,1980.0,2025-09-23 11:16:01.704230
2025-09-23,62192,2025092301001055,HBL,Sani Securities Company Ltd.,Shree Krishna Securities Ltd.,10,198.0,1980.0,2025-09-23 11:16:25.501290
2025-09-23,62191,2025092301001056,HBL,Sani Securities Company Ltd.,Oxford Securities Pvt. Ltd.,10,198.0,1980.0,2025-09-23 11:16:26.308443
2025-09-23,62185,2025092301001058,HBL,Sani Securities Company Ltd.,Sundhara Securities Limited,30,198.0,5940.0,2025-09-23 11:16:27.709257
2025-09-23,62184,2025092301001059,HBL,Sani Securities Company Ltd.,Imperial Securities Company Pvt. Ltd.,25,198.0,4950.0,2025-09-23 11:16:28.112629
2025-09-23,62179,2025092301001063,HBL,Sani Securities Company Ltd.,Kohinoor Investment & Securities Pvt. Ltd.,10,198.0,1980.0,2025-09-23 11:16:28.339726
2025-09-23,62177,2025092301001064,HBL,Naasa Securities Co. Ltd.,Naasa Securities Co. Ltd.,10,198.2,1982.0,2025-09-23 11:16:29.215051
2025-09-23,62171,2025092301001066,HBL,Sani Securities Company Ltd.,Himalayan Securities Limited,10,198.0,1980.0,2025-09-23 11:16:30.427086
2025-09-23,62145,2025092301001069,HBL,Naasa Securities Co. Ltd.,Midas Stock Broking Company Private Limited,10,198.0,1980.0,2025-09-23 11:16:36.077640
2025-09-23,62134,2025092301001077,HBL,Naasa Securities Co. Ltd.,Naasa Securities Co. Ltd.,10,198.0,1980.0,2025-09-23 11:16:36.555780
2025-09-23,62129,2025092301001078,HBL,Naasa Securities Co. Ltd.,Dakshinkali Investment & Securities Pvt. Ltd.,10,198.0,1980.0,2025-09-23 11:16:38.336505
2025-09-23,62108,2025092301001079,HBL,Naasa Securities Co. Ltd.,Naasa Securities Co. Ltd.,10,198.0,1980.0,2025-09-23 11:16:40.223466
2025-09-23,62063,2025092301001087,HBL,Midas Stock Broking Company Private Limited,Naasa Securities Co. Ltd.,10,198.1,1981.0,2025-09-23 11:16:56.738641
2025-09-23,62018,2025092301001100,HBL,Midas Stock Broking Company Private Limited,Imperial Securities Company Pvt. Ltd.,10,198.1,1981.0,2025-09-23 11:17:05.780931
2025-09-23,62016,2025092301001101,HBL,Opal Securities Investment (PVT) Ltd.,Naasa Securities Co. Ltd.,10,198.2,1982.0,2025-09-23 11:17:06.479721
2025-09-23,62003,2025092301001103,HBL,Midas Stock Broking Company Private Limited,Sundhara Securities Limited,10,198.1,1981.0,2025-09-23 11:17:09.990283
2025-09-23,61995,2025092301001104,HBL,Midas Stock Broking Company Private Limited,Opal Securities Investment (PVT) Ltd.,10,198.1,1981.0,2025-09-23 11:17:10.420644
2025-09-23,61987,2025092301001107,HBL,J.F. Securites (PVT) Ltd.,Naasa Securities Co. Ltd.,10,198.2,1982.0,2025-09-23 11:17:13.459714
2025-09-23,61941,2025092301001116,HBL,J.F. Securites (PVT) Ltd.,Kohinoor Investment & Securities Pvt. Ltd.,10,198.2,1982.0,2025-09-23 11:17:21.678547
2025-09-23,61932,2025092301001117,HBL,J.F. Securites (PVT) Ltd.,Online Securities Pvt. Ltd.,10,198.2,1982.0,2025-09-23 11:17:23.260308
2025-09-23,61931,2025092301001118,HBL,Midas Stock Broking Company Private Limited,Trisul Securities & Invt. Ltd.,10,198.1,1981.0,2025-09-23 11:17:23.789018
2025-09-23,61916,2025092301001127,HBL,Midas Stock Broking Company Private Limited,Sundhara Securities Limited,10,198.1,1981.0,2025-09-23 11:17:25.991322
2025-09-23,61915,2025092301001128,HBL,Midas Stock Broking Company Private Limited,Dipshikha Dhitopatra Karobar Co. Pvt Ltd.,10,198.1,1981.0,2025-09-23 11:17:26.193140
2025-09-23,61851,2025092301001136,HBL,Midas Stock Broking Company Private Limited,Online Securities Pvt. Ltd.,10,198.1,1981.0,2025-09-23 11:17:38.859184
2025-09-23,61820,2025092301001140,HBL,Midas Stock Broking Company Private Limited,Online Securities Pvt. Ltd.,10,198.2,1982.0,2025-09-23 11:17:43.930343
2025-09-23,61819,2025092301001141,HBL,Midas Stock Broking Company Private Limited,Kohinoor Investment & Securities Pvt. Ltd.,10,198.2,1982.0,2025-09-23 11:17:43.930576
2025-09-23,61803,2025092301001143,HBL,Midas Stock Broking Company Private Limited,Sani Securities Company Ltd.,10,198.1,1981.0,2025-09-23 11:17:47.682736
2025-09-23,61756,2025092301001157,HBL,Midas Stock Broking Company Private Limited,Sundhara Securities Limited,10,198.1,1981.0,2025-09-23 11:17:56.677624
2025-09-23,61742,2025092301001159,HBL,Midas Stock Broking Company Private Limited,Naasa Securities Co. Ltd.,10,198.1,1981.0,2025-09-23 11:17:58.377939
2025-09-23,61731,2025092301001160,HBL,Midas Stock Broking Company Private Limited,Kalika Securities Pvt. Ltd.,10,198.1,1981.0,2025-09-23 11:18:01.206332
2025-09-23,61707,2025092301001168,HBL,Midas Stock Broking Company Private Limited,Dipshikha Dhitopatra Karobar Co. Pvt Ltd.,10,198.1,1981.0,2025-09-23 11:18:03.441197
2025-09-23,61661,2025092301001179,HBL,Midas Stock Broking Company Private Limited,Naasa Securities Co. Ltd.,10,198.1,1981.0,2025-09-23 11:18:15.522867
2025-09-23,61660,2025092301001180,HBL,Midas Stock Broking Company Private Limited,Naasa Securities Co. Ltd.,10,198.1,1981.0,2025-09-23 11:18:16.824633
2025-09-23,61647,2025092301001185,HBL,Midas Stock Broking Company Private Limited,Agrawal Securities (PVT) Ltd.,10,198.1,1981.0,2025-09-23 11:18:23.927616
2025-09-23,61617,2025092301001188,HBL,Midas Stock Broking Company Private Limited,Capital Max Securities Ltd,10,198.1,1981.0,2025-09-23 11:18:27.817685
2025-09-23,61546,2025092301001212,HBL,Midas Stock Broking Company Private Limited,Midas Stock Broking Company Private Limited,10,198.1,1981.0,2025-09-23 11:18:43.858371
2025-09-23,61534,2025092301001214,HBL,J.F. Securites (PVT) Ltd.,Online Securities Pvt. Ltd.,10,198.5,1985.0,2025-09-23 11:18:46.566506
2025-09-23,61533,2025092301001215,HBL,J.F. Securites (PVT) Ltd.,Imperial Securities Company Pvt. Ltd.,10,198.5,1985.0,2025-09-23 11:18:46.566965
2025-09-23,61532,2025092301001216,HBL,J.F. Securites (PVT) Ltd.,Siprabi Securities Pvt. Ltd.,10,198.5,1985.0,2025-09-23 11:18:46.567317
2025-09-23,61531,2025092301001217,HBL,J.F. Securites (PVT) Ltd.,Trishakti Securities Public Limited,10,198.9,1989.0,2025-09-23 11:18:46.567704
2025-09-23,61530,2025092301001218,HBL,J.F. Securites (PVT) Ltd.,Primo Securities (PVT) Ltd.,60,198.9,11934.0,2025-09-23 11:18:46.628652
2025-09-23,61529,2025092301001219,HBL,Midas Stock Broking Company Private Limited,Primo Securities (PVT) Ltd.,140,198.1,27734.0,2025-09-23 11:18:46.629108
2025-09-23,61527,2025092301001220,HBL,Midas Stock Broking Company Private Limited,Naasa Securities Co. Ltd.,10,198.1,1981.0,2025-09-23 11:18:47.366872
2025-09-23,61518,2025092301001224,HBL,Midas Stock Broking Company Private Limited,Naasa Securities Co. Ltd.,10,198.1,1981.0,2025-09-23 11:18:48.784494
2025-09-23,61516,2025092301001225,HBL,Midas Stock Broking Company Private Limited,J.F. Securites (PVT) Ltd.,10,198.1,1981.0,2025-09-23 11:18:49.412220
2025-09-23,61511,2025092301001228,HBL,Midas Stock Broking Company Private Limited,Agrawal Securities (PVT) Ltd.,10,198.1,1981.0,2025-09-23 11:18:50.989499
2025-09-23,61471,2025092301001235,HBL,Midas Stock Broking Company Private Limited,Online Securities Pvt. Ltd.,10,198.1,1981.0,2025-09-23 11:18:59.218647
2025-09-23,61459,2025092301001241,HBL,Midas Stock Broking Company Private Limited,Imperial Securities Company Pvt. Ltd.,10,198.1,1981.0,2025-09-23 11:19:02.455417
2025-09-23,61445,2025092301001244,HBL,Midas Stock Broking Company Private Limited,Creative Securities Pvt Ltd,10,198.1,1981.0,2025-09-23 11:19:05.991021
2025-09-23,61440,2025092301001246,HBL,Midas Stock Broking Company Private Limited,Sundhara Securities Limited,10,198.1,1981.0,2025-09-23 11:19:08.273625
2025-09-23,61402,2025092301001265,HBL,Midas Stock Broking Company Private Limited,S.P.S.A. Securities Limited,10,198.1,1981.0,2025-09-23 11:19:17.525135
2025-09-23,61375,2025092301001271,HBL,Midas Stock Broking Company Private Limited,Sani Securities Company Ltd.,10,198.1,1981.0,2025-09-23 11:19:22.390855
2025-09-23,61365,2025092301001274,HBL,Midas Stock Broking Company Private Limited,Agrawal Securities (PVT) Ltd.,10,198.1,1981.0,2025-09-23 11:19:25.131955
2025-09-23,61364,2025092301001275,HBL,Midas Stock Broking Company Private Limited,Online Securities Pvt. Ltd.,10,198.1,1981.0,2025-09-23 11:19:25.650578
2025-09-23,61281,2025092301001292,HBL,Naasa Securities Co. Ltd.,Imperial Securities Company Pvt. Ltd.,10,198.5,1985.0,2025-09-23 11:19:42.782928
2025-09-23,61275,2025092301001295,HBL,Kumari Securities Private Limited,Agrawal Securities (PVT) Ltd.,10,198.2,1982.0,2025-09-23 11:19:43.447589
2025-09-23,61271,2025092301001298,HBL,Midas Stock Broking Company Private Limited,Global IME Securities Limited,10,198.1,1981.0,2025-09-23 11:19:43.966511
2025-09-23,61232,2025092301001311,HBL,Midas Stock Broking Company Private Limited,Sumeru Securities Pvt. Ltd.,10,198.1,1981.0,2025-09-23 11:19:50.579258
2025-09-23,61180,2025092301001319,HBL,Midas Stock Broking Company Private Limited,Online Securities Pvt. Ltd.,10,198.1,1981.0,2025-09-23 11:20:00.275212
2025-09-23,61176,2025092301001320,HBL,Midas Stock Broking Company Private Limited,Naasa Securities Co. Ltd.,30,198.1,5943.0,2025-09-23 11:20:01.647789
2025-09-23,61175,2025092301001321,HBL,Midas Stock Broking Company Private Limited,Naasa Securities Co. Ltd.,25,198.1,4952.5,2025-09-23 11:20:01.648284
2025-09-23,61160,2025092301001325,HBL,Midas Stock Broking Company Private Limited,Opal Securities Investment (PVT) Ltd.,10,198.1,1981.0,2025-09-23 11:20:05.686811
2025-09-23,61106,2025092301001333,HBL,Midas Stock Broking Company Private Limited,Sani Securities Company Ltd.,65,198.1,12876.5,2025-09-23 11:20:11.858274
2025-09-23,61105,2025092301001334,HBL,Sweta Securities Private Limited,Sani Securities Company Ltd.,55,198.1,10895.5,2025-09-23 11:20:11.858520
2025-09-23,61088,2025092301001335,HBL,Sweta Securities Private Limited,Midas Stock Broking Company Private Limited,10,198.1,1981.0,2025-09-23 11:20:15.610408
2025-09-23,61084,2025092301001336,HBL,Sweta Securities Private Limited,Linch Stock Market Ltd.,10,198.1,1981.0,2025-09-23 11:20:16.312139
2025-09-23,61069,2025092301001338,HBL,Sweta Securities Private Limited,Naasa Securities Co. Ltd.,10,198.1,1981.0,2025-09-23 11:20:17.746209
2025-09-23,61067,2025092301001339,HBL,Sweta Securities Private Limited,Sani Securities Company Ltd.,10,198.1,1981.0,2025-09-23 11:20:18.060836
2025-09-23,61040,2025092301001353,HBL,Sweta Securities Private Limited,Online Securities Pvt. Ltd.,10,198.1,1981.0,2025-09-23 11:20:27.227253
2025-09-23,61030,2025092301001356,HBL,Sweta Securities Private Limited,J.F. Securites (PVT) Ltd.,15,198.1,2971.5,2025-09-23 11:20:28.590869
2025-09-23,61008,2025092301001363,HBL,Sweta Securities Private Limited,Deevyaa Securities & Stock House Pvt. Ltd,10,198.1,1981.0,2025-09-23 11:20:33.128573
2025-09-23,61007,2025092301001364,HBL,Sweta Securities Private Limited,Online Securities Pvt. Ltd.,50,198.1,9905.0,2025-09-23 11:20:34.275583
2025-09-23,60897,2025092301001386,HBL,Sweta Securities Private Limited,J.F. Securites (PVT) Ltd.,15,198.1,2971.5,2025-09-23 11:21:02.477045
2025-09-23,60892,2025092301001388,HBL,Naasa Securities Co. Ltd.,Sundhara Securities Limited,10,198.1,1981.0,2025-09-23 11:21:04.359125
2025-09-23,60859,2025092301001397,HBL,Naasa Securities Co. Ltd.,Naasa Securities Co. Ltd.,10,198.1,1981.0,2025-09-23 11:21:12.844825
2025-09-23,60840,2025092301001400,HBL,Naasa Securities Co. Ltd.,Naasa Securities Co. Ltd.,10,198.1,1981.0,2025-09-23 11:21:15.643715
2025-09-23,60834,2025092301001402,HBL,Naasa Securities Co. Ltd.,J.F. Securites (PVT) Ltd.,10,198.2,1982.0,2025-09-23 11:21:17.793967
2025-09-23,60821,2025092301001404,HBL,Asian Securities Private Ltd.,Dipshikha Dhitopatra Karobar Co. Pvt Ltd.,10,198.2,1982.0,2025-09-23 11:21:19.579070
2025-09-23,60820,2025092301001405,HBL,Asian Securities Private Ltd.,Naasa Securities Co. Ltd.,10,198.2,1982.0,2025-09-23 11:21:19.579303
2025-09-23,60819,2025092301001406,HBL,Asian Securities Private Ltd.,Opal Securities Investment (PVT) Ltd.,10,199.0,1990.0,2025-09-23 11:21:19.579429
2025-09-23,60818,2025092301001407,HBL,Asian Securities Private Ltd.,Vision Securities Pvt. Ltd,10,199.0,1990.0,2025-09-23 11:21:19.579556
2025-09-23,60817,2025092301001408,HBL,Asian Securities Private Ltd.,Online Securities Pvt. Ltd.,10,199.0,1990.0,2025-09-23 11:21:19.579683
2025-09-23,60816,2025092301001409,HBL,Asian Securities Private Ltd.,Naasa Securities Co. Ltd.,10,199.0,1990.0,2025-09-23 11:21:19.579813
2025-09-23,60772,2025092301001415,HBL,Naasa Securities Co. Ltd.,Kalika Securities Pvt. Ltd.,10,198.1,1981.0,2025-09-23 11:21:26.439632
2025-09-23,60740,2025092301001425,HBL,Naasa Securities Co. Ltd.,Sumeru Securities Pvt. Ltd.,10,198.1,1981.0,2025-09-23 11:21:36.221880
2025-09-23,60676,2025092301001444,HBL,Naasa Securities Co. Ltd.,Trisul Securities & Invt. Ltd.,10,198.0,1980.0,2025-09-23 11:21:48.798689
2025-09-23,60657,2025092301001446,HBL,Asian Securities Private Ltd.,Creative Securities Pvt Ltd,10,198.0,1980.0,2025-09-23 11:21:53.638216
2025-09-23,60643,2025092301001450,HBL,Asian Securities Private Ltd.,J.F. Securites (PVT) Ltd.,10,198.0,1980.0,2025-09-23 11:21:56.853237
2025-09-23,60642,2025092301001451,HBL,Himalayan Securities Limited,Online Securities Pvt. Ltd.,10,198.0,1980.0,2025-09-23 11:21:57.050067
2025-09-23,60632,2025092301001453,HBL,Himalayan Securities Limited,Naasa Securities Co. Ltd.,10,198.0,1980.0,2025-09-23 11:21:58.653267
2025-09-23,60623,2025092301001459,HBL,Bhrikuti Stock Broking Co. Pvt. Ltd.,Opal Securities Investment (PVT) Ltd.,10,198.0,1980.0,2025-09-23 11:21:59.708805
2025-09-23,60569,2025092301001469,HBL,Secured Securities Ltd.,Online Securities Pvt. Ltd.,10,198.0,1980.0,2025-09-23 11:22:12.717560
2025-09-23,60549,2025092301001473,HBL,Secured Securities Ltd.,Creative Securities Pvt Ltd,10,198.0,1980.0,2025-09-23 11:22:17.910582
2025-09-23,60540,2025092301001474,HBL,Secured Securities Ltd.,Linch Stock Market Ltd.,10,198.0,1980.0,2025-09-23 11:22:20.857447
2025-09-23,60525,2025092301001480,HBL,Secured Securities Ltd.,Dipshikha Dhitopatra Karobar Co. Pvt Ltd.,10,198.0,1980.0,2025-09-23 11:22:23.755999
2025-09-23,60524,2025092301001481,HBL,Secured Securities Ltd.,Naasa Securities Co. Ltd.,10,198.0,1980.0,2025-09-23 11:22:24.118283
2025-09-23,60464,2025092301001484,HBL,Naasa Securities Co. Ltd.,Online Securities Pvt. Ltd.,10,198.1,1981.0,2025-09-23 11:22:32.275707
2025-09-23,60463,2025092301001485,HBL,Naasa Securities Co. Ltd.,Secured Securities Ltd.,10,198.1,1981.0,2025-09-23 11:22:32.275976
2025-09-23,60430,2025092301001490,HBL,Naasa Securities Co. Ltd.,Sumeru Securities Pvt. Ltd.,10,198.1,1981.0,2025-09-23 11:22:39.327334
2025-09-23,60392,2025092301001494,HBL,Naasa Securities Co. Ltd.,Naasa Securities Co. Ltd.,10,198.1,1981.0,2025-09-23 11:22:48.355773
2025-09-23,60356,2025092301001501,HBL,Naasa Securities Co. Ltd.,Midas Stock Broking Company Private Limited,10,198.1,1981.0,2025-09-23 11:22:56.544016
2025-09-23,60345,2025092301001502,HBL,Secured Securities Ltd.,Shree Krishna Securities Ltd.,10,198.0,1980.0,2025-09-23 11:22:58.882118
2025-09-23,60339,2025092301001503,HBL,Kohinoor Investment & Securities Pvt. Ltd.,Dipshikha Dhitopatra Karobar Co. Pvt Ltd.,10,198.1,1981.0,2025-09-23 11:23:01.147749
2025-09-23,60338,2025092301001504,HBL,Kohinoor Investment & Securities Pvt. Ltd.,J.F. Securites (PVT) Ltd.,10,198.1,1981.0,2025-09-23 11:23:01.305061
2025-09-23,60318,2025092301001511,HBL,Premier Securities Company Ltd.,Nepal Stock House (PVT) Ltd.,10,198.2,1982.0,2025-09-23 11:23:06.501558
2025-09-23,60317,2025092301001512,HBL,Premier Securities Company Ltd.,Naasa Securities Co. Ltd.,10,199.0,1990.0,2025-09-23 11:23:06.501599
2025-09-23,60316,2025092301001513,HBL,Premier Securities Company Ltd.,Naasa Securities Co. Ltd.,10,199.0,1990.0,2025-09-23 11:23:06.501627
2025-09-23,60315,2025092301001514,HBL,Premier Securities Company Ltd.,Kalika Securities Pvt. Ltd.,10,199.0,1990.0,2025-09-23 11:23:06.501661
2025-09-23,60314,2025092301001515,HBL,Premier Securities Company Ltd.,Nepal Investment And Securities Trading Private Limited,10,199.0,1990.0,2025-09-23 11:23:06.501686
2025-09-23,60313,2025092301001516,HBL,Premier Securities Company Ltd.,Online Securities Pvt. Ltd.,10,199.0,1990.0,2025-09-23 11:23:06.501723
2025-09-23,60312,2025092301001517,HBL,Premier Securities Company Ltd.,Imperial Securities Company Pvt. Ltd.,10,199.0,1990.0,2025-09-23 11:23:06.501746
2025-09-23,60311,2025092301001518,HBL,Premier Securities Company Ltd.,Capital Max Securities Ltd,10,199.0,1990.0,2025-09-23 11:23:06.501771
2025-09-23,60310,2025092301001519,HBL,Premier Securities Company Ltd.,Sani Securities Company Ltd.,10,199.0,1990.0,2025-09-23 11:23:06.501794
2025-09-23,60309,2025092301001520,HBL,Premier Securities Company Ltd.,Dipshikha Dhitopatra Karobar Co. Pvt Ltd.,10,199.0,1990.0,2025-09-23 11:23:06.501815
2025-09-23,60308,2025092301001521,HBL,Premier Securities Company Ltd.,Malla & Malla Stock Broking Company Pvt. Limited,10,199.0,1990.0,2025-09-23 11:23:06.501837
2025-09-23,60307,2025092301001522,HBL,Premier Securities Company Ltd.,Sani Securities Company Ltd.,10,199.1,1991.0,2025-09-23 11:23:06.501866
2025-09-23,60306,2025092301001523,HBL,Premier Securities Company Ltd.,Online Securities Pvt. Ltd.,10,199.1,1991.0,2025-09-23 11:23:06.501888
2025-09-23,60305,2025092301001524,HBL,Premier Securities Company Ltd.,Naasa Securities Co. Ltd.,10,199.2,1992.0,2025-09-23 11:23:06.501911
2025-09-23,60304,2025092301001525,HBL,Premier Securities Company Ltd.,Naasa Securities Co. Ltd.,10,199.2,1992.0,2025-09-23 11:23:06.501934
2025-09-23,60303,2025092301001526,HBL,Premier Securities Company Ltd.,Creative Securities Pvt Ltd,10,199.9,1999.0,2025-09-23 11:23:06.501958
2025-09-23,60302,2025092301001527,HBL,Premier Securities Company Ltd.,Dipshikha Dhitopatra Karobar Co. Pvt Ltd.,10,199.9,1999.0,2025-09-23 11:23:06.501979
2025-09-23,60301,2025092301001528,HBL,Premier Securities Company Ltd.,Naasa Securities Co. Ltd.,10,199.9,1999.0,2025-09-23 11:23:06.502001
2025-09-23,60300,2025092301001529,HBL,Premier Securities Company Ltd.,Investment Management Nepal Pvt. Ltd.,10,199.9,1999.0,2025-09-23 11:23:06.502033
2025-09-23,60299,2025092301001530,HBL,Premier Securities Company Ltd.,Sani Securities Company Ltd.,10,200.0,2000.0,2025-09-23 11:23:06.502059
2025-09-23,60285,2025092301001532,HBL,Kohinoor Investment & Securities Pvt. Ltd.,Naasa Securities Co. Ltd.,10,198.1,1981.0,2025-09-23 11:23:09.458164
2025-09-23,60275,2025092301001535,HBL,Secured Securities Ltd.,Naasa Securities Co. Ltd.,10,198.0,1980.0,2025-09-23 11:23:13.632047
2025-09-23,60240,2025092301001542,HBL,Secured Securities Ltd.,Sani Securities Company Ltd.,10,198.0,1980.0,2025-09-23 11:23:20.450732
2025-09-23,60168,2025092301001556,HBL,Sani Securities Company Ltd.,Naasa Securities Co. Ltd.,10,198.2,1982.0,2025-09-23 11:23:28.227343
2025-09-23,60117,2025092301001565,HBL,Sani Securities Company Ltd.,Kohinoor Investment & Securities Pvt. Ltd.,10,198.2,1982.0,2025-09-23 11:23:33.709347
2025-09-23,60087,2025092301001568,HBL,Sani Securities Company Ltd.,Nagarik Stock Dealer ,10,198.2,1982.0,2025-09-23 11:23:39.279322
2025-09-23,60083,2025092301001569,HBL,Sani Securities Company Ltd.,Naasa Securities Co. Ltd.,10,198.2,1982.0,2025-09-23 11:23:40.100961
2025-09-23,60071,2025092301001572,HBL,Sani Securities Company Ltd.,Kohinoor Investment & Securities Pvt. Ltd.,10,198.2,1982.0,2025-09-23 11:23:42.619552
2025-09-23,60063,2025092301001574,HBL,Sani Securities Company Ltd.,Sumeru Securities Pvt. Ltd.,10,198.2,1982.0,2025-09-23 11:23:43.791277
2025-09-23,60020,2025092301001587,HBL,Sani Securities Company Ltd.,Kohinoor Investment & Securities Pvt. Ltd.,10,198.2,1982.0,2025-09-23 11:23:51.453355
2025-09-23,59881,2025092301001608,HBL,Sani Securities Company Ltd.,Sri Hari Securities Pvt. Ltd.,10,198.2,1982.0,2025-09-23 11:24:14.636557
2025-09-23,59864,2025092301001615,HBL,Sani Securities Company Ltd.,Ashutosh Brokerage & Securities (PVT) Ltd.,10,198.2,1982.0,2025-09-23 11:24:20.937828
2025-09-23,59863,2025092301001616,HBL,Sani Securities Company Ltd.,Nagarik Stock Dealer ,10,198.2,1982.0,2025-09-23 11:24:21.107281
2025-09-23,59802,2025092301001643,HBL,Secured Securities Ltd.,Investment Management Nepal Pvt. Ltd.,10,198.0,1980.0,2025-09-23 11:24:29.641094
2025-09-23,59772,2025092301001650,HBL,Secured Securities Ltd.,Kalika Securities Pvt. Ltd.,10,198.0,1980.0,2025-09-23 11:24:35.245574
2025-09-23,59768,2025092301001651,HBL,Secured Securities Ltd.,Aryatara Investment & Securities,10,198.0,1980.0,2025-09-23 11:24:36.852831
2025-09-23,59766,2025092301001652,HBL,Secured Securities Ltd.,Nepal Stock House (PVT) Ltd.,10,198.0,1980.0,2025-09-23 11:24:37.360517
2025-09-23,59743,2025092301001655,HBL,Sumeru Securities Pvt. Ltd.,Kohinoor Investment & Securities Pvt. Ltd.,10,198.1,1981.0,2025-09-23 11:24:42.866210
2025-09-23,59739,2025092301001656,HBL,Sumeru Securities Pvt. Ltd.,Sani Securities Company Ltd.,10,198.1,1981.0,2025-09-23 11:24:43.886662
2025-09-23,59710,2025092301001664,HBL,Sumeru Securities Pvt. Ltd.,Imperial Securities Company Pvt. Ltd.,10,198.1,1981.0,2025-09-23 11:24:51.590523
2025-09-23,59696,2025092301001667,HBL,Sumeru Securities Pvt. Ltd.,Agrawal Securities (PVT) Ltd.,10,198.1,1981.0,2025-09-23 11:24:54.538718
2025-09-23,59690,2025092301001668,HBL,Sumeru Securities Pvt. Ltd.,Sumeru Securities Pvt. Ltd.,10,198.1,1981.0,2025-09-23 11:24:56.695691
2025-09-23,59656,2025092301001674,HBL,Sumeru Securities Pvt. Ltd.,Kohinoor Investment & Securities Pvt. Ltd.,10,198.1,1981.0,2025-09-23 11:25:06.067812
2025-09-23,59636,2025092301001677,HBL,Sumeru Securities Pvt. Ltd.,Online Securities Pvt. Ltd.,10,198.1,1981.0,2025-09-23 11:25:08.497373
2025-09-23,59632,2025092301001679,HBL,Sumeru Securities Pvt. Ltd.,Naasa Securities Co. Ltd.,10,198.1,1981.0,2025-09-23 11:25:09.958926
2025-09-23,59621,2025092301001680,HBL,Sumeru Securities Pvt. Ltd.,Imperial Securities Company Pvt. Ltd.,10,198.1,1981.0,2025-09-23 11:25:12.457004
2025-09-23,59618,2025092301001682,HBL,Sumeru Securities Pvt. Ltd.,ABC Securities Private Limited,10,198.1,1981.0,2025-09-23 11:25:13.654539
2025-09-23,59581,2025092301001689,HBL,Sumeru Securities Pvt. Ltd.,Opal Securities Investment (PVT) Ltd.,10,198.1,1981.0,2025-09-23 11:25:21.648539
2025-09-23,59513,2025092301001721,HBL,Sumeru Securities Pvt. Ltd.,Hatemalo Financial Services Private Limited,10,198.1,1981.0,2025-09-23 11:25:28.472540
2025-09-23,59506,2025092301001724,HBL,Dipshikha Dhitopatra Karobar Co. Pvt Ltd.,Naasa Securities Co. Ltd.,50,199.0,9950.0,2025-09-23 11:25:29.531917
2025-09-23,59505,2025092301001725,HBL,Dipshikha Dhitopatra Karobar Co. Pvt Ltd.,Siprabi Securities Pvt. Ltd.,10,199.0,1990.0,2025-09-23 11:25:29.532467
2025-09-23,59504,2025092301001726,HBL,Dipshikha Dhitopatra Karobar Co. Pvt Ltd.,Vision Securities Pvt. Ltd,10,199.0,1990.0,2025-09-23 11:25:29.532874
2025-09-23,59503,2025092301001727,HBL,Dipshikha Dhitopatra Karobar Co. Pvt Ltd.,Imperial Securities Company Pvt. Ltd.,10,199.0,1990.0,2025-09-23 11:25:29.533305
2025-09-23,59502,2025092301001728,HBL,Dipshikha Dhitopatra Karobar Co. Pvt Ltd.,Dipshikha Dhitopatra Karobar Co. Pvt Ltd.,10,199.0,1990.0,2025-09-23 11:25:29.533719
2025-09-23,59501,2025092301001729,HBL,Kohinoor Investment & Securities Pvt. Ltd.,Imperial Securities Company Pvt. Ltd.,10,198.2,1982.0,2025-09-23 11:25:29.575017
2025-09-23,59442,2025092301001733,HBL,Sundhara Securities Limited,Naasa Securities Co. Ltd.,10,199.0,1990.0,2025-09-23 11:25:40.729042
2025-09-23,59399,2025092301001737,HBL,Sundhara Securities Limited,Naasa Securities Co. Ltd.,10,199.0,1990.0,2025-09-23 11:25:46.489477
2025-09-23,59390,2025092301001739,HBL,Sundhara Securities Limited,Sumeru Securities Pvt. Ltd.,10,199.0,1990.0,2025-09-23 11:25:48.494147
2025-09-23,59385,2025092301001741,HBL,Sundhara Securities Limited,Imperial Securities Company Pvt. Ltd.,10,199.0,1990.0,2025-09-23 11:25:49.490058
2025-09-23,59348,2025092301001744,HBL,Kohinoor Investment & Securities Pvt. Ltd.,Siprabi Securities Pvt. Ltd.,10,198.2,1982.0,2025-09-23 11:25:56.853410
2025-09-23,59335,2025092301001746,HBL,Kohinoor Investment & Securities Pvt. Ltd.,J.F. Securites (PVT) Ltd.,10,198.2,1982.0,2025-09-23 11:25:58.711949
2025-09-23,59322,2025092301001748,HBL,Kohinoor Investment & Securities Pvt. Ltd.,Naasa Securities Co. Ltd.,10,198.2,1982.0,2025-09-23 11:26:01.822738
2025-09-23,59318,2025092301001749,HBL,Kohinoor Investment & Securities Pvt. Ltd.,Sri Hari Securities Pvt. Ltd.,10,198.2,1982.0,2025-09-23 11:26:02.166465
2025-09-23,59293,2025092301001757,HBL,Kohinoor Investment & Securities Pvt. Ltd.,Naasa Securities Co. Ltd.,10,198.2,1982.0,2025-09-23 11:26:06.668280
2025-09-23,59223,2025092301001774,HBL,Kohinoor Investment & Securities Pvt. Ltd.,Naasa Securities Co. Ltd.,10,198.2,1982.0,2025-09-23 11:26:18.913175
2025-09-23,59214,2025092301001775,HBL,Primo Securities (PVT) Ltd.,Nepal Investment And Securities Trading Private Limited,10,199.0,1990.0,2025-09-23 11:26:20.920219
2025-09-23,59213,2025092301001776,HBL,Primo Securities (PVT) Ltd.,Premier Securities Company Ltd.,10,199.0,1990.0,2025-09-23 11:26:20.920491
2025-09-23,59212,2025092301001777,HBL,Primo Securities (PVT) Ltd.,Naasa Securities Co. Ltd.,10,199.0,1990.0,2025-09-23 11:26:20.920638
2025-09-23,59211,2025092301001778,HBL,Primo Securities (PVT) Ltd.,Naasa Securities Co. Ltd.,10,199.0,1990.0,2025-09-23 11:26:20.920784
2025-09-23,59210,2025092301001779,HBL,Primo Securities (PVT) Ltd.,Naasa Securities Co. Ltd.,10,199.1,1991.0,2025-09-23 11:26:20.920930
2025-09-23,59209,2025092301001780,HBL,Primo Securities (PVT) Ltd.,Naasa Securities Co. Ltd.,10,199.2,1992.0,2025-09-23 11:26:20.921087
2025-09-23,59208,2025092301001781,HBL,Primo Securities (PVT) Ltd.,Sani Securities Company Ltd.,940,200.0,188000.0,2025-09-23 11:26:20.921230
2025-09-23,59156,2025092301001788,HBL,Kohinoor Investment & Securities Pvt. Ltd.,Opal Securities Investment (PVT) Ltd.,10,198.2,1982.0,2025-09-23 11:26:29.031818
2025-09-23,59076,2025092301001800,HBL,Pragyan Securities (PVT) Ltd.,S.P.S.A. Securities Limited,10,199.0,1990.0,2025-09-23 11:26:44.028984
2025-09-23,59057,2025092301001808,HBL,Pragyan Securities (PVT) Ltd.,Sani Securities Company Ltd.,10,199.0,1990.0,2025-09-23 11:26:48.388245
2025-09-23,59054,2025092301001810,HBL,Naasa Securities Co. Ltd.,Sani Securities Company Ltd.,30,200.0,6000.0,2025-09-23 11:26:49.020866
2025-09-23,59031,2025092301001814,HBL,Pragyan Securities (PVT) Ltd.,Vision Securities Pvt. Ltd,10,199.0,1990.0,2025-09-23 11:26:53.161677
2025-09-23,58930,2025092301001830,HBL,ABC Securities Private Limited,Sani Securities Company Ltd.,15,200.0,3000.0,2025-09-23 11:27:06.528843
2025-09-23,58921,2025092301001832,HBL,Pragyan Securities (PVT) Ltd.,Naasa Securities Co. Ltd.,10,199.0,1990.0,2025-09-23 11:27:08.809319
2025-09-23,58866,2025092301001849,HBL,Pragyan Securities (PVT) Ltd.,Sumeru Securities Pvt. Ltd.,10,199.0,1990.0,2025-09-23 11:27:16.734992
2025-09-23,58822,2025092301001855,HBL,Midas Stock Broking Company Private Limited,Sani Securities Company Ltd.,140,200.0,28000.0,2025-09-23 11:27:22.637862
2025-09-23,58810,2025092301001856,HBL,Pragyan Securities (PVT) Ltd.,Naasa Securities Co. Ltd.,10,199.0,1990.0,2025-09-23 11:27:25.803097
2025-09-23,58790,2025092301001859,HBL,Pragyan Securities (PVT) Ltd.,Sundhara Securities Limited,10,199.0,1990.0,2025-09-23 11:27:29.607663
2025-09-23,58777,2025092301001860,HBL,Pragyan Securities (PVT) Ltd.,Naasa Securities Co. Ltd.,10,199.0,1990.0,2025-09-23 11:27:32.300407
2025-09-23,58724,2025092301001871,HBL,Pragyan Securities (PVT) Ltd.,Himalayan Brokerage Company Limited,10,199.0,1990.0,2025-09-23 11:27:44.231993
2025-09-23,58670,2025092301001880,HBL,Pragyan Securities (PVT) Ltd.,Online Securities Pvt. Ltd.,10,199.0,1990.0,2025-09-23 11:27:48.678130
2025-09-23,58669,2025092301001881,HBL,Kalika Securities Pvt. Ltd.,Online Securities Pvt. Ltd.,31,199.0,6169.0,2025-09-23 11:27:48.678409
2025-09-23,58579,2025092301001889,HBL,Kalika Securities Pvt. Ltd.,Online Securities Pvt. Ltd.,10,199.0,1990.0,2025-09-23 11:27:56.645665
2025-09-23,58493,2025092301001907,HBL,Kalika Securities Pvt. Ltd.,Naasa Securities Co. Ltd.,10,199.0,1990.0,2025-09-23 11:28:10.717407
2025-09-23,58386,2025092301001917,HBL,Kalika Securities Pvt. Ltd.,Naasa Securities Co. Ltd.,10,199.0,1990.0,2025-09-23 11:28:25.107084
2025-09-23,58379,2025092301001918,HBL,Kalika Securities Pvt. Ltd.,Agrawal Securities (PVT) Ltd.,10,199.0,1990.0,2025-09-23 11:28:26.424043
2025-09-23,58361,2025092301001920,HBL,Kalika Securities Pvt. Ltd.,Naasa Securities Co. Ltd.,10,199.0,1990.0,2025-09-23 11:28:29.402709
2025-09-23,58339,2025092301001922,HBL,Linch Stock Market Ltd.,Naasa Securities Co. Ltd.,10,199.0,1990.0,2025-09-23 11:28:31.390102
2025-09-23,58260,2025092301001931,HBL,Linch Stock Market Ltd.,SHUBHAKAMANA SECURITIES PVT. LTD,10,199.0,1990.0,2025-09-23 11:28:44.992782
2025-09-23,58227,2025092301001938,HBL,Linch Stock Market Ltd.,Naasa Securities Co. Ltd.,10,199.0,1990.0,2025-09-23 11:28:50.307796
2025-09-23,58209,2025092301001939,HBL,Online Securities Pvt. Ltd.,Online Securities Pvt. Ltd.,10,199.0,1990.0,2025-09-23 11:28:52.406673
2025-09-23,58203,2025092301001941,HBL,Online Securities Pvt. Ltd.,S.P.S.A. Securities Limited,10,199.0,1990.0,2025-09-23 11:28:53.171582
2025-09-23,58076,2025092301001970,HBL,Online Securities Pvt. Ltd.,Naasa Securities Co. Ltd.,10,199.0,1990.0,2025-09-23 11:29:14.385711
2025-09-23,58058,2025092301001973,HBL,Online Securities Pvt. Ltd.,Naasa Securities Co. Ltd.,10,199.0,1990.0,2025-09-23 11:29:17.734952
2025-09-23,58010,2025092301001982,HBL,Sani Securities Company Ltd.,Dipshikha Dhitopatra Karobar Co. Pvt Ltd.,10,199.0,1990.0,2025-09-23 11:29:24.172380
2025-09-23,57985,2025092301001990,HBL,Sani Securities Company Ltd.,Opal Securities Investment (PVT) Ltd.,10,199.0,1990.0,2025-09-23 11:29:30.614767
2025-09-23,57939,2025092301001994,HBL,Sani Securities Company Ltd.,Naasa Securities Co. Ltd.,10,199.0,1990.0,2025-09-23 11:29:35.561843
2025-09-23,57935,2025092301001995,HBL,Sani Securities Company Ltd.,Dipshikha Dhitopatra Karobar Co. Pvt Ltd.,10,199.0,1990.0,2025-09-23 11:29:36.229600
2025-09-23,57927,2025092301001997,HBL,Sani Securities Company Ltd.,Dipshikha Dhitopatra Karobar Co. Pvt Ltd.,10,199.0,1990.0,2025-09-23 11:29:37.229293
2025-09-23,57887,2025092301002004,HBL,Naasa Securities Co. Ltd.,Naasa Securities Co. Ltd.,10,199.0,1990.0,2025-09-23 11:29:42.079092
2025-09-23,57844,2025092301002019,HBL,Naasa Securities Co. Ltd.,Dipshikha Dhitopatra Karobar Co. Pvt Ltd.,10,199.0,1990.0,2025-09-23 11:29:50.220459
2025-09-23,57812,2025092301002021,HBL,Naasa Securities Co. Ltd.,Vision Securities Pvt. Ltd,10,199.0,1990.0,2025-09-23 11:29:55.306407
2025-09-23,57810,2025092301002022,HBL,Naasa Securities Co. Ltd.,Cristal Kanchanjanga Securites Pvt. Ltd.,10,199.0,1990.0,2025-09-23 11:29:55.780954
2025-09-23,57807,2025092301002024,HBL,Sundhara Securities Limited,Sani Securities Company Ltd.,50,200.0,10000.0,2025-09-23 11:29:56.158320
2025-09-23,57755,2025092301002037,HBL,Sani Securities Company Ltd.,Sani Securities Company Ltd.,105,200.0,21000.0,2025-09-23 11:30:02.886383
2025-09-23,57743,2025092301002039,HBL,Sani Securities Company Ltd.,Dipshikha Dhitopatra Karobar Co. Pvt Ltd.,10,199.0,1990.0,2025-09-23 11:30:05.061400
2025-09-23,57742,2025092301002040,HBL,Sani Securities Company Ltd.,Secured Securities Ltd.,10,199.0,1990.0,2025-09-23 11:30:05.115841
2025-09-23,57684,2025092301002065,HBL,Sani Securities Company Ltd.,Naasa Securities Co. Ltd.,10,199.0,1990.0,2025-09-23 11:30:13.201133
2025-09-23,57676,2025092301002067,HBL,Sani Securities Company Ltd.,Dipshikha Dhitopatra Karobar Co. Pvt Ltd.,10,199.0,1990.0,2025-09-23 11:30:14.321820
2025-09-23,57672,2025092301002068,HBL,Sani Securities Company Ltd.,Online Securities Pvt. Ltd.,10,199.0,1990.0,2025-09-23 11:30:14.470009
2025-09-23,57638,2025092301002074,HBL,Sani Securities Company Ltd.,Himalayan Brokerage Company Limited,10,199.0,1990.0,2025-09-23 11:30:17.037687
2025-09-23,57585,2025092301002082,HBL,Sani Securities Company Ltd.,Naasa Securities Co. Ltd.,10,199.0,1990.0,2025-09-23 11:30:30.326436
2025-09-23,57572,2025092301002086,HBL,Sani Securities Company Ltd.,Sewa Securities Pvt. Ltd.,10,199.0,1990.0,2025-09-23 11:30:33.837244
2025-09-23,57541,2025092301002092,HBL,Sani Securities Company Ltd.,Kohinoor Investment & Securities Pvt. Ltd.,10,199.0,1990.0,2025-09-23 11:30:36.671549
2025-09-23,57538,2025092301002094,HBL,Sani Securities Company Ltd.,ABC Securities Private Limited,10,199.0,1990.0,2025-09-23 11:30:37.426290
2025-09-23,57537,2025092301002095,HBL,Neev Securities Pvt. Ltd.,Miyo Securities Pvt Ltd,10,199.0,1990.0,2025-09-23 11:30:37.917827
2025-09-23,57533,2025092301002096,HBL,Neev Securities Pvt. Ltd.,Vision Securities Pvt. Ltd,10,199.0,1990.0,2025-09-23 11:30:38.556303
2025-09-23,57510,2025092301002107,HBL,Neev Securities Pvt. Ltd.,Trishakti Securities Public Limited,10,199.0,1990.0,2025-09-23 11:30:40.605404
2025-09-23,57485,2025092301002110,HBL,Neev Securities Pvt. Ltd.,Kumari Securities Private Limited,10,199.0,1990.0,2025-09-23 11:30:44.421860
2025-09-23,57403,2025092301002121,HBL,Neev Securities Pvt. Ltd.,Naasa Securities Co. Ltd.,10,199.0,1990.0,2025-09-23 11:30:56.029901
2025-09-23,57378,2025092301002126,HBL,Neev Securities Pvt. Ltd.,Naasa Securities Co. Ltd.,10,199.0,1990.0,2025-09-23 11:30:59.281952
2025-09-23,57366,2025092301002131,HBL,Neev Securities Pvt. Ltd.,Dipshikha Dhitopatra Karobar Co. Pvt Ltd.,10,199.0,1990.0,2025-09-23 11:31:02.998307
2025-09-23,57353,2025092301002133,HBL,Neev Securities Pvt. Ltd.,Naasa Securities Co. Ltd.,10,199.0,1990.0,2025-09-23 11:31:05.014300
2025-09-23,57293,2025092301002145,HBL,Dipshikha Dhitopatra Karobar Co. Pvt Ltd.,Naasa Securities Co. Ltd.,10,199.5,1995.0,2025-09-23 11:31:14.197411
2025-09-23,57263,2025092301002155,HBL,Shree Krishna Securities Ltd.,Sani Securities Company Ltd.,175,200.0,35000.0,2025-09-23 11:31:20.295395
2025-09-23,57181,2025092301002171,HBL,Kumari Securities Private Limited,Capital Max Securities Ltd,10,199.5,1995.0,2025-09-23 11:31:34.953905
2025-09-23,57180,2025092301002172,HBL,Kumari Securities Private Limited,Kohinoor Investment & Securities Pvt. Ltd.,10,199.5,1995.0,2025-09-23 11:31:35.018121
2025-09-23,57140,2025092301002183,HBL,Kumari Securities Private Limited,Opal Securities Investment (PVT) Ltd.,10,199.5,1995.0,2025-09-23 11:31:43.349492
2025-09-23,57130,2025092301002186,HBL,Midas Stock Broking Company Private Limited,Sani Securities Company Ltd.,10,199.1,1991.0,2025-09-23 11:31:46.081724
2025-09-23,57127,2025092301002187,HBL,Kohinoor Investment & Securities Pvt. Ltd.,Sani Securities Company Ltd.,10,200.0,2000.0,2025-09-23 11:31:47.304549
2025-09-23,57120,2025092301002191,HBL,Midas Stock Broking Company Private Limited,Naasa Securities Co. Ltd.,10,199.1,1991.0,2025-09-23 11:31:48.333135
2025-09-23,57075,2025092301002203,HBL,Midas Stock Broking Company Private Limited,Dipshikha Dhitopatra Karobar Co. Pvt Ltd.,10,199.1,1991.0,2025-09-23 11:31:57.706649
2025-09-23,57070,2025092301002204,HBL,Midas Stock Broking Company Private Limited,Imperial Securities Company Pvt. Ltd.,10,199.1,1991.0,2025-09-23 11:31:58.522357
2025-09-23,57046,2025092301002211,HBL,Midas Stock Broking Company Private Limited,Naasa Securities Co. Ltd.,10,199.1,1991.0,2025-09-23 11:32:01.443093
2025-09-23,57021,2025092301002217,HBL,Midas Stock Broking Company Private Limited,Property Wiard Limited,10,199.1,1991.0,2025-09-23 11:32:05.157084
2025-09-23,57009,2025092301002218,HBL,Midas Stock Broking Company Private Limited,Linch Stock Market Ltd.,10,199.1,1991.0,2025-09-23 11:32:07.350720
2025-09-23,57008,2025092301002219,HBL,Midas Stock Broking Company Private Limited,Dipshikha Dhitopatra Karobar Co. Pvt Ltd.,10,199.1,1991.0,2025-09-23 11:32:07.513631
2025-09-23,57004,2025092301002220,HBL,Midas Stock Broking Company Private Limited,Imperial Securities Company Pvt. Ltd.,10,199.1,1991.0,2025-09-23 11:32:08.055075
2025-09-23,56964,2025092301002226,HBL,Dipshikha Dhitopatra Karobar Co. Pvt Ltd.,Agrawal Securities (PVT) Ltd.,10,199.5,1995.0,2025-09-23 11:32:13.688077
2025-09-23,56939,2025092301002228,HBL,Midas Stock Broking Company Private Limited,Naasa Securities Co. Ltd.,10,199.1,1991.0,2025-09-23 11:32:18.413827
2025-09-23,56937,2025092301002229,HBL,Midas Stock Broking Company Private Limited,Dipshikha Dhitopatra Karobar Co. Pvt Ltd.,10,199.1,1991.0,2025-09-23 11:32:18.624032
2025-09-23,56864,2025092301002244,HBL,Midas Stock Broking Company Private Limited,Vision Securities Pvt. Ltd,10,199.1,1991.0,2025-09-23 11:32:32.991172
2025-09-23,56829,2025092301002249,HBL,Midas Stock Broking Company Private Limited,Sundhara Securities Limited,10,199.1,1991.0,2025-09-23 11:32:41.571675
2025-09-23,56826,2025092301002251,HBL,Midas Stock Broking Company Private Limited,Naasa Securities Co. Ltd.,10,199.1,1991.0,2025-09-23 11:32:41.844142
2025-09-23,56825,2025092301002252,HBL,Midas Stock Broking Company Private Limited,Creative Securities Pvt Ltd,10,199.1,1991.0,2025-09-23 11:32:42.369346
2025-09-23,56757,2025092301002258,HBL,Naasa Securities Co. Ltd.,Online Securities Pvt. Ltd.,10,199.9,1999.0,2025-09-23 11:32:49.615444
2025-09-23,56728,2025092301002263,HBL,Malla & Malla Stock Broking Company Pvt. Limited,Sani Securities Company Ltd.,50,200.0,10000.0,2025-09-23 11:32:55.303012
2025-09-23,56711,2025092301002270,HBL,Kohinoor Investment & Securities Pvt. Ltd.,Opal Securities Investment (PVT) Ltd.,10,199.2,1992.0,2025-09-23 11:32:56.427309
2025-09-23,56693,2025092301002273,HBL,Kohinoor Investment & Securities Pvt. Ltd.,Kohinoor Investment & Securities Pvt. Ltd.,10,199.2,1992.0,2025-09-23 11:32:58.649458
2025-09-23,56650,2025092301002281,HBL,Kohinoor Investment & Securities Pvt. Ltd.,Nabil Stock Dealer Ltd.,10,199.2,1992.0,2025-09-23 11:33:03.917086
2025-09-23,56648,2025092301002282,HBL,Kohinoor Investment & Securities Pvt. Ltd.,S.P.S.A. Securities Limited,10,199.2,1992.0,2025-09-23 11:33:04.161502
2025-09-23,56645,2025092301002285,HBL,Online Securities Pvt. Ltd.,Naasa Securities Co. Ltd.,10,199.8,1998.0,2025-09-23 11:33:04.254391
2025-09-23,56644,2025092301002286,HBL,Online Securities Pvt. Ltd.,Sani Securities Company Ltd.,1216,200.0,243200.0,2025-09-23 11:33:04.255268
2025-09-23,56643,2025092301002287,HBL,Online Securities Pvt. Ltd.,Naasa Securities Co. Ltd.,10,200.0,2000.0,2025-09-23 11:33:04.256057
2025-09-23,56642,2025092301002288,HBL,Online Securities Pvt. Ltd.,Naasa Securities Co. Ltd.,10,200.0,2000.0,2025-09-23 11:33:04.256859
2025-09-23,56641,2025092301002289,HBL,Online Securities Pvt. Ltd.,Naasa Securities Co. Ltd.,10,200.0,2000.0,2025-09-23 11:33:04.257569
2025-09-23,56640,2025092301002290,HBL,Online Securities Pvt. Ltd.,Sweta Securities Private Limited,10,200.0,2000.0,2025-09-23 11:33:04.258340
2025-09-23,56639,2025092301002291,HBL,Online Securities Pvt. Ltd.,Dipshikha Dhitopatra Karobar Co. Pvt Ltd.,10,200.0,2000.0,2025-09-23 11:33:04.259102
2025-09-23,56638,2025092301002292,HBL,Online Securities Pvt. Ltd.,Primo Securities (PVT) Ltd.,10,200.0,2000.0,2025-09-23 11:33:04.259789
2025-09-23,56637,2025092301002293,HBL,Online Securities Pvt. Ltd.,Sumeru Securities Pvt. Ltd.,10,200.0,2000.0,2025-09-23 11:33:04.260586
2025-09-23,56636,2025092301002294,HBL,Online Securities Pvt. Ltd.,Kohinoor Investment & Securities Pvt. Ltd.,10,200.0,2000.0,2025-09-23 11:33:04.261334
2025-09-23,56635,2025092301002295,HBL,Online Securities Pvt. Ltd.,Malla & Malla Stock Broking Company Pvt. Limited,10,200.0,2000.0,2025-09-23 11:33:04.261829
2025-09-23,56634,2025092301002296,HBL,Online Securities Pvt. Ltd.,Vision Securities Pvt. Ltd,10,200.0,2000.0,2025-09-23 11:33:04.262077
2025-09-23,56633,2025092301002297,HBL,Online Securities Pvt. Ltd.,Naasa Securities Co. Ltd.,10,200.0,2000.0,2025-09-23 11:33:04.262287
2025-09-23,56632,2025092301002298,HBL,Online Securities Pvt. Ltd.,Creative Securities Pvt Ltd,10,200.0,2000.0,2025-09-23 11:33:04.262482
2025-09-23,56631,2025092301002299,HBL,Online Securities Pvt. Ltd.,Primo Securities (PVT) Ltd.,10,200.0,2000.0,2025-09-23 11:33:04.262702
2025-09-23,56630,2025092301002300,HBL,Online Securities Pvt. Ltd.,Creative Securities Pvt Ltd,10,200.0,2000.0,2025-09-23 11:33:04.262926
2025-09-23,56629,2025092301002301,HBL,Online Securities Pvt. Ltd.,Online Securities Pvt. Ltd.,10,200.0,2000.0,2025-09-23 11:33:04.263147
2025-09-23,56628,2025092301002302,HBL,Online Securities Pvt. Ltd.,Sani Securities Company Ltd.,10,200.0,2000.0,2025-09-23 11:33:04.263362
2025-09-23,56627,2025092301002303,HBL,Online Securities Pvt. Ltd.,Sani Securities Company Ltd.,10,200.0,2000.0,2025-09-23 11:33:04.263558
2025-09-23,56626,2025092301002304,HBL,Online Securities Pvt. Ltd.,Creative Securities Pvt Ltd,10,200.0,2000.0,2025-09-23 11:33:04.263775
2025-09-23,56625,2025092301002305,HBL,Online Securities Pvt. Ltd.,Linch Stock Market Ltd.,10,200.0,2000.0,2025-09-23 11:33:04.263982
2025-09-23,56624,2025092301002306,HBL,Online Securities Pvt. Ltd.,Sewa Securities Pvt. Ltd.,10,200.0,2000.0,2025-09-23 11:33:04.264195
2025-09-23,56623,2025092301002307,HBL,Online Securities Pvt. Ltd.,Naasa Securities Co. Ltd.,10,200.0,2000.0,2025-09-23 11:33:04.264406
2025-09-23,56622,2025092301002308,HBL,Online Securities Pvt. Ltd.,Infinity Securities Limited,10,200.0,2000.0,2025-09-23 11:33:04.264602
2025-09-23,56621,2025092301002309,HBL,Online Securities Pvt. Ltd.,Naasa Securities Co. Ltd.,10,200.0,2000.0,2025-09-23 11:33:04.264787
2025-09-23,56620,2025092301002310,HBL,Online Securities Pvt. Ltd.,Miyo Securities Pvt Ltd,10,200.0,2000.0,2025-09-23 11:33:04.264997
2025-09-23,56619,2025092301002311,HBL,Online Securities Pvt. Ltd.,Sani Securities Company Ltd.,10,200.0,2000.0,2025-09-23 11:33:04.265224
2025-09-23,56618,2025092301002312,HBL,Online Securities Pvt. Ltd.,Naasa Securities Co. Ltd.,10,200.0,2000.0,2025-09-23 11:33:04.265428
2025-09-23,56617,2025092301002313,HBL,Online Securities Pvt. Ltd.,Online Securities Pvt. Ltd.,10,200.0,2000.0,2025-09-23 11:33:04.265622
2025-09-23,56616,2025092301002314,HBL,Online Securities Pvt. Ltd.,Online Securities Pvt. Ltd.,10,200.0,2000.0,2025-09-23 11:33:04.265798
2025-09-23,56615,2025092301002315,HBL,Online Securities Pvt. Ltd.,Kohinoor Investment & Securities Pvt. Ltd.,10,200.0,2000.0,2025-09-23 11:33:04.265998
2025-09-23,56614,2025092301002316,HBL,Online Securities Pvt. Ltd.,Midas Stock Broking Company Private Limited,10,200.0,2000.0,2025-09-23 11:33:04.266209
2025-09-23,56613,2025092301002317,HBL,Online Securities Pvt. Ltd.,Naasa Securities Co. Ltd.,10,200.0,2000.0,2025-09-23 11:33:04.266403
2025-09-23,56612,2025092301002318,HBL,Online Securities Pvt. Ltd.,Naasa Securities Co. Ltd.,10,200.0,2000.0,2025-09-23 11:33:04.266600
2025-09-23,56611,2025092301002319,HBL,Online Securities Pvt. Ltd.,Thrive Brokerage House Pvt. Ltd,10,200.0,2000.0,2025-09-23 11:33:04.266770
2025-09-23,56610,2025092301002320,HBL,Online Securities Pvt. Ltd.,Sani Securities Company Ltd.,10,200.0,2000.0,2025-09-23 11:33:04.266934
2025-09-23,56609,2025092301002321,HBL,Online Securities Pvt. Ltd.,Naasa Securities Co. Ltd.,10,200.0,2000.0,2025-09-23 11:33:04.267110
2025-09-23,56608,2025092301002322,HBL,Online Securities Pvt. Ltd.,Thrive Brokerage House Pvt. Ltd,10,200.0,2000.0,2025-09-23 11:33:04.267299
2025-09-23,56607,2025092301002323,HBL,Online Securities Pvt. Ltd.,Kohinoor Investment & Securities Pvt. Ltd.,10,200.0,2000.0,2025-09-23 11:33:04.267488
2025-09-23,56606,2025092301002324,HBL,Online Securities Pvt. Ltd.,Kohinoor Investment & Securities Pvt. Ltd.,10,200.0,2000.0,2025-09-23 11:33:04.267685
2025-09-23,56605,2025092301002325,HBL,Online Securities Pvt. Ltd.,Aryatara Investment & Securities,394,200.0,78800.0,2025-09-23 11:33:04.267863
2025-09-23,56587,2025092301002329,HBL,Imperial Securities Company Pvt. Ltd.,Trishakti Securities Public Limited,200,199.9,39980.0,2025-09-23 11:33:08.775427
2025-09-23,56586,2025092301002330,HBL,Kohinoor Investment & Securities Pvt. Ltd.,Trishakti Securities Public Limited,60,199.2,11952.0,2025-09-23 11:33:08.775725
2025-09-23,56585,2025092301002331,HBL,Midas Stock Broking Company Private Limited,Trishakti Securities Public Limited,350,199.1,69685.0,2025-09-23 11:33:08.775889
2025-09-23,56584,2025092301002332,HBL,Sweta Securities Private Limited,Trishakti Securities Public Limited,90,199.1,17919.0,2025-09-23 11:33:08.776076
2025-09-23,56547,2025092301002341,HBL,Sweta Securities Private Limited,Sumeru Securities Pvt. Ltd.,10,199.1,1991.0,2025-09-23 11:33:15.856002
2025-09-23,56532,2025092301002342,HBL,Opal Securities Investment (PVT) Ltd.,Naasa Securities Co. Ltd.,10,199.2,1992.0,2025-09-23 11:33:19.727334
2025-09-23,56503,2025092301002353,HBL,Opal Securities Investment (PVT) Ltd.,Neev Securities Pvt. Ltd.,10,199.2,1992.0,2025-09-23 11:33:26.455374
2025-09-23,56502,2025092301002354,HBL,KALASH STOCK MARKET PVT. LTD.,Dakshinkali Investment & Securities Pvt. Ltd.,150,199.9,29985.0,2025-09-23 11:33:26.701522
2025-09-23,56445,2025092301002371,HBL,Online Securities Pvt. Ltd.,Aryatara Investment & Securities,1256,200.0,251200.0,2025-09-23 11:33:36.970568
2025-09-23,56444,2025092301002372,HBL,Online Securities Pvt. Ltd.,Aryatara Investment & Securities,30,200.0,6000.0,2025-09-23 11:33:36.970879
2025-09-23,56443,2025092301002373,HBL,Online Securities Pvt. Ltd.,Kohinoor Investment & Securities Pvt. Ltd.,10,200.0,2000.0,2025-09-23 11:33:36.971070
2025-09-23,56442,2025092301002374,HBL,Online Securities Pvt. Ltd.,Kohinoor Investment & Securities Pvt. Ltd.,10,200.0,2000.0,2025-09-23 11:33:36.971267
2025-09-23,56441,2025092301002375,HBL,Online Securities Pvt. Ltd.,Dipshikha Dhitopatra Karobar Co. Pvt Ltd.,10,200.0,2000.0,2025-09-23 11:33:36.971430
2025-09-23,56440,2025092301002376,HBL,Online Securities Pvt. Ltd.,Sharepro Securities Private Limited,10,200.0,2000.0,2025-09-23 11:33:36.971713
2025-09-23,56439,2025092301002377,HBL,Online Securities Pvt. Ltd.,Ashutosh Brokerage & Securities (PVT) Ltd.,10,200.0,2000.0,2025-09-23 11:33:36.971893
2025-09-23,56438,2025092301002378,HBL,Online Securities Pvt. Ltd.,Ashutosh Brokerage & Securities (PVT) Ltd.,10,200.0,2000.0,2025-09-23 11:33:36.972079
2025-09-23,56437,2025092301002379,HBL,Online Securities Pvt. Ltd.,Online Securities Pvt. Ltd.,10,200.0,2000.0,2025-09-23 11:33:36.972329
2025-09-23,56436,2025092301002380,HBL,Online Securities Pvt. Ltd.,Naasa Securities Co. Ltd.,10,200.0,2000.0,2025-09-23 11:33:36.972507
2025-09-23,56435,2025092301002381,HBL,Online Securities Pvt. Ltd.,Linch Stock Market Ltd.,10,200.0,2000.0,2025-09-23 11:33:36.972664
2025-09-23,56434,2025092301002382,HBL,Online Securities Pvt. Ltd.,Linch Stock Market Ltd.,10,200.0,2000.0,2025-09-23 11:33:36.972913
2025-09-23,56433,2025092301002383,HBL,Online Securities Pvt. Ltd.,Dipshikha Dhitopatra Karobar Co. Pvt Ltd.,10,200.0,2000.0,2025-09-23 11:33:36.973128
2025-09-23,56432,2025092301002384,HBL,Online Securities Pvt. Ltd.,Midas Stock Broking Company Private Limited,10,200.0,2000.0,2025-09-23 11:33:36.973307
2025-09-23,56431,2025092301002385,HBL,Online Securities Pvt. Ltd.,Naasa Securities Co. Ltd.,10,200.0,2000.0,2025-09-23 11:33:36.973480
2025-09-23,56430,2025092301002386,HBL,Online Securities Pvt. Ltd.,Investment Management Nepal Pvt. Ltd.,10,200.0,2000.0,2025-09-23 11:33:36.973694
2025-09-23,56429,2025092301002387,HBL,Online Securities Pvt. Ltd.,Oxford Securities Pvt. Ltd.,10,200.0,2000.0,2025-09-23 11:33:36.973903
2025-09-23,56428,2025092301002388,HBL,Online Securities Pvt. Ltd.,Neev Securities Pvt. Ltd.,10,200.0,2000.0,2025-09-23 11:33:36.974091
2025-09-23,56427,2025092301002389,HBL,Online Securities Pvt. Ltd.,Naasa Securities Co. Ltd.,10,200.0,2000.0,2025-09-23 11:33:36.974266
2025-09-23,56426,2025092301002390,HBL,Online Securities Pvt. Ltd.,Naasa Securities Co. Ltd.,10,200.0,2000.0,2025-09-23 11:33:36.974464
2025-09-23,56425,2025092301002391,HBL,Online Securities Pvt. Ltd.,Agrawal Securities (PVT) Ltd.,10,200.0,2000.0,2025-09-23 11:33:36.974661
2025-09-23,56424,2025092301002392,HBL,Online Securities Pvt. Ltd.,Secured Securities Ltd.,10,200.0,2000.0,2025-09-23 11:33:36.974815
2025-09-23,56423,2025092301002393,HBL,Online Securities Pvt. Ltd.,Aryatara Investment & Securities,10,200.0,2000.0,2025-09-23 11:33:36.975013
2025-09-23,56422,2025092301002394,HBL,Online Securities Pvt. Ltd.,Investment Management Nepal Pvt. Ltd.,10,200.0,2000.0,2025-09-23 11:33:36.975166
2025-09-23,56421,2025092301002395,HBL,Online Securities Pvt. Ltd.,Aryatara Investment & Securities,10,200.0,2000.0,2025-09-23 11:33:36.975305
2025-09-23,56420,2025092301002396,HBL,Online Securities Pvt. Ltd.,Online Securities Pvt. Ltd.,10,200.0,2000.0,2025-09-23 11:33:36.975450
2025-09-23,56419,2025092301002397,HBL,Online Securities Pvt. Ltd.,Naasa Securities Co. Ltd.,10,200.0,2000.0,2025-09-23 11:33:36.975629
2025-09-23,56418,2025092301002398,HBL,Online Securities Pvt. Ltd.,Naasa Securities Co. Ltd.,10,200.0,2000.0,2025-09-23 11:33:36.975771
2025-09-23,56417,2025092301002399,HBL,Online Securities Pvt. Ltd.,Naasa Securities Co. Ltd.,10,200.0,2000.0,2025-09-23 11:33:36.975912
2025-09-23,56416,2025092301002400,HBL,Online Securities Pvt. Ltd.,Aryatara Investment & Securities,10,200.0,2000.0,2025-09-23 11:33:36.976061
2025-09-23,56415,2025092301002401,HBL,Online Securities Pvt. Ltd.,Neev Securities Pvt. Ltd.,10,200.0,2000.0,2025-09-23 11:33:36.976198
2025-09-23,56414,2025092301002402,HBL,Online Securities Pvt. Ltd.,Primo Securities (PVT) Ltd.,10,200.0,2000.0,2025-09-23 11:33:36.976332
2025-09-23,56413,2025092301002403,HBL,Online Securities Pvt. Ltd.,Naasa Securities Co. Ltd.,10,200.0,2000.0,2025-09-23 11:33:36.976466
2025-09-23,56412,2025092301002404,HBL,Online Securities Pvt. Ltd.,Sundhara Securities Limited,10,200.0,2000.0,2025-09-23 11:33:36.976616
2025-09-23,56411,2025092301002405,HBL,Online Securities Pvt. Ltd.,Naasa Securities Co. Ltd.,10,200.0,2000.0,2025-09-23 11:33:36.976748
2025-09-23,56410,2025092301002406,HBL,Online Securities Pvt. Ltd.,Sani Securities Company Ltd.,10,200.0,2000.0,2025-09-23 11:33:36.976880
2025-09-23,56409,2025092301002407,HBL,Online Securities Pvt. Ltd.,Naasa Securities Co. Ltd.,10,200.0,2000.0,2025-09-23 11:33:36.977012
2025-09-23,56408,2025092301002408,HBL,Online Securities Pvt. Ltd.,Kohinoor Investment & Securities Pvt. Ltd.,10,200.0,2000.0,2025-09-23 11:33:36.977149
2025-09-23,56407,2025092301002409,HBL,Online Securities Pvt. Ltd.,Naasa Securities Co. Ltd.,10,200.0,2000.0,2025-09-23 11:33:36.977278
2025-09-23,56406,2025092301002410,HBL,Online Securities Pvt. Ltd.,South Asian Bulls Pvt. Ltd.,10,200.0,2000.0,2025-09-23 11:33:36.977420
2025-09-23,56405,2025092301002411,HBL,Online Securities Pvt. Ltd.,Dipshikha Dhitopatra Karobar Co. Pvt Ltd.,10,200.0,2000.0,2025-09-23 11:33:36.977550
2025-09-23,56404,2025092301002412,HBL,Online Securities Pvt. Ltd.,Premier Securities Company Ltd.,10,200.0,2000.0,2025-09-23 11:33:36.977680
2025-09-23,56403,2025092301002413,HBL,Online Securities Pvt. Ltd.,Naasa Securities Co. Ltd.,10,200.0,2000.0,2025-09-23 11:33:36.977809
2025-09-23,56402,2025092301002414,HBL,Online Securities Pvt. Ltd.,Naasa Securities Co. Ltd.,10,200.0,2000.0,2025-09-23 11:33:36.977938
2025-09-23,56401,2025092301002415,HBL,Online Securities Pvt. Ltd.,Kohinoor Investment & Securities Pvt. Ltd.,10,200.0,2000.0,2025-09-23 11:33:36.978067
2025-09-23,56400,2025092301002416,HBL,Online Securities Pvt. Ltd.,J.F. Securites (PVT) Ltd.,10,200.0,2000.0,2025-09-23 11:33:36.978205
2025-09-23,56399,2025092301002417,HBL,Online Securities Pvt. Ltd.,J.F. Securites (PVT) Ltd.,10,200.0,2000.0,2025-09-23 11:33:36.978334
2025-09-23,56398,2025092301002418,HBL,Online Securities Pvt. Ltd.,Ashutosh Brokerage & Securities (PVT) Ltd.,10,200.0,2000.0,2025-09-23 11:33:36.978487
2025-09-23,56397,2025092301002419,HBL,Online Securities Pvt. Ltd.,Global IME Securities Limited,10,200.0,2000.0,2025-09-23 11:33:36.978640
2025-09-23,56396,2025092301002420,HBL,Online Securities Pvt. Ltd.,Naasa Securities Co. Ltd.,10,200.0,2000.0,2025-09-23 11:33:36.978795
2025-09-23,56395,2025092301002421,HBL,Online Securities Pvt. Ltd.,Dipshikha Dhitopatra Karobar Co. Pvt Ltd.,10,200.0,2000.0,2025-09-23 11:33:36.978945
2025-09-23,56394,2025092301002422,HBL,Online Securities Pvt. Ltd.,Naasa Securities Co. Ltd.,10,200.0,2000.0,2025-09-23 11:33:36.979105
2025-09-23,56393,2025092301002423,HBL,Online Securities Pvt. Ltd.,Naasa Securities Co. Ltd.,10,200.0,2000.0,2025-09-23 11:33:36.979232
2025-09-23,56370,2025092301002430,HBL,Opal Securities Investment (PVT) Ltd.,Naasa Securities Co. Ltd.,10,199.2,1992.0,2025-09-23 11:33:40.131994
2025-09-23,56351,2025092301002431,HBL,Opal Securities Investment (PVT) Ltd.,Opal Securities Investment (PVT) Ltd.,10,199.2,1992.0,2025-09-23 11:33:45.130813
2025-09-23,56312,2025092301002438,HBL,Opal Securities Investment (PVT) Ltd.,J.F. Securites (PVT) Ltd.,10,199.2,1992.0,2025-09-23 11:33:50.347409
2025-09-23,56295,2025092301002441,HBL,Opal Securities Investment (PVT) Ltd.,J.F. Securites (PVT) Ltd.,10,199.2,1992.0,2025-09-23 11:33:52.774068
2025-09-23,56235,2025092301002454,HBL,Opal Securities Investment (PVT) Ltd.,Dipshikha Dhitopatra Karobar Co. Pvt Ltd.,10,199.2,1992.0,2025-09-23 11:34:01.408753
2025-09-23,56229,2025092301002458,HBL,Opal Securities Investment (PVT) Ltd.,Naasa Securities Co. Ltd.,10,199.2,1992.0,2025-09-23 11:34:02.700128
2025-09-23,56214,2025092301002460,HBL,Opal Securities Investment (PVT) Ltd.,Naasa Securities Co. Ltd.,10,199.2,1992.0,2025-09-23 11:34:06.250280
2025-09-23,56203,2025092301002464,HBL,Naasa Securities Co. Ltd.,Vision Securities Pvt. Ltd,10,199.8,1998.0,2025-09-23 11:34:08.636558
2025-09-23,56201,2025092301002465,HBL,Naasa Securities Co. Ltd.,Oxford Securities Pvt. Ltd.,10,199.8,1998.0,2025-09-23 11:34:09.245349
2025-09-23,56139,2025092301002468,HBL,Opal Securities Investment (PVT) Ltd.,ABC Securities Private Limited,10,199.2,1992.0,2025-09-23 11:34:16.838108
2025-09-23,56117,2025092301002473,HBL,Opal Securities Investment (PVT) Ltd.,Naasa Securities Co. Ltd.,10,199.2,1992.0,2025-09-23 11:34:23.144652
2025-09-23,56114,2025092301002474,HBL,Opal Securities Investment (PVT) Ltd.,Naasa Securities Co. Ltd.,10,199.2,1992.0,2025-09-23 11:34:24.744518
2025-09-23,56087,2025092301002481,HBL,Opal Securities Investment (PVT) Ltd.,Nepal Investment And Securities Trading Private Limited,10,199.2,1992.0,2025-09-23 11:34:29.157934
2025-09-23,56079,2025092301002482,HBL,Opal Securities Investment (PVT) Ltd.,Naasa Securities Co. Ltd.,10,199.2,1992.0,2025-09-23 11:34:30.317235
2025-09-23,56021,2025092301002489,HBL,Opal Securities Investment (PVT) Ltd.,Naasa Securities Co. Ltd.,10,199.2,1992.0,2025-09-23 11:34:40.479237
2025-09-23,55976,2025092301002499,HBL,Naasa Securities Co. Ltd.,Vision Securities Pvt. Ltd,10,199.2,1992.0,2025-09-23 11:34:48.429683
2025-09-23,55931,2025092301002516,HBL,South Asian Bulls Pvt. Ltd.,Deevyaa Securities & Stock House Pvt. Ltd,10,199.2,1992.0,2025-09-23 11:34:54.469186
2025-09-23,55890,2025092301002525,HBL,South Asian Bulls Pvt. Ltd.,Nepal Investment And Securities Trading Private Limited,10,199.2,1992.0,2025-09-23 11:35:00.341281
2025-09-23,55884,2025092301002526,HBL,South Asian Bulls Pvt. Ltd.,Vision Securities Pvt. Ltd,10,199.2,1992.0,2025-09-23 11:35:01.320718
2025-09-23,55785,2025092301002544,HBL,South Asian Bulls Pvt. Ltd.,Naasa Securities Co. Ltd.,20,199.2,3984.0,2025-09-23 11:35:21.996729
2025-09-23,55762,2025092301002546,HBL,Sweta Securities Private Limited,Ashutosh Brokerage & Securities (PVT) Ltd.,10,199.1,1991.0,2025-09-23 11:35:27.286510
2025-09-23,55751,2025092301002549,HBL,Sundhara Securities Limited,Naasa Securities Co. Ltd.,12,199.2,2390.4,2025-09-23 11:35:30.029249
2025-09-23,55734,2025092301002555,HBL,Midas Stock Broking Company Private Limited,Naasa Securities Co. Ltd.,18,199.2,3585.6,2025-09-23 11:35:33.700283
2025-09-23,55726,2025092301002558,HBL,Midas Stock Broking Company Private Limited,Naasa Securities Co. Ltd.,10,199.2,1992.0,2025-09-23 11:35:34.771884
2025-09-23,55713,2025092301002561,HBL,Naasa Securities Co. Ltd.,Nepal Stock House (PVT) Ltd.,10,200.0,2000.0,2025-09-23 11:35:38.756554
2025-09-23,55712,2025092301002562,HBL,Naasa Securities Co. Ltd.,S.P.S.A. Securities Limited,10,200.0,2000.0,2025-09-23 11:35:38.756838
2025-09-23,55711,2025092301002563,HBL,Naasa Securities Co. Ltd.,Naasa Securities Co. Ltd.,10,200.0,2000.0,2025-09-23 11:35:38.756972
2025-09-23,55710,2025092301002564,HBL,Naasa Securities Co. Ltd.,Online Securities Pvt. Ltd.,10,200.0,2000.0,2025-09-23 11:35:38.757112
2025-09-23,55709,2025092301002565,HBL,Naasa Securities Co. Ltd.,Kohinoor Investment & Securities Pvt. Ltd.,10,200.0,2000.0,2025-09-23 11:35:38.757241
2025-09-23,55708,2025092301002566,HBL,Naasa Securities Co. Ltd.,Online Securities Pvt. Ltd.,10,200.0,2000.0,2025-09-23 11:35:38.757367
2025-09-23,55707,2025092301002567,HBL,Naasa Securities Co. Ltd.,Oxford Securities Pvt. Ltd.,110,200.0,22000.0,2025-09-23 11:35:38.757524
2025-09-23,55706,2025092301002568,HBL,Naasa Securities Co. Ltd.,Online Securities Pvt. Ltd.,10,200.0,2000.0,2025-09-23 11:35:38.757713
2025-09-23,55705,2025092301002569,HBL,Naasa Securities Co. Ltd.,Deevyaa Securities & Stock House Pvt. Ltd,10,200.0,2000.0,2025-09-23 11:35:38.757853
2025-09-23,55704,2025092301002570,HBL,Naasa Securities Co. Ltd.,ABC Securities Private Limited,500,200.0,100000.0,2025-09-23 11:35:38.757987
2025-09-23,55703,2025092301002571,HBL,Naasa Securities Co. Ltd.,Bhrikuti Stock Broking Co. Pvt. Ltd.,10,200.0,2000.0,2025-09-23 11:35:38.758121
2025-09-23,55702,2025092301002572,HBL,Naasa Securities Co. Ltd.,Citizens Share Broker Limited,10,200.0,2000.0,2025-09-23 11:35:38.758255
2025-09-23,55701,2025092301002573,HBL,Naasa Securities Co. Ltd.,Naasa Securities Co. Ltd.,10,200.0,2000.0,2025-09-23 11:35:38.758389
2025-09-23,55700,2025092301002574,HBL,Naasa Securities Co. Ltd.,Malla & Malla Stock Broking Company Pvt. Limited,10,200.0,2000.0,2025-09-23 11:35:38.758512
2025-09-23,55699,2025092301002575,HBL,Naasa Securities Co. Ltd.,Naasa Securities Co. Ltd.,10,200.0,2000.0,2025-09-23 11:35:38.758634
2025-09-23,55698,2025092301002576,HBL,Naasa Securities Co. Ltd.,Naasa Securities Co. Ltd.,10,200.0,2000.0,2025-09-23 11:35:38.758759
2025-09-23,55697,2025092301002577,HBL,Naasa Securities Co. Ltd.,Online Securities Pvt. Ltd.,10,200.0,2000.0,2025-09-23 11:35:38.758879
2025-09-23,55696,2025092301002578,HBL,Naasa Securities Co. Ltd.,Online Securities Pvt. Ltd.,10,200.0,2000.0,2025-09-23 11:35:38.759000
2025-09-23,55695,2025092301002579,HBL,Naasa Securities Co. Ltd.,Imperial Securities Company Pvt. Ltd.,10,200.0,2000.0,2025-09-23 11:35:38.759131
2025-09-23,55694,2025092301002580,HBL,Naasa Securities Co. Ltd.,Naasa Securities Co. Ltd.,10,200.0,2000.0,2025-09-23 11:35:38.759252
2025-09-23,55693,2025092301002581,HBL,Naasa Securities Co. Ltd.,Kohinoor Investment & Securities Pvt. Ltd.,10,200.0,2000.0,2025-09-23 11:35:38.759377
2025-09-23,55667,2025092301002594,HBL,Naasa Securities Co. Ltd.,Naasa Securities Co. Ltd.,10,200.0,2000.0,2025-09-23 11:35:42.398631
2025-09-23,55649,2025092301002599,HBL,Naasa Securities Co. Ltd.,Online Securities Pvt. Ltd.,10,200.0,2000.0,2025-09-23 11:35:46.175241
2025-09-23,55630,2025092301002600,HBL,Naasa Securities Co. Ltd.,Capital Max Securities Ltd,10,200.0,2000.0,2025-09-23 11:35:47.045947
2025-09-23,55621,2025092301002604,HBL,Naasa Securities Co. Ltd.,Naasa Securities Co. Ltd.,10,200.0,2000.0,2025-09-23 11:35:49.670824
2025-09-23,55610,2025092301002606,HBL,Naasa Securities Co. Ltd.,Bhrikuti Stock Broking Co. Pvt. Ltd.,10,200.0,2000.0,2025-09-23 11:35:51.140966
2025-09-23,55603,2025092301002608,HBL,Naasa Securities Co. Ltd.,South Asian Bulls Pvt. Ltd.,10,200.0,2000.0,2025-09-23 11:35:52.370874
2025-09-23,55602,2025092301002609,HBL,Naasa Securities Co. Ltd.,Naasa Securities Co. Ltd.,10,200.0,2000.0,2025-09-23 11:35:52.440772
2025-09-23,55593,2025092301002611,HBL,Naasa Securities Co. Ltd.,Vision Securities Pvt. Ltd,10,200.0,2000.0,2025-09-23 11:35:55.275192
2025-09-23,55582,2025092301002613,HBL,Naasa Securities Co. Ltd.,Neev Securities Pvt. Ltd.,10,200.0,2000.0,2025-09-23 11:35:57.567640
2025-09-23,55569,2025092301002620,HBL,Naasa Securities Co. Ltd.,Creative Securities Pvt Ltd,10,200.0,2000.0,2025-09-23 11:35:58.986912
2025-09-23,55564,2025092301002622,HBL,Naasa Securities Co. Ltd.,Naasa Securities Co. Ltd.,10,200.0,2000.0,2025-09-23 11:36:00.911485
2025-09-23,55530,2025092301002631,HBL,Naasa Securities Co. Ltd.,Sundhara Securities Limited,10,200.0,2000.0,2025-09-23 11:36:07.090362
2025-09-23,55522,2025092301002632,HBL,Naasa Securities Co. Ltd.,Naasa Securities Co. Ltd.,10,200.0,2000.0,2025-09-23 11:36:07.727349
2025-09-23,55512,2025092301002636,HBL,Naasa Securities Co. Ltd.,Linch Stock Market Ltd.,10,200.0,2000.0,2025-09-23 11:36:09.410923
2025-09-23,55505,2025092301002637,HBL,Naasa Securities Co. Ltd.,Naasa Securities Co. Ltd.,10,200.0,2000.0,2025-09-23 11:36:10.205986
2025-09-23,55451,2025092301002650,HBL,Naasa Securities Co. Ltd.,Kohinoor Investment & Securities Pvt. Ltd.,10,200.0,2000.0,2025-09-23 11:36:20.063818
2025-09-23,55420,2025092301002654,HBL,Naasa Securities Co. Ltd.,Sewa Securities Pvt. Ltd.,10,200.0,2000.0,2025-09-23 11:36:25.245615
2025-09-23,55417,2025092301002656,HBL,Naasa Securities Co. Ltd.,Online Securities Pvt. Ltd.,10,200.0,2000.0,2025-09-23 11:36:25.472747
2025-09-23,55409,2025092301002658,HBL,Naasa Securities Co. Ltd.,Naasa Securities Co. Ltd.,10,200.0,2000.0,2025-09-23 11:36:27.009209
2025-09-23,55401,2025092301002660,HBL,Kumari Securities Private Limited,Nepal Investment And Securities Trading Private Limited,10,200.0,2000.0,2025-09-23 11:36:28.979324
2025-09-23,55399,2025092301002662,HBL,Kumari Securities Private Limited,Naasa Securities Co. Ltd.,10,200.0,2000.0,2025-09-23 11:36:29.506223
2025-09-23,55397,2025092301002664,HBL,Kumari Securities Private Limited,Naasa Securities Co. Ltd.,10,200.0,2000.0,2025-09-23 11:36:30.173297
2025-09-23,55385,2025092301002666,HBL,Kumari Securities Private Limited,Elite Stock House Limited,10,200.0,2000.0,2025-09-23 11:36:34.105130
2025-09-23,55340,2025092301002680,HBL,Kumari Securities Private Limited,Midas Stock Broking Company Private Limited,10,200.0,2000.0,2025-09-23 11:36:40.973401
2025-09-23,55336,2025092301002682,HBL,Kumari Securities Private Limited,Online Securities Pvt. Ltd.,10,200.0,2000.0,2025-09-23 11:36:42.002204
2025-09-23,55334,2025092301002683,HBL,Kumari Securities Private Limited,J.F. Securites (PVT) Ltd.,10,200.0,2000.0,2025-09-23 11:36:43.172982
2025-09-23,55292,2025092301002688,HBL,Kumari Securities Private Limited,Naasa Securities Co. Ltd.,10,200.0,2000.0,2025-09-23 11:36:50.794218
2025-09-23,55271,2025092301002694,HBL,Kumari Securities Private Limited,Aryatara Investment & Securities,10,200.0,2000.0,2025-09-23 11:36:55.229923
2025-09-23,55248,2025092301002702,HBL,Kumari Securities Private Limited,Ashutosh Brokerage & Securities (PVT) Ltd.,10,200.0,2000.0,2025-09-23 11:36:59.928655
2025-09-23,55213,2025092301002711,HBL,Secured Securities Ltd.,Naasa Securities Co. Ltd.,10,199.3,1993.0,2025-09-23 11:37:09.485192
2025-09-23,55137,2025092301002723,HBL,Secured Securities Ltd.,Naasa Securities Co. Ltd.,10,199.3,1993.0,2025-09-23 11:37:20.995676
2025-09-23,55096,2025092301002736,HBL,Sri Hari Securities Pvt. Ltd.,Imperial Securities Company Pvt. Ltd.,10,199.5,1995.0,2025-09-23 11:37:29.645325
2025-09-23,54936,2025092301002772,HBL,Sri Hari Securities Pvt. Ltd.,S.P.S.A. Securities Limited,10,199.5,1995.0,2025-09-23 11:37:52.547407
2025-09-23,54894,2025092301002779,HBL,Sri Hari Securities Pvt. Ltd.,Imperial Securities Company Pvt. Ltd.,10,199.5,1995.0,2025-09-23 11:37:57.695967
2025-09-23,54892,2025092301002780,HBL,Sri Hari Securities Pvt. Ltd.,ABC Securities Private Limited,10,199.5,1995.0,2025-09-23 11:37:57.874969
2025-09-23,54888,2025092301002781,HBL,Naasa Securities Co. Ltd.,Imperial Securities Company Pvt. Ltd.,10,200.0,2000.0,2025-09-23 11:37:58.535204
2025-09-23,54887,2025092301002782,HBL,Naasa Securities Co. Ltd.,Sundhara Securities Limited,10,200.0,2000.0,2025-09-23 11:37:58.535491
2025-09-23,54886,2025092301002783,HBL,Naasa Securities Co. Ltd.,Sri Hari Securities Pvt. Ltd.,10,200.0,2000.0,2025-09-23 11:37:58.535624
2025-09-23,54860,2025092301002793,HBL,Sri Hari Securities Pvt. Ltd.,Agrawal Securities (PVT) Ltd.,10,199.5,1995.0,2025-09-23 11:38:03.217010
2025-09-23,54769,2025092301002810,HBL,Hatemalo Financial Services Private Limited,Ashutosh Brokerage & Securities (PVT) Ltd.,10,199.6,1996.0,2025-09-23 11:38:19.769736
2025-09-23,54696,2025092301002828,HBL,Hatemalo Financial Services Private Limited,Miyo Securities Pvt Ltd,10,199.6,1996.0,2025-09-23 11:38:25.985201
2025-09-23,54605,2025092301002844,HBL,Hatemalo Financial Services Private Limited,J.F. Securites (PVT) Ltd.,10,199.6,1996.0,2025-09-23 11:38:37.864309
2025-09-23,54594,2025092301002846,HBL,Hatemalo Financial Services Private Limited,Vision Securities Pvt. Ltd,10,199.6,1996.0,2025-09-23 11:38:38.965460
2025-09-23,54519,2025092301002854,HBL,Hatemalo Financial Services Private Limited,Nepal Investment And Securities Trading Private Limited,10,199.6,1996.0,2025-09-23 11:38:48.257137
2025-09-23,54456,2025092301002872,HBL,Online Securities Pvt. Ltd.,Online Securities Pvt. Ltd.,10,199.7,1997.0,2025-09-23 11:38:57.581466
2025-09-23,54447,2025092301002874,HBL,Online Securities Pvt. Ltd.,Naasa Securities Co. Ltd.,10,199.7,1997.0,2025-09-23 11:38:58.528074
2025-09-23,54446,2025092301002875,HBL,Dynamic Money Managers Securities Pvt. Ltd.,Naasa Securities Co. Ltd.,4,199.0,796.0,2025-09-23 11:38:58.528296
2025-09-23,54437,2025092301002876,HBL,Hatemalo Financial Services Private Limited,Naasa Securities Co. Ltd.,10,199.6,1996.0,2025-09-23 11:38:59.162257
2025-09-23,54348,2025092301002897,HBL,Hatemalo Financial Services Private Limited,Online Securities Pvt. Ltd.,10,199.6,1996.0,2025-09-23 11:39:10.231728
2025-09-23,54274,2025092301002903,HBL,Hatemalo Financial Services Private Limited,Sundhara Securities Limited,10,199.6,1996.0,2025-09-23 11:39:17.421219
2025-09-23,54249,2025092301002914,HBL,Hatemalo Financial Services Private Limited,Ashutosh Brokerage & Securities (PVT) Ltd.,10,199.6,1996.0,2025-09-23 11:39:20.025693
2025-09-23,54241,2025092301002921,HBL,Hatemalo Financial Services Private Limited,Naasa Securities Co. Ltd.,10,199.6,1996.0,2025-09-23 11:39:20.393729
2025-09-23,54238,2025092301002922,HBL,Sri Hari Securities Pvt. Ltd.,Naasa Securities Co. Ltd.,10,199.5,1995.0,2025-09-23 11:39:20.766902
2025-09-23,54158,2025092301002937,HBL,Sri Hari Securities Pvt. Ltd.,Kohinoor Investment & Securities Pvt. Ltd.,10,199.5,1995.0,2025-09-23 11:39:32.667547
2025-09-23,54148,2025092301002939,HBL,Sri Hari Securities Pvt. Ltd.,Hatemalo Financial Services Private Limited,10,199.5,1995.0,2025-09-23 11:39:34.329211
2025-09-23,54103,2025092301002972,HBL,Sri Hari Securities Pvt. Ltd.,Creative Securities Pvt Ltd,10,199.5,1995.0,2025-09-23 11:39:35.491081
2025-09-23,54057,2025092301002975,HBL,Sri Hari Securities Pvt. Ltd.,Sundhara Securities Limited,10,199.5,1995.0,2025-09-23 11:39:40.524682
2025-09-23,54020,2025092301002982,HBL,Sri Hari Securities Pvt. Ltd.,Bhrikuti Stock Broking Co. Pvt. Ltd.,10,199.5,1995.0,2025-09-23 11:39:45.835458
2025-09-23,53983,2025092301002983,HBL,Sri Hari Securities Pvt. Ltd.,Nepal Investment And Securities Trading Private Limited,10,199.5,1995.0,2025-09-23 11:39:49.374646
2025-09-23,53901,2025092301003009,HBL,Thrive Brokerage House Pvt. Ltd,Sundhara Securities Limited,10,199.6,1996.0,2025-09-23 11:39:58.909421
2025-09-23,53900,2025092301003010,HBL,Thrive Brokerage House Pvt. Ltd,Imperial Securities Company Pvt. Ltd.,10,199.6,1996.0,2025-09-23 11:39:58.910013
2025-09-23,53894,2025092301003012,HBL,Thrive Brokerage House Pvt. Ltd,Sumeru Securities Pvt. Ltd.,10,199.6,1996.0,2025-09-23 11:40:00.270009
2025-09-23,53868,2025092301003017,HBL,Thrive Brokerage House Pvt. Ltd,Agrawal Securities (PVT) Ltd.,10,199.6,1996.0,2025-09-23 11:40:04.015378
2025-09-23,53791,2025092301003021,HBL,Thrive Brokerage House Pvt. Ltd,Sani Securities Company Ltd.,10,199.6,1996.0,2025-09-23 11:40:13.825275
2025-09-23,53761,2025092301003028,HBL,Thrive Brokerage House Pvt. Ltd,Ashutosh Brokerage & Securities (PVT) Ltd.,10,199.6,1996.0,2025-09-23 11:40:19.025725
2025-09-23,53627,2025092301003048,HBL,Sri Hari Securities Pvt. Ltd.,Nepal Investment And Securities Trading Private Limited,10,199.5,1995.0,2025-09-23 11:40:38.041083
2025-09-23,53608,2025092301003054,HBL,Sri Hari Securities Pvt. Ltd.,Miyo Securities Pvt Ltd,10,199.5,1995.0,2025-09-23 11:40:41.426321
2025-09-23,53574,2025092301003059,HBL,Sri Hari Securities Pvt. Ltd.,Aryatara Investment & Securities,10,199.5,1995.0,2025-09-23 11:40:46.120837
2025-09-23,53525,2025092301003068,HBL,Sri Hari Securities Pvt. Ltd.,Sani Securities Company Ltd.,10,199.5,1995.0,2025-09-23 11:40:53.770795
2025-09-23,53521,2025092301003071,HBL,Sri Hari Securities Pvt. Ltd.,Naasa Securities Co. Ltd.,10,199.5,1995.0,2025-09-23 11:40:54.574540
2025-09-23,53423,2025092301003103,HBL,Nepal Investment And Securities Trading Private Limited,Naasa Securities Co. Ltd.,10,199.6,1996.0,2025-09-23 11:41:10.584224
2025-09-23,53422,2025092301003104,HBL,Nepal Investment And Securities Trading Private Limited,Kumari Securities Private Limited,10,199.6,1996.0,2025-09-23 11:41:10.584515
2025-09-23,53421,2025092301003105,HBL,Nepal Investment And Securities Trading Private Limited,Indira securities pvt. ltd,10,199.9,1999.0,2025-09-23 11:41:10.584660
2025-09-23,53405,2025092301003106,HBL,Sri Hari Securities Pvt. Ltd.,Aryatara Investment & Securities,10,199.5,1995.0,2025-09-23 11:41:12.503157
2025-09-23,53390,2025092301003109,HBL,Sri Hari Securities Pvt. Ltd.,Naasa Securities Co. Ltd.,10,199.5,1995.0,2025-09-23 11:41:15.752904
2025-09-23,53376,2025092301003113,HBL,Sumeru Securities Pvt. Ltd.,Ashutosh Brokerage & Securities (PVT) Ltd.,10,199.6,1996.0,2025-09-23 11:41:17.462871
2025-09-23,53228,2025092301003141,HBL,Sumeru Securities Pvt. Ltd.,Vision Securities Pvt. Ltd,10,199.6,1996.0,2025-09-23 11:41:41.364400
2025-09-23,53225,2025092301003142,HBL,Sumeru Securities Pvt. Ltd.,Naasa Securities Co. Ltd.,10,199.6,1996.0,2025-09-23 11:41:41.751662
2025-09-23,53147,2025092301003153,HBL,Sumeru Securities Pvt. Ltd.,Kohinoor Investment & Securities Pvt. Ltd.,10,199.6,1996.0,2025-09-23 11:41:50.537153
2025-09-23,53143,2025092301003154,HBL,Sumeru Securities Pvt. Ltd.,Sewa Securities Pvt. Ltd.,10,199.6,1996.0,2025-09-23 11:41:51.099054
2025-09-23,53089,2025092301003161,HBL,Sumeru Securities Pvt. Ltd.,Online Securities Pvt. Ltd.,10,199.6,1996.0,2025-09-23 11:42:01.186837
2025-09-23,53081,2025092301003162,HBL,Sumeru Securities Pvt. Ltd.,Imperial Securities Company Pvt. Ltd.,10,199.6,1996.0,2025-09-23 11:42:01.748527
2025-09-23,53069,2025092301003164,HBL,Sumeru Securities Pvt. Ltd.,Ashutosh Brokerage & Securities (PVT) Ltd.,10,199.6,1996.0,2025-09-23 11:42:04.905618
2025-09-23,53039,2025092301003174,HBL,Sumeru Securities Pvt. Ltd.,Ashutosh Brokerage & Securities (PVT) Ltd.,10,199.6,1996.0,2025-09-23 11:42:09.486722
2025-09-23,52987,2025092301003177,HBL,Sumeru Securities Pvt. Ltd.,Naasa Securities Co. Ltd.,10,199.6,1996.0,2025-09-23 11:42:20.508069
2025-09-23,52962,2025092301003184,HBL,Sumeru Securities Pvt. Ltd.,Sani Securities Company Ltd.,10,199.6,1996.0,2025-09-23 11:42:24.361214
2025-09-23,52921,2025092301003192,HBL,Sumeru Securities Pvt. Ltd.,Opal Securities Investment (PVT) Ltd.,10,199.6,1996.0,2025-09-23 11:42:34.091107
2025-09-23,52896,2025092301003195,HBL,Sumeru Securities Pvt. Ltd.,Imperial Securities Company Pvt. Ltd.,10,199.6,1996.0,2025-09-23 11:42:41.074789
2025-09-23,52891,2025092301003196,HBL,Siprabi Securities Pvt. Ltd.,Opal Securities Investment (PVT) Ltd.,10,199.9,1999.0,2025-09-23 11:42:41.795874
2025-09-23,52890,2025092301003197,HBL,Siprabi Securities Pvt. Ltd.,Opal Securities Investment (PVT) Ltd.,10,199.9,1999.0,2025-09-23 11:42:41.796229
2025-09-23,52889,2025092301003198,HBL,Siprabi Securities Pvt. Ltd.,Opal Securities Investment (PVT) Ltd.,10,199.9,1999.0,2025-09-23 11:42:41.796435
2025-09-23,52888,2025092301003199,HBL,Siprabi Securities Pvt. Ltd.,Online Securities Pvt. Ltd.,10,200.0,2000.0,2025-09-23 11:42:41.796620
2025-09-23,52887,2025092301003200,HBL,Siprabi Securities Pvt. Ltd.,Imperial Securities Company Pvt. Ltd.,10,200.0,2000.0,2025-09-23 11:42:41.796817
2025-09-23,52790,2025092301003218,HBL,Sumeru Securities Pvt. Ltd.,Naasa Securities Co. Ltd.,10,199.6,1996.0,2025-09-23 11:43:00.304772
2025-09-23,52785,2025092301003220,HBL,Sumeru Securities Pvt. Ltd.,Imperial Securities Company Pvt. Ltd.,10,199.6,1996.0,2025-09-23 11:43:01.413745
2025-09-23,52777,2025092301003222,HBL,Sumeru Securities Pvt. Ltd.,Ashutosh Brokerage & Securities (PVT) Ltd.,10,199.6,1996.0,2025-09-23 11:43:03.239408
2025-09-23,52771,2025092301003225,HBL,Sumeru Securities Pvt. Ltd.,Kumari Securities Private Limited,10,199.6,1996.0,2025-09-23 11:43:04.894049
2025-09-23,52731,2025092301003234,HBL,Sumeru Securities Pvt. Ltd.,Kohinoor Investment & Securities Pvt. Ltd.,10,199.6,1996.0,2025-09-23 11:43:13.851606
2025-09-23,52719,2025092301003236,HBL,Sumeru Securities Pvt. Ltd.,Online Securities Pvt. Ltd.,10,199.6,1996.0,2025-09-23 11:43:15.636100
2025-09-23,52689,2025092301003245,HBL,Sumeru Securities Pvt. Ltd.,Sri Hari Securities Pvt. Ltd.,108,199.6,21556.8,2025-09-23 11:43:21.353400
2025-09-23,52680,2025092301003247,HBL,Sumeru Securities Pvt. Ltd.,Kalika Securities Pvt. Ltd.,10,199.6,1996.0,2025-09-23 11:43:24.448847
2025-09-23,52671,2025092301003250,HBL,Sumeru Securities Pvt. Ltd.,Miyo Securities Pvt Ltd,10,199.6,1996.0,2025-09-23 11:43:28.200200
2025-09-23,52654,2025092301003255,HBL,Sumeru Securities Pvt. Ltd.,Sri Hari Securities Pvt. Ltd.,200,199.6,39920.0,2025-09-23 11:43:31.792655
2025-09-23,52646,2025092301003257,HBL,Sumeru Securities Pvt. Ltd.,Imperial Securities Company Pvt. Ltd.,10,199.6,1996.0,2025-09-23 11:43:33.244680
2025-09-23,52591,2025092301003263,HBL,Sumeru Securities Pvt. Ltd.,Secured Securities Ltd.,10,199.6,1996.0,2025-09-23 11:43:45.128784
2025-09-23,52578,2025092301003267,HBL,Sumeru Securities Pvt. Ltd.,Cristal Kanchanjanga Securites Pvt. Ltd.,10,199.6,1996.0,2025-09-23 11:43:49.400641
2025-09-23,52522,2025092301003281,HBL,Sumeru Securities Pvt. Ltd.,Ashutosh Brokerage & Securities (PVT) Ltd.,10,199.6,1996.0,2025-09-23 11:44:05.922582
2025-09-23,52507,2025092301003283,HBL,Sumeru Securities Pvt. Ltd.,Nabil Stock Dealer Ltd.,10,199.6,1996.0,2025-09-23 11:44:08.943939
2025-09-23,52486,2025092301003290,HBL,Sumeru Securities Pvt. Ltd.,Aryatara Investment & Securities,10,199.6,1996.0,2025-09-23 11:44:19.855999
2025-09-23,52460,2025092301003297,HBL,Dipshikha Dhitopatra Karobar Co. Pvt Ltd.,Property Wiard Limited,20,199.9,3998.0,2025-09-23 11:44:26.059538
2025-09-23,52436,2025092301003305,HBL,Sumeru Securities Pvt. Ltd.,Naasa Securities Co. Ltd.,10,199.6,1996.0,2025-09-23 11:44:31.539108
2025-09-23,52414,2025092301003310,HBL,Sumeru Securities Pvt. Ltd.,Nepal Stock House (PVT) Ltd.,10,199.6,1996.0,2025-09-23 11:44:38.451119
2025-09-23,52396,2025092301003313,HBL,Sumeru Securities Pvt. Ltd.,Kohinoor Investment & Securities Pvt. Ltd.,10,199.6,1996.0,2025-09-23 11:44:43.891270
2025-09-23,52383,2025092301003318,HBL,Sumeru Securities Pvt. Ltd.,Trisul Securities & Invt. Ltd.,10,199.6,1996.0,2025-09-23 11:44:47.179934
2025-09-23,52362,2025092301003322,HBL,Sumeru Securities Pvt. Ltd.,Citizens Share Broker Limited,10,199.6,1996.0,2025-09-23 11:44:52.920053
2025-09-23,52317,2025092301003345,HBL,Sumeru Securities Pvt. Ltd.,Ashutosh Brokerage & Securities (PVT) Ltd.,10,199.6,1996.0,2025-09-23 11:45:00.875556
2025-09-23,52302,2025092301003348,HBL,Sumeru Securities Pvt. Ltd.,Primo Securities (PVT) Ltd.,110,199.6,21956.0,2025-09-23 11:45:04.468270
2025-09-23,52299,2025092301003349,HBL,Vision Securities Pvt. Ltd,Magnet Securities and Investment Company Private Limited,10,199.7,1997.0,2025-09-23 11:45:05.523986
2025-09-23,52298,2025092301003350,HBL,Vision Securities Pvt. Ltd,Naasa Securities Co. Ltd.,10,199.9,1999.0,2025-09-23 11:45:05.524673
2025-09-23,52297,2025092301003351,HBL,Vision Securities Pvt. Ltd,Online Securities Pvt. Ltd.,10,199.9,1999.0,2025-09-23 11:45:05.525161
2025-09-23,52296,2025092301003352,HBL,Vision Securities Pvt. Ltd,Arun Securities (PVT) Ltd.,10,199.9,1999.0,2025-09-23 11:45:05.525620
2025-09-23,52270,2025092301003361,HBL,Vision Securities Pvt. Ltd,Miyo Securities Pvt Ltd,10,199.9,1999.0,2025-09-23 11:45:11.074094
2025-09-23,52246,2025092301003367,HBL,Vision Securities Pvt. Ltd,Dipshikha Dhitopatra Karobar Co. Pvt Ltd.,10,199.9,1999.0,2025-09-23 11:45:18.083077
2025-09-23,52240,2025092301003370,HBL,Vision Securities Pvt. Ltd,Online Securities Pvt. Ltd.,10,199.9,1999.0,2025-09-23 11:45:19.512091
2025-09-23,52220,2025092301003376,HBL,Vision Securities Pvt. Ltd,Dakshinkali Investment & Securities Pvt. Ltd.,10,199.9,1999.0,2025-09-23 11:45:21.478557
2025-09-23,52211,2025092301003377,HBL,Vision Securities Pvt. Ltd,Naasa Securities Co. Ltd.,10,199.9,1999.0,2025-09-23 11:45:23.427120
2025-09-23,52209,2025092301003378,HBL,Vision Securities Pvt. Ltd,Naasa Securities Co. Ltd.,10,199.9,1999.0,2025-09-23 11:45:24.412637
2025-09-23,52200,2025092301003380,HBL,Vision Securities Pvt. Ltd,Malla & Malla Stock Broking Company Pvt. Limited,10,199.9,1999.0,2025-09-23 11:45:28.974979
2025-09-23,52167,2025092301003394,HBL,Vision Securities Pvt. Ltd,Aryatara Investment & Securities,10,199.9,1999.0,2025-09-23 11:45:35.578313
