Date,S.N.,Contract ID,Symbol,Buyer Broker,Seller Broker,volume,rate,amount,transaction_time
2025-09-23,63992,2025092305001104,MKJC,Naasa Securities Co. Ltd.,Deevyaa Securities & Stock House Pvt. Ltd,100,572.0,57200.0,2025-09-23 11:10:47.886508
2025-09-23,63336,2025092305001312,MKJC,Sani Securities Company Ltd.,R.B.B. Securities Company Ltd,50,579.0,28950.0,2025-09-23 11:12:58.353771
2025-09-23,59878,2025092305002365,MKJC,Vision Securities Pvt. Ltd,Online Securities Pvt. Ltd.,10,572.2,5722.0,2025-09-23 11:24:15.248726
2025-09-23,59874,2025092305002366,MKJC,Elite Stock House Limited,Imperial Securities Company Pvt. Ltd.,350,579.0,202650.0,2025-09-23 11:24:16.209467
2025-09-23,55970,2025092305003620,MKJC,Sweta Securities Private Limited,Online Securities Pvt. Ltd.,10,574.1,5741.0,2025-09-23 11:34:49.527597
2025-09-23,54261,2025092305004199,MKJC,Vision Securities Pvt. Ltd,Opal Securities Investment (PVT) Ltd.,17,576.1,9793.7,2025-09-23 11:39:18.911648
2025-09-23,54078,2025092305004230,MKJC,Sweta Securities Private Limited,Naasa Securities Co. Ltd.,14,580.0,8120.0,2025-09-23 11:39:36.650602
2025-09-23,54077,2025092305004231,MKJC,Sweta Securities Private Limited,Capital Max Securities Ltd,50,584.9,29245.0,2025-09-23 11:39:36.650693
2025-09-23,54076,2025092305004232,MKJC,Sweta Securities Private Limited,Nepal Stock House (PVT) Ltd.,10,585.0,5850.0,2025-09-23 11:39:36.650735
2025-09-23,54075,2025092305004233,MKJC,Sweta Securities Private Limited,Naasa Securities Co. Ltd.,50,585.0,29250.0,2025-09-23 11:39:36.650771
2025-09-23,54074,2025092305004234,MKJC,Sweta Securities Private Limited,Sagarmatha Securities Private Limited,200,585.0,117000.0,2025-09-23 11:39:36.650805
2025-09-23,53576,2025092305004388,MKJC,Agrawal Securities (PVT) Ltd.,Naasa Securities Co. Ltd.,650,585.5,380575.0,2025-09-23 11:40:45.610306
2025-09-23,53119,2025092305004536,MKJC,Agrawal Securities (PVT) Ltd.,Property Wiard Limited,100,585.5,58550.0,2025-09-23 11:41:57.558017
2025-09-23,53016,2025092305004576,MKJC,Agrawal Securities (PVT) Ltd.,Property Wiard Limited,100,585.5,58550.0,2025-09-23 11:42:14.165121
2025-09-23,52871,2025092305004630,MKJC,Naasa Securities Co. Ltd.,Linch Stock Market Ltd.,54,577.0,31158.0,2025-09-23 11:42:45.269397
2025-09-23,52870,2025092305004631,MKJC,Sumeru Securities Pvt. Ltd.,Linch Stock Market Ltd.,100,577.0,57700.0,2025-09-23 11:42:45.269627
2025-09-23,52869,2025092305004632,MKJC,Dipshikha Dhitopatra Karobar Co. Pvt Ltd.,Linch Stock Market Ltd.,46,577.0,26542.0,2025-09-23 11:42:45.269742
2025-09-23,52779,2025092305004667,MKJC,Dipshikha Dhitopatra Karobar Co. Pvt Ltd.,Sani Securities Company Ltd.,10,577.0,5770.0,2025-09-23 11:43:02.372404
2025-09-23,52364,2025092305004784,MKJC,Dipshikha Dhitopatra Karobar Co. Pvt Ltd.,Aryatara Investment & Securities,24,577.0,13848.0,2025-09-23 11:44:52.572597
2025-09-23,51893,2025092305004921,MKJC,Dipshikha Dhitopatra Karobar Co. Pvt Ltd.,Capital Max Securities Ltd,15,577.0,8655.0,2025-09-23 11:46:49.870427
2025-09-23,51129,2025092305005180,MKJC,Imperial Securities Company Pvt. Ltd.,Agrawal Securities (PVT) Ltd.,30,576.2,17286.0,2025-09-23 11:49:54.389529
2025-09-23,51128,2025092305005181,MKJC,Vision Securities Pvt. Ltd,Agrawal Securities (PVT) Ltd.,48,576.1,27652.8,2025-09-23 11:49:54.389729
2025-09-23,51127,2025092305005182,MKJC,Imperial Securities Company Pvt. Ltd.,Agrawal Securities (PVT) Ltd.,300,575.6,172680.0,2025-09-23 11:49:54.389847
2025-09-23,51126,2025092305005183,MKJC,Sani Securities Company Ltd.,Agrawal Securities (PVT) Ltd.,100,575.3,57530.0,2025-09-23 11:49:54.389960
2025-09-23,51125,2025092305005184,MKJC,Hatemalo Financial Services Private Limited,Agrawal Securities (PVT) Ltd.,100,575.1,57510.0,2025-09-23 11:49:54.390070
2025-09-23,51124,2025092305005185,MKJC,Hatemalo Financial Services Private Limited,Agrawal Securities (PVT) Ltd.,422,575.0,242650.0,2025-09-23 11:49:54.390177
2025-09-23,50923,2025092305005258,MKJC,Dipshikha Dhitopatra Karobar Co. Pvt Ltd.,Naasa Securities Co. Ltd.,10,577.0,5770.0,2025-09-23 11:50:52.437877
2025-09-23,50922,2025092305005259,MKJC,Hatemalo Financial Services Private Limited,Naasa Securities Co. Ltd.,78,575.0,44850.0,2025-09-23 11:50:52.438058
2025-09-23,50011,2025092305005579,MKJC,Nagarik Stock Dealer ,Secured Securities Ltd.,10,577.1,5771.0,2025-09-23 11:54:32.832152
2025-09-23,48105,2025092305006189,MKJC,Aryatara Investment & Securities,Capital Max Securities Ltd,40,576.9,23076.0,2025-09-23 12:01:21.594077
2025-09-23,47961,2025092305006238,MKJC,Elite Stock House Limited,Miyo Securities Pvt Ltd,100,583.9,58390.0,2025-09-23 12:01:56.209286
2025-09-23,47686,2025092305006324,MKJC,Aryatara Investment & Securities,Online Securities Pvt. Ltd.,10,576.9,5769.0,2025-09-23 12:03:00.629826
2025-09-23,46902,2025092305006605,MKJC,Oxford Securities Pvt. Ltd.,Infinity Securities Limited,1000,584.0,584000.0,2025-09-23 12:05:53.204914
2025-09-23,46263,2025092305006774,MKJC,Trishakti Securities Public Limited,Oxford Securities Pvt. Ltd.,100,585.0,58500.0,2025-09-23 12:07:52.244440
2025-09-23,46262,2025092305006775,MKJC,Trishakti Securities Public Limited,Infinity Securities Limited,500,585.0,292500.0,2025-09-23 12:07:52.244656
2025-09-23,46164,2025092305006811,MKJC,Trishakti Securities Public Limited,Indira securities pvt. ltd,1000,585.0,585000.0,2025-09-23 12:08:12.063649
2025-09-23,44373,2025092305007397,MKJC,Trishakti Securities Public Limited,Online Securities Pvt. Ltd.,10,577.4,5774.0,2025-09-23 12:14:37.755503
2025-09-23,42521,2025092305007983,MKJC,Infinity Securities Limited,Aryatara Investment & Securities,10,578.0,5780.0,2025-09-23 12:21:33.560687
2025-09-23,41257,2025092305008462,MKJC,Miyo Securities Pvt Ltd,Sri Hari Securities Pvt. Ltd.,370,579.0,214230.0,2025-09-23 12:26:11.069753
2025-09-23,41098,2025092305008498,MKJC,Miyo Securities Pvt Ltd,Aryatara Investment & Securities,30,579.0,17370.0,2025-09-23 12:26:55.860437
2025-09-23,41097,2025092305008499,MKJC,Miyo Securities Pvt Ltd,Aryatara Investment & Securities,40,579.0,23160.0,2025-09-23 12:26:55.860601
2025-09-23,41096,2025092305008500,MKJC,Sani Securities Company Ltd.,Aryatara Investment & Securities,10,579.0,5790.0,2025-09-23 12:26:55.860652
2025-09-23,41011,2025092305008522,MKJC,Sumeru Securities Pvt. Ltd.,Sani Securities Company Ltd.,7,570.0,3990.0,2025-09-23 12:27:23.925215
2025-09-23,40973,2025092305008532,MKJC,Sumeru Securities Pvt. Ltd.,Aryatara Investment & Securities,1,570.0,570.0,2025-09-23 12:27:35.514223
2025-09-23,40950,2025092305008540,MKJC,Dipshikha Dhitopatra Karobar Co. Pvt Ltd.,Capital Max Securities Ltd,150,578.2,86730.0,2025-09-23 12:27:43.859737
2025-09-23,40899,2025092305008557,MKJC,Sumeru Securities Pvt. Ltd.,Naasa Securities Co. Ltd.,5,575.0,2875.0,2025-09-23 12:27:59.387650
2025-09-23,40735,2025092305008617,MKJC,Dipshikha Dhitopatra Karobar Co. Pvt Ltd.,Aryatara Investment & Securities,60,578.2,34692.0,2025-09-23 12:28:46.230872
2025-09-23,39910,2025092305008910,MKJC,Infinity Securities Limited,Midas Stock Broking Company Private Limited,490,578.0,283220.0,2025-09-23 12:31:53.483696
2025-09-23,39909,2025092305008911,MKJC,Sumeru Securities Pvt. Ltd.,Midas Stock Broking Company Private Limited,40,578.0,23120.0,2025-09-23 12:31:53.483902
2025-09-23,39908,2025092305008912,MKJC,Sri Hari Securities Pvt. Ltd.,Investment Management Nepal Pvt. Ltd.,100,580.9,58090.0,2025-09-23 12:31:53.945820
2025-09-23,39907,2025092305008913,MKJC,Sri Hari Securities Pvt. Ltd.,Naasa Securities Co. Ltd.,4900,581.0,2846900.0,2025-09-23 12:31:53.945924
2025-09-23,39624,2025092305009011,MKJC,Trishakti Securities Public Limited,Naasa Securities Co. Ltd.,260,581.0,151060.0,2025-09-23 12:32:59.002112
2025-09-23,38530,2025092305009341,MKJC,Linch Stock Market Ltd.,Sri Hari Securities Pvt. Ltd.,50,578.2,28910.0,2025-09-23 12:37:39.604937
2025-09-23,38529,2025092305009342,MKJC,Sumeru Securities Pvt. Ltd.,Sri Hari Securities Pvt. Ltd.,80,578.0,46240.0,2025-09-23 12:37:39.605145
2025-09-23,38528,2025092305009343,MKJC,Midas Stock Broking Company Private Limited,Sri Hari Securities Pvt. Ltd.,266,578.0,153748.0,2025-09-23 12:37:39.605273
2025-09-23,38396,2025092305009386,MKJC,Midas Stock Broking Company Private Limited,Sri Hari Securities Pvt. Ltd.,200,578.0,115600.0,2025-09-23 12:38:10.406129
2025-09-23,38006,2025092305009516,MKJC,Midas Stock Broking Company Private Limited,Sri Hari Securities Pvt. Ltd.,100,578.2,57820.0,2025-09-23 12:39:34.759003
2025-09-23,37326,2025092305009753,MKJC,Midas Stock Broking Company Private Limited,Sri Hari Securities Pvt. Ltd.,100,578.2,57820.0,2025-09-23 12:41:42.762360
2025-09-23,37325,2025092305009754,MKJC,Elite Stock House Limited,Sri Hari Securities Pvt. Ltd.,57,578.1,32951.7,2025-09-23 12:41:42.762482
2025-09-23,37210,2025092305009814,MKJC,Elite Stock House Limited,Naasa Securities Co. Ltd.,43,578.1,24858.3,2025-09-23 12:41:59.447164
2025-09-23,36977,2025092305009892,MKJC,Midas Stock Broking Company Private Limited,Online Securities Pvt. Ltd.,50,578.1,28905.0,2025-09-23 12:42:45.662047
2025-09-23,36756,2025092305009951,MKJC,Midas Stock Broking Company Private Limited,Midas Stock Broking Company Private Limited,250,578.1,144525.0,2025-09-23 12:43:34.005645
2025-09-23,36755,2025092305009952,MKJC,Midas Stock Broking Company Private Limited,Midas Stock Broking Company Private Limited,134,578.0,77452.0,2025-09-23 12:43:34.005805
2025-09-23,36754,2025092305009953,MKJC,Infinity Securities Limited,Midas Stock Broking Company Private Limited,116,578.0,67048.0,2025-09-23 12:43:34.005854
2025-09-23,36340,2025092305010096,MKJC,Infinity Securities Limited,Trishakti Securities Public Limited,160,578.0,92480.0,2025-09-23 12:45:00.713038
2025-09-23,36225,2025092305010137,MKJC,Infinity Securities Limited,Trishakti Securities Public Limited,90,578.1,52029.0,2025-09-23 12:45:20.738662
2025-09-23,35144,2025092305010507,MKJC,Sumeru Securities Pvt. Ltd.,Sani Securities Company Ltd.,10,578.1,5781.0,2025-09-23 12:49:45.066618
2025-09-23,34998,2025092305010560,MKJC,Infinity Securities Limited,Naasa Securities Co. Ltd.,200,578.0,115600.0,2025-09-23 12:50:43.251123
2025-09-23,34274,2025092305010764,MKJC,Midas Stock Broking Company Private Limited,Dynamic Money Managers Securities Pvt. Ltd.,300,580.0,174000.0,2025-09-23 12:54:16.261622
2025-09-23,34260,2025092305010775,MKJC,Indira securities pvt. ltd,Trishakti Securities Public Limited,330,578.2,190806.0,2025-09-23 12:54:20.692182
2025-09-23,34259,2025092305010776,MKJC,Sewa Securities Pvt. Ltd.,Trishakti Securities Public Limited,670,578.2,387394.0,2025-09-23 12:54:20.692321
2025-09-23,33862,2025092305010897,MKJC,Asian Securities Private Ltd.,J.F. Securites (PVT) Ltd.,20,582.9,11658.0,2025-09-23 12:56:25.890803
2025-09-23,29460,2025092305012414,MKJC,Hatemalo Financial Services Private Limited,Aryatara Investment & Securities,50,582.0,29100.0,2025-09-23 13:19:42.017673
2025-09-23,29459,2025092305012415,MKJC,Hatemalo Financial Services Private Limited,Online Securities Pvt. Ltd.,50,582.0,29100.0,2025-09-23 13:19:42.017824
2025-09-23,29390,2025092305012449,MKJC,Capital Max Securities Ltd,Online Securities Pvt. Ltd.,50,582.0,29100.0,2025-09-23 13:20:09.718763
2025-09-23,29389,2025092305012450,MKJC,Capital Max Securities Ltd,Miyo Securities Pvt Ltd,500,582.0,291000.0,2025-09-23 13:20:09.718907
2025-09-23,29297,2025092305012491,MKJC,Hatemalo Financial Services Private Limited,Opal Securities Investment (PVT) Ltd.,32,581.0,18592.0,2025-09-23 13:20:34.637928
2025-09-23,28904,2025092305012646,MKJC,Hatemalo Financial Services Private Limited,J.F. Securites (PVT) Ltd.,80,582.9,46632.0,2025-09-23 13:23:06.816372
2025-09-23,28859,2025092305012658,MKJC,Capital Max Securities Ltd,Shree Krishna Securities Ltd.,500,583.0,291500.0,2025-09-23 13:23:26.867009
2025-09-23,28858,2025092305012659,MKJC,Capital Max Securities Ltd,Online Securities Pvt. Ltd.,100,583.0,58300.0,2025-09-23 13:23:26.867198
2025-09-23,28818,2025092305012670,MKJC,Hatemalo Financial Services Private Limited,Pragyan Securities (PVT) Ltd.,32,582.9,18652.8,2025-09-23 13:23:41.556821
2025-09-23,28612,2025092305012715,MKJC,Sumeru Securities Pvt. Ltd.,Dakshinkali Investment & Securities Pvt. Ltd.,2,578.0,1156.0,2025-09-23 13:24:48.126408
2025-09-23,28606,2025092305012718,MKJC,Hatemalo Financial Services Private Limited,Secured Securities Ltd.,17,584.0,9928.0,2025-09-23 13:24:50.936794
2025-09-23,28605,2025092305012719,MKJC,Hatemalo Financial Services Private Limited,Sumeru Securities Pvt. Ltd.,39,584.0,22776.0,2025-09-23 13:24:50.936932
2025-09-23,28467,2025092305012758,MKJC,Secured Securities Ltd.,Nepal Stock House (PVT) Ltd.,30,583.0,17490.0,2025-09-23 13:25:34.045812
2025-09-23,28384,2025092305012788,MKJC,Capital Max Securities Ltd,Sumeru Securities Pvt. Ltd.,711,584.0,415224.0,2025-09-23 13:26:11.180512
2025-09-23,28383,2025092305012789,MKJC,Capital Max Securities Ltd,Indira securities pvt. ltd,89,584.0,51976.0,2025-09-23 13:26:11.180744
2025-09-23,28203,2025092305012855,MKJC,Secured Securities Ltd.,Opal Securities Investment (PVT) Ltd.,32,581.0,18592.0,2025-09-23 13:27:02.448332
2025-09-23,27795,2025092305012960,MKJC,Secured Securities Ltd.,South Asian Bulls Pvt. Ltd.,10,581.0,5810.0,2025-09-23 13:28:48.057169
2025-09-23,27794,2025092305012961,MKJC,Sewa Securities Pvt. Ltd.,Indira securities pvt. ltd,211,584.0,123224.0,2025-09-23 13:28:48.557301
2025-09-23,27793,2025092305012962,MKJC,Sewa Securities Pvt. Ltd.,Miyo Securities Pvt Ltd,160,584.0,93440.0,2025-09-23 13:28:48.557446
2025-09-23,27792,2025092305012963,MKJC,Sewa Securities Pvt. Ltd.,Himalayan Brokerage Company Limited,629,585.0,367965.0,2025-09-23 13:28:48.557500
2025-09-23,27713,2025092305012985,MKJC,Sewa Securities Pvt. Ltd.,Himalayan Brokerage Company Limited,371,585.0,217035.0,2025-09-23 13:29:04.357277
2025-09-23,27712,2025092305012986,MKJC,Sewa Securities Pvt. Ltd.,Imperial Securities Company Pvt. Ltd.,100,585.0,58500.0,2025-09-23 13:29:04.357573
2025-09-23,27711,2025092305012987,MKJC,Sewa Securities Pvt. Ltd.,Sundhara Securities Limited,29,585.0,16965.0,2025-09-23 13:29:04.357719
2025-09-23,27677,2025092305012992,MKJC,Sani Securities Company Ltd.,Naasa Securities Co. Ltd.,7,578.1,4046.7,2025-09-23 13:29:21.138280
2025-09-23,27662,2025092305012995,MKJC,Sani Securities Company Ltd.,Sani Securities Company Ltd.,7,578.1,4046.7,2025-09-23 13:29:28.227777
2025-09-23,27366,2025092305013096,MKJC,Hatemalo Financial Services Private Limited,Vision Securities Pvt. Ltd,10,585.6,5856.0,2025-09-23 13:30:56.680453
2025-09-23,27265,2025092305013133,MKJC,Hatemalo Financial Services Private Limited,Vision Securities Pvt. Ltd,10,585.7,5857.0,2025-09-23 13:31:26.539386
2025-09-23,27264,2025092305013134,MKJC,Hatemalo Financial Services Private Limited,Vision Securities Pvt. Ltd,10,585.8,5858.0,2025-09-23 13:31:26.539426
2025-09-23,26613,2025092305013370,MKJC,Sundhara Securities Limited,Indira securities pvt. ltd,20,586.9,11738.0,2025-09-23 13:34:34.371885
2025-09-23,24935,2025092305013931,MKJC,Sewa Securities Pvt. Ltd.,Indira securities pvt. ltd,180,586.9,105642.0,2025-09-23 13:42:09.221467
2025-09-23,24934,2025092305013932,MKJC,Sewa Securities Pvt. Ltd.,Nagarik Stock Dealer ,90,587.9,52911.0,2025-09-23 13:42:09.221616
2025-09-23,24933,2025092305013933,MKJC,Sewa Securities Pvt. Ltd.,R.B.B. Securities Company Ltd,10,588.0,5880.0,2025-09-23 13:42:09.221671
2025-09-23,24932,2025092305013934,MKJC,Sewa Securities Pvt. Ltd.,Sumeru Securities Pvt. Ltd.,200,588.0,117600.0,2025-09-23 13:42:09.221720
2025-09-23,24931,2025092305013935,MKJC,Sewa Securities Pvt. Ltd.,Naasa Securities Co. Ltd.,100,588.0,58800.0,2025-09-23 13:42:09.221769
2025-09-23,24930,2025092305013936,MKJC,Sewa Securities Pvt. Ltd.,Sundhara Securities Limited,13,588.0,7644.0,2025-09-23 13:42:09.221855
2025-09-23,24929,2025092305013937,MKJC,Sewa Securities Pvt. Ltd.,Ashutosh Brokerage & Securities (PVT) Ltd.,100,588.2,58820.0,2025-09-23 13:42:09.221901
2025-09-23,24928,2025092305013938,MKJC,Sewa Securities Pvt. Ltd.,Ashutosh Brokerage & Securities (PVT) Ltd.,100,588.9,58890.0,2025-09-23 13:42:09.221953
2025-09-23,24296,2025092305014183,MKJC,Sundhara Securities Limited,Indira securities pvt. ltd,30,588.9,17667.0,2025-09-23 13:44:38.919730
2025-09-23,24112,2025092305014253,MKJC,Sumeru Securities Pvt. Ltd.,Indira securities pvt. ltd,750,588.9,441675.0,2025-09-23 13:45:21.093606
2025-09-23,24002,2025092305014290,MKJC,Trishakti Securities Public Limited,Indira securities pvt. ltd,120,588.9,70668.0,2025-09-23 13:45:45.879291
2025-09-23,23684,2025092305014400,MKJC,Trishakti Securities Public Limited,Indira securities pvt. ltd,60,589.0,35340.0,2025-09-23 13:46:52.781976
2025-09-23,23455,2025092305014488,MKJC,Midas Stock Broking Company Private Limited,Indira securities pvt. ltd,40,589.0,23560.0,2025-09-23 13:47:41.428158
2025-09-23,23325,2025092305014554,MKJC,Sumeru Securities Pvt. Ltd.,Ashutosh Brokerage & Securities (PVT) Ltd.,100,589.5,58950.0,2025-09-23 13:48:07.744930
2025-09-23,23324,2025092305014555,MKJC,Sumeru Securities Pvt. Ltd.,Sumeru Securities Pvt. Ltd.,2000,589.5,1179000.0,2025-09-23 13:48:07.745017
2025-09-23,22339,2025092305014978,MKJC,Sumeru Securities Pvt. Ltd.,KALASH STOCK MARKET PVT. LTD.,200,589.6,117920.0,2025-09-23 13:51:37.890409
2025-09-23,21647,2025092305015182,MKJC,Sewa Securities Pvt. Ltd.,Nagarik Stock Dealer ,200,589.9,117980.0,2025-09-23 13:54:14.009290
2025-09-23,21585,2025092305015189,MKJC,Sewa Securities Pvt. Ltd.,Vision Securities Pvt. Ltd,300,590.0,177000.0,2025-09-23 13:54:27.485373
2025-09-23,21584,2025092305015190,MKJC,Sewa Securities Pvt. Ltd.,Sundhara Securities Limited,200,590.0,118000.0,2025-09-23 13:54:27.485543
2025-09-23,21505,2025092305015207,MKJC,Sewa Securities Pvt. Ltd.,Sundhara Securities Limited,128,590.0,75520.0,2025-09-23 13:54:47.023610
2025-09-23,21504,2025092305015208,MKJC,Sewa Securities Pvt. Ltd.,Infinity Securities Limited,100,590.0,59000.0,2025-09-23 13:54:47.023764
2025-09-23,21503,2025092305015209,MKJC,Sewa Securities Pvt. Ltd.,Kohinoor Investment & Securities Pvt. Ltd.,50,590.0,29500.0,2025-09-23 13:54:47.023828
2025-09-23,21502,2025092305015210,MKJC,Sewa Securities Pvt. Ltd.,Aryatara Investment & Securities,50,590.0,29500.0,2025-09-23 13:54:47.023898
2025-09-23,21501,2025092305015211,MKJC,Sewa Securities Pvt. Ltd.,Premier Securities Company Ltd.,250,590.0,147500.0,2025-09-23 13:54:47.023945
2025-09-23,21500,2025092305015212,MKJC,Sewa Securities Pvt. Ltd.,Trishakti Securities Public Limited,10,590.0,5900.0,2025-09-23 13:54:47.023993
2025-09-23,21499,2025092305015213,MKJC,Sewa Securities Pvt. Ltd.,Shree Krishna Securities Ltd.,500,590.0,295000.0,2025-09-23 13:54:47.024044
2025-09-23,21164,2025092305015309,MKJC,Naasa Securities Co. Ltd.,Indira securities pvt. ltd,200,590.0,118000.0,2025-09-23 13:56:02.630668
2025-09-23,20406,2025092305015530,MKJC,Sipla Securities Private Limited,Sani Securities Company Ltd.,50,591.0,29550.0,2025-09-23 13:58:59.048548
2025-09-23,20405,2025092305015531,MKJC,Sipla Securities Private Limited,Indira securities pvt. ltd,100,591.0,59100.0,2025-09-23 13:58:59.048716
2025-09-23,20404,2025092305015532,MKJC,Sipla Securities Private Limited,Nagarik Stock Dealer ,1000,591.0,591000.0,2025-09-23 13:58:59.048764
2025-09-23,20206,2025092305015595,MKJC,Sipla Securities Private Limited,Opal Securities Investment (PVT) Ltd.,32,591.0,18912.0,2025-09-23 13:59:42.556079
2025-09-23,20004,2025092305015649,MKJC,Sewa Securities Pvt. Ltd.,Nagarik Stock Dealer ,100,592.9,59290.0,2025-09-23 14:00:30.403308
2025-09-23,20003,2025092305015650,MKJC,Sewa Securities Pvt. Ltd.,Online Securities Pvt. Ltd.,330,593.0,195690.0,2025-09-23 14:00:30.403650
2025-09-23,20002,2025092305015651,MKJC,Sewa Securities Pvt. Ltd.,Sri Hari Securities Pvt. Ltd.,100,593.0,59300.0,2025-09-23 14:00:30.403787
2025-09-23,20001,2025092305015652,MKJC,Sewa Securities Pvt. Ltd.,Nagarik Stock Dealer ,389,593.0,230677.0,2025-09-23 14:00:30.403919
2025-09-23,19968,2025092305015662,MKJC,Oxford Securities Pvt. Ltd.,Nagarik Stock Dealer ,611,593.0,362323.0,2025-09-23 14:00:35.261488
2025-09-23,19967,2025092305015663,MKJC,Oxford Securities Pvt. Ltd.,Sumeru Securities Pvt. Ltd.,389,593.0,230677.0,2025-09-23 14:00:35.261643
2025-09-23,19962,2025092305015665,MKJC,Sumeru Securities Pvt. Ltd.,Sumeru Securities Pvt. Ltd.,611,593.0,362323.0,2025-09-23 14:00:37.631191
2025-09-23,19749,2025092305015726,MKJC,Naasa Securities Co. Ltd.,Elite Stock House Limited,100,593.0,59300.0,2025-09-23 14:01:25.894170
2025-09-23,19490,2025092305015809,MKJC,Naasa Securities Co. Ltd.,Midas Stock Broking Company Private Limited,200,593.0,118600.0,2025-09-23 14:02:19.745077
2025-09-23,18547,2025092305016147,MKJC,Sumeru Securities Pvt. Ltd.,SUN SECURITIES PVT LTD,139,591.1,82162.9,2025-09-23 14:05:57.551323
2025-09-23,18546,2025092305016148,MKJC,Sipla Securities Private Limited,SUN SECURITIES PVT LTD,198,591.0,117018.0,2025-09-23 14:05:57.551472
2025-09-23,18442,2025092305016189,MKJC,Sipla Securities Private Limited,Trademow Securities Private Limited,80,591.0,47280.0,2025-09-23 14:06:34.000969
2025-09-23,17683,2025092305016400,MKJC,Sipla Securities Private Limited,Imperial Securities Company Pvt. Ltd.,691,593.5,410108.5,2025-09-23 14:09:31.206185
2025-09-23,17682,2025092305016401,MKJC,Sipla Securities Private Limited,Ashutosh Brokerage & Securities (PVT) Ltd.,100,593.7,59370.0,2025-09-23 14:09:31.206477
2025-09-23,17681,2025092305016402,MKJC,Sipla Securities Private Limited,Sumeru Securities Pvt. Ltd.,885,593.9,525601.5,2025-09-23 14:09:31.206657
2025-09-23,17680,2025092305016403,MKJC,Sipla Securities Private Limited,Sri Hari Securities Pvt. Ltd.,100,594.0,59400.0,2025-09-23 14:09:31.206796
2025-09-23,17679,2025092305016404,MKJC,Sipla Securities Private Limited,Vision Securities Pvt. Ltd,100,594.0,59400.0,2025-09-23 14:09:31.206981
2025-09-23,16672,2025092305016688,MKJC,N.I.M.B. Stock Markets Limited,Sani Securities Company Ltd.,200,594.4,118880.0,2025-09-23 14:12:56.836186
2025-09-23,16671,2025092305016689,MKJC,N.I.M.B. Stock Markets Limited,Nepal Stock House (PVT) Ltd.,50,594.4,29720.0,2025-09-23 14:12:56.836461
2025-09-23,16670,2025092305016690,MKJC,N.I.M.B. Stock Markets Limited,Vision Securities Pvt. Ltd,350,594.5,208075.0,2025-09-23 14:12:56.836602
2025-09-23,16669,2025092305016691,MKJC,N.I.M.B. Stock Markets Limited,Nagarik Stock Dealer ,100,594.9,59490.0,2025-09-23 14:12:56.836740
2025-09-23,16668,2025092305016692,MKJC,N.I.M.B. Stock Markets Limited,Nepal Investment And Securities Trading Private Limited,50,594.9,29745.0,2025-09-23 14:12:56.836867
2025-09-23,16667,2025092305016693,MKJC,N.I.M.B. Stock Markets Limited,KALASH STOCK MARKET PVT. LTD.,200,595.0,119000.0,2025-09-23 14:12:56.836991
2025-09-23,16666,2025092305016694,MKJC,N.I.M.B. Stock Markets Limited,Thrive Brokerage House Pvt. Ltd,20,595.0,11900.0,2025-09-23 14:12:56.837118
2025-09-23,16665,2025092305016695,MKJC,N.I.M.B. Stock Markets Limited,Aryatara Investment & Securities,1000,595.0,595000.0,2025-09-23 14:12:56.837241
2025-09-23,16664,2025092305016696,MKJC,N.I.M.B. Stock Markets Limited,Shree Krishna Securities Ltd.,30,595.0,17850.0,2025-09-23 14:12:56.837377
2025-09-23,16646,2025092305016702,MKJC,Sumeru Securities Pvt. Ltd.,Sundhara Securities Limited,500,594.0,297000.0,2025-09-23 14:13:00.470947
2025-09-23,16289,2025092305016816,MKJC,Imperial Securities Company Pvt. Ltd.,Elite Stock House Limited,450,592.5,266625.0,2025-09-23 14:14:39.814591
2025-09-23,16237,2025092305016835,MKJC,Imperial Securities Company Pvt. Ltd.,Sumeru Securities Pvt. Ltd.,500,592.5,296250.0,2025-09-23 14:14:55.894113
2025-09-23,16134,2025092305016852,MKJC,Imperial Securities Company Pvt. Ltd.,Sani Securities Company Ltd.,50,592.5,29625.0,2025-09-23 14:15:19.618587
2025-09-23,16133,2025092305016853,MKJC,Sipla Securities Private Limited,Sani Securities Company Ltd.,830,592.0,491360.0,2025-09-23 14:15:19.618738
2025-09-23,15937,2025092305016926,MKJC,Sipla Securities Private Limited,Sumeru Securities Pvt. Ltd.,600,592.0,355200.0,2025-09-23 14:16:05.921016
2025-09-23,15848,2025092305016957,MKJC,Sipla Securities Private Limited,Midas Stock Broking Company Private Limited,200,592.0,118400.0,2025-09-23 14:16:28.797014
2025-09-23,15836,2025092305016961,MKJC,Sipla Securities Private Limited,Citizens Share Broker Limited,34,592.0,20128.0,2025-09-23 14:16:31.955582
2025-09-23,13532,2025092305017683,MKJC,Sumeru Securities Pvt. Ltd.,Oxford Securities Pvt. Ltd.,10,585.3,5853.0,2025-09-23 14:25:15.994052
2025-09-23,13179,2025092305017863,MKJC,Sumeru Securities Pvt. Ltd.,Dipshikha Dhitopatra Karobar Co. Pvt Ltd.,300,585.3,175590.0,2025-09-23 14:26:30.520093
2025-09-23,12990,2025092305017924,MKJC,Sumeru Securities Pvt. Ltd.,Sani Securities Company Ltd.,190,585.3,111207.0,2025-09-23 14:27:20.241667
2025-09-23,12017,2025092305018252,MKJC,Infinity Securities Limited,Cristal Kanchanjanga Securites Pvt. Ltd.,24,590.9,14181.6,2025-09-23 14:31:20.132519
2025-09-23,8593,2025092305019255,MKJC,Imperial Securities Company Pvt. Ltd.,Indira securities pvt. ltd,20,589.9,11798.0,2025-09-23 14:44:15.040495
2025-09-23,8470,2025092305019295,MKJC,Infinity Securities Limited,Indira securities pvt. ltd,130,589.9,76687.0,2025-09-23 14:44:45.203467
2025-09-23,8469,2025092305019296,MKJC,Infinity Securities Limited,Nepal Stock House (PVT) Ltd.,300,590.0,177000.0,2025-09-23 14:44:45.203547
2025-09-23,8468,2025092305019297,MKJC,Infinity Securities Limited,Malla & Malla Stock Broking Company Pvt. Limited,70,590.1,41307.0,2025-09-23 14:44:45.203572
2025-09-23,7714,2025092305019608,MKJC,Nabil Stock Dealer Ltd.,Malla & Malla Stock Broking Company Pvt. Limited,130,590.1,76713.0,2025-09-23 14:46:49.309298
2025-09-23,7713,2025092305019609,MKJC,Nabil Stock Dealer Ltd.,Naasa Securities Co. Ltd.,991,591.0,585681.0,2025-09-23 14:46:49.309622
2025-09-23,7582,2025092305019656,MKJC,Infinity Securities Limited,Cristal Kanchanjanga Securites Pvt. Ltd.,476,591.9,281744.4,2025-09-23 14:47:15.701826
2025-09-23,7581,2025092305019657,MKJC,Infinity Securities Limited,Citizens Share Broker Limited,24,592.0,14208.0,2025-09-23 14:47:15.701871
2025-09-23,7428,2025092305019706,MKJC,Nabil Stock Dealer Ltd.,Capital Max Securities Ltd,878,591.0,518898.0,2025-09-23 14:47:46.726918
2025-09-23,7339,2025092305019737,MKJC,Nabil Stock Dealer Ltd.,Hatemalo Financial Services Private Limited,500,591.0,295500.0,2025-09-23 14:48:04.192326
2025-09-23,7103,2025092305019816,MKJC,Nabil Stock Dealer Ltd.,Indira securities pvt. ltd,721,591.0,426111.0,2025-09-23 14:48:40.512443
2025-09-23,6515,2025092305020000,MKJC,KALASH STOCK MARKET PVT. LTD.,Indira securities pvt. ltd,184,591.0,108744.0,2025-09-23 14:50:18.207285
2025-09-23,6514,2025092305020001,MKJC,KALASH STOCK MARKET PVT. LTD.,Citizens Share Broker Limited,42,592.0,24864.0,2025-09-23 14:50:18.207329
2025-09-23,6513,2025092305020002,MKJC,KALASH STOCK MARKET PVT. LTD.,Nagarik Stock Dealer ,274,592.9,162454.6,2025-09-23 14:50:18.207359
2025-09-23,5166,2025092305020452,MKJC,Infinity Securities Limited,Sipla Securities Private Limited,100,587.7,58770.0,2025-09-23 14:53:38.845911
2025-09-23,4897,2025092305020534,MKJC,Sumeru Securities Pvt. Ltd.,Miyo Securities Pvt Ltd,500,590.0,295000.0,2025-09-23 14:54:12.686768
2025-09-23,4772,2025092305020576,MKJC,Sumeru Securities Pvt. Ltd.,Miyo Securities Pvt Ltd,500,590.0,295000.0,2025-09-23 14:54:28.260130
2025-09-23,4769,2025092305020578,MKJC,Sumeru Securities Pvt. Ltd.,Miyo Securities Pvt Ltd,200,590.0,118000.0,2025-09-23 14:54:28.699652
2025-09-23,4435,2025092305020711,MKJC,Sumeru Securities Pvt. Ltd.,Kumari Securities Private Limited,140,593.0,83020.0,2025-09-23 14:55:19.521096
2025-09-23,4434,2025092305020712,MKJC,Sumeru Securities Pvt. Ltd.,Sani Securities Company Ltd.,15,593.0,8895.0,2025-09-23 14:55:19.521379
2025-09-23,4289,2025092305020769,MKJC,Infinity Securities Limited,Shree Krishna Securities Ltd.,310,593.5,183985.0,2025-09-23 14:55:37.187187
2025-09-23,3783,2025092305020923,MKJC,Sumeru Securities Pvt. Ltd.,Shree Krishna Securities Ltd.,190,593.5,112765.0,2025-09-23 14:56:27.284754
2025-09-23,3782,2025092305020924,MKJC,Sumeru Securities Pvt. Ltd.,Indira securities pvt. ltd,200,594.0,118800.0,2025-09-23 14:56:27.285047
2025-09-23,3781,2025092305020925,MKJC,Sumeru Securities Pvt. Ltd.,Shree Krishna Securities Ltd.,470,595.0,279650.0,2025-09-23 14:56:27.285204
2025-09-23,3780,2025092305020926,MKJC,Sumeru Securities Pvt. Ltd.,Premier Securities Company Ltd.,300,595.0,178500.0,2025-09-23 14:56:27.285380
2025-09-23,3779,2025092305020927,MKJC,Sumeru Securities Pvt. Ltd.,KALASH STOCK MARKET PVT. LTD.,500,595.0,297500.0,2025-09-23 14:56:27.285535
2025-09-23,3778,2025092305020928,MKJC,Sumeru Securities Pvt. Ltd.,Nagarik Stock Dealer ,726,595.0,431970.0,2025-09-23 14:56:27.285665
2025-09-23,3777,2025092305020929,MKJC,Sumeru Securities Pvt. Ltd.,Naasa Securities Co. Ltd.,20,595.0,11900.0,2025-09-23 14:56:27.285811
2025-09-23,3710,2025092305020962,MKJC,Sani Securities Company Ltd.,Swarna Laxmi Securities Pvt. Ltd.,1,585.9,585.9,2025-09-23 14:56:35.810201
2025-09-23,3567,2025092305021015,MKJC,Sani Securities Company Ltd.,Malla & Malla Stock Broking Company Pvt. Limited,5,587.0,2935.0,2025-09-23 14:56:52.715638
2025-09-23,3498,2025092305021037,MKJC,Sumeru Securities Pvt. Ltd.,Nepal Stock House (PVT) Ltd.,40,597.0,23880.0,2025-09-23 14:56:59.297367
2025-09-23,3497,2025092305021038,MKJC,Sumeru Securities Pvt. Ltd.,SUN SECURITIES PVT LTD,500,597.0,298500.0,2025-09-23 14:56:59.297554
2025-09-23,3468,2025092305021045,MKJC,Sumeru Securities Pvt. Ltd.,Sri Hari Securities Pvt. Ltd.,460,597.0,274620.0,2025-09-23 14:57:03.271360
2025-09-23,3467,2025092305021046,MKJC,Sumeru Securities Pvt. Ltd.,Sri Hari Securities Pvt. Ltd.,1540,596.0,917840.0,2025-09-23 14:57:03.271557
2025-09-23,3105,2025092305021152,MKJC,Sumeru Securities Pvt. Ltd.,Sri Hari Securities Pvt. Ltd.,2000,597.0,1194000.0,2025-09-23 14:57:32.657848
2025-09-23,3091,2025092305021155,MKJC,Sumeru Securities Pvt. Ltd.,South Asian Bulls Pvt. Ltd.,100,596.0,59600.0,2025-09-23 14:57:33.877577
2025-09-23,2950,2025092305021195,MKJC,Sumeru Securities Pvt. Ltd.,Kohinoor Investment & Securities Pvt. Ltd.,200,598.0,119600.0,2025-09-23 14:57:48.143826
2025-09-23,2949,2025092305021196,MKJC,Sumeru Securities Pvt. Ltd.,Sumeru Securities Pvt. Ltd.,220,598.0,131560.0,2025-09-23 14:57:48.143966
2025-09-23,2948,2025092305021197,MKJC,Sumeru Securities Pvt. Ltd.,Online Securities Pvt. Ltd.,350,598.0,209300.0,2025-09-23 14:57:48.144030
2025-09-23,2947,2025092305021198,MKJC,Sumeru Securities Pvt. Ltd.,Imperial Securities Company Pvt. Ltd.,230,598.0,137540.0,2025-09-23 14:57:48.144111
2025-09-23,2879,2025092305021216,MKJC,KALASH STOCK MARKET PVT. LTD.,Imperial Securities Company Pvt. Ltd.,200,598.0,119600.0,2025-09-23 14:57:55.953819
2025-09-23,2488,2025092305021387,MKJC,Sumeru Securities Pvt. Ltd.,Nepal Stock House (PVT) Ltd.,360,596.0,214560.0,2025-09-23 14:58:23.813715
2025-09-23,2054,2025092305021535,MKJC,Sumeru Securities Pvt. Ltd.,Online Securities Pvt. Ltd.,200,595.0,119000.0,2025-09-23 14:58:48.778149
2025-09-23,1978,2025092305021551,MKJC,Nagarik Stock Dealer ,Nepal Stock House (PVT) Ltd.,640,596.0,381440.0,2025-09-23 14:58:53.283309
2025-09-23,1977,2025092305021552,MKJC,Nagarik Stock Dealer ,Sundhara Securities Limited,800,596.0,476800.0,2025-09-23 14:58:53.283475
2025-09-23,1976,2025092305021553,MKJC,Nagarik Stock Dealer ,Agrawal Securities (PVT) Ltd.,20,596.0,11920.0,2025-09-23 14:58:53.283549
2025-09-23,1975,2025092305021554,MKJC,Nagarik Stock Dealer ,Sri Hari Securities Pvt. Ltd.,883,597.0,527151.0,2025-09-23 14:58:53.283603
2025-09-23,1974,2025092305021555,MKJC,Nagarik Stock Dealer ,Infinity Securities Limited,180,597.0,107460.0,2025-09-23 14:58:53.283651
2025-09-23,1973,2025092305021556,MKJC,Nagarik Stock Dealer ,Imperial Securities Company Pvt. Ltd.,1120,598.0,669760.0,2025-09-23 14:58:53.283700
2025-09-23,1972,2025092305021557,MKJC,Nagarik Stock Dealer ,Oxford Securities Pvt. Ltd.,357,598.0,213486.0,2025-09-23 14:58:53.283750
2025-09-23,1826,2025092305021612,MKJC,Sumeru Securities Pvt. Ltd.,Naasa Securities Co. Ltd.,239,595.0,142205.0,2025-09-23 14:59:02.929781
2025-09-23,1825,2025092305021613,MKJC,ABC Securities Private Limited,Naasa Securities Co. Ltd.,120,595.0,71400.0,2025-09-23 14:59:02.929915
2025-09-23,1824,2025092305021614,MKJC,Sumeru Securities Pvt. Ltd.,Naasa Securities Co. Ltd.,1000,592.0,592000.0,2025-09-23 14:59:02.929986
2025-09-23,1823,2025092305021615,MKJC,Sumeru Securities Pvt. Ltd.,Naasa Securities Co. Ltd.,360,588.0,211680.0,2025-09-23 14:59:02.930065
2025-09-23,1822,2025092305021616,MKJC,KALASH STOCK MARKET PVT. LTD.,Naasa Securities Co. Ltd.,150,587.9,88185.0,2025-09-23 14:59:02.930135
2025-09-23,1821,2025092305021617,MKJC,KALASH STOCK MARKET PVT. LTD.,Naasa Securities Co. Ltd.,30,587.4,17622.0,2025-09-23 14:59:02.930205
2025-09-23,1820,2025092305021618,MKJC,Sumeru Securities Pvt. Ltd.,Naasa Securities Co. Ltd.,1000,585.7,585700.0,2025-09-23 14:59:02.930271
2025-09-23,1819,2025092305021619,MKJC,Sumeru Securities Pvt. Ltd.,Naasa Securities Co. Ltd.,10,585.6,5856.0,2025-09-23 14:59:02.930380
2025-09-23,1818,2025092305021620,MKJC,Sumeru Securities Pvt. Ltd.,Naasa Securities Co. Ltd.,10,585.5,5855.0,2025-09-23 14:59:02.930471
2025-09-23,1817,2025092305021621,MKJC,Elite Stock House Limited,Naasa Securities Co. Ltd.,281,585.5,164525.5,2025-09-23 14:59:02.930535
2025-09-23,1086,2025092305021895,MKJC,KALASH STOCK MARKET PVT. LTD.,Vision Securities Pvt. Ltd,10,595.1,5951.0,2025-09-23 14:59:31.011429
2025-09-23,1082,2025092305021896,MKJC,KALASH STOCK MARKET PVT. LTD.,Midas Stock Broking Company Private Limited,90,595.1,53559.0,2025-09-23 14:59:31.101288
2025-09-23,946,2025092305021945,MKJC,Asian Securities Private Ltd.,Midas Stock Broking Company Private Limited,10,595.0,5950.0,2025-09-23 14:59:37.057690
2025-09-23,945,2025092305021946,MKJC,Asian Securities Private Ltd.,Shree Krishna Securities Ltd.,90,595.5,53595.0,2025-09-23 14:59:37.057807
2025-09-23,765,2025092305022018,MKJC,Sumeru Securities Pvt. Ltd.,Naasa Securities Co. Ltd.,60,595.0,35700.0,2025-09-23 14:59:45.040797
2025-09-23,764,2025092305022019,MKJC,Sumeru Securities Pvt. Ltd.,Shree Krishna Securities Ltd.,410,595.5,244155.0,2025-09-23 14:59:45.040913
2025-09-23,763,2025092305022020,MKJC,Sumeru Securities Pvt. Ltd.,Sundhara Securities Limited,67,596.0,39932.0,2025-09-23 14:59:45.040971
2025-09-23,421,2025092305022132,MKJC,Sumeru Securities Pvt. Ltd.,Sri Hari Securities Pvt. Ltd.,300,597.0,179100.0,2025-09-23 14:59:53.973480
2025-09-23,262,2025092305022211,MKJC,Indira securities pvt. ltd,Nagarik Stock Dealer ,20,599.0,11980.0,2025-09-23 14:59:56.863163
2025-09-23,123,2025092305022232,MKJC,Sumeru Securities Pvt. Ltd.,Online Securities Pvt. Ltd.,50,597.0,29850.0,2025-09-23 14:59:58.427367
2025-09-23,48,2025092305022271,MKJC,Sri Hari Securities Pvt. Ltd.,Nagarik Stock Dealer ,10,599.0,5990.0,2025-09-23 14:59:59.318425
