Date,S.N.,contract_id,symbol,buyer_broker,seller_broker,volume,price,amount,transaction_time
2025-09-23,66427,2025092303000145,NFS,Naasa Securities Co. Ltd.,Nepal Investment And Securities Trading Private Limited,200,655.0,131000.0,2025-09-23 11:03:37.607081
2025-09-23,66426,2025092303000146,NFS,Vision Securities Pvt. Ltd,Nepal Investment And Securities Trading Private Limited,20,655.0,13100.0,2025-09-23 11:03:37.607136
2025-09-23,66425,2025092303000147,NFS,Naasa Securities Co. Ltd.,Nepal Investment And Securities Trading Private Limited,200,655.0,131000.0,2025-09-23 11:03:37.607161
2025-09-23,66424,2025092303000148,NFS,Naasa Securities Co. Ltd.,Nepal Investment And Securities Trading Private Limited,80,650.0,52000.0,2025-09-23 11:03:37.607183
2025-09-23,65856,2025092303000237,NFS,Kohinoor Investment & Securities Pvt. Ltd.,Linch Stock Market Ltd.,100,662.9,66290.0,2025-09-23 11:05:28.473617
2025-09-23,65529,2025092303000291,NFS,Capital Max Securities Ltd,Agrawal Securities (PVT) Ltd.,10,665.0,6650.0,2025-09-23 11:06:29.164337
2025-09-23,65228,2025092303000335,NFS,Thrive Brokerage House Pvt. Ltd,Imperial Securities Company Pvt. Ltd.,250,665.9,166475.0,2025-09-23 11:07:16.363834
2025-09-23,65171,2025092303000344,NFS,Thrive Brokerage House Pvt. Ltd,Nepal Investment And Securities Trading Private Limited,50,666.0,33300.0,2025-09-23 11:07:28.507947
2025-09-23,64933,2025092303000377,NFS,Thrive Brokerage House Pvt. Ltd,Premier Securities Company Ltd.,100,670.0,67000.0,2025-09-23 11:08:16.901390
2025-09-23,64731,2025092303000402,NFS,Thrive Brokerage House Pvt. Ltd,SHUBHAKAMANA SECURITIES PVT. LTD,100,672.0,67200.0,2025-09-23 11:08:51.122272
2025-09-23,64669,2025092303000412,NFS,Thrive Brokerage House Pvt. Ltd,Online Securities Pvt. Ltd.,50,672.0,33600.0,2025-09-23 11:08:59.193200
2025-09-23,64652,2025092303000417,NFS,Online Securities Pvt. Ltd.,Dynamic Money Managers Securities Pvt. Ltd.,50,673.0,33650.0,2025-09-23 11:09:01.314441
2025-09-23,64544,2025092303000426,NFS,Naasa Securities Co. Ltd.,Dynamic Money Managers Securities Pvt. Ltd.,150,673.0,100950.0,2025-09-23 11:09:18.745284
2025-09-23,64480,2025092303000432,NFS,Thrive Brokerage House Pvt. Ltd,ABC Securities Private Limited,125,673.2,84150.0,2025-09-23 11:09:29.656666
2025-09-23,64378,2025092303000440,NFS,Naasa Securities Co. Ltd.,Cristal Kanchanjanga Securites Pvt. Ltd.,50,673.0,33650.0,2025-09-23 11:09:43.324000
2025-09-23,64377,2025092303000441,NFS,Naasa Securities Co. Ltd.,Cristal Kanchanjanga Securites Pvt. Ltd.,50,673.0,33650.0,2025-09-23 11:09:43.324133
2025-09-23,64182,2025092303000454,NFS,Naasa Securities Co. Ltd.,Nepal Investment And Securities Trading Private Limited,50,673.0,33650.0,2025-09-23 11:10:12.044150
2025-09-23,64181,2025092303000455,NFS,Naasa Securities Co. Ltd.,Nepal Investment And Securities Trading Private Limited,50,673.0,33650.0,2025-09-23 11:10:12.044215
2025-09-23,63986,2025092303000473,NFS,Naasa Securities Co. Ltd.,Linch Stock Market Ltd.,50,673.0,33650.0,2025-09-23 11:10:49.569818
2025-09-23,63825,2025092303000506,NFS,Naasa Securities Co. Ltd.,Kalika Securities Pvt. Ltd.,100,673.0,67300.0,2025-09-23 11:11:24.629514
2025-09-23,63726,2025092303000516,NFS,Naasa Securities Co. Ltd.,Agrawal Securities (PVT) Ltd.,60,673.0,40380.0,2025-09-23 11:11:43.810534
2025-09-23,63694,2025092303000522,NFS,Naasa Securities Co. Ltd.,Kalika Securities Pvt. Ltd.,25,673.0,16825.0,2025-09-23 11:11:49.278733
2025-09-23,63674,2025092303000526,NFS,Naasa Securities Co. Ltd.,Linch Stock Market Ltd.,15,673.0,10095.0,2025-09-23 11:11:54.506430
2025-09-23,63661,2025092303000531,NFS,Aryatara Investment & Securities,Linch Stock Market Ltd.,25,673.0,16825.0,2025-09-23 11:11:56.337324
2025-09-23,63660,2025092303000532,NFS,Aryatara Investment & Securities,ABC Securities Private Limited,50,673.2,33660.0,2025-09-23 11:11:56.337376
2025-09-23,63490,2025092303000552,NFS,Capital Max Securities Ltd,Pragyan Securities (PVT) Ltd.,10,671.0,6710.0,2025-09-23 11:12:25.993996
2025-09-23,63489,2025092303000553,NFS,Naasa Securities Co. Ltd.,Pragyan Securities (PVT) Ltd.,100,670.0,67000.0,2025-09-23 11:12:25.994089
2025-09-23,62258,2025092303000743,NFS,Sani Securities Company Ltd.,Naasa Securities Co. Ltd.,200,669.9,133980.0,2025-09-23 11:16:12.167132
2025-09-23,62147,2025092303000767,NFS,Capital Max Securities Ltd,Oxford Securities Pvt. Ltd.,15,665.0,9975.0,2025-09-23 11:16:35.839934
2025-09-23,62146,2025092303000768,NFS,Sundhara Securities Limited,Oxford Securities Pvt. Ltd.,30,665.0,19950.0,2025-09-23 11:16:35.840107
2025-09-23,60681,2025092303000970,NFS,Naasa Securities Co. Ltd.,Pragyan Securities (PVT) Ltd.,10,670.0,6700.0,2025-09-23 11:21:46.518930
2025-09-23,59967,2025092303001099,NFS,ABC Securities Private Limited,Pragyan Securities (PVT) Ltd.,19,670.0,12730.0,2025-09-23 11:23:57.554275
2025-09-23,59966,2025092303001100,NFS,ABC Securities Private Limited,Premier Securities Company Ltd.,81,670.0,54270.0,2025-09-23 11:23:57.554345
2025-09-23,59911,2025092303001102,NFS,Secured Securities Ltd.,Secured Securities Ltd.,10,661.0,6610.0,2025-09-23 11:24:06.043537
2025-09-23,59895,2025092303001103,NFS,Naasa Securities Co. Ltd.,Premier Securities Company Ltd.,257,670.0,172190.0,2025-09-23 11:24:12.671708
2025-09-23,59894,2025092303001104,NFS,Naasa Securities Co. Ltd.,Thrive Brokerage House Pvt. Ltd,13,670.0,8710.0,2025-09-23 11:24:12.671801
2025-09-23,59893,2025092303001105,NFS,Naasa Securities Co. Ltd.,Sani Securities Company Ltd.,211,670.0,141370.0,2025-09-23 11:24:12.671858
2025-09-23,59522,2025092303001167,NFS,Siprabi Securities Pvt. Ltd.,BHOLE GANESH SECURITIES LTD,100,671.0,67100.0,2025-09-23 11:25:26.715576
2025-09-23,59275,2025092303001215,NFS,ABC Securities Private Limited,Swarna Laxmi Securities Pvt. Ltd.,50,673.0,33650.0,2025-09-23 11:26:09.386661
2025-09-23,59274,2025092303001216,NFS,ABC Securities Private Limited,ABC Securities Private Limited,25,673.2,16830.0,2025-09-23 11:26:09.386733
2025-09-23,57200,2025092303001560,NFS,Naasa Securities Co. Ltd.,Opal Securities Investment (PVT) Ltd.,40,675.0,27000.0,2025-09-23 11:31:31.158565
2025-09-23,57199,2025092303001561,NFS,Naasa Securities Co. Ltd.,Dipshikha Dhitopatra Karobar Co. Pvt Ltd.,11,675.0,7425.0,2025-09-23 11:31:31.158607
2025-09-23,57158,2025092303001572,NFS,Naasa Securities Co. Ltd.,South Asian Bulls Pvt. Ltd.,10,675.9,6759.0,2025-09-23 11:31:39.270384
2025-09-23,57000,2025092303001591,NFS,Naasa Securities Co. Ltd.,South Asian Bulls Pvt. Ltd.,20,675.9,13518.0,2025-09-23 11:32:09.268049
2025-09-23,56999,2025092303001592,NFS,Naasa Securities Co. Ltd.,Thrive Brokerage House Pvt. Ltd,200,675.9,135180.0,2025-09-23 11:32:09.268120
2025-09-23,56003,2025092303001760,NFS,Naasa Securities Co. Ltd.,Kohinoor Investment & Securities Pvt. Ltd.,299,675.9,202094.1,2025-09-23 11:34:42.485829
2025-09-23,55852,2025092303001782,NFS,Online Securities Pvt. Ltd.,Magnet Securities and Investment Company Private Limited,50,673.3,33665.0,2025-09-23 11:35:08.566332
2025-09-23,55442,2025092303001836,NFS,Imperial Securities Company Pvt. Ltd.,Kohinoor Investment & Securities Pvt. Ltd.,60,676.0,40560.0,2025-09-23 11:36:21.052253
2025-09-23,55040,2025092303001915,NFS,Neev Securities Pvt. Ltd.,Kohinoor Investment & Securities Pvt. Ltd.,40,676.0,27040.0,2025-09-23 11:37:37.258149
2025-09-23,54750,2025092303001959,NFS,Neev Securities Pvt. Ltd.,Online Securities Pvt. Ltd.,10,676.0,6760.0,2025-09-23 11:38:21.828622
2025-09-23,54227,2025092303002019,NFS,Oxford Securities Pvt. Ltd.,Dipshikha Dhitopatra Karobar Co. Pvt Ltd.,20,673.3,13466.0,2025-09-23 11:39:23.177640
2025-09-23,53953,2025092303002066,NFS,Sani Securities Company Ltd.,Online Securities Pvt. Ltd.,100,674.0,67400.0,2025-09-23 11:39:53.768008
2025-09-23,53952,2025092303002067,NFS,Oxford Securities Pvt. Ltd.,Online Securities Pvt. Ltd.,30,673.3,20199.0,2025-09-23 11:39:53.768211
2025-09-23,53951,2025092303002068,NFS,Online Securities Pvt. Ltd.,Online Securities Pvt. Ltd.,50,673.3,33665.0,2025-09-23 11:39:53.768334
2025-09-23,53950,2025092303002069,NFS,Online Securities Pvt. Ltd.,Online Securities Pvt. Ltd.,60,670.0,40200.0,2025-09-23 11:39:53.768440
2025-09-23,53949,2025092303002070,NFS,Arun Securities (PVT) Ltd.,Online Securities Pvt. Ltd.,100,670.0,67000.0,2025-09-23 11:39:53.768544
2025-09-23,53948,2025092303002071,NFS,Agrawal Securities (PVT) Ltd.,Online Securities Pvt. Ltd.,10,670.0,6700.0,2025-09-23 11:39:53.768674
2025-09-23,53416,2025092303002166,NFS,Kumari Securities Private Limited,Kohinoor Investment & Securities Pvt. Ltd.,100,669.0,66900.0,2025-09-23 11:41:11.546945
2025-09-23,53415,2025092303002167,NFS,Dipshikha Dhitopatra Karobar Co. Pvt Ltd.,Kohinoor Investment & Securities Pvt. Ltd.,10,668.0,6680.0,2025-09-23 11:41:11.547017
2025-09-23,53414,2025092303002168,NFS,Trisul Securities & Invt. Ltd.,Kohinoor Investment & Securities Pvt. Ltd.,91,668.0,60788.0,2025-09-23 11:41:11.547075
2025-09-23,53078,2025092303002212,NFS,Trisul Securities & Invt. Ltd.,Kohinoor Investment & Securities Pvt. Ltd.,34,668.0,22712.0,2025-09-23 11:42:03.202403
2025-09-23,53077,2025092303002213,NFS,Imperial Securities Company Pvt. Ltd.,Kohinoor Investment & Securities Pvt. Ltd.,50,665.0,33250.0,2025-09-23 11:42:03.202506
2025-09-23,53076,2025092303002214,NFS,Imperial Securities Company Pvt. Ltd.,Kohinoor Investment & Securities Pvt. Ltd.,10,665.0,6650.0,2025-09-23 11:42:03.202560
2025-09-23,53075,2025092303002215,NFS,Imperial Securities Company Pvt. Ltd.,Kohinoor Investment & Securities Pvt. Ltd.,100,665.0,66500.0,2025-09-23 11:42:03.202602
2025-09-23,53074,2025092303002216,NFS,Investment Management Nepal Pvt. Ltd.,Kohinoor Investment & Securities Pvt. Ltd.,1503,665.0,999495.0,2025-09-23 11:42:03.202651
2025-09-23,52852,2025092303002239,NFS,Nagarik Stock Dealer ,Cristal Kanchanjanga Securites Pvt. Ltd.,200,662.5,132500.0,2025-09-23 11:42:48.670850
2025-09-23,50777,2025092303002543,NFS,Sri Hari Securities Pvt. Ltd.,Deevyaa Securities & Stock House Pvt. Ltd,30,665.0,19950.0,2025-09-23 11:51:32.524927
2025-09-23,50618,2025092303002562,NFS,Kohinoor Investment & Securities Pvt. Ltd.,Bhrikuti Stock Broking Co. Pvt. Ltd.,34,668.0,22712.0,2025-09-23 11:52:14.876460
2025-09-23,49899,2025092303002679,NFS,Kohinoor Investment & Securities Pvt. Ltd.,Sri Hari Securities Pvt. Ltd.,50,668.0,33400.0,2025-09-23 11:54:54.085630
2025-09-23,49765,2025092303002698,NFS,Nagarik Stock Dealer ,J.F. Securites (PVT) Ltd.,50,670.0,33500.0,2025-09-23 11:55:34.354116
2025-09-23,49605,2025092303002719,NFS,Online Securities Pvt. Ltd.,Online Securities Pvt. Ltd.,105,674.9,70864.5,2025-09-23 11:56:14.859484
2025-09-23,48831,2025092303002858,NFS,Sani Securities Company Ltd.,Online Securities Pvt. Ltd.,40,674.7,26988.0,2025-09-23 11:58:43.013677
2025-09-23,48710,2025092303002868,NFS,Sani Securities Company Ltd.,Online Securities Pvt. Ltd.,20,674.9,13498.0,2025-09-23 11:59:09.656942
2025-09-23,48637,2025092303002879,NFS,Imperial Securities Company Pvt. Ltd.,Online Securities Pvt. Ltd.,25,674.9,16872.5,2025-09-23 11:59:29.949514
2025-09-23,48636,2025092303002880,NFS,Imperial Securities Company Pvt. Ltd.,Creative Securities Pvt Ltd,300,675.0,202500.0,2025-09-23 11:59:29.949601
2025-09-23,48635,2025092303002881,NFS,Imperial Securities Company Pvt. Ltd.,J.F. Securites (PVT) Ltd.,175,676.0,118300.0,2025-09-23 11:59:29.949641
2025-09-23,48208,2025092303002992,NFS,Imperial Securities Company Pvt. Ltd.,J.F. Securites (PVT) Ltd.,25,676.0,16900.0,2025-09-23 12:00:52.212966
2025-09-23,48207,2025092303002993,NFS,Imperial Securities Company Pvt. Ltd.,Agrawal Securities (PVT) Ltd.,10,676.8,6768.0,2025-09-23 12:00:52.213093
2025-09-23,47774,2025092303003052,NFS,Online Securities Pvt. Ltd.,Sundhara Securities Limited,25,676.0,16900.0,2025-09-23 12:02:33.590254
2025-09-23,47625,2025092303003081,NFS,Ashutosh Brokerage & Securities (PVT) Ltd.,Sundhara Securities Limited,75,676.0,50700.0,2025-09-23 12:03:14.756372
2025-09-23,46853,2025092303003190,NFS,Online Securities Pvt. Ltd.,Dynamic Money Managers Securities Pvt. Ltd.,10,677.0,6770.0,2025-09-23 12:06:02.990244
2025-09-23,46644,2025092303003213,NFS,Imperial Securities Company Pvt. Ltd.,Kohinoor Investment & Securities Pvt. Ltd.,74,678.0,50172.0,2025-09-23 12:06:46.279295
2025-09-23,46643,2025092303003214,NFS,Imperial Securities Company Pvt. Ltd.,Dynamic Money Managers Securities Pvt. Ltd.,100,680.0,68000.0,2025-09-23 12:06:46.279491
2025-09-23,46642,2025092303003215,NFS,Imperial Securities Company Pvt. Ltd.,Imperial Securities Company Pvt. Ltd.,15,680.0,10200.0,2025-09-23 12:06:46.279611
2025-09-23,46641,2025092303003216,NFS,Imperial Securities Company Pvt. Ltd.,Oxford Securities Pvt. Ltd.,26,681.0,17706.0,2025-09-23 12:06:46.279739
2025-09-23,46640,2025092303003217,NFS,Imperial Securities Company Pvt. Ltd.,Siprabi Securities Pvt. Ltd.,72,682.0,49104.0,2025-09-23 12:06:46.279868
2025-09-23,46639,2025092303003218,NFS,Imperial Securities Company Pvt. Ltd.,Online Securities Pvt. Ltd.,500,683.0,341500.0,2025-09-23 12:06:46.280014
2025-09-23,46638,2025092303003219,NFS,Imperial Securities Company Pvt. Ltd.,Aryatara Investment & Securities,50,683.0,34150.0,2025-09-23 12:06:46.280145
2025-09-23,46637,2025092303003220,NFS,Imperial Securities Company Pvt. Ltd.,Nabil Stock Dealer Ltd.,663,683.0,452829.0,2025-09-23 12:06:46.280261
2025-09-23,45876,2025092303003368,NFS,Naasa Securities Co. Ltd.,Cristal Kanchanjanga Securites Pvt. Ltd.,300,680.0,204000.0,2025-09-23 12:09:02.941685
2025-09-23,45693,2025092303003403,NFS,Naasa Securities Co. Ltd.,ABC Securities Private Limited,85,680.0,57800.0,2025-09-23 12:09:49.986919
2025-09-23,45637,2025092303003411,NFS,Naasa Securities Co. Ltd.,Cristal Kanchanjanga Securites Pvt. Ltd.,15,681.0,10215.0,2025-09-23 12:10:02.668411
2025-09-23,45534,2025092303003430,NFS,Imperial Securities Company Pvt. Ltd.,Cristal Kanchanjanga Securites Pvt. Ltd.,85,681.0,57885.0,2025-09-23 12:10:30.677953
2025-09-23,45533,2025092303003431,NFS,Imperial Securities Company Pvt. Ltd.,Online Securities Pvt. Ltd.,50,681.0,34050.0,2025-09-23 12:10:30.678045
2025-09-23,45532,2025092303003432,NFS,Imperial Securities Company Pvt. Ltd.,Thrive Brokerage House Pvt. Ltd,100,682.9,68290.0,2025-09-23 12:10:30.678096
2025-09-23,45531,2025092303003433,NFS,Imperial Securities Company Pvt. Ltd.,Nabil Stock Dealer Ltd.,40,683.0,27320.0,2025-09-23 12:10:30.678135
2025-09-23,45530,2025092303003434,NFS,Imperial Securities Company Pvt. Ltd.,Imperial Securities Company Pvt. Ltd.,225,683.0,153675.0,2025-09-23 12:10:30.678172
2025-09-23,45032,2025092303003527,NFS,ABC Securities Private Limited,Thrive Brokerage House Pvt. Ltd,100,681.0,68100.0,2025-09-23 12:12:25.427865
2025-09-23,44924,2025092303003535,NFS,Ashutosh Brokerage & Securities (PVT) Ltd.,Cristal Kanchanjanga Securites Pvt. Ltd.,75,676.0,50700.0,2025-09-23 12:12:47.683981
2025-09-23,44923,2025092303003536,NFS,Naasa Securities Co. Ltd.,Cristal Kanchanjanga Securites Pvt. Ltd.,50,673.0,33650.0,2025-09-23 12:12:47.684045
2025-09-23,44922,2025092303003537,NFS,Imperial Securities Company Pvt. Ltd.,Cristal Kanchanjanga Securites Pvt. Ltd.,75,670.0,50250.0,2025-09-23 12:12:47.684099
2025-09-23,43907,2025092303003692,NFS,Imperial Securities Company Pvt. Ltd.,ABC Securities Private Limited,30,681.0,20430.0,2025-09-23 12:16:30.820545
2025-09-23,43906,2025092303003693,NFS,Imperial Securities Company Pvt. Ltd.,Bhrikuti Stock Broking Co. Pvt. Ltd.,50,681.0,34050.0,2025-09-23 12:16:30.820642
2025-09-23,43905,2025092303003694,NFS,Imperial Securities Company Pvt. Ltd.,ABC Securities Private Limited,100,681.9,68190.0,2025-09-23 12:16:30.820687
2025-09-23,43904,2025092303003695,NFS,Imperial Securities Company Pvt. Ltd.,Kohinoor Investment & Securities Pvt. Ltd.,245,682.0,167090.0,2025-09-23 12:16:30.820752
2025-09-23,43087,2025092303003888,NFS,Nepal Stock House (PVT) Ltd.,Trishakti Securities Public Limited,500,675.9,337950.0,2025-09-23 12:19:41.965686
2025-09-23,42235,2025092303003984,NFS,Sani Securities Company Ltd.,Nepal Investment And Securities Trading Private Limited,20,675.0,13500.0,2025-09-23 12:22:25.446763
2025-09-23,41735,2025092303004068,NFS,Sani Securities Company Ltd.,Thrive Brokerage House Pvt. Ltd,30,675.0,20250.0,2025-09-23 12:24:15.373873
2025-09-23,41369,2025092303004120,NFS,Sani Securities Company Ltd.,Nabil Stock Dealer Ltd.,650,675.0,438750.0,2025-09-23 12:25:44.479376
2025-09-23,41368,2025092303004121,NFS,Naasa Securities Co. Ltd.,Nabil Stock Dealer Ltd.,100,675.0,67500.0,2025-09-23 12:25:44.479599
2025-09-23,41367,2025092303004122,NFS,Agrawal Securities (PVT) Ltd.,Nabil Stock Dealer Ltd.,250,674.0,168500.0,2025-09-23 12:25:44.479738
2025-09-23,40428,2025092303004268,NFS,Aryatara Investment & Securities,Kohinoor Investment & Securities Pvt. Ltd.,100,675.0,67500.0,2025-09-23 12:30:09.668767
2025-09-23,40427,2025092303004269,NFS,Naasa Securities Co. Ltd.,Kohinoor Investment & Securities Pvt. Ltd.,50,675.0,33750.0,2025-09-23 12:30:09.668980
2025-09-23,40426,2025092303004270,NFS,Aryatara Investment & Securities,Kohinoor Investment & Securities Pvt. Ltd.,20,675.0,13500.0,2025-09-23 12:30:09.669132
2025-09-23,40229,2025092303004290,NFS,Naasa Securities Co. Ltd.,ABC Securities Private Limited,100,675.0,67500.0,2025-09-23 12:30:54.457610
2025-09-23,40228,2025092303004291,NFS,Naasa Securities Co. Ltd.,ABC Securities Private Limited,100,675.0,67500.0,2025-09-23 12:30:54.457817
2025-09-23,39818,2025092303004343,NFS,Bhrikuti Stock Broking Co. Pvt. Ltd.,Naasa Securities Co. Ltd.,100,674.3,67430.0,2025-09-23 12:32:18.496300
2025-09-23,39817,2025092303004344,NFS,Midas Stock Broking Company Private Limited,Naasa Securities Co. Ltd.,200,674.2,134840.0,2025-09-23 12:32:18.496511
2025-09-23,39749,2025092303004359,NFS,Aryatara Investment & Securities,Naasa Securities Co. Ltd.,50,674.4,33720.0,2025-09-23 12:32:36.432944
2025-09-23,39530,2025092303004406,NFS,Naasa Securities Co. Ltd.,ABC Securities Private Limited,100,674.5,67450.0,2025-09-23 12:33:31.901315
2025-09-23,39437,2025092303004424,NFS,Aryatara Investment & Securities,ABC Securities Private Limited,150,674.4,101160.0,2025-09-23 12:33:48.181244
2025-09-23,39364,2025092303004435,NFS,Midas Stock Broking Company Private Limited,ABC Securities Private Limited,200,674.2,134840.0,2025-09-23 12:34:04.555357
2025-09-23,38672,2025092303004575,NFS,Naasa Securities Co. Ltd.,Investment Management Nepal Pvt. Ltd.,100,674.4,67440.0,2025-09-23 12:37:10.915534
2025-09-23,38671,2025092303004576,NFS,Naasa Securities Co. Ltd.,Investment Management Nepal Pvt. Ltd.,20,674.3,13486.0,2025-09-23 12:37:10.915687
2025-09-23,38670,2025092303004577,NFS,Dipshikha Dhitopatra Karobar Co. Pvt Ltd.,Investment Management Nepal Pvt. Ltd.,20,674.3,13486.0,2025-09-23 12:37:10.915735
2025-09-23,38669,2025092303004578,NFS,Agrawal Securities (PVT) Ltd.,Investment Management Nepal Pvt. Ltd.,200,674.0,134800.0,2025-09-23 12:37:10.915783
2025-09-23,38668,2025092303004579,NFS,Naasa Securities Co. Ltd.,Investment Management Nepal Pvt. Ltd.,100,673.0,67300.0,2025-09-23 12:37:10.915830
2025-09-23,38667,2025092303004580,NFS,Naasa Securities Co. Ltd.,Investment Management Nepal Pvt. Ltd.,10,672.1,6721.0,2025-09-23 12:37:10.915870
2025-09-23,38666,2025092303004581,NFS,Naasa Securities Co. Ltd.,Investment Management Nepal Pvt. Ltd.,100,672.0,67200.0,2025-09-23 12:37:10.915914
2025-09-23,38665,2025092303004582,NFS,Opal Securities Investment (PVT) Ltd.,Investment Management Nepal Pvt. Ltd.,255,671.0,171105.0,2025-09-23 12:37:10.915957
2025-09-23,38664,2025092303004583,NFS,Vision Securities Pvt. Ltd,Investment Management Nepal Pvt. Ltd.,90,671.0,60390.0,2025-09-23 12:37:10.915998
2025-09-23,38663,2025092303004584,NFS,Naasa Securities Co. Ltd.,Investment Management Nepal Pvt. Ltd.,70,670.0,46900.0,2025-09-23 12:37:10.916045
2025-09-23,38662,2025092303004585,NFS,Siprabi Securities Pvt. Ltd.,Investment Management Nepal Pvt. Ltd.,100,670.0,67000.0,2025-09-23 12:37:10.916083
2025-09-23,38661,2025092303004586,NFS,Imperial Securities Company Pvt. Ltd.,Investment Management Nepal Pvt. Ltd.,500,670.0,335000.0,2025-09-23 12:37:10.916126
2025-09-23,38660,2025092303004587,NFS,Naasa Securities Co. Ltd.,Investment Management Nepal Pvt. Ltd.,10,670.0,6700.0,2025-09-23 12:37:10.916163
2025-09-23,38659,2025092303004588,NFS,Opal Securities Investment (PVT) Ltd.,Investment Management Nepal Pvt. Ltd.,100,670.0,67000.0,2025-09-23 12:37:10.916198
2025-09-23,38658,2025092303004589,NFS,Swarna Laxmi Securities Pvt. Ltd.,Investment Management Nepal Pvt. Ltd.,325,670.0,217750.0,2025-09-23 12:37:10.916233
2025-09-23,38049,2025092303004677,NFS,Naasa Securities Co. Ltd.,Kohinoor Investment & Securities Pvt. Ltd.,100,671.1,67110.0,2025-09-23 12:39:22.135681
2025-09-23,38048,2025092303004678,NFS,Imperial Securities Company Pvt. Ltd.,Kohinoor Investment & Securities Pvt. Ltd.,500,671.0,335500.0,2025-09-23 12:39:22.135888
2025-09-23,37220,2025092303004765,NFS,Swarna Laxmi Securities Pvt. Ltd.,Secured Securities Ltd.,12,670.0,8040.0,2025-09-23 12:41:59.316510
2025-09-23,37127,2025092303004773,NFS,Market Securities & Exchange (PVT) Ltd.,Kohinoor Investment & Securities Pvt. Ltd.,80,671.0,53680.0,2025-09-23 12:42:12.801951
2025-09-23,37091,2025092303004776,NFS,Swarna Laxmi Securities Pvt. Ltd.,Naasa Securities Co. Ltd.,100,670.0,67000.0,2025-09-23 12:42:19.228984
2025-09-23,34210,2025092303005249,NFS,Swarna Laxmi Securities Pvt. Ltd.,Sundhara Securities Limited,63,670.0,42210.0,2025-09-23 12:54:37.009102
2025-09-23,32811,2025092303005409,NFS,ABC Securities Private Limited,ABC Securities Private Limited,25,669.0,16725.0,2025-09-23 13:02:01.591879
2025-09-23,32706,2025092303005417,NFS,Nepal Stock House (PVT) Ltd.,ABC Securities Private Limited,75,669.0,50175.0,2025-09-23 13:02:34.537323
2025-09-23,30357,2025092303005761,NFS,Naasa Securities Co. Ltd.,Premier Securities Company Ltd.,100,669.0,66900.0,2025-09-23 13:14:11.577193
2025-09-23,30356,2025092303005762,NFS,Naasa Securities Co. Ltd.,Premier Securities Company Ltd.,200,669.0,133800.0,2025-09-23 13:14:11.577317
2025-09-23,30355,2025092303005763,NFS,Naasa Securities Co. Ltd.,Premier Securities Company Ltd.,100,669.0,66900.0,2025-09-23 13:14:11.577376
2025-09-23,30354,2025092303005764,NFS,Naasa Securities Co. Ltd.,Premier Securities Company Ltd.,100,669.0,66900.0,2025-09-23 13:14:11.577419
2025-09-23,29864,2025092303005842,NFS,Nepal Stock House (PVT) Ltd.,Trishakti Securities Public Limited,20,669.0,13380.0,2025-09-23 13:17:10.674305
2025-09-23,29863,2025092303005843,NFS,Nepal Stock House (PVT) Ltd.,Online Securities Pvt. Ltd.,105,669.5,70297.5,2025-09-23 13:17:10.674478
2025-09-23,29691,2025092303005884,NFS,Nepal Stock House (PVT) Ltd.,Online Securities Pvt. Ltd.,45,669.5,30127.5,2025-09-23 13:18:18.835753
2025-09-23,29690,2025092303005885,NFS,Nepal Stock House (PVT) Ltd.,Sundhara Securities Limited,437,670.0,292790.0,2025-09-23 13:18:18.835864
2025-09-23,29689,2025092303005886,NFS,Nepal Stock House (PVT) Ltd.,Naasa Securities Co. Ltd.,18,670.0,12060.0,2025-09-23 13:18:18.835913
2025-09-23,29361,2025092303005924,NFS,Nagarik Stock Dealer ,Naasa Securities Co. Ltd.,100,670.0,67000.0,2025-09-23 13:20:13.546107
2025-09-23,29001,2025092303005977,NFS,Naasa Securities Co. Ltd.,Deevyaa Securities & Stock House Pvt. Ltd,8,665.0,5320.0,2025-09-23 13:22:30.415633
2025-09-23,28729,2025092303006028,NFS,Imperial Securities Company Pvt. Ltd.,Dipshikha Dhitopatra Karobar Co. Pvt Ltd.,60,670.0,40200.0,2025-09-23 13:24:11.735791
2025-09-23,28728,2025092303006029,NFS,Imperial Securities Company Pvt. Ltd.,Nepal Stock House (PVT) Ltd.,112,670.0,75040.0,2025-09-23 13:24:11.967099
2025-09-23,28579,2025092303006058,NFS,Imperial Securities Company Pvt. Ltd.,Primo Securities (PVT) Ltd.,17,670.0,11390.0,2025-09-23 13:24:58.164791
2025-09-23,28330,2025092303006108,NFS,Imperial Securities Company Pvt. Ltd.,Primo Securities (PVT) Ltd.,10,670.0,6700.0,2025-09-23 13:26:24.080693
2025-09-23,27517,2025092303006233,NFS,Kumari Securities Private Limited,Oxford Securities Pvt. Ltd.,100,667.0,66700.0,2025-09-23 13:30:14.934156
2025-09-23,26581,2025092303006368,NFS,Kumari Securities Private Limited,Premier Securities Company Ltd.,120,667.0,80040.0,2025-09-23 13:34:42.922897
2025-09-23,26580,2025092303006369,NFS,Sani Securities Company Ltd.,Premier Securities Company Ltd.,50,667.0,33350.0,2025-09-23 13:34:42.923056
2025-09-23,26579,2025092303006370,NFS,Vision Securities Pvt. Ltd,Premier Securities Company Ltd.,15,667.0,10005.0,2025-09-23 13:34:42.923130
2025-09-23,26418,2025092303006432,NFS,Naasa Securities Co. Ltd.,Premier Securities Company Ltd.,50,665.6,33280.0,2025-09-23 13:35:22.941705
2025-09-23,26417,2025092303006433,NFS,Asian Securities Private Ltd.,Premier Securities Company Ltd.,105,665.0,69825.0,2025-09-23 13:35:22.941927
2025-09-23,26416,2025092303006434,NFS,Aryatara Investment & Securities,Premier Securities Company Ltd.,10,665.0,6650.0,2025-09-23 13:35:22.942089
2025-09-23,26415,2025092303006435,NFS,Naasa Securities Co. Ltd.,Premier Securities Company Ltd.,10,665.0,6650.0,2025-09-23 13:35:22.942224
2025-09-23,26414,2025092303006436,NFS,Online Securities Pvt. Ltd.,Premier Securities Company Ltd.,20,665.0,13300.0,2025-09-23 13:35:22.942353
2025-09-23,26335,2025092303006467,NFS,Kohinoor Investment & Securities Pvt. Ltd.,Infinity Securities Limited,300,664.0,199200.0,2025-09-23 13:35:37.792746
2025-09-23,26334,2025092303006468,NFS,Naasa Securities Co. Ltd.,Premier Securities Company Ltd.,20,664.0,13280.0,2025-09-23 13:35:37.867721
2025-09-23,26053,2025092303006523,NFS,Naasa Securities Co. Ltd.,J.F. Securites (PVT) Ltd.,10,674.5,6745.0,2025-09-23 13:37:06.959266
2025-09-23,23891,2025092303006935,NFS,Opal Securities Investment (PVT) Ltd.,J.F. Securites (PVT) Ltd.,90,673.9,60651.0,2025-09-23 13:46:08.300640
2025-09-23,23890,2025092303006936,NFS,Opal Securities Investment (PVT) Ltd.,Online Securities Pvt. Ltd.,20,673.9,13478.0,2025-09-23 13:46:08.300856
2025-09-23,21555,2025092303007351,NFS,Naasa Securities Co. Ltd.,Bhrikuti Stock Broking Co. Pvt. Ltd.,15,673.5,10102.5,2025-09-23 13:54:34.535639
2025-09-23,19225,2025092303007813,NFS,Naasa Securities Co. Ltd.,Bhrikuti Stock Broking Co. Pvt. Ltd.,25,673.5,16837.5,2025-09-23 14:03:09.835195
2025-09-23,19224,2025092303007814,NFS,Naasa Securities Co. Ltd.,Online Securities Pvt. Ltd.,30,673.9,20217.0,2025-09-23 14:03:09.835310
2025-09-23,18285,2025092303007969,NFS,Dipshikha Dhitopatra Karobar Co. Pvt Ltd.,Naasa Securities Co. Ltd.,10,670.0,6700.0,2025-09-23 14:07:21.163062
2025-09-23,17976,2025092303008037,NFS,Naasa Securities Co. Ltd.,Siprabi Securities Pvt. Ltd.,20,674.9,13498.0,2025-09-23 14:08:35.915979
2025-09-23,17194,2025092303008199,NFS,Sewa Securities Pvt. Ltd.,Siprabi Securities Pvt. Ltd.,30,674.9,20247.0,2025-09-23 14:11:05.669603
2025-09-23,17193,2025092303008200,NFS,Sewa Securities Pvt. Ltd.,J.F. Securites (PVT) Ltd.,100,674.9,67490.0,2025-09-23 14:11:05.669755
2025-09-23,17192,2025092303008201,NFS,Sewa Securities Pvt. Ltd.,Premier Securities Company Ltd.,70,675.0,47250.0,2025-09-23 14:11:05.669807
2025-09-23,15632,2025092303008505,NFS,Imperial Securities Company Pvt. Ltd.,Agrawal Securities (PVT) Ltd.,5,678.0,3390.0,2025-09-23 14:17:27.055475
2025-09-23,14979,2025092303008609,NFS,Primo Securities (PVT) Ltd.,Shree Krishna Securities Ltd.,10,673.0,6730.0,2025-09-23 14:19:49.899101
2025-09-23,14700,2025092303008680,NFS,Asian Securities Private Ltd.,Shree Krishna Securities Ltd.,290,673.0,195170.0,2025-09-23 14:20:57.807588
2025-09-23,14699,2025092303008681,NFS,Asian Securities Private Ltd.,Online Securities Pvt. Ltd.,200,674.5,134900.0,2025-09-23 14:20:57.807628
2025-09-23,14698,2025092303008682,NFS,Asian Securities Private Ltd.,Premier Securities Company Ltd.,10,674.9,6749.0,2025-09-23 14:20:57.807653
2025-09-23,14685,2025092303008684,NFS,Asian Securities Private Ltd.,Premier Securities Company Ltd.,90,674.9,60741.0,2025-09-23 14:21:01.448432
2025-09-23,14684,2025092303008685,NFS,Asian Securities Private Ltd.,Premier Securities Company Ltd.,20,675.0,13500.0,2025-09-23 14:21:01.448534
2025-09-23,14683,2025092303008686,NFS,Asian Securities Private Ltd.,Nepal Stock House (PVT) Ltd.,75,675.0,50625.0,2025-09-23 14:21:01.448610
2025-09-23,14682,2025092303008687,NFS,Asian Securities Private Ltd.,Imperial Securities Company Pvt. Ltd.,100,675.0,67500.0,2025-09-23 14:21:01.448685
2025-09-23,14681,2025092303008688,NFS,Asian Securities Private Ltd.,Linch Stock Market Ltd.,100,675.0,67500.0,2025-09-23 14:21:01.448755
2025-09-23,14680,2025092303008689,NFS,Asian Securities Private Ltd.,Ashutosh Brokerage & Securities (PVT) Ltd.,100,675.0,67500.0,2025-09-23 14:21:01.448827
2025-09-23,14679,2025092303008690,NFS,Asian Securities Private Ltd.,J.F. Securites (PVT) Ltd.,15,677.0,10155.0,2025-09-23 14:21:01.448902
2025-09-23,12732,2025092303008985,NFS,Sani Securities Company Ltd.,Bhrikuti Stock Broking Co. Pvt. Ltd.,14,672.0,9408.0,2025-09-23 14:28:15.339010
2025-09-23,12449,2025092303009036,NFS,Dipshikha Dhitopatra Karobar Co. Pvt Ltd.,Cristal Kanchanjanga Securites Pvt. Ltd.,10,670.0,6700.0,2025-09-23 14:29:23.836108
2025-09-23,12448,2025092303009037,NFS,Agrawal Securities (PVT) Ltd.,Cristal Kanchanjanga Securites Pvt. Ltd.,50,670.0,33500.0,2025-09-23 14:29:23.836248
2025-09-23,10652,2025092303009380,NFS,Online Securities Pvt. Ltd.,South Asian Bulls Pvt. Ltd.,18,668.0,12024.0,2025-09-23 14:37:18.735755
2025-09-23,9698,2025092303009576,NFS,Sewa Securities Pvt. Ltd.,Kumari Securities Private Limited,40,669.0,26760.0,2025-09-23 14:40:56.052969
2025-09-23,9697,2025092303009577,NFS,Sewa Securities Pvt. Ltd.,Secured Securities Ltd.,20,670.0,13400.0,2025-09-23 14:40:56.053261
2025-09-23,9450,2025092303009613,NFS,Sewa Securities Pvt. Ltd.,Trishakti Securities Public Limited,210,670.0,140700.0,2025-09-23 14:41:38.853615
2025-09-23,9254,2025092303009648,NFS,Sewa Securities Pvt. Ltd.,Trishakti Securities Public Limited,10,670.0,6700.0,2025-09-23 14:42:13.615697
2025-09-23,8467,2025092303009813,NFS,Sewa Securities Pvt. Ltd.,Cristal Kanchanjanga Securites Pvt. Ltd.,20,670.0,13400.0,2025-09-23 14:44:45.420735
2025-09-23,7492,2025092303009950,NFS,Online Securities Pvt. Ltd.,Cristal Kanchanjanga Securites Pvt. Ltd.,32,668.0,21376.0,2025-09-23 14:47:33.574051
2025-09-23,7491,2025092303009951,NFS,Online Securities Pvt. Ltd.,Cristal Kanchanjanga Securites Pvt. Ltd.,75,668.0,50100.0,2025-09-23 14:47:33.574180
2025-09-23,7490,2025092303009952,NFS,Agrawal Securities (PVT) Ltd.,Cristal Kanchanjanga Securites Pvt. Ltd.,30,668.0,20040.0,2025-09-23 14:47:33.574231
2025-09-23,7489,2025092303009953,NFS,Agrawal Securities (PVT) Ltd.,Cristal Kanchanjanga Securites Pvt. Ltd.,53,668.0,35404.0,2025-09-23 14:47:33.574280
2025-09-23,7232,2025092303010000,NFS,Online Securities Pvt. Ltd.,Cristal Kanchanjanga Securites Pvt. Ltd.,30,667.0,20010.0,2025-09-23 14:48:21.021105
2025-09-23,6312,2025092303010146,NFS,Kohinoor Investment & Securities Pvt. Ltd.,Sweta Securities Private Limited,50,668.0,33400.0,2025-09-23 14:50:46.765226
2025-09-23,5712,2025092303010258,NFS,Trishakti Securities Public Limited,Cristal Kanchanjanga Securites Pvt. Ltd.,25,669.0,16725.0,2025-09-23 14:52:19.834953
2025-09-23,5420,2025092303010308,NFS,Kohinoor Investment & Securities Pvt. Ltd.,Dipshikha Dhitopatra Karobar Co. Pvt Ltd.,50,668.0,33400.0,2025-09-23 14:53:04.437937
2025-09-23,5156,2025092303010356,NFS,Naasa Securities Co. Ltd.,Dipshikha Dhitopatra Karobar Co. Pvt Ltd.,25,668.0,16700.0,2025-09-23 14:53:40.662351
2025-09-23,4984,2025092303010378,NFS,Nepal Investment And Securities Trading Private Limited,Online Securities Pvt. Ltd.,25,670.0,16750.0,2025-09-23 14:54:00.051012
2025-09-23,4735,2025092303010427,NFS,Opal Securities Investment (PVT) Ltd.,Online Securities Pvt. Ltd.,26,670.0,17420.0,2025-09-23 14:54:35.604588
2025-09-23,4541,2025092303010448,NFS,Sani Securities Company Ltd.,Online Securities Pvt. Ltd.,100,670.0,67000.0,2025-09-23 14:55:06.288359
2025-09-23,3814,2025092303010597,NFS,Naasa Securities Co. Ltd.,Online Securities Pvt. Ltd.,35,668.0,23380.0,2025-09-23 14:56:26.641251
2025-09-23,3669,2025092303010618,NFS,Agrawal Securities (PVT) Ltd.,Sumeru Securities Pvt. Ltd.,6,665.0,3990.0,2025-09-23 14:56:40.547669
2025-09-23,2762,2025092303010828,NFS,ABC Securities Private Limited,Online Securities Pvt. Ltd.,59,670.0,39530.0,2025-09-23 14:58:03.881794
2025-09-23,2761,2025092303010829,NFS,ABC Securities Private Limited,Online Securities Pvt. Ltd.,41,670.0,27470.0,2025-09-23 14:58:03.881919
2025-09-23,2541,2025092303010870,NFS,Naasa Securities Co. Ltd.,ABC Securities Private Limited,140,668.0,93520.0,2025-09-23 14:58:20.184779
2025-09-23,2214,2025092303010936,NFS,Global IME Securities Limited,ABC Securities Private Limited,10,668.0,6680.0,2025-09-23 14:58:40.303240
2025-09-23,2035,2025092303010964,NFS,Online Securities Pvt. Ltd.,ABC Securities Private Limited,25,668.0,16700.0,2025-09-23 14:58:49.596192
2025-09-23,2024,2025092303010972,NFS,Online Securities Pvt. Ltd.,Capital Max Securities Ltd,15,668.0,10020.0,2025-09-23 14:58:50.249971
2025-09-23,2023,2025092303010973,NFS,Thrive Brokerage House Pvt. Ltd,Capital Max Securities Ltd,15,667.2,10008.0,2025-09-23 14:58:50.250203
2025-09-23,1831,2025092303011015,NFS,Malla & Malla Stock Broking Company Pvt. Limited,Vision Securities Pvt. Ltd,50,670.0,33500.0,2025-09-23 14:59:02.742773
2025-09-23,1830,2025092303011016,NFS,Malla & Malla Stock Broking Company Pvt. Limited,ABC Securities Private Limited,50,670.0,33500.0,2025-09-23 14:59:02.742927
2025-09-23,1815,2025092303011017,NFS,Dipshikha Dhitopatra Karobar Co. Pvt Ltd.,Malla & Malla Stock Broking Company Pvt. Limited,140,668.0,93520.0,2025-09-23 14:59:03.179975
2025-09-23,1028,2025092303011177,NFS,Malla & Malla Stock Broking Company Pvt. Limited,J.F. Securites (PVT) Ltd.,185,670.9,124116.5,2025-09-23 14:59:32.626702
2025-09-23,257,2025092303011388,NFS,Malla & Malla Stock Broking Company Pvt. Limited,Sani Securities Company Ltd.,100,671.0,67100.0,2025-09-23 14:59:57.019579
