Date,S.N.,contract_id,symbol,buyer_broker,seller_broker,volume,price,amount,transaction_time
2025-09-23,67181,2025092304000060,NGPL,Naasa Securities Co. Ltd.,Agrawal Securities (PVT) Ltd.,200,391.0,78200.0,2025-09-23 11:01:00.165300
2025-09-23,67101,2025092304000085,NGPL,Nepal Stock House (PVT) Ltd.,Bhrikuti Stock Broking Co. Pvt. Ltd.,400,396.0,158400.0,2025-09-23 11:01:27.681955
2025-09-23,66924,2025092304000152,NGPL,Nepal Stock House (PVT) Ltd.,Agrawal Securities (PVT) Ltd.,100,396.0,39600.0,2025-09-23 11:02:05.121928
2025-09-23,66765,2025092304000204,NGPL,Premier Securities Company Ltd.,R.B.B. Securities Company Ltd,100,395.5,39550.0,2025-09-23 11:02:40.115513
2025-09-23,66395,2025092304000336,NGPL,Siprabi Securities Pvt. Ltd.,Agrawal Securities (PVT) Ltd.,100,392.0,39200.0,2025-09-23 11:03:41.455869
2025-09-23,66338,2025092304000348,NGPL,Dakshinkali Investment & Securities Pvt. Ltd.,Naasa Securities Co. Ltd.,694,395.0,274130.0,2025-09-23 11:03:52.657186
2025-09-23,66130,2025092304000398,NGPL,Capital Max Securities Ltd,Naasa Securities Co. Ltd.,22,395.0,8690.0,2025-09-23 11:04:27.841080
2025-09-23,66121,2025092304000402,NGPL,Naasa Securities Co. Ltd.,Naasa Securities Co. Ltd.,284,395.0,112180.0,2025-09-23 11:04:30.872123
2025-09-23,65937,2025092304000453,NGPL,Naasa Securities Co. Ltd.,Online Securities Pvt. Ltd.,166,395.0,65570.0,2025-09-23 11:05:10.656601
2025-09-23,65779,2025092304000495,NGPL,Sundhara Securities Limited,Online Securities Pvt. Ltd.,130,395.0,51350.0,2025-09-23 11:05:39.987120
2025-09-23,65734,2025092304000507,NGPL,Naasa Securities Co. Ltd.,Online Securities Pvt. Ltd.,720,395.0,284400.0,2025-09-23 11:05:48.574579
2025-09-23,65698,2025092304000533,NGPL,Naasa Securities Co. Ltd.,Sri Hari Securities Pvt. Ltd.,100,395.0,39500.0,2025-09-23 11:05:55.956675
2025-09-23,65657,2025092304000546,NGPL,Naasa Securities Co. Ltd.,Online Securities Pvt. Ltd.,80,395.0,31600.0,2025-09-23 11:06:04.867952
2025-09-23,65512,2025092304000604,NGPL,Sani Securities Company Ltd.,Online Securities Pvt. Ltd.,50,395.0,19750.0,2025-09-23 11:06:32.844227
2025-09-23,65446,2025092304000635,NGPL,Creative Securities Pvt Ltd,Online Securities Pvt. Ltd.,870,395.0,343650.0,2025-09-23 11:06:40.468424
2025-09-23,65445,2025092304000636,NGPL,Creative Securities Pvt Ltd,Sri Hari Securities Pvt. Ltd.,80,395.0,31600.0,2025-09-23 11:06:40.468541
2025-09-23,65444,2025092304000637,NGPL,Creative Securities Pvt Ltd,Dakshinkali Investment & Securities Pvt. Ltd.,1050,395.0,414750.0,2025-09-23 11:06:40.468584
2025-09-23,65244,2025092304000704,NGPL,Bhrikuti Stock Broking Co. Pvt. Ltd.,Dakshinkali Investment & Securities Pvt. Ltd.,200,395.0,79000.0,2025-09-23 11:07:14.517876
2025-09-23,64519,2025092304000935,NGPL,Naasa Securities Co. Ltd.,Capital Max Securities Ltd,25,393.0,9825.0,2025-09-23 11:09:23.474386
2025-09-23,64518,2025092304000936,NGPL,Premier Securities Company Ltd.,Capital Max Securities Ltd,100,392.5,39250.0,2025-09-23 11:09:23.474518
2025-09-23,64517,2025092304000937,NGPL,Siprabi Securities Pvt. Ltd.,Capital Max Securities Ltd,75,392.0,29400.0,2025-09-23 11:09:23.474587
2025-09-23,64515,2025092304000938,NGPL,Siprabi Securities Pvt. Ltd.,Aakashbhairab Securities Ltd.,25,392.0,9800.0,2025-09-23 11:09:23.949548
2025-09-23,64514,2025092304000939,NGPL,Naasa Securities Co. Ltd.,Aakashbhairab Securities Ltd.,100,392.0,39200.0,2025-09-23 11:09:23.949686
2025-09-23,64513,2025092304000940,NGPL,Dakshinkali Investment & Securities Pvt. Ltd.,Aakashbhairab Securities Ltd.,1000,391.2,391200.0,2025-09-23 11:09:23.949734
2025-09-23,64512,2025092304000941,NGPL,Opal Securities Investment (PVT) Ltd.,Aakashbhairab Securities Ltd.,450,391.2,176040.0,2025-09-23 11:09:23.949778
2025-09-23,64511,2025092304000942,NGPL,Sagarmatha Securities Private Limited,Aakashbhairab Securities Ltd.,200,391.1,78220.0,2025-09-23 11:09:23.949846
2025-09-23,64510,2025092304000943,NGPL,Capital Hub P. Ltd,Aakashbhairab Securities Ltd.,5000,391.1,1955500.0,2025-09-23 11:09:23.949886
2025-09-23,64509,2025092304000944,NGPL,Naasa Securities Co. Ltd.,Aakashbhairab Securities Ltd.,800,391.0,312800.0,2025-09-23 11:09:23.949929
2025-09-23,64508,2025092304000945,NGPL,Kohinoor Investment & Securities Pvt. Ltd.,Aakashbhairab Securities Ltd.,250,391.0,97750.0,2025-09-23 11:09:23.949972
2025-09-23,64507,2025092304000946,NGPL,Sani Securities Company Ltd.,Aakashbhairab Securities Ltd.,10,391.0,3910.0,2025-09-23 11:09:23.950013
2025-09-23,64506,2025092304000947,NGPL,Sewa Securities Pvt. Ltd.,Aakashbhairab Securities Ltd.,500,391.0,195500.0,2025-09-23 11:09:23.950058
2025-09-23,64505,2025092304000948,NGPL,Kohinoor Investment & Securities Pvt. Ltd.,Aakashbhairab Securities Ltd.,300,390.0,117000.0,2025-09-23 11:09:23.950104
2025-09-23,64504,2025092304000949,NGPL,Dakshinkali Investment & Securities Pvt. Ltd.,Aakashbhairab Securities Ltd.,1000,390.0,390000.0,2025-09-23 11:09:23.950141
2025-09-23,64503,2025092304000950,NGPL,Vision Securities Pvt. Ltd,Aakashbhairab Securities Ltd.,100,390.0,39000.0,2025-09-23 11:09:23.950177
2025-09-23,64502,2025092304000951,NGPL,Trademow Securities Private Limited,Aakashbhairab Securities Ltd.,265,390.0,103350.0,2025-09-23 11:09:23.950218
2025-09-23,64159,2025092304001083,NGPL,Aryatara Investment & Securities,Stoxkarts Securities Limited,18,391.1,7039.8,2025-09-23 11:10:16.569443
2025-09-23,63562,2025092304001294,NGPL,Vision Securities Pvt. Ltd,Naasa Securities Co. Ltd.,250,393.0,98250.0,2025-09-23 11:12:15.316039
2025-09-23,63199,2025092304001428,NGPL,Shree Krishna Securities Ltd.,Online Securities Pvt. Ltd.,2000,391.1,782200.0,2025-09-23 11:13:17.886347
2025-09-23,63198,2025092304001429,NGPL,Nepal Stock House (PVT) Ltd.,Online Securities Pvt. Ltd.,1000,391.0,391000.0,2025-09-23 11:13:17.886551
2025-09-23,63197,2025092304001430,NGPL,Sajilo Broker Limited,Online Securities Pvt. Ltd.,50,391.0,19550.0,2025-09-23 11:13:17.886682
2025-09-23,63196,2025092304001431,NGPL,Trademow Securities Private Limited,Online Securities Pvt. Ltd.,235,390.0,91650.0,2025-09-23 11:13:17.886807
2025-09-23,63195,2025092304001432,NGPL,South Asian Bulls Pvt. Ltd.,Online Securities Pvt. Ltd.,10,390.0,3900.0,2025-09-23 11:13:17.886920
2025-09-23,63194,2025092304001433,NGPL,Naasa Securities Co. Ltd.,Online Securities Pvt. Ltd.,250,390.0,97500.0,2025-09-23 11:13:17.887039
2025-09-23,63193,2025092304001434,NGPL,Dakshinkali Investment & Securities Pvt. Ltd.,Online Securities Pvt. Ltd.,1000,390.0,390000.0,2025-09-23 11:13:17.887146
2025-09-23,62973,2025092304001513,NGPL,Sagarmatha Securities Private Limited,Siprabi Securities Pvt. Ltd.,200,389.2,77840.0,2025-09-23 11:14:01.756908
2025-09-23,62816,2025092304001564,NGPL,Kalika Securities Pvt. Ltd.,MILKY WAY SHARE BROKER COMPANY LTD ,260,391.0,101660.0,2025-09-23 11:14:24.526626
2025-09-23,61906,2025092304001840,NGPL,Dipshikha Dhitopatra Karobar Co. Pvt Ltd.,Online Securities Pvt. Ltd.,50,390.0,19500.0,2025-09-23 11:17:27.884066
2025-09-23,61706,2025092304001911,NGPL,Malla & Malla Stock Broking Company Pvt. Limited,MILKY WAY SHARE BROKER COMPANY LTD ,100,389.1,38910.0,2025-09-23 11:18:03.646094
2025-09-23,61705,2025092304001912,NGPL,Shree Krishna Securities Ltd.,MILKY WAY SHARE BROKER COMPANY LTD ,640,389.1,249024.0,2025-09-23 11:18:03.646238
2025-09-23,61514,2025092304001967,NGPL,Market Securities & Exchange (PVT) Ltd.,Online Securities Pvt. Ltd.,212,390.0,82680.0,2025-09-23 11:18:49.509846
2025-09-23,60558,2025092304002221,NGPL,Malla & Malla Stock Broking Company Pvt. Limited,R.B.B. Securities Company Ltd,400,393.9,157560.0,2025-09-23 11:22:17.128934
2025-09-23,59624,2025092304002484,NGPL,Malla & Malla Stock Broking Company Pvt. Limited,MILKY WAY SHARE BROKER COMPANY LTD ,10,394.7,3947.0,2025-09-23 11:25:12.117671
2025-09-23,59422,2025092304002529,NGPL,Nepal Stock House (PVT) Ltd.,MILKY WAY SHARE BROKER COMPANY LTD ,390,394.7,153933.0,2025-09-23 11:25:43.621389
2025-09-23,59421,2025092304002530,NGPL,Nepal Stock House (PVT) Ltd.,Dipshikha Dhitopatra Karobar Co. Pvt Ltd.,10,394.8,3948.0,2025-09-23 11:25:43.621556
2025-09-23,59336,2025092304002559,NGPL,Premier Securities Company Ltd.,Dipshikha Dhitopatra Karobar Co. Pvt Ltd.,200,394.8,78960.0,2025-09-23 11:25:58.194957
2025-09-23,59302,2025092304002573,NGPL,Deevyaa Securities & Stock House Pvt. Ltd,Dipshikha Dhitopatra Karobar Co. Pvt Ltd.,190,394.8,75012.0,2025-09-23 11:26:03.961005
2025-09-23,59265,2025092304002579,NGPL,Deevyaa Securities & Stock House Pvt. Ltd,Asian Securities Private Ltd.,310,394.8,122388.0,2025-09-23 11:26:11.197567
2025-09-23,59264,2025092304002580,NGPL,Cristal Kanchanjanga Securites Pvt. Ltd.,Asian Securities Private Ltd.,290,394.7,114463.0,2025-09-23 11:26:11.197763
2025-09-23,59107,2025092304002626,NGPL,Citizens Share Broker Limited,Dakshinkali Investment & Securities Pvt. Ltd.,750,395.0,296250.0,2025-09-23 11:26:40.022666
2025-09-23,59106,2025092304002627,NGPL,Citizens Share Broker Limited,Trademow Securities Private Limited,250,395.0,98750.0,2025-09-23 11:26:40.022741
2025-09-23,59044,2025092304002634,NGPL,Shree Krishna Securities Ltd.,Trademow Securities Private Limited,1023,395.0,404085.0,2025-09-23 11:26:50.308047
2025-09-23,59043,2025092304002635,NGPL,Shree Krishna Securities Ltd.,Shree Krishna Securities Ltd.,1157,395.0,457015.0,2025-09-23 11:26:50.308190
2025-09-23,59042,2025092304002636,NGPL,Shree Krishna Securities Ltd.,Nepal Stock House (PVT) Ltd.,320,395.0,126400.0,2025-09-23 11:26:50.308340
2025-09-23,58960,2025092304002673,NGPL,Naasa Securities Co. Ltd.,Nepal Stock House (PVT) Ltd.,18,395.0,7110.0,2025-09-23 11:27:00.606678
2025-09-23,58815,2025092304002713,NGPL,Nabil Stock Dealer Ltd.,Nepal Stock House (PVT) Ltd.,25,395.0,9875.0,2025-09-23 11:27:24.714806
2025-09-23,58570,2025092304002787,NGPL,Deevyaa Securities & Stock House Pvt. Ltd,Nepal Stock House (PVT) Ltd.,20,395.0,7900.0,2025-09-23 11:27:58.937369
2025-09-23,58378,2025092304002864,NGPL,Dakshinkali Investment & Securities Pvt. Ltd.,Malla & Malla Stock Broking Company Pvt. Limited,50,395.2,19760.0,2025-09-23 11:28:26.664904
2025-09-23,58377,2025092304002865,NGPL,Dakshinkali Investment & Securities Pvt. Ltd.,Nagarik Stock Dealer ,950,395.3,375535.0,2025-09-23 11:28:26.665074
2025-09-23,58240,2025092304002923,NGPL,Dynamic Money Managers Securities Pvt. Ltd.,Nagarik Stock Dealer ,995,395.3,393323.5,2025-09-23 11:28:48.573487
2025-09-23,58195,2025092304002943,NGPL,Dakshinkali Investment & Securities Pvt. Ltd.,R.B.B. Securities Company Ltd,491,395.4,194141.4,2025-09-23 11:28:54.838965
2025-09-23,58194,2025092304002944,NGPL,Dakshinkali Investment & Securities Pvt. Ltd.,Deevyaa Securities & Stock House Pvt. Ltd,509,395.4,201258.6,2025-09-23 11:28:54.839228
2025-09-23,58188,2025092304002945,NGPL,APPLE SECURITIES PRIVATE LIMITED,Deevyaa Securities & Stock House Pvt. Ltd,250,395.4,98850.0,2025-09-23 11:28:55.077647
2025-09-23,57942,2025092304003009,NGPL,Imperial Securities Company Pvt. Ltd.,Vision Securities Pvt. Ltd,200,395.0,79000.0,2025-09-23 11:29:35.385644
2025-09-23,57635,2025092304003097,NGPL,Miyo Securities Pvt Ltd,Deevyaa Securities & Stock House Pvt. Ltd,95,395.4,37563.0,2025-09-23 11:30:17.757445
2025-09-23,57264,2025092304003204,NGPL,Imperial Securities Company Pvt. Ltd.,Aryatara Investment & Securities,12,395.0,4740.0,2025-09-23 11:31:20.285237
2025-09-23,57119,2025092304003230,NGPL,Nagarik Stock Dealer ,Dakshinkali Investment & Securities Pvt. Ltd.,200,396.8,79360.0,2025-09-23 11:31:48.495246
2025-09-23,57118,2025092304003231,NGPL,Nagarik Stock Dealer ,Malla & Malla Stock Broking Company Pvt. Limited,50,396.9,19845.0,2025-09-23 11:31:48.495548
2025-09-23,57117,2025092304003232,NGPL,Nagarik Stock Dealer ,Siprabi Securities Pvt. Ltd.,200,397.0,79400.0,2025-09-23 11:31:48.495720
2025-09-23,57116,2025092304003233,NGPL,Nagarik Stock Dealer ,Midas Stock Broking Company Private Limited,100,397.0,39700.0,2025-09-23 11:31:48.495890
2025-09-23,57115,2025092304003234,NGPL,Nagarik Stock Dealer ,Kohinoor Investment & Securities Pvt. Ltd.,450,397.0,178650.0,2025-09-23 11:31:48.496059
2025-09-23,57005,2025092304003267,NGPL,Vision Securities Pvt. Ltd,Market Securities & Exchange (PVT) Ltd.,150,396.0,59400.0,2025-09-23 11:32:08.005241
2025-09-23,56998,2025092304003269,NGPL,Naasa Securities Co. Ltd.,Kohinoor Investment & Securities Pvt. Ltd.,158,397.0,62726.0,2025-09-23 11:32:10.101513
2025-09-23,56997,2025092304003270,NGPL,Naasa Securities Co. Ltd.,Stoxkarts Securities Limited,32,397.6,12723.2,2025-09-23 11:32:10.101676
2025-09-23,56996,2025092304003271,NGPL,Naasa Securities Co. Ltd.,R.B.B. Securities Company Ltd,250,397.7,99425.0,2025-09-23 11:32:10.101750
2025-09-23,56995,2025092304003272,NGPL,Naasa Securities Co. Ltd.,Cristal Kanchanjanga Securites Pvt. Ltd.,100,397.7,39770.0,2025-09-23 11:32:10.101808
2025-09-23,56994,2025092304003273,NGPL,Naasa Securities Co. Ltd.,Sumeru Securities Pvt. Ltd.,375,397.8,149175.0,2025-09-23 11:32:10.101863
2025-09-23,56993,2025092304003274,NGPL,Naasa Securities Co. Ltd.,Midas Stock Broking Company Private Limited,100,397.8,39780.0,2025-09-23 11:32:10.101916
2025-09-23,56992,2025092304003275,NGPL,Naasa Securities Co. Ltd.,Asian Securities Private Ltd.,500,397.9,198950.0,2025-09-23 11:32:10.101971
2025-09-23,56991,2025092304003276,NGPL,Naasa Securities Co. Ltd.,Capital Max Securities Ltd,390,397.9,155181.0,2025-09-23 11:32:10.102024
2025-09-23,56990,2025092304003277,NGPL,Naasa Securities Co. Ltd.,Dakshinkali Investment & Securities Pvt. Ltd.,95,398.0,37810.0,2025-09-23 11:32:10.102079
2025-09-23,56947,2025092304003293,NGPL,Aryatara Investment & Securities,Dakshinkali Investment & Securities Pvt. Ltd.,225,398.0,89550.0,2025-09-23 11:32:16.142617
2025-09-23,56946,2025092304003294,NGPL,Aryatara Investment & Securities,Naasa Securities Co. Ltd.,775,398.0,308450.0,2025-09-23 11:32:16.142892
2025-09-23,56687,2025092304003354,NGPL,Aryatara Investment & Securities,Naasa Securities Co. Ltd.,975,398.0,388050.0,2025-09-23 11:32:59.785543
2025-09-23,56263,2025092304003441,NGPL,Asian Securities Private Ltd.,Aakashbhairab Securities Ltd.,1000,396.1,396100.0,2025-09-23 11:33:55.083725
2025-09-23,56262,2025092304003442,NGPL,Vision Securities Pvt. Ltd,Aakashbhairab Securities Ltd.,2000,396.0,792000.0,2025-09-23 11:33:55.084035
2025-09-23,56125,2025092304003487,NGPL,Vision Securities Pvt. Ltd,Market Securities & Exchange (PVT) Ltd.,800,396.0,316800.0,2025-09-23 11:34:21.683092
2025-09-23,55647,2025092304003602,NGPL,Nepal Stock House (PVT) Ltd.,Naasa Securities Co. Ltd.,629,397.0,249713.0,2025-09-23 11:35:46.659142
2025-09-23,55390,2025092304003660,NGPL,Nepal Stock House (PVT) Ltd.,Aakashbhairab Securities Ltd.,371,397.0,147287.0,2025-09-23 11:36:33.108996
2025-09-23,55300,2025092304003681,NGPL,Aryatara Investment & Securities,Aakashbhairab Securities Ltd.,1000,397.0,397000.0,2025-09-23 11:36:50.506819
2025-09-23,55157,2025092304003727,NGPL,Vision Securities Pvt. Ltd,Online Securities Pvt. Ltd.,50,396.0,19800.0,2025-09-23 11:37:19.965065
2025-09-23,55156,2025092304003728,NGPL,ABC Securities Private Limited,Online Securities Pvt. Ltd.,100,396.0,39600.0,2025-09-23 11:37:19.965372
2025-09-23,55155,2025092304003729,NGPL,Premier Securities Company Ltd.,Online Securities Pvt. Ltd.,100,396.0,39600.0,2025-09-23 11:37:19.965567
2025-09-23,55154,2025092304003730,NGPL,Naasa Securities Co. Ltd.,Online Securities Pvt. Ltd.,1252,396.0,495792.0,2025-09-23 11:37:19.965748
2025-09-23,55153,2025092304003731,NGPL,MILKY WAY SHARE BROKER COMPANY LTD ,Online Securities Pvt. Ltd.,500,395.7,197850.0,2025-09-23 11:37:19.965937
2025-09-23,55152,2025092304003732,NGPL,MILKY WAY SHARE BROKER COMPANY LTD ,Online Securities Pvt. Ltd.,1000,395.2,395200.0,2025-09-23 11:37:19.966119
2025-09-23,55151,2025092304003733,NGPL,Imperial Securities Company Pvt. Ltd.,Online Securities Pvt. Ltd.,538,395.0,212510.0,2025-09-23 11:37:19.966308
2025-09-23,55150,2025092304003734,NGPL,Kohinoor Investment & Securities Pvt. Ltd.,Online Securities Pvt. Ltd.,500,395.0,197500.0,2025-09-23 11:37:19.966519
2025-09-23,55149,2025092304003735,NGPL,Sani Securities Company Ltd.,Online Securities Pvt. Ltd.,600,395.0,237000.0,2025-09-23 11:37:19.966703
2025-09-23,55148,2025092304003736,NGPL,Nepal Stock House (PVT) Ltd.,Online Securities Pvt. Ltd.,100,395.0,39500.0,2025-09-23 11:37:19.966879
2025-09-23,55147,2025092304003737,NGPL,Siprabi Securities Pvt. Ltd.,Online Securities Pvt. Ltd.,90,395.0,35550.0,2025-09-23 11:37:19.967056
2025-09-23,55146,2025092304003738,NGPL,Bhrikuti Stock Broking Co. Pvt. Ltd.,Online Securities Pvt. Ltd.,500,395.0,197500.0,2025-09-23 11:37:19.967234
2025-09-23,55099,2025092304003751,NGPL,Sani Securities Company Ltd.,Online Securities Pvt. Ltd.,20,394.8,7896.0,2025-09-23 11:37:28.170781
2025-09-23,54950,2025092304003794,NGPL,Kalika Securities Pvt. Ltd.,Online Securities Pvt. Ltd.,140,395.0,55300.0,2025-09-23 11:37:50.130447
2025-09-23,54897,2025092304003817,NGPL,Aryatara Investment & Securities,Online Securities Pvt. Ltd.,712,395.0,281240.0,2025-09-23 11:37:56.684089
2025-09-23,54497,2025092304003935,NGPL,Sani Securities Company Ltd.,INDEX SECURITIES LIMITED,480,394.8,189504.0,2025-09-23 11:38:51.545351
2025-09-23,54496,2025092304003936,NGPL,Cristal Kanchanjanga Securites Pvt. Ltd.,INDEX SECURITIES LIMITED,20,394.7,7894.0,2025-09-23 11:38:51.545503
2025-09-23,54452,2025092304003944,NGPL,Cristal Kanchanjanga Securites Pvt. Ltd.,Sani Securities Company Ltd.,500,394.7,197350.0,2025-09-23 11:38:58.142100
2025-09-23,54340,2025092304003976,NGPL,Cristal Kanchanjanga Securites Pvt. Ltd.,Vision Securities Pvt. Ltd,190,394.7,74993.0,2025-09-23 11:39:11.127420
2025-09-23,54339,2025092304003977,NGPL,Nepal Stock House (PVT) Ltd.,Vision Securities Pvt. Ltd,500,394.0,197000.0,2025-09-23 11:39:11.127565
2025-09-23,54338,2025092304003978,NGPL,Dynamic Money Managers Securities Pvt. Ltd.,Vision Securities Pvt. Ltd,1310,394.0,516140.0,2025-09-23 11:39:11.127639
2025-09-23,54065,2025092304004056,NGPL,Naasa Securities Co. Ltd.,Trademow Securities Private Limited,2000,395.0,790000.0,2025-09-23 11:39:38.060822
2025-09-23,53393,2025092304004270,NGPL,ABC Securities Private Limited,Vision Securities Pvt. Ltd,200,395.0,79000.0,2025-09-23 11:41:15.225182
2025-09-23,53116,2025092304004359,NGPL,Dynamic Money Managers Securities Pvt. Ltd.,Naasa Securities Co. Ltd.,100,393.0,39300.0,2025-09-23 11:41:58.085830
2025-09-23,53079,2025092304004375,NGPL,Dynamic Money Managers Securities Pvt. Ltd.,Naasa Securities Co. Ltd.,70,393.0,27510.0,2025-09-23 11:42:03.079997
2025-09-23,52406,2025092304004552,NGPL,Malla & Malla Stock Broking Company Pvt. Limited,SHUBHAKAMANA SECURITIES PVT. LTD,200,395.0,79000.0,2025-09-23 11:44:40.774543
2025-09-23,52165,2025092304004621,NGPL,Agrawal Securities (PVT) Ltd.,Dynamic Money Managers Securities Pvt. Ltd.,600,394.0,236400.0,2025-09-23 11:45:36.185791
2025-09-23,52112,2025092304004625,NGPL,Agrawal Securities (PVT) Ltd.,Dipshikha Dhitopatra Karobar Co. Pvt Ltd.,11,394.0,4334.0,2025-09-23 11:45:49.277411
2025-09-23,51970,2025092304004663,NGPL,Agrawal Securities (PVT) Ltd.,Malla & Malla Stock Broking Company Pvt. Limited,29,394.0,11426.0,2025-09-23 11:46:28.793880
2025-09-23,51969,2025092304004664,NGPL,Kalika Securities Pvt. Ltd.,Malla & Malla Stock Broking Company Pvt. Limited,81,394.0,31914.0,2025-09-23 11:46:28.794079
2025-09-23,51732,2025092304004724,NGPL,Asian Securities Private Ltd.,South Asian Bulls Pvt. Ltd.,50,395.9,19795.0,2025-09-23 11:47:32.564501
2025-09-23,51731,2025092304004725,NGPL,Asian Securities Private Ltd.,Vision Securities Pvt. Ltd,450,396.0,178200.0,2025-09-23 11:47:32.564684
2025-09-23,51078,2025092304004919,NGPL,Midas Stock Broking Company Private Limited,Nepal Stock House (PVT) Ltd.,1,395.0,395.0,2025-09-23 11:50:10.821391
2025-09-23,51011,2025092304004940,NGPL,Oxford Securities Pvt. Ltd.,Cristal Kanchanjanga Securites Pvt. Ltd.,1000,395.9,395900.0,2025-09-23 11:50:33.917572
2025-09-23,49410,2025092304005331,NGPL,Sewa Securities Pvt. Ltd.,R.B.B. Securities Company Ltd,10,395.9,3959.0,2025-09-23 11:56:51.660195
2025-09-23,49409,2025092304005332,NGPL,Sewa Securities Pvt. Ltd.,Deevyaa Securities & Stock House Pvt. Ltd,50,396.0,19800.0,2025-09-23 11:56:51.660489
2025-09-23,49408,2025092304005333,NGPL,Sewa Securities Pvt. Ltd.,Dakshinkali Investment & Securities Pvt. Ltd.,100,396.0,39600.0,2025-09-23 11:56:51.660606
2025-09-23,49407,2025092304005334,NGPL,Sewa Securities Pvt. Ltd.,Dakshinkali Investment & Securities Pvt. Ltd.,90,396.0,35640.0,2025-09-23 11:56:51.660702
2025-09-23,49292,2025092304005375,NGPL,Dipshikha Dhitopatra Karobar Co. Pvt Ltd.,Dynamic Money Managers Securities Pvt. Ltd.,100,395.0,39500.0,2025-09-23 11:57:15.147994
2025-09-23,49291,2025092304005376,NGPL,Sani Securities Company Ltd.,Dynamic Money Managers Securities Pvt. Ltd.,40,395.0,15800.0,2025-09-23 11:57:15.148235
2025-09-23,49290,2025092304005377,NGPL,Kalika Securities Pvt. Ltd.,Dynamic Money Managers Securities Pvt. Ltd.,360,395.0,142200.0,2025-09-23 11:57:15.148324
2025-09-23,49179,2025092304005400,NGPL,Kalika Securities Pvt. Ltd.,Kohinoor Investment & Securities Pvt. Ltd.,59,395.0,23305.0,2025-09-23 11:57:36.768662
2025-09-23,48432,2025092304005557,NGPL,Opal Securities Investment (PVT) Ltd.,Kohinoor Investment & Securities Pvt. Ltd.,140,395.0,55300.0,2025-09-23 12:00:15.736158
2025-09-23,48099,2025092304005616,NGPL,Online Securities Pvt. Ltd.,Sundhara Securities Limited,2000,395.0,790000.0,2025-09-23 12:01:24.061853
2025-09-23,47806,2025092304005673,NGPL,Midas Stock Broking Company Private Limited,Online Securities Pvt. Ltd.,1,390.0,390.0,2025-09-23 12:02:26.089425
2025-09-23,47716,2025092304005694,NGPL,Opal Securities Investment (PVT) Ltd.,Nagarik Stock Dealer ,10,395.0,3950.0,2025-09-23 12:02:49.205002
2025-09-23,47641,2025092304005702,NGPL,Agrawal Securities (PVT) Ltd.,Dakshinkali Investment & Securities Pvt. Ltd.,110,396.0,43560.0,2025-09-23 12:03:12.695745
2025-09-23,47640,2025092304005703,NGPL,Agrawal Securities (PVT) Ltd.,APPLE SECURITIES PRIVATE LIMITED,200,396.0,79200.0,2025-09-23 12:03:12.695958
2025-09-23,47254,2025092304005799,NGPL,Agrawal Securities (PVT) Ltd.,Aryatara Investment & Securities,90,396.0,35640.0,2025-09-23 12:04:41.254006
2025-09-23,47253,2025092304005800,NGPL,Nepal Investment And Securities Trading Private Limited,Aryatara Investment & Securities,10,396.0,3960.0,2025-09-23 12:04:41.254437
2025-09-23,47136,2025092304005827,NGPL,Dipshikha Dhitopatra Karobar Co. Pvt Ltd.,Magnet Securities and Investment Company Private Limited,20,396.0,7920.0,2025-09-23 12:05:17.879337
2025-09-23,46866,2025092304005935,NGPL,Nepal Investment And Securities Trading Private Limited,Vision Securities Pvt. Ltd,1,396.0,396.0,2025-09-23 12:06:00.687754
2025-09-23,46708,2025092304005980,NGPL,Sundhara Securities Limited,Vision Securities Pvt. Ltd,50,396.5,19825.0,2025-09-23 12:06:35.119520
2025-09-23,46707,2025092304005981,NGPL,Sundhara Securities Limited,Malla & Malla Stock Broking Company Pvt. Limited,50,396.6,19830.0,2025-09-23 12:06:35.119711
2025-09-23,46706,2025092304005982,NGPL,Sundhara Securities Limited,Oxford Securities Pvt. Ltd.,400,396.7,158680.0,2025-09-23 12:06:35.119794
2025-09-23,46466,2025092304006046,NGPL,Dipshikha Dhitopatra Karobar Co. Pvt Ltd.,Aakashbhairab Securities Ltd.,80,396.0,31680.0,2025-09-23 12:07:14.813592
2025-09-23,46247,2025092304006085,NGPL,Citizens Share Broker Limited,Aakashbhairab Securities Ltd.,1920,396.0,760320.0,2025-09-23 12:07:55.806540
2025-09-23,46069,2025092304006122,NGPL,Citizens Share Broker Limited,Magnet Securities and Investment Company Private Limited,30,396.0,11880.0,2025-09-23 12:08:27.045897
2025-09-23,45505,2025092304006298,NGPL,Oxford Securities Pvt. Ltd.,Market Securities & Exchange (PVT) Ltd.,100,396.5,39650.0,2025-09-23 12:10:38.507308
2025-09-23,45126,2025092304006412,NGPL,Oxford Securities Pvt. Ltd.,Opal Securities Investment (PVT) Ltd.,10,396.5,3965.0,2025-09-23 12:12:09.780811
2025-09-23,44796,2025092304006509,NGPL,Oxford Securities Pvt. Ltd.,Dipshikha Dhitopatra Karobar Co. Pvt Ltd.,90,396.5,35685.0,2025-09-23 12:13:11.269764
2025-09-23,44517,2025092304006588,NGPL,Citizens Share Broker Limited,Market Securities & Exchange (PVT) Ltd.,50,396.0,19800.0,2025-09-23 12:14:05.857238
2025-09-23,44491,2025092304006597,NGPL,Opal Securities Investment (PVT) Ltd.,Aakashbhairab Securities Ltd.,10,396.0,3960.0,2025-09-23 12:14:12.349194
2025-09-23,44284,2025092304006653,NGPL,ABC Securities Private Limited,KALASH STOCK MARKET PVT. LTD.,93,395.1,36744.3,2025-09-23 12:14:57.060336
2025-09-23,44231,2025092304006675,NGPL,ABC Securities Private Limited,SHUBHAKAMANA SECURITIES PVT. LTD,407,395.1,160805.7,2025-09-23 12:15:11.321022
2025-09-23,44230,2025092304006676,NGPL,Opal Securities Investment (PVT) Ltd.,SHUBHAKAMANA SECURITIES PVT. LTD,440,395.0,173800.0,2025-09-23 12:15:11.321266
2025-09-23,44229,2025092304006677,NGPL,Pragyan Securities (PVT) Ltd.,SHUBHAKAMANA SECURITIES PVT. LTD,153,395.0,60435.0,2025-09-23 12:15:11.321380
2025-09-23,44110,2025092304006700,NGPL,Pragyan Securities (PVT) Ltd.,Vision Securities Pvt. Ltd,47,395.0,18565.0,2025-09-23 12:15:38.748833
2025-09-23,44109,2025092304006701,NGPL,Dynamic Money Managers Securities Pvt. Ltd.,Vision Securities Pvt. Ltd,950,394.3,374585.0,2025-09-23 12:15:38.749264
2025-09-23,44108,2025092304006702,NGPL,Capital Hub P. Ltd,Vision Securities Pvt. Ltd,4003,394.2,1577982.6,2025-09-23 12:15:38.749539
2025-09-23,43607,2025092304006813,NGPL,Opal Securities Investment (PVT) Ltd.,Bhrikuti Stock Broking Co. Pvt. Ltd.,160,394.5,63120.0,2025-09-23 12:17:43.364992
2025-09-23,43606,2025092304006814,NGPL,Capital Hub P. Ltd,Bhrikuti Stock Broking Co. Pvt. Ltd.,997,394.2,393017.4,2025-09-23 12:17:43.365223
2025-09-23,43605,2025092304006815,NGPL,Dynamic Money Managers Securities Pvt. Ltd.,Bhrikuti Stock Broking Co. Pvt. Ltd.,453,394.0,178482.0,2025-09-23 12:17:43.365336
2025-09-23,43081,2025092304006931,NGPL,Dipshikha Dhitopatra Karobar Co. Pvt Ltd.,SHUBHAKAMANA SECURITIES PVT. LTD,50,394.1,19705.0,2025-09-23 12:19:45.179485
2025-09-23,42556,2025092304007060,NGPL,Sipla Securities Private Limited,Malla & Malla Stock Broking Company Pvt. Limited,300,394.1,118230.0,2025-09-23 12:21:26.230806
2025-09-23,42554,2025092304007062,NGPL,Naasa Securities Co. Ltd.,Kohinoor Investment & Securities Pvt. Ltd.,15,395.3,5929.5,2025-09-23 12:21:27.061849
2025-09-23,42467,2025092304007088,NGPL,Aakashbhairab Securities Ltd.,Kohinoor Investment & Securities Pvt. Ltd.,85,395.3,33600.5,2025-09-23 12:21:45.960049
2025-09-23,42466,2025092304007089,NGPL,Aakashbhairab Securities Ltd.,Agrawal Securities (PVT) Ltd.,10,395.3,3953.0,2025-09-23 12:21:45.960121
2025-09-23,42465,2025092304007090,NGPL,Aakashbhairab Securities Ltd.,SHUBHAKAMANA SECURITIES PVT. LTD,1000,395.4,395400.0,2025-09-23 12:21:45.960150
2025-09-23,42464,2025092304007091,NGPL,Aakashbhairab Securities Ltd.,Vision Securities Pvt. Ltd,3000,395.5,1186500.0,2025-09-23 12:21:45.960179
2025-09-23,42463,2025092304007092,NGPL,Aakashbhairab Securities Ltd.,Aakashbhairab Securities Ltd.,905,396.0,358380.0,2025-09-23 12:21:45.960206
2025-09-23,41196,2025092304007401,NGPL,Linch Stock Market Ltd.,Capital Max Securities Ltd,30,395.5,11865.0,2025-09-23 12:26:38.714495
2025-09-23,41195,2025092304007402,NGPL,Linch Stock Market Ltd.,Market Securities & Exchange (PVT) Ltd.,100,395.8,39580.0,2025-09-23 12:26:38.714657
2025-09-23,41194,2025092304007403,NGPL,Linch Stock Market Ltd.,Aakashbhairab Securities Ltd.,70,396.0,27720.0,2025-09-23 12:26:38.714732
2025-09-23,41071,2025092304007418,NGPL,Linch Stock Market Ltd.,Aakashbhairab Securities Ltd.,100,396.0,39600.0,2025-09-23 12:27:01.586138
2025-09-23,41042,2025092304007424,NGPL,Linch Stock Market Ltd.,Aakashbhairab Securities Ltd.,100,396.0,39600.0,2025-09-23 12:27:13.949730
2025-09-23,40924,2025092304007446,NGPL,Vision Securities Pvt. Ltd,Aakashbhairab Securities Ltd.,130,396.0,51480.0,2025-09-23 12:27:51.911624
2025-09-23,40018,2025092304007681,NGPL,Pragyan Securities (PVT) Ltd.,Aryatara Investment & Securities,1000,395.0,395000.0,2025-09-23 12:31:27.987613
2025-09-23,39439,2025092304007836,NGPL,Kohinoor Investment & Securities Pvt. Ltd.,Indira securities pvt. ltd,100,395.1,39510.0,2025-09-23 12:33:48.155282
2025-09-23,39438,2025092304007837,NGPL,Primo Securities (PVT) Ltd.,Indira securities pvt. ltd,400,395.0,158000.0,2025-09-23 12:33:48.155332
2025-09-23,39308,2025092304007870,NGPL,Primo Securities (PVT) Ltd.,Property Wiard Limited,50,395.0,19750.0,2025-09-23 12:34:20.840924
2025-09-23,39170,2025092304007905,NGPL,Primo Securities (PVT) Ltd.,Kohinoor Investment & Securities Pvt. Ltd.,50,395.0,19750.0,2025-09-23 12:34:59.354363
2025-09-23,39114,2025092304007921,NGPL,Aryatara Investment & Securities,SHUBHAKAMANA SECURITIES PVT. LTD,200,394.4,78880.0,2025-09-23 12:35:16.347962
2025-09-23,39113,2025092304007922,NGPL,Linch Stock Market Ltd.,SHUBHAKAMANA SECURITIES PVT. LTD,100,394.3,39430.0,2025-09-23 12:35:16.348227
2025-09-23,39112,2025092304007923,NGPL,Dynamic Money Managers Securities Pvt. Ltd.,SHUBHAKAMANA SECURITIES PVT. LTD,2047,394.3,807132.1,2025-09-23 12:35:16.348344
2025-09-23,39111,2025092304007924,NGPL,Oxford Securities Pvt. Ltd.,SHUBHAKAMANA SECURITIES PVT. LTD,500,394.2,197100.0,2025-09-23 12:35:16.348431
2025-09-23,39110,2025092304007925,NGPL,Midas Stock Broking Company Private Limited,SHUBHAKAMANA SECURITIES PVT. LTD,1268,394.2,499845.6,2025-09-23 12:35:16.348512
2025-09-23,39109,2025092304007926,NGPL,Midas Stock Broking Company Private Limited,SHUBHAKAMANA SECURITIES PVT. LTD,1268,394.2,499845.6,2025-09-23 12:35:16.348593
2025-09-23,39108,2025092304007927,NGPL,Midas Stock Broking Company Private Limited,SHUBHAKAMANA SECURITIES PVT. LTD,1268,394.2,499845.6,2025-09-23 12:35:16.348674
2025-09-23,39107,2025092304007928,NGPL,Sipla Securities Private Limited,SHUBHAKAMANA SECURITIES PVT. LTD,39,394.1,15369.9,2025-09-23 12:35:16.348755
2025-09-23,39002,2025092304007954,NGPL,Sipla Securities Private Limited,Dynamic Money Managers Securities Pvt. Ltd.,50,394.1,19705.0,2025-09-23 12:35:49.928442
2025-09-23,38934,2025092304007966,NGPL,Sipla Securities Private Limited,SHUBHAKAMANA SECURITIES PVT. LTD,111,394.1,43745.1,2025-09-23 12:36:02.156550
2025-09-23,38933,2025092304007967,NGPL,Sani Securities Company Ltd.,SHUBHAKAMANA SECURITIES PVT. LTD,50,394.0,19700.0,2025-09-23 12:36:02.156785
2025-09-23,38932,2025092304007968,NGPL,Cristal Kanchanjanga Securites Pvt. Ltd.,SHUBHAKAMANA SECURITIES PVT. LTD,200,394.0,78800.0,2025-09-23 12:36:02.156878
2025-09-23,38931,2025092304007969,NGPL,Malla & Malla Stock Broking Company Pvt. Limited,SHUBHAKAMANA SECURITIES PVT. LTD,1000,394.0,394000.0,2025-09-23 12:36:02.156961
2025-09-23,38930,2025092304007970,NGPL,Nepal Stock House (PVT) Ltd.,SHUBHAKAMANA SECURITIES PVT. LTD,150,394.0,59100.0,2025-09-23 12:36:02.157042
2025-09-23,38929,2025092304007971,NGPL,Naasa Securities Co. Ltd.,SHUBHAKAMANA SECURITIES PVT. LTD,1000,393.4,393400.0,2025-09-23 12:36:02.157124
2025-09-23,38928,2025092304007972,NGPL,Sri Hari Securities Pvt. Ltd.,SHUBHAKAMANA SECURITIES PVT. LTD,290,393.4,114086.0,2025-09-23 12:36:02.157205
2025-09-23,38927,2025092304007973,NGPL,Sumeru Securities Pvt. Ltd.,SHUBHAKAMANA SECURITIES PVT. LTD,200,393.1,78620.0,2025-09-23 12:36:02.157284
2025-09-23,38926,2025092304007974,NGPL,Agrawal Securities (PVT) Ltd.,SHUBHAKAMANA SECURITIES PVT. LTD,300,393.1,117930.0,2025-09-23 12:36:02.157373
2025-09-23,38925,2025092304007975,NGPL,Dipshikha Dhitopatra Karobar Co. Pvt Ltd.,SHUBHAKAMANA SECURITIES PVT. LTD,100,393.0,39300.0,2025-09-23 12:36:02.157451
2025-09-23,38924,2025092304007976,NGPL,Dipshikha Dhitopatra Karobar Co. Pvt Ltd.,SHUBHAKAMANA SECURITIES PVT. LTD,1000,393.0,393000.0,2025-09-23 12:36:02.157550
2025-09-23,38923,2025092304007977,NGPL,Cristal Kanchanjanga Securites Pvt. Ltd.,SHUBHAKAMANA SECURITIES PVT. LTD,200,393.0,78600.0,2025-09-23 12:36:02.157630
2025-09-23,38884,2025092304007987,NGPL,Nepal Stock House (PVT) Ltd.,SHUBHAKAMANA SECURITIES PVT. LTD,1000,393.0,393000.0,2025-09-23 12:36:12.009524
2025-09-23,38515,2025092304008078,NGPL,Linch Stock Market Ltd.,Secured Securities Ltd.,100,392.2,39220.0,2025-09-23 12:37:42.684967
2025-09-23,38514,2025092304008079,NGPL,Sipla Securities Private Limited,Secured Securities Ltd.,200,392.1,78420.0,2025-09-23 12:37:42.685216
2025-09-23,38513,2025092304008080,NGPL,Online Securities Pvt. Ltd.,Secured Securities Ltd.,200,392.0,78400.0,2025-09-23 12:37:42.685333
2025-09-23,38512,2025092304008081,NGPL,Dipshikha Dhitopatra Karobar Co. Pvt Ltd.,Secured Securities Ltd.,30,392.0,11760.0,2025-09-23 12:37:42.685414
2025-09-23,38511,2025092304008082,NGPL,Imperial Securities Company Pvt. Ltd.,Secured Securities Ltd.,220,392.0,86240.0,2025-09-23 12:37:42.685493
2025-09-23,38510,2025092304008083,NGPL,Oxford Securities Pvt. Ltd.,Secured Securities Ltd.,250,392.0,98000.0,2025-09-23 12:37:42.685589
2025-09-23,38509,2025092304008084,NGPL,Sri Hari Securities Pvt. Ltd.,Secured Securities Ltd.,500,392.0,196000.0,2025-09-23 12:37:42.685813
2025-09-23,38508,2025092304008085,NGPL,Market Securities & Exchange (PVT) Ltd.,Secured Securities Ltd.,100,392.0,39200.0,2025-09-23 12:37:42.685904
2025-09-23,37327,2025092304008374,NGPL,Oxford Securities Pvt. Ltd.,Secured Securities Ltd.,90,391.0,35190.0,2025-09-23 12:41:42.180001
2025-09-23,36612,2025092304008622,NGPL,Ashutosh Brokerage & Securities (PVT) Ltd.,Vision Securities Pvt. Ltd,100,391.5,39150.0,2025-09-23 12:43:58.829800
2025-09-23,36438,2025092304008674,NGPL,Nepal Stock House (PVT) Ltd.,Magnet Securities and Investment Company Private Limited,30,391.4,11742.0,2025-09-23 12:44:37.334149
2025-09-23,36198,2025092304008756,NGPL,Nepal Stock House (PVT) Ltd.,Magnet Securities and Investment Company Private Limited,100,391.4,39140.0,2025-09-23 12:45:26.281577
2025-09-23,36177,2025092304008764,NGPL,Citizens Share Broker Limited,SHUBHAKAMANA SECURITIES PVT. LTD,1280,393.0,503040.0,2025-09-23 12:45:37.928572
2025-09-23,36114,2025092304008793,NGPL,Nepal Stock House (PVT) Ltd.,Secured Securities Ltd.,50,391.4,19570.0,2025-09-23 12:45:51.999928
2025-09-23,35133,2025092304009071,NGPL,Aryatara Investment & Securities,Nepal Stock House (PVT) Ltd.,200,391.5,78300.0,2025-09-23 12:49:50.222543
2025-09-23,35067,2025092304009092,NGPL,Linch Stock Market Ltd.,SHUBHAKAMANA SECURITIES PVT. LTD,10,393.0,3930.0,2025-09-23 12:50:14.562786
2025-09-23,34812,2025092304009157,NGPL,Online Securities Pvt. Ltd.,Imperial Securities Company Pvt. Ltd.,150,391.5,58725.0,2025-09-23 12:51:35.315494
2025-09-23,34699,2025092304009190,NGPL,Shree Krishna Securities Ltd.,SHUBHAKAMANA SECURITIES PVT. LTD,3100,393.0,1218300.0,2025-09-23 12:52:13.496757
2025-09-23,33536,2025092304009502,NGPL,Oxford Securities Pvt. Ltd.,Sundhara Securities Limited,50,392.1,19605.0,2025-09-23 12:58:07.339982
2025-09-23,33535,2025092304009503,NGPL,Online Securities Pvt. Ltd.,Sundhara Securities Limited,395,392.0,154840.0,2025-09-23 12:58:07.340265
2025-09-23,33534,2025092304009504,NGPL,Himalayan Brokerage Company Limited,Sundhara Securities Limited,300,392.0,117600.0,2025-09-23 12:58:07.340370
2025-09-23,33484,2025092304009512,NGPL,Online Securities Pvt. Ltd.,Sundhara Securities Limited,250,392.0,98000.0,2025-09-23 12:58:23.220467
2025-09-23,32226,2025092304009765,NGPL,Secured Securities Ltd.,Opal Securities Investment (PVT) Ltd.,500,393.0,196500.0,2025-09-23 13:04:42.026066
2025-09-23,32225,2025092304009766,NGPL,Secured Securities Ltd.,Asian Securities Private Ltd.,25,393.0,9825.0,2025-09-23 13:04:42.026270
2025-09-23,31685,2025092304009843,NGPL,Agrawal Securities (PVT) Ltd.,Deevyaa Securities & Stock House Pvt. Ltd,437,394.0,172178.0,2025-09-23 13:07:13.317961
2025-09-23,31684,2025092304009844,NGPL,Agrawal Securities (PVT) Ltd.,Kohinoor Investment & Securities Pvt. Ltd.,490,395.0,193550.0,2025-09-23 13:07:13.318119
2025-09-23,31683,2025092304009845,NGPL,Agrawal Securities (PVT) Ltd.,Naasa Securities Co. Ltd.,600,395.0,237000.0,2025-09-23 13:07:13.318204
2025-09-23,31682,2025092304009846,NGPL,Agrawal Securities (PVT) Ltd.,J.F. Securites (PVT) Ltd.,210,395.0,82950.0,2025-09-23 13:07:13.318282
2025-09-23,31681,2025092304009847,NGPL,Agrawal Securities (PVT) Ltd.,Linch Stock Market Ltd.,200,395.0,79000.0,2025-09-23 13:07:13.318382
2025-09-23,31680,2025092304009848,NGPL,Agrawal Securities (PVT) Ltd.,Asian Securities Private Ltd.,63,395.0,24885.0,2025-09-23 13:07:13.318460
2025-09-23,31458,2025092304009900,NGPL,Dipshikha Dhitopatra Karobar Co. Pvt Ltd.,Naasa Securities Co. Ltd.,490,394.0,193060.0,2025-09-23 13:08:28.312210
2025-09-23,31396,2025092304009913,NGPL,Secured Securities Ltd.,Siprabi Securities Pvt. Ltd.,20,393.0,7860.0,2025-09-23 13:08:46.428469
2025-09-23,31062,2025092304009996,NGPL,Trisul Securities & Invt. Ltd.,Naasa Securities Co. Ltd.,1000,394.0,394000.0,2025-09-23 13:10:12.354943
2025-09-23,30680,2025092304010056,NGPL,Naasa Securities Co. Ltd.,Nepal Investment And Securities Trading Private Limited,94,393.2,36960.8,2025-09-23 13:12:05.466563
2025-09-23,30679,2025092304010057,NGPL,Naasa Securities Co. Ltd.,Aryatara Investment & Securities,200,393.2,78640.0,2025-09-23 13:12:05.555328
2025-09-23,30590,2025092304010085,NGPL,Naasa Securities Co. Ltd.,Arun Securities (PVT) Ltd.,206,393.2,80999.2,2025-09-23 13:12:35.623591
2025-09-23,30589,2025092304010086,NGPL,Shree Krishna Securities Ltd.,Arun Securities (PVT) Ltd.,794,393.1,312121.4,2025-09-23 13:12:35.623967
2025-09-23,30551,2025092304010103,NGPL,Naasa Securities Co. Ltd.,Naasa Securities Co. Ltd.,100,394.0,39400.0,2025-09-23 13:12:43.298359
2025-09-23,30549,2025092304010105,NGPL,Shree Krishna Securities Ltd.,Arun Securities (PVT) Ltd.,996,393.1,391527.6,2025-09-23 13:12:44.506056
2025-09-23,30460,2025092304010127,NGPL,Shree Krishna Securities Ltd.,Asian Securities Private Ltd.,50,393.1,19655.0,2025-09-23 13:13:24.016908
2025-09-23,29892,2025092304010252,NGPL,SHUBHAKAMANA SECURITIES PVT. LTD,Naasa Securities Co. Ltd.,10,394.0,3940.0,2025-09-23 13:16:59.756119
2025-09-23,29577,2025092304010315,NGPL,Cristal Kanchanjanga Securites Pvt. Ltd.,Aakashbhairab Securities Ltd.,30,393.2,11796.0,2025-09-23 13:18:52.364861
2025-09-23,29576,2025092304010316,NGPL,J.F. Securites (PVT) Ltd.,Aakashbhairab Securities Ltd.,470,393.2,184804.0,2025-09-23 13:18:52.365108
2025-09-23,29560,2025092304010317,NGPL,Sri Hari Securities Pvt. Ltd.,Naasa Securities Co. Ltd.,400,394.0,157600.0,2025-09-23 13:18:55.415360
2025-09-23,29559,2025092304010318,NGPL,Sri Hari Securities Pvt. Ltd.,Asian Securities Private Ltd.,50,394.0,19700.0,2025-09-23 13:18:55.415573
2025-09-23,29558,2025092304010319,NGPL,Sri Hari Securities Pvt. Ltd.,Swarna Laxmi Securities Pvt. Ltd.,50,394.0,19700.0,2025-09-23 13:18:55.415659
2025-09-23,29121,2025092304010410,NGPL,J.F. Securites (PVT) Ltd.,Swarna Laxmi Securities Pvt. Ltd.,1050,394.0,413700.0,2025-09-23 13:21:41.002393
2025-09-23,27466,2025092304010812,NGPL,Market Securities & Exchange (PVT) Ltd.,Agrawal Securities (PVT) Ltd.,100,394.0,39400.0,2025-09-23 13:30:28.578672
2025-09-23,27465,2025092304010813,NGPL,J.F. Securites (PVT) Ltd.,Agrawal Securities (PVT) Ltd.,900,394.0,354600.0,2025-09-23 13:30:28.579132
2025-09-23,27113,2025092304010902,NGPL,J.F. Securites (PVT) Ltd.,ABC Securities Private Limited,130,394.0,51220.0,2025-09-23 13:32:13.249840
2025-09-23,27112,2025092304010903,NGPL,Shree Krishna Securities Ltd.,ABC Securities Private Limited,870,394.0,342780.0,2025-09-23 13:32:13.250329
2025-09-23,26593,2025092304011029,NGPL,Shree Krishna Securities Ltd.,Sewa Securities Pvt. Ltd.,100,394.0,39400.0,2025-09-23 13:34:39.138182
2025-09-23,26552,2025092304011044,NGPL,Shree Krishna Securities Ltd.,Deevyaa Securities & Stock House Pvt. Ltd,30,394.0,11820.0,2025-09-23 13:34:53.165852
2025-09-23,26551,2025092304011045,NGPL,Sipla Securities Private Limited,Deevyaa Securities & Stock House Pvt. Ltd,49,394.0,19306.0,2025-09-23 13:34:53.166120
2025-09-23,26550,2025092304011046,NGPL,J.F. Securites (PVT) Ltd.,Deevyaa Securities & Stock House Pvt. Ltd,1000,394.0,394000.0,2025-09-23 13:34:53.166218
2025-09-23,26260,2025092304011087,NGPL,J.F. Securites (PVT) Ltd.,Primo Securities (PVT) Ltd.,100,394.0,39400.0,2025-09-23 13:35:59.915855
2025-09-23,26259,2025092304011088,NGPL,J.F. Securites (PVT) Ltd.,Citizens Share Broker Limited,1000,394.0,394000.0,2025-09-23 13:35:59.916341
2025-09-23,25812,2025092304011168,NGPL,Naasa Securities Co. Ltd.,Citizens Share Broker Limited,150,394.0,59100.0,2025-09-23 13:38:21.059967
2025-09-23,25387,2025092304011297,NGPL,N.I.M.B. Stock Markets Limited,Sani Securities Company Ltd.,500,393.5,196750.0,2025-09-23 13:40:04.355860
2025-09-23,25254,2025092304011334,NGPL,Naasa Securities Co. Ltd.,Citizens Share Broker Limited,100,394.0,39400.0,2025-09-23 13:40:45.923212
2025-09-23,25236,2025092304011338,NGPL,N.I.M.B. Stock Markets Limited,Sundhara Securities Limited,100,393.5,39350.0,2025-09-23 13:40:50.850504
2025-09-23,24990,2025092304011384,NGPL,Aryatara Investment & Securities,Himalayan Securities Limited,25,393.9,9847.5,2025-09-23 13:41:57.194220
2025-09-23,24984,2025092304011387,NGPL,J.F. Securites (PVT) Ltd.,Premier Securities Company Ltd.,100,393.6,39360.0,2025-09-23 13:41:59.828677
2025-09-23,24936,2025092304011397,NGPL,Secured Securities Ltd.,Citizens Share Broker Limited,250,394.0,98500.0,2025-09-23 13:42:08.878866
2025-09-23,24794,2025092304011421,NGPL,Capital Max Securities Ltd,Deevyaa Securities & Stock House Pvt. Ltd,500,394.4,197200.0,2025-09-23 13:42:35.586850
2025-09-23,24726,2025092304011438,NGPL,Secured Securities Ltd.,ABC Securities Private Limited,250,394.0,98500.0,2025-09-23 13:42:59.051014
2025-09-23,24642,2025092304011453,NGPL,Dakshinkali Investment & Securities Pvt. Ltd.,Deevyaa Securities & Stock House Pvt. Ltd,500,394.4,197200.0,2025-09-23 13:43:18.380034
2025-09-23,24183,2025092304011535,NGPL,J.F. Securites (PVT) Ltd.,Vision Securities Pvt. Ltd,500,394.0,197000.0,2025-09-23 13:45:03.402788
2025-09-23,24020,2025092304011566,NGPL,J.F. Securites (PVT) Ltd.,Online Securities Pvt. Ltd.,50,393.6,19680.0,2025-09-23 13:45:44.198436
2025-09-23,23865,2025092304011615,NGPL,APPLE SECURITIES PRIVATE LIMITED,Dipshikha Dhitopatra Karobar Co. Pvt Ltd.,100,394.0,39400.0,2025-09-23 13:46:13.928227
2025-09-23,23604,2025092304011661,NGPL,APPLE SECURITIES PRIVATE LIMITED,Deevyaa Securities & Stock House Pvt. Ltd,900,394.0,354600.0,2025-09-23 13:47:06.118805
2025-09-23,23416,2025092304011702,NGPL,Dakshinkali Investment & Securities Pvt. Ltd.,ABC Securities Private Limited,250,394.4,98600.0,2025-09-23 13:47:53.545608
2025-09-23,23415,2025092304011703,NGPL,Dakshinkali Investment & Securities Pvt. Ltd.,ABC Securities Private Limited,250,394.4,98600.0,2025-09-23 13:47:53.545909
2025-09-23,23414,2025092304011704,NGPL,Dakshinkali Investment & Securities Pvt. Ltd.,ABC Securities Private Limited,500,394.5,197250.0,2025-09-23 13:47:53.546052
2025-09-23,23159,2025092304011752,NGPL,Nepal Investment And Securities Trading Private Limited,Deevyaa Securities & Stock House Pvt. Ltd,120,394.4,47328.0,2025-09-23 13:48:44.343792
2025-09-23,23090,2025092304011762,NGPL,Online Securities Pvt. Ltd.,Sagarmatha Securities Private Limited,1,387.0,387.0,2025-09-23 13:48:55.162819
2025-09-23,23062,2025092304011769,NGPL,Online Securities Pvt. Ltd.,SHUBHAKAMANA SECURITIES PVT. LTD,9,393.0,3537.0,2025-09-23 13:49:03.302358
2025-09-23,22815,2025092304011800,NGPL,Online Securities Pvt. Ltd.,Trishakti Securities Public Limited,1,393.6,393.6,2025-09-23 13:49:58.158002
2025-09-23,22446,2025092304011887,NGPL,Capital Hub P. Ltd,Stoxkarts Securities Limited,1000,394.0,394000.0,2025-09-23 13:51:15.070224
2025-09-23,22347,2025092304011917,NGPL,Shree Krishna Securities Ltd.,Deevyaa Securities & Stock House Pvt. Ltd,1000,394.4,394400.0,2025-09-23 13:51:35.683006
2025-09-23,22243,2025092304011943,NGPL,Shree Krishna Securities Ltd.,ABC Securities Private Limited,250,394.7,98675.0,2025-09-23 13:52:04.597193
2025-09-23,22242,2025092304011944,NGPL,Shree Krishna Securities Ltd.,Himalayan Brokerage Company Limited,300,394.8,118440.0,2025-09-23 13:52:04.597432
2025-09-23,22241,2025092304011945,NGPL,Shree Krishna Securities Ltd.,Himalayan Brokerage Company Limited,200,394.9,78980.0,2025-09-23 13:52:04.597531
2025-09-23,22240,2025092304011946,NGPL,Shree Krishna Securities Ltd.,Naasa Securities Co. Ltd.,157,394.9,61999.3,2025-09-23 13:52:04.597623
2025-09-23,22239,2025092304011947,NGPL,Shree Krishna Securities Ltd.,Asian Securities Private Ltd.,37,395.0,14615.0,2025-09-23 13:52:04.597721
2025-09-23,22238,2025092304011948,NGPL,Shree Krishna Securities Ltd.,Neev Securities Pvt. Ltd.,20,395.0,7900.0,2025-09-23 13:52:04.597810
2025-09-23,22237,2025092304011949,NGPL,Shree Krishna Securities Ltd.,Kohinoor Investment & Securities Pvt. Ltd.,50,395.0,19750.0,2025-09-23 13:52:04.597895
2025-09-23,22236,2025092304011950,NGPL,Shree Krishna Securities Ltd.,Deevyaa Securities & Stock House Pvt. Ltd,50,395.0,19750.0,2025-09-23 13:52:04.597988
2025-09-23,22235,2025092304011951,NGPL,Shree Krishna Securities Ltd.,Deevyaa Securities & Stock House Pvt. Ltd,3936,395.8,1557868.8,2025-09-23 13:52:04.598078
2025-09-23,22057,2025092304012005,NGPL,Capital Hub P. Ltd,Deevyaa Securities & Stock House Pvt. Ltd,64,395.8,25331.2,2025-09-23 13:52:39.928394
2025-09-23,22056,2025092304012006,NGPL,Capital Hub P. Ltd,Capital Max Securities Ltd,1000,395.9,395900.0,2025-09-23 13:52:39.928841
2025-09-23,22055,2025092304012007,NGPL,Capital Hub P. Ltd,Aakashbhairab Securities Ltd.,136,396.0,53856.0,2025-09-23 13:52:39.929120
2025-09-23,21898,2025092304012059,NGPL,Trishakti Securities Public Limited,Aakashbhairab Securities Ltd.,549,396.0,217404.0,2025-09-23 13:53:04.868678
2025-09-23,21897,2025092304012060,NGPL,Trishakti Securities Public Limited,Kumari Securities Private Limited,166,396.0,65736.0,2025-09-23 13:53:04.869134
2025-09-23,21896,2025092304012061,NGPL,Trishakti Securities Public Limited,Market Securities & Exchange (PVT) Ltd.,115,396.0,45540.0,2025-09-23 13:53:04.869436
2025-09-23,21895,2025092304012062,NGPL,Trishakti Securities Public Limited,Sumeru Securities Pvt. Ltd.,170,396.0,67320.0,2025-09-23 13:53:04.869708
2025-09-23,21842,2025092304012074,NGPL,Oxford Securities Pvt. Ltd.,Sumeru Securities Pvt. Ltd.,580,396.0,229680.0,2025-09-23 13:53:19.615564
2025-09-23,21841,2025092304012075,NGPL,Oxford Securities Pvt. Ltd.,Siprabi Securities Pvt. Ltd.,200,396.0,79200.0,2025-09-23 13:53:19.615813
2025-09-23,21840,2025092304012076,NGPL,Oxford Securities Pvt. Ltd.,Deevyaa Securities & Stock House Pvt. Ltd,200,396.0,79200.0,2025-09-23 13:53:19.615935
2025-09-23,21839,2025092304012077,NGPL,Oxford Securities Pvt. Ltd.,Capital Hub P. Ltd,28,396.3,11096.4,2025-09-23 13:53:19.616030
2025-09-23,21750,2025092304012096,NGPL,Trishakti Securities Public Limited,Capital Hub P. Ltd,484,396.3,191809.2,2025-09-23 13:53:39.251803
2025-09-23,21659,2025092304012131,NGPL,Trishakti Securities Public Limited,Capital Hub P. Ltd,1000,396.4,396400.0,2025-09-23 13:54:09.031952
2025-09-23,21520,2025092304012173,NGPL,Trishakti Securities Public Limited,Dipshikha Dhitopatra Karobar Co. Pvt Ltd.,10,396.5,3965.0,2025-09-23 13:54:44.100467
2025-09-23,21519,2025092304012174,NGPL,Trishakti Securities Public Limited,Capital Max Securities Ltd,990,396.9,392931.0,2025-09-23 13:54:44.101050
2025-09-23,21493,2025092304012177,NGPL,Global IME Securities Limited,Capital Max Securities Ltd,500,396.9,198450.0,2025-09-23 13:54:48.344195
2025-09-23,20922,2025092304012324,NGPL,Naasa Securities Co. Ltd.,Deevyaa Securities & Stock House Pvt. Ltd,10,396.7,3967.0,2025-09-23 13:57:03.448439
2025-09-23,20440,2025092304012483,NGPL,Sagarmatha Securities Private Limited,Deevyaa Securities & Stock House Pvt. Ltd,890,396.7,353063.0,2025-09-23 13:58:50.860294
2025-09-23,20439,2025092304012484,NGPL,Sagarmatha Securities Private Limited,Citizens Share Broker Limited,110,396.8,43648.0,2025-09-23 13:58:50.860576
2025-09-23,20082,2025092304012602,NGPL,Trishakti Securities Public Limited,Citizens Share Broker Limited,390,396.8,154752.0,2025-09-23 14:00:07.377794
2025-09-23,19235,2025092304012801,NGPL,Midas Stock Broking Company Private Limited,Capital Max Securities Ltd,10,396.9,3969.0,2025-09-23 14:03:07.955589
2025-09-23,19181,2025092304012823,NGPL,SUN SECURITIES PVT LTD,Miyo Securities Pvt Ltd,350,396.9,138915.0,2025-09-23 14:03:19.441103
2025-09-23,19117,2025092304012841,NGPL,SUN SECURITIES PVT LTD,Sani Securities Company Ltd.,10,396.9,3969.0,2025-09-23 14:03:39.627271
2025-09-23,18759,2025092304012909,NGPL,Naasa Securities Co. Ltd.,Primo Securities (PVT) Ltd.,200,396.0,79200.0,2025-09-23 14:05:05.994587
2025-09-23,18758,2025092304012910,NGPL,SUN SECURITIES PVT LTD,Primo Securities (PVT) Ltd.,300,396.0,118800.0,2025-09-23 14:05:05.995087
2025-09-23,18705,2025092304012924,NGPL,SUN SECURITIES PVT LTD,Aryatara Investment & Securities,95,396.0,37620.0,2025-09-23 14:05:23.627403
2025-09-23,18673,2025092304012928,NGPL,N.I.M.B. Stock Markets Limited,Miyo Securities Pvt Ltd,500,396.8,198400.0,2025-09-23 14:05:32.425481
2025-09-23,18237,2025092304013014,NGPL,SUN SECURITIES PVT LTD,Nepal Stock House (PVT) Ltd.,145,396.0,57420.0,2025-09-23 14:07:27.988207
2025-09-23,18236,2025092304013015,NGPL,Sewa Securities Pvt. Ltd.,Nepal Stock House (PVT) Ltd.,100,396.0,39600.0,2025-09-23 14:07:27.988512
2025-09-23,18235,2025092304013016,NGPL,Oxford Securities Pvt. Ltd.,Nepal Stock House (PVT) Ltd.,100,396.0,39600.0,2025-09-23 14:07:27.988610
2025-09-23,18142,2025092304013048,NGPL,Imperial Securities Company Pvt. Ltd.,Nepal Stock House (PVT) Ltd.,155,396.0,61380.0,2025-09-23 14:07:50.152783
2025-09-23,18031,2025092304013071,NGPL,Imperial Securities Company Pvt. Ltd.,Nepal Stock House (PVT) Ltd.,345,396.0,136620.0,2025-09-23 14:08:22.595336
2025-09-23,18030,2025092304013072,NGPL,Capital Max Securities Ltd,Nepal Stock House (PVT) Ltd.,155,396.0,61380.0,2025-09-23 14:08:22.595587
2025-09-23,18014,2025092304013076,NGPL,Capital Max Securities Ltd,Nepal Stock House (PVT) Ltd.,500,396.0,198000.0,2025-09-23 14:08:30.117348
2025-09-23,18001,2025092304013086,NGPL,Capital Max Securities Ltd,Naasa Securities Co. Ltd.,225,396.0,89100.0,2025-09-23 14:08:31.378810
2025-09-23,17887,2025092304013122,NGPL,Capital Max Securities Ltd,Sani Securities Company Ltd.,490,396.0,194040.0,2025-09-23 14:08:57.095862
2025-09-23,17750,2025092304013169,NGPL,Capital Max Securities Ltd,Nepal Investment And Securities Trading Private Limited,15,396.0,5940.0,2025-09-23 14:09:15.563305
2025-09-23,17655,2025092304013194,NGPL,Online Securities Pvt. Ltd.,Trishakti Securities Public Limited,1,394.0,394.0,2025-09-23 14:09:38.072917
2025-09-23,17596,2025092304013213,NGPL,Online Securities Pvt. Ltd.,Sundhara Securities Limited,1,395.0,395.0,2025-09-23 14:09:49.490111
2025-09-23,17224,2025092304013310,NGPL,SHUBHAKAMANA SECURITIES PVT. LTD,Deevyaa Securities & Stock House Pvt. Ltd,990,396.8,392832.0,2025-09-23 14:11:01.025896
2025-09-23,17010,2025092304013347,NGPL,Miyo Securities Pvt Ltd,Imperial Securities Company Pvt. Ltd.,39,396.5,15463.5,2025-09-23 14:11:42.072279
2025-09-23,16998,2025092304013353,NGPL,Miyo Securities Pvt Ltd,Dipshikha Dhitopatra Karobar Co. Pvt Ltd.,961,396.5,381036.5,2025-09-23 14:11:48.993884
2025-09-23,16997,2025092304013354,NGPL,Trademow Securities Private Limited,Dipshikha Dhitopatra Karobar Co. Pvt Ltd.,40,396.4,15856.0,2025-09-23 14:11:48.994385
2025-09-23,16954,2025092304013370,NGPL,Trademow Securities Private Limited,Kohinoor Investment & Securities Pvt. Ltd.,160,396.4,63424.0,2025-09-23 14:12:01.118174
2025-09-23,16953,2025092304013371,NGPL,Neev Securities Pvt. Ltd.,Kohinoor Investment & Securities Pvt. Ltd.,500,396.4,198200.0,2025-09-23 14:12:01.118509
2025-09-23,16952,2025092304013372,NGPL,Naasa Securities Co. Ltd.,Kohinoor Investment & Securities Pvt. Ltd.,100,396.1,39610.0,2025-09-23 14:12:01.118617
2025-09-23,16951,2025092304013373,NGPL,Capital Max Securities Ltd,Kohinoor Investment & Securities Pvt. Ltd.,115,396.0,45540.0,2025-09-23 14:12:01.118728
2025-09-23,16894,2025092304013391,NGPL,Secured Securities Ltd.,Kohinoor Investment & Securities Pvt. Ltd.,100,396.0,39600.0,2025-09-23 14:12:11.438742
2025-09-23,16689,2025092304013427,NGPL,Trisul Securities & Invt. Ltd.,Naasa Securities Co. Ltd.,40,395.3,15812.0,2025-09-23 14:12:50.967366
2025-09-23,16559,2025092304013461,NGPL,Property Wiard Limited,Kohinoor Investment & Securities Pvt. Ltd.,500,396.0,198000.0,2025-09-23 14:13:25.370062
2025-09-23,16305,2025092304013539,NGPL,SHUBHAKAMANA SECURITIES PVT. LTD,Kohinoor Investment & Securities Pvt. Ltd.,25,396.0,9900.0,2025-09-23 14:14:38.039668
2025-09-23,16252,2025092304013551,NGPL,Trisul Securities & Invt. Ltd.,Arun Securities (PVT) Ltd.,50,395.3,19765.0,2025-09-23 14:14:51.837142
2025-09-23,16125,2025092304013584,NGPL,Trisul Securities & Invt. Ltd.,Aakashbhairab Securities Ltd.,511,395.3,201998.3,2025-09-23 14:15:21.495495
2025-09-23,16124,2025092304013585,NGPL,Linch Stock Market Ltd.,Aakashbhairab Securities Ltd.,49,395.3,19369.7,2025-09-23 14:15:21.495791
2025-09-23,16123,2025092304013586,NGPL,SUN SECURITIES PVT LTD,Aakashbhairab Securities Ltd.,69,395.3,27275.7,2025-09-23 14:15:21.495895
2025-09-23,15657,2025092304013714,NGPL,Sani Securities Company Ltd.,SHUBHAKAMANA SECURITIES PVT. LTD,500,395.5,197750.0,2025-09-23 14:17:21.745868
2025-09-23,15340,2025092304013799,NGPL,Sundhara Securities Limited,Nepal Stock House (PVT) Ltd.,100,395.6,39560.0,2025-09-23 14:18:28.917474
2025-09-23,15253,2025092304013827,NGPL,Sani Securities Company Ltd.,Siprabi Securities Pvt. Ltd.,10,395.5,3955.0,2025-09-23 14:18:45.993707
2025-09-23,15217,2025092304013836,NGPL,J.F. Securites (PVT) Ltd.,Siprabi Securities Pvt. Ltd.,20,395.5,7910.0,2025-09-23 14:18:59.103369
2025-09-23,15216,2025092304013837,NGPL,J.F. Securites (PVT) Ltd.,Nepal Stock House (PVT) Ltd.,400,395.6,158240.0,2025-09-23 14:18:59.103965
2025-09-23,15215,2025092304013838,NGPL,J.F. Securites (PVT) Ltd.,SHUBHAKAMANA SECURITIES PVT. LTD,1000,395.9,395900.0,2025-09-23 14:18:59.104261
2025-09-23,15065,2025092304013887,NGPL,J.F. Securites (PVT) Ltd.,Shree Krishna Securities Ltd.,430,395.9,170237.0,2025-09-23 14:19:31.888016
2025-09-23,14976,2025092304013914,NGPL,Naasa Securities Co. Ltd.,Shree Krishna Securities Ltd.,50,395.9,19795.0,2025-09-23 14:19:50.302709
2025-09-23,14834,2025092304013944,NGPL,J.F. Securites (PVT) Ltd.,Shree Krishna Securities Ltd.,520,395.9,205868.0,2025-09-23 14:20:20.953091
2025-09-23,14833,2025092304013945,NGPL,J.F. Securites (PVT) Ltd.,Shree Krishna Securities Ltd.,980,395.9,387982.0,2025-09-23 14:20:20.953573
2025-09-23,14801,2025092304013957,NGPL,Opal Securities Investment (PVT) Ltd.,Shree Krishna Securities Ltd.,20,395.9,7918.0,2025-09-23 14:20:32.696090
2025-09-23,14800,2025092304013958,NGPL,Opal Securities Investment (PVT) Ltd.,Kohinoor Investment & Securities Pvt. Ltd.,480,396.0,190080.0,2025-09-23 14:20:32.696384
2025-09-23,14665,2025092304013987,NGPL,J.F. Securites (PVT) Ltd.,Kohinoor Investment & Securities Pvt. Ltd.,1020,396.0,403920.0,2025-09-23 14:21:07.342114
2025-09-23,14633,2025092304013988,NGPL,J.F. Securites (PVT) Ltd.,Imperial Securities Company Pvt. Ltd.,330,396.0,130680.0,2025-09-23 14:21:11.642331
2025-09-23,14561,2025092304014012,NGPL,Opal Securities Investment (PVT) Ltd.,Arun Securities (PVT) Ltd.,500,395.5,197750.0,2025-09-23 14:21:28.987110
2025-09-23,14489,2025092304014036,NGPL,Sani Securities Company Ltd.,Nepal Stock House (PVT) Ltd.,28,395.4,11071.2,2025-09-23 14:21:44.914430
2025-09-23,14386,2025092304014075,NGPL,SUN SECURITIES PVT LTD,Online Securities Pvt. Ltd.,531,395.3,209904.3,2025-09-23 14:22:12.084736
2025-09-23,14385,2025092304014076,NGPL,Dynamic Money Managers Securities Pvt. Ltd.,Online Securities Pvt. Ltd.,100,395.0,39500.0,2025-09-23 14:22:12.084998
2025-09-23,14384,2025092304014077,NGPL,Market Securities & Exchange (PVT) Ltd.,Online Securities Pvt. Ltd.,1000,395.0,395000.0,2025-09-23 14:22:12.085098
2025-09-23,14383,2025092304014078,NGPL,Sipla Securities Private Limited,Online Securities Pvt. Ltd.,300,395.0,118500.0,2025-09-23 14:22:12.085192
2025-09-23,14382,2025092304014079,NGPL,Sumeru Securities Pvt. Ltd.,Online Securities Pvt. Ltd.,100,395.0,39500.0,2025-09-23 14:22:12.085295
2025-09-23,14381,2025092304014080,NGPL,Naasa Securities Co. Ltd.,Online Securities Pvt. Ltd.,64,395.0,25280.0,2025-09-23 14:22:12.085396
2025-09-23,14380,2025092304014081,NGPL,Oxford Securities Pvt. Ltd.,Online Securities Pvt. Ltd.,100,395.0,39500.0,2025-09-23 14:22:12.085488
2025-09-23,14379,2025092304014082,NGPL,Sani Securities Company Ltd.,Online Securities Pvt. Ltd.,10,395.0,3950.0,2025-09-23 14:22:12.085586
2025-09-23,14378,2025092304014083,NGPL,Naasa Securities Co. Ltd.,Online Securities Pvt. Ltd.,260,395.0,102700.0,2025-09-23 14:22:12.085677
2025-09-23,14377,2025092304014084,NGPL,Secured Securities Ltd.,Online Securities Pvt. Ltd.,33,395.0,13035.0,2025-09-23 14:22:12.085779
2025-09-23,14376,2025092304014085,NGPL,Arun Securities (PVT) Ltd.,Online Securities Pvt. Ltd.,1000,395.0,395000.0,2025-09-23 14:22:12.085873
2025-09-23,14375,2025092304014086,NGPL,Thrive Brokerage House Pvt. Ltd,Online Securities Pvt. Ltd.,622,395.0,245690.0,2025-09-23 14:22:12.085967
2025-09-23,14337,2025092304014103,NGPL,Thrive Brokerage House Pvt. Ltd,Kumari Securities Private Limited,30,395.0,11850.0,2025-09-23 14:22:20.891959
2025-09-23,14209,2025092304014140,NGPL,Thrive Brokerage House Pvt. Ltd,Cristal Kanchanjanga Securites Pvt. Ltd.,65,395.0,25675.0,2025-09-23 14:22:43.921178
2025-09-23,14190,2025092304014142,NGPL,Aryatara Investment & Securities,Nepal Stock House (PVT) Ltd.,120,395.4,47448.0,2025-09-23 14:22:48.543568
2025-09-23,14151,2025092304014147,NGPL,Thrive Brokerage House Pvt. Ltd,South Asian Bulls Pvt. Ltd.,783,395.0,309285.0,2025-09-23 14:23:03.969831
2025-09-23,14150,2025092304014148,NGPL,Sundhara Securities Limited,South Asian Bulls Pvt. Ltd.,100,394.3,39430.0,2025-09-23 14:23:03.970093
2025-09-23,14149,2025092304014149,NGPL,Cristal Kanchanjanga Securites Pvt. Ltd.,South Asian Bulls Pvt. Ltd.,500,394.2,197100.0,2025-09-23 14:23:03.970194
2025-09-23,14148,2025092304014150,NGPL,Naasa Securities Co. Ltd.,South Asian Bulls Pvt. Ltd.,117,394.2,46121.4,2025-09-23 14:23:03.970331
2025-09-23,13966,2025092304014190,NGPL,Naasa Securities Co. Ltd.,Opal Securities Investment (PVT) Ltd.,1000,395.0,395000.0,2025-09-23 14:23:32.933715
2025-09-23,13737,2025092304014242,NGPL,Naasa Securities Co. Ltd.,Trishakti Securities Public Limited,130,394.2,51246.0,2025-09-23 14:24:26.211147
2025-09-23,13560,2025092304014287,NGPL,Shree Krishna Securities Ltd.,Naasa Securities Co. Ltd.,200,394.5,78900.0,2025-09-23 14:25:09.100803
2025-09-23,13202,2025092304014365,NGPL,Shree Krishna Securities Ltd.,Shree Krishna Securities Ltd.,800,394.5,315600.0,2025-09-23 14:26:25.006710
2025-09-23,13166,2025092304014374,NGPL,Naasa Securities Co. Ltd.,Imperial Securities Company Pvt. Ltd.,53,394.2,20892.6,2025-09-23 14:26:33.638389
2025-09-23,13165,2025092304014375,NGPL,Cristal Kanchanjanga Securites Pvt. Ltd.,Imperial Securities Company Pvt. Ltd.,500,394.0,197000.0,2025-09-23 14:26:33.638625
2025-09-23,13164,2025092304014376,NGPL,Magnet Securities and Investment Company Private Limited,Imperial Securities Company Pvt. Ltd.,117,394.0,46098.0,2025-09-23 14:26:33.638715
2025-09-23,12393,2025092304014567,NGPL,Miyo Securities Pvt Ltd,Siprabi Securities Pvt. Ltd.,200,394.8,78960.0,2025-09-23 14:29:40.074544
2025-09-23,12392,2025092304014568,NGPL,Miyo Securities Pvt Ltd,Shree Krishna Securities Ltd.,300,394.9,118470.0,2025-09-23 14:29:40.074794
2025-09-23,12096,2025092304014626,NGPL,Magnet Securities and Investment Company Private Limited,Online Securities Pvt. Ltd.,100,394.0,39400.0,2025-09-23 14:31:00.917524
2025-09-23,11803,2025092304014715,NGPL,Magnet Securities and Investment Company Private Limited,K.B.L. Securities Limited ,783,394.0,308502.0,2025-09-23 14:32:19.372123
2025-09-23,11802,2025092304014716,NGPL,Market Securities & Exchange (PVT) Ltd.,K.B.L. Securities Limited ,20,394.0,7880.0,2025-09-23 14:32:19.372426
2025-09-23,11801,2025092304014717,NGPL,Naasa Securities Co. Ltd.,K.B.L. Securities Limited ,197,394.0,77618.0,2025-09-23 14:32:19.372524
2025-09-23,11265,2025092304014839,NGPL,Shree Krishna Securities Ltd.,Shree Krishna Securities Ltd.,400,394.9,157960.0,2025-09-23 14:34:39.296128
2025-09-23,11264,2025092304014840,NGPL,Shree Krishna Securities Ltd.,Siprabi Securities Pvt. Ltd.,200,394.9,78980.0,2025-09-23 14:34:39.296425
2025-09-23,11263,2025092304014841,NGPL,Shree Krishna Securities Ltd.,Imperial Securities Company Pvt. Ltd.,200,395.0,79000.0,2025-09-23 14:34:39.296527
2025-09-23,11262,2025092304014842,NGPL,Shree Krishna Securities Ltd.,Vision Securities Pvt. Ltd,500,395.0,197500.0,2025-09-23 14:34:39.296620
2025-09-23,11261,2025092304014843,NGPL,Shree Krishna Securities Ltd.,Aryatara Investment & Securities,100,395.0,39500.0,2025-09-23 14:34:39.296710
2025-09-23,11260,2025092304014844,NGPL,Shree Krishna Securities Ltd.,Shree Krishna Securities Ltd.,3000,395.0,1185000.0,2025-09-23 14:34:39.296831
2025-09-23,10580,2025092304014996,NGPL,Opal Securities Investment (PVT) Ltd.,Trishakti Securities Public Limited,500,394.2,197100.0,2025-09-23 14:37:31.872414
2025-09-23,10579,2025092304014997,NGPL,Vision Securities Pvt. Ltd,Trishakti Securities Public Limited,500,394.1,197050.0,2025-09-23 14:37:31.872462
2025-09-23,10578,2025092304014998,NGPL,Naasa Securities Co. Ltd.,Trishakti Securities Public Limited,303,394.0,119382.0,2025-09-23 14:37:31.872489
2025-09-23,10577,2025092304014999,NGPL,Naasa Securities Co. Ltd.,Trishakti Securities Public Limited,100,394.0,39400.0,2025-09-23 14:37:31.872519
2025-09-23,10576,2025092304015000,NGPL,Oxford Securities Pvt. Ltd.,Trishakti Securities Public Limited,1000,394.0,394000.0,2025-09-23 14:37:31.872543
2025-09-23,10575,2025092304015001,NGPL,Investment Management Nepal Pvt. Ltd.,Trishakti Securities Public Limited,20,394.0,7880.0,2025-09-23 14:37:31.872590
2025-09-23,10574,2025092304015002,NGPL,KALASH STOCK MARKET PVT. LTD.,Trishakti Securities Public Limited,577,394.0,227338.0,2025-09-23 14:37:31.872617
2025-09-23,10386,2025092304015037,NGPL,Oxford Securities Pvt. Ltd.,Market Securities & Exchange (PVT) Ltd.,10,395.0,3950.0,2025-09-23 14:38:18.351277
2025-09-23,10162,2025092304015066,NGPL,Naasa Securities Co. Ltd.,Aryatara Investment & Securities,10,394.0,3940.0,2025-09-23 14:39:17.202525
2025-09-23,9593,2025092304015218,NGPL,Naasa Securities Co. Ltd.,Sri Hari Securities Pvt. Ltd.,40,394.0,15760.0,2025-09-23 14:41:20.495650
2025-09-23,9592,2025092304015219,NGPL,Sani Securities Company Ltd.,Sri Hari Securities Pvt. Ltd.,11,394.0,4334.0,2025-09-23 14:41:20.496121
2025-09-23,9327,2025092304015284,NGPL,Naasa Securities Co. Ltd.,Market Securities & Exchange (PVT) Ltd.,91,395.0,35945.0,2025-09-23 14:42:00.000745
2025-09-23,9130,2025092304015332,NGPL,Opal Securities Investment (PVT) Ltd.,Aryatara Investment & Securities,50,394.1,19705.0,2025-09-23 14:42:39.785012
2025-09-23,8535,2025092304015463,NGPL,Opal Securities Investment (PVT) Ltd.,Imperial Securities Company Pvt. Ltd.,450,394.1,177345.0,2025-09-23 14:44:26.778042
2025-09-23,8534,2025092304015464,NGPL,Sani Securities Company Ltd.,Imperial Securities Company Pvt. Ltd.,40,394.0,15760.0,2025-09-23 14:44:26.778295
2025-09-23,8181,2025092304015527,NGPL,Sani Securities Company Ltd.,J.F. Securites (PVT) Ltd.,49,394.0,19306.0,2025-09-23 14:45:36.954737
2025-09-23,8180,2025092304015528,NGPL,Naasa Securities Co. Ltd.,J.F. Securites (PVT) Ltd.,66,394.0,26004.0,2025-09-23 14:45:36.955191
2025-09-23,8179,2025092304015529,NGPL,Linch Stock Market Ltd.,J.F. Securites (PVT) Ltd.,65,394.0,25610.0,2025-09-23 14:45:36.955494
2025-09-23,8178,2025092304015530,NGPL,ABC Securities Private Limited,J.F. Securites (PVT) Ltd.,20,394.0,7880.0,2025-09-23 14:45:36.955770
2025-09-23,8071,2025092304015545,NGPL,ABC Securities Private Limited,Market Securities & Exchange (PVT) Ltd.,74,394.0,29156.0,2025-09-23 14:45:56.341497
2025-09-23,7641,2025092304015634,NGPL,ABC Securities Private Limited,Online Securities Pvt. Ltd.,65,394.0,25610.0,2025-09-23 14:47:05.014063
2025-09-23,7364,2025092304015705,NGPL,ABC Securities Private Limited,Opal Securities Investment (PVT) Ltd.,41,394.0,16154.0,2025-09-23 14:48:00.684774
2025-09-23,7363,2025092304015706,NGPL,Sumeru Securities Pvt. Ltd.,Opal Securities Investment (PVT) Ltd.,959,394.0,377846.0,2025-09-23 14:48:00.685269
2025-09-23,7361,2025092304015707,NGPL,Sumeru Securities Pvt. Ltd.,Sani Securities Company Ltd.,41,394.0,16154.0,2025-09-23 14:48:00.805020
2025-09-23,7360,2025092304015708,NGPL,Aryatara Investment & Securities,Sani Securities Company Ltd.,15,394.0,5910.0,2025-09-23 14:48:00.805494
2025-09-23,7359,2025092304015709,NGPL,Deevyaa Securities & Stock House Pvt. Ltd,Sani Securities Company Ltd.,500,394.0,197000.0,2025-09-23 14:48:00.805768
2025-09-23,6820,2025092304015832,NGPL,N.I.M.B. Stock Markets Limited,Naasa Securities Co. Ltd.,10,393.5,3935.0,2025-09-23 14:49:24.119706
2025-09-23,6780,2025092304015849,NGPL,N.I.M.B. Stock Markets Limited,Dipshikha Dhitopatra Karobar Co. Pvt Ltd.,390,393.5,153465.0,2025-09-23 14:49:32.715948
2025-09-23,6779,2025092304015850,NGPL,Trishakti Securities Public Limited,Dipshikha Dhitopatra Karobar Co. Pvt Ltd.,200,393.5,78700.0,2025-09-23 14:49:32.716195
2025-09-23,6778,2025092304015851,NGPL,Neev Securities Pvt. Ltd.,Dipshikha Dhitopatra Karobar Co. Pvt Ltd.,300,393.5,118050.0,2025-09-23 14:49:32.716292
2025-09-23,6777,2025092304015852,NGPL,Linch Stock Market Ltd.,Dipshikha Dhitopatra Karobar Co. Pvt Ltd.,255,393.5,100342.5,2025-09-23 14:49:32.716386
2025-09-23,6773,2025092304015853,NGPL,Ashutosh Brokerage & Securities (PVT) Ltd.,Sani Securities Company Ltd.,250,394.0,98500.0,2025-09-23 14:49:33.514621
2025-09-23,6673,2025092304015873,NGPL,Shree Krishna Securities Ltd.,Sani Securities Company Ltd.,194,394.0,76436.0,2025-09-23 14:49:51.498744
2025-09-23,6549,2025092304015905,NGPL,Shree Krishna Securities Ltd.,Blue Chip Securities Ltd,3000,394.0,1182000.0,2025-09-23 14:50:10.323819
2025-09-23,6420,2025092304015944,NGPL,Shree Krishna Securities Ltd.,ABC Securities Private Limited,200,394.0,78800.0,2025-09-23 14:50:35.118585
2025-09-23,6309,2025092304015999,NGPL,Shree Krishna Securities Ltd.,Opal Securities Investment (PVT) Ltd.,100,394.0,39400.0,2025-09-23 14:50:47.778356
2025-09-23,6189,2025092304016012,NGPL,Shree Krishna Securities Ltd.,Deevyaa Securities & Stock House Pvt. Ltd,500,394.0,197000.0,2025-09-23 14:51:08.231584
2025-09-23,6016,2025092304016043,NGPL,Secured Securities Ltd.,Deevyaa Securities & Stock House Pvt. Ltd,100,394.9,39490.0,2025-09-23 14:51:35.683940
2025-09-23,6015,2025092304016044,NGPL,Secured Securities Ltd.,Online Securities Pvt. Ltd.,230,394.9,90827.0,2025-09-23 14:51:35.684176
2025-09-23,6013,2025092304016046,NGPL,Online Securities Pvt. Ltd.,Online Securities Pvt. Ltd.,10,394.9,3949.0,2025-09-23 14:51:35.973966
2025-09-23,5965,2025092304016058,NGPL,Shree Krishna Securities Ltd.,South Asian Bulls Pvt. Ltd.,1006,394.0,396364.0,2025-09-23 14:51:43.579058
2025-09-23,5964,2025092304016059,NGPL,Naasa Securities Co. Ltd.,South Asian Bulls Pvt. Ltd.,100,394.0,39400.0,2025-09-23 14:51:43.579142
2025-09-23,5963,2025092304016060,NGPL,Linch Stock Market Ltd.,South Asian Bulls Pvt. Ltd.,245,393.5,96407.5,2025-09-23 14:51:43.579177
2025-09-23,5962,2025092304016061,NGPL,Nagarik Stock Dealer ,South Asian Bulls Pvt. Ltd.,649,393.5,255381.5,2025-09-23 14:51:43.579205
2025-09-23,5429,2025092304016202,NGPL,Naasa Securities Co. Ltd.,Ashutosh Brokerage & Securities (PVT) Ltd.,300,394.7,118410.0,2025-09-23 14:53:02.902489
2025-09-23,5428,2025092304016203,NGPL,Naasa Securities Co. Ltd.,Deevyaa Securities & Stock House Pvt. Ltd,200,394.8,78960.0,2025-09-23 14:53:02.902754
2025-09-23,5425,2025092304016205,NGPL,Imperial Securities Company Pvt. Ltd.,Citizens Share Broker Limited,200,393.6,78720.0,2025-09-23 14:53:04.048475
2025-09-23,5424,2025092304016206,NGPL,Aryatara Investment & Securities,Citizens Share Broker Limited,500,393.6,196800.0,2025-09-23 14:53:04.048758
2025-09-23,5378,2025092304016226,NGPL,Nagarik Stock Dealer ,Dakshinkali Investment & Securities Pvt. Ltd.,876,393.5,344706.0,2025-09-23 14:53:08.948764
2025-09-23,5377,2025092304016227,NGPL,Capital Hub P. Ltd,Dakshinkali Investment & Securities Pvt. Ltd.,1326,393.4,521648.4,2025-09-23 14:53:08.949215
2025-09-23,5330,2025092304016249,NGPL,Capital Hub P. Ltd,Sri Hari Securities Pvt. Ltd.,40,393.4,15736.0,2025-09-23 14:53:13.081595
2025-09-23,5178,2025092304016283,NGPL,Capital Hub P. Ltd,Citizens Share Broker Limited,2634,393.4,1036215.6,2025-09-23 14:53:37.915218
2025-09-23,5177,2025092304016284,NGPL,KALASH STOCK MARKET PVT. LTD.,Citizens Share Broker Limited,366,393.4,143984.4,2025-09-23 14:53:37.915714
2025-09-23,5067,2025092304016310,NGPL,Naasa Securities Co. Ltd.,Siprabi Securities Pvt. Ltd.,75,394.0,29550.0,2025-09-23 14:53:51.179019
2025-09-23,5066,2025092304016311,NGPL,Naasa Securities Co. Ltd.,Asian Securities Private Ltd.,200,394.5,78900.0,2025-09-23 14:53:51.179512
2025-09-23,5065,2025092304016312,NGPL,Naasa Securities Co. Ltd.,Deevyaa Securities & Stock House Pvt. Ltd,200,394.8,78960.0,2025-09-23 14:53:51.179808
2025-09-23,5064,2025092304016313,NGPL,Naasa Securities Co. Ltd.,Aryatara Investment & Securities,233,394.8,91988.4,2025-09-23 14:53:51.180088
2025-09-23,5063,2025092304016314,NGPL,Naasa Securities Co. Ltd.,Online Securities Pvt. Ltd.,45,394.9,17770.5,2025-09-23 14:53:51.180410
2025-09-23,5062,2025092304016315,NGPL,Naasa Securities Co. Ltd.,Market Securities & Exchange (PVT) Ltd.,100,395.0,39500.0,2025-09-23 14:53:51.180772
2025-09-23,5061,2025092304016316,NGPL,Naasa Securities Co. Ltd.,Shree Krishna Securities Ltd.,47,395.0,18565.0,2025-09-23 14:53:51.181078
2025-09-23,4625,2025092304016422,NGPL,Neev Securities Pvt. Ltd.,Citizens Share Broker Limited,100,394.9,39490.0,2025-09-23 14:54:49.148211
2025-09-23,4530,2025092304016454,NGPL,Naasa Securities Co. Ltd.,Citizens Share Broker Limited,100,394.9,39490.0,2025-09-23 14:55:08.233426
2025-09-23,4529,2025092304016455,NGPL,Naasa Securities Co. Ltd.,Shree Krishna Securities Ltd.,10,395.0,3950.0,2025-09-23 14:55:08.233880
2025-09-23,3666,2025092304016662,NGPL,Aryatara Investment & Securities,Trishakti Securities Public Limited,30,393.6,11808.0,2025-09-23 14:56:40.870658
2025-09-23,3665,2025092304016663,NGPL,Aryatara Investment & Securities,Trishakti Securities Public Limited,610,393.5,240035.0,2025-09-23 14:56:40.870898
2025-09-23,3608,2025092304016678,NGPL,Aryatara Investment & Securities,Imperial Securities Company Pvt. Ltd.,1000,394.0,394000.0,2025-09-23 14:56:48.224027
2025-09-23,3316,2025092304016738,NGPL,Aryatara Investment & Securities,Miyo Securities Pvt Ltd,400,394.0,157600.0,2025-09-23 14:57:15.383493
2025-09-23,3296,2025092304016740,NGPL,Ashutosh Brokerage & Securities (PVT) Ltd.,South Asian Bulls Pvt. Ltd.,20,394.9,7898.0,2025-09-23 14:57:16.823769
2025-09-23,3150,2025092304016790,NGPL,Kumari Securities Private Limited,South Asian Bulls Pvt. Ltd.,980,394.9,387002.0,2025-09-23 14:57:27.142886
2025-09-23,3149,2025092304016791,NGPL,Kumari Securities Private Limited,Shree Krishna Securities Ltd.,25,395.0,9875.0,2025-09-23 14:57:27.143146
2025-09-23,2880,2025092304016852,NGPL,Aryatara Investment & Securities,Vision Securities Pvt. Ltd,200,394.0,78800.0,2025-09-23 14:57:55.913951
2025-09-23,2510,2025092304016923,NGPL,Aryatara Investment & Securities,Aryatara Investment & Securities,100,394.0,39400.0,2025-09-23 14:58:22.298585
2025-09-23,2495,2025092304016933,NGPL,Aryatara Investment & Securities,J.F. Securites (PVT) Ltd.,182,394.0,71708.0,2025-09-23 14:58:23.087588
2025-09-23,2419,2025092304016944,NGPL,Aryatara Investment & Securities,Imperial Securities Company Pvt. Ltd.,300,394.0,118200.0,2025-09-23 14:58:28.033289
2025-09-23,2096,2025092304017037,NGPL,Sumeru Securities Pvt. Ltd.,Aakashbhairab Securities Ltd.,500,394.1,197050.0,2025-09-23 14:58:46.902285
2025-09-23,2095,2025092304017038,NGPL,Aryatara Investment & Securities,Aakashbhairab Securities Ltd.,500,394.0,197000.0,2025-09-23 14:58:46.902533
2025-09-23,1943,2025092304017066,NGPL,Aryatara Investment & Securities,Aryatara Investment & Securities,150,394.0,59100.0,2025-09-23 14:58:55.338797
2025-09-23,1617,2025092304017162,NGPL,Aryatara Investment & Securities,Premier Securities Company Ltd.,500,394.0,197000.0,2025-09-23 14:59:10.695762
2025-09-23,1594,2025092304017181,NGPL,Capital Hub P. Ltd,Imperial Securities Company Pvt. Ltd.,50,394.9,19745.0,2025-09-23 14:59:11.164451
2025-09-23,1593,2025092304017182,NGPL,Capital Hub P. Ltd,INDEX SECURITIES LIMITED,500,394.9,197450.0,2025-09-23 14:59:11.164703
2025-09-23,1592,2025092304017183,NGPL,Capital Hub P. Ltd,Asian Securities Private Ltd.,60,394.9,23694.0,2025-09-23 14:59:11.164818
2025-09-23,1591,2025092304017184,NGPL,Capital Hub P. Ltd,Shree Krishna Securities Ltd.,18,395.0,7110.0,2025-09-23 14:59:11.164908
2025-09-23,1590,2025092304017185,NGPL,Capital Hub P. Ltd,MILKY WAY SHARE BROKER COMPANY LTD ,272,395.0,107440.0,2025-09-23 14:59:11.165002
2025-09-23,1109,2025092304017281,NGPL,Magnet Securities and Investment Company Private Limited,Citizens Share Broker Limited,500,394.5,197250.0,2025-09-23 14:59:30.384920
2025-09-23,1108,2025092304017282,NGPL,Magnet Securities and Investment Company Private Limited,Naasa Securities Co. Ltd.,500,394.9,197450.0,2025-09-23 14:59:30.385137
2025-09-23,1107,2025092304017283,NGPL,Magnet Securities and Investment Company Private Limited,MILKY WAY SHARE BROKER COMPANY LTD ,728,395.0,287560.0,2025-09-23 14:59:30.385228
2025-09-23,1106,2025092304017284,NGPL,Magnet Securities and Investment Company Private Limited,Naasa Securities Co. Ltd.,400,395.0,158000.0,2025-09-23 14:59:30.385322
2025-09-23,1105,2025092304017285,NGPL,Magnet Securities and Investment Company Private Limited,Aryatara Investment & Securities,20,395.0,7900.0,2025-09-23 14:59:30.385412
2025-09-23,1104,2025092304017286,NGPL,Magnet Securities and Investment Company Private Limited,Imperial Securities Company Pvt. Ltd.,300,395.0,118500.0,2025-09-23 14:59:30.385502
2025-09-23,1103,2025092304017287,NGPL,Magnet Securities and Investment Company Private Limited,South Asian Bulls Pvt. Ltd.,200,395.0,79000.0,2025-09-23 14:59:30.385590
2025-09-23,1102,2025092304017288,NGPL,Magnet Securities and Investment Company Private Limited,Kohinoor Investment & Securities Pvt. Ltd.,1352,395.0,534040.0,2025-09-23 14:59:30.385685
2025-09-23,903,2025092304017331,NGPL,Aryatara Investment & Securities,Market Securities & Exchange (PVT) Ltd.,100,394.0,39400.0,2025-09-23 14:59:39.868835
2025-09-23,726,2025092304017368,NGPL,Aryatara Investment & Securities,Imperial Securities Company Pvt. Ltd.,500,394.0,197000.0,2025-09-23 14:59:46.075292
2025-09-23,619,2025092304017408,NGPL,Aryatara Investment & Securities,Miyo Securities Pvt Ltd,1068,394.0,420792.0,2025-09-23 14:59:49.739855
2025-09-23,618,2025092304017409,NGPL,Nepal Investment And Securities Trading Private Limited,Miyo Securities Pvt Ltd,100,394.0,39400.0,2025-09-23 14:59:49.740093
2025-09-23,617,2025092304017410,NGPL,Online Securities Pvt. Ltd.,Miyo Securities Pvt Ltd,1000,394.0,394000.0,2025-09-23 14:59:49.740199
2025-09-23,616,2025092304017411,NGPL,Sri Hari Securities Pvt. Ltd.,Miyo Securities Pvt Ltd,152,394.0,59888.0,2025-09-23 14:59:49.740288
2025-09-23,360,2025092304017441,NGPL,Capital Hub P. Ltd,Kohinoor Investment & Securities Pvt. Ltd.,200,395.0,79000.0,2025-09-23 14:59:55.376642
2025-09-23,127,2025092304017535,NGPL,Sri Hari Securities Pvt. Ltd.,Sani Securities Company Ltd.,131,394.0,51614.0,2025-09-23 14:59:58.194356
