Date,S.N.,contract_id,symbol,buyer_broker,seller_broker,volume,price,amount,transaction_time
2025-09-23,66181,2025092303000174,SADBL,Aryatara Investment & Securities,Oxford Securities Pvt. Ltd.,40,406.1,16244.0,2025-09-23 11:04:15.390417
2025-09-23,66180,2025092303000175,SADBL,Naasa Securities Co. Ltd.,Oxford Securities Pvt. Ltd.,48,406.0,19488.0,2025-09-23 11:04:15.390468
2025-09-23,66179,2025092303000176,SADBL,Shree Krishna Securities Ltd.,Oxford Securities Pvt. Ltd.,32,406.0,12992.0,2025-09-23 11:04:15.390493
2025-09-23,65208,2025092303000337,SADBL,Aryatara Investment & Securities,Magnet Securities and Investment Company Private Limited,100,414.1,41410.0,2025-09-23 11:07:20.057998
2025-09-23,64361,2025092303000443,SADBL,Naasa Securities Co. Ltd.,ABC Securities Private Limited,100,409.5,40950.0,2025-09-23 11:09:46.220848
2025-09-23,62342,2025092303000722,SADBL,Thrive Brokerage House Pvt. Ltd,Magnet Securities and Investment Company Private Limited,100,412.0,41200.0,2025-09-23 11:15:49.572164
2025-09-23,62341,2025092303000723,SADBL,Midas Stock Broking Company Private Limited,Magnet Securities and Investment Company Private Limited,300,411.0,123300.0,2025-09-23 11:15:49.572227
2025-09-23,61736,2025092303000822,SADBL,Midas Stock Broking Company Private Limited,R.B.B. Securities Company Ltd,200,413.0,82600.0,2025-09-23 11:17:59.847350
2025-09-23,61118,2025092303000900,SADBL,Vision Securities Pvt. Ltd,Magnet Securities and Investment Company Private Limited,100,414.0,41400.0,2025-09-23 11:20:09.729642
2025-09-23,60895,2025092303000927,SADBL,Midas Stock Broking Company Private Limited,Dakshinkali Investment & Securities Pvt. Ltd.,100,416.9,41690.0,2025-09-23 11:21:04.084709
2025-09-23,60894,2025092303000928,SADBL,Midas Stock Broking Company Private Limited,Imperial Securities Company Pvt. Ltd.,100,417.0,41700.0,2025-09-23 11:21:04.084781
2025-09-23,60223,2025092303001064,SADBL,Sani Securities Company Ltd.,Imperial Securities Company Pvt. Ltd.,100,417.0,41700.0,2025-09-23 11:23:20.923735
2025-09-23,60065,2025092303001073,SADBL,Aakashbhairab Securities Ltd.,Trisul Securities & Invt. Ltd.,310,417.0,129270.0,2025-09-23 11:23:43.574098
2025-09-23,59515,2025092303001169,SADBL,Dipshikha Dhitopatra Karobar Co. Pvt Ltd.,Trisul Securities & Invt. Ltd.,190,417.0,79230.0,2025-09-23 11:25:28.002745
2025-09-23,59514,2025092303001170,SADBL,Dipshikha Dhitopatra Karobar Co. Pvt Ltd.,Magnet Securities and Investment Company Private Limited,100,417.0,41700.0,2025-09-23 11:25:28.002832
2025-09-23,59405,2025092303001191,SADBL,Opal Securities Investment (PVT) Ltd.,Neev Securities Pvt. Ltd.,75,417.6,31320.0,2025-09-23 11:25:45.590021
2025-09-23,59391,2025092303001193,SADBL,Dakshinkali Investment & Securities Pvt. Ltd.,Neev Securities Pvt. Ltd.,875,417.6,365400.0,2025-09-23 11:25:47.799859
2025-09-23,59137,2025092303001248,SADBL,Midas Stock Broking Company Private Limited,Magnet Securities and Investment Company Private Limited,50,419.2,20960.0,2025-09-23 11:26:33.226692
2025-09-23,58804,2025092303001303,SADBL,Trisul Securities & Invt. Ltd.,Magnet Securities and Investment Company Private Limited,50,419.2,20960.0,2025-09-23 11:27:27.712874
2025-09-23,58803,2025092303001304,SADBL,Trisul Securities & Invt. Ltd.,KALASH STOCK MARKET PVT. LTD.,10,420.0,4200.0,2025-09-23 11:27:27.712952
2025-09-23,58802,2025092303001305,SADBL,Trisul Securities & Invt. Ltd.,Thrive Brokerage House Pvt. Ltd,20,420.0,8400.0,2025-09-23 11:27:27.712988
2025-09-23,58801,2025092303001306,SADBL,Trisul Securities & Invt. Ltd.,N.I.M.B. Stock Markets Limited,20,420.0,8400.0,2025-09-23 11:27:27.713029
2025-09-23,58519,2025092303001342,SADBL,Dipshikha Dhitopatra Karobar Co. Pvt Ltd.,N.I.M.B. Stock Markets Limited,210,420.0,88200.0,2025-09-23 11:28:07.979805
2025-09-23,58497,2025092303001343,SADBL,Opal Securities Investment (PVT) Ltd.,N.I.M.B. Stock Markets Limited,311,420.0,130620.0,2025-09-23 11:28:10.277185
2025-09-23,56836,2025092303001617,SADBL,Opal Securities Investment (PVT) Ltd.,Magnet Securities and Investment Company Private Limited,100,419.9,41990.0,2025-09-23 11:32:38.489045
2025-09-23,56225,2025092303001720,SADBL,Sumeru Securities Pvt. Ltd.,Deevyaa Securities & Stock House Pvt. Ltd,50,419.0,20950.0,2025-09-23 11:34:03.104292
2025-09-23,56113,2025092303001737,SADBL,Dakshinkali Investment & Securities Pvt. Ltd.,Deevyaa Securities & Stock House Pvt. Ltd,125,419.0,52375.0,2025-09-23 11:34:25.075020
2025-09-23,54559,2025092303001986,SADBL,Dakshinkali Investment & Securities Pvt. Ltd.,Citizens Share Broker Limited,200,415.0,83000.0,2025-09-23 11:38:43.569407
2025-09-23,53341,2025092303002179,SADBL,Sweta Securities Private Limited,Arun Securities (PVT) Ltd.,70,415.3,29071.0,2025-09-23 11:41:22.102192
2025-09-23,53340,2025092303002180,SADBL,Midas Stock Broking Company Private Limited,Arun Securities (PVT) Ltd.,30,415.2,12456.0,2025-09-23 11:41:22.102323
2025-09-23,53019,2025092303002220,SADBL,Midas Stock Broking Company Private Limited,Arun Securities (PVT) Ltd.,200,415.2,83040.0,2025-09-23 11:42:13.228362
2025-09-23,51835,2025092303002415,SADBL,Sweta Securities Private Limited,Imperial Securities Company Pvt. Ltd.,15,417.5,6262.5,2025-09-23 11:47:03.202573
2025-09-23,51432,2025092303002457,SADBL,Thrive Brokerage House Pvt. Ltd,Imperial Securities Company Pvt. Ltd.,35,417.5,14612.5,2025-09-23 11:48:35.543602
2025-09-23,51431,2025092303002458,SADBL,Thrive Brokerage House Pvt. Ltd,N.I.M.B. Stock Markets Limited,15,417.8,6267.0,2025-09-23 11:48:35.543722
2025-09-23,51142,2025092303002498,SADBL,Dakshinkali Investment & Securities Pvt. Ltd.,N.I.M.B. Stock Markets Limited,444,417.8,185503.2,2025-09-23 11:49:51.309489
2025-09-23,51141,2025092303002499,SADBL,Dakshinkali Investment & Securities Pvt. Ltd.,Trisul Securities & Invt. Ltd.,356,417.9,148772.4,2025-09-23 11:49:51.309585
2025-09-23,51130,2025092303002501,SADBL,Midas Stock Broking Company Private Limited,Trisul Securities & Invt. Ltd.,270,417.9,112833.0,2025-09-23 11:49:54.216838
2025-09-23,50479,2025092303002578,SADBL,Imperial Securities Company Pvt. Ltd.,Trisul Securities & Invt. Ltd.,374,417.9,156294.6,2025-09-23 11:52:45.103810
2025-09-23,50478,2025092303002579,SADBL,Imperial Securities Company Pvt. Ltd.,Arun Securities (PVT) Ltd.,100,418.0,41800.0,2025-09-23 11:52:45.103906
2025-09-23,50477,2025092303002580,SADBL,Imperial Securities Company Pvt. Ltd.,Vision Securities Pvt. Ltd,26,418.0,10868.0,2025-09-23 11:52:45.103948
2025-09-23,49965,2025092303002667,SADBL,Naasa Securities Co. Ltd.,Vision Securities Pvt. Ltd,10,418.0,4180.0,2025-09-23 11:54:41.358650
2025-09-23,49885,2025092303002683,SADBL,Midas Stock Broking Company Private Limited,Vision Securities Pvt. Ltd,164,418.0,68552.0,2025-09-23 11:54:57.107958
2025-09-23,49760,2025092303002699,SADBL,N.I.M.B. Stock Markets Limited,Sweta Securities Private Limited,120,419.9,50388.0,2025-09-23 11:55:35.882537
2025-09-23,49759,2025092303002700,SADBL,N.I.M.B. Stock Markets Limited,Himalayan Brokerage Company Limited,1000,420.0,420000.0,2025-09-23 11:55:35.882645
2025-09-23,49758,2025092303002701,SADBL,N.I.M.B. Stock Markets Limited,R.B.B. Securities Company Ltd,100,420.0,42000.0,2025-09-23 11:55:35.882696
2025-09-23,48930,2025092303002835,SADBL,Capital Max Securities Ltd,Aryatara Investment & Securities,50,420.0,21000.0,2025-09-23 11:58:22.249438
2025-09-23,47921,2025092303003039,SADBL,Aryatara Investment & Securities,Siprabi Securities Pvt. Ltd.,150,422.0,63300.0,2025-09-23 12:02:10.484543
2025-09-23,47439,2025092303003108,SADBL,Opal Securities Investment (PVT) Ltd.,Siprabi Securities Pvt. Ltd.,45,422.0,18990.0,2025-09-23 12:03:58.938347
2025-09-23,47306,2025092303003126,SADBL,Capital Max Securities Ltd,Siprabi Securities Pvt. Ltd.,200,422.0,84400.0,2025-09-23 12:04:31.323359
2025-09-23,47108,2025092303003162,SADBL,N.I.M.B. Stock Markets Limited,Siprabi Securities Pvt. Ltd.,105,422.0,44310.0,2025-09-23 12:05:23.751682
2025-09-23,47107,2025092303003163,SADBL,N.I.M.B. Stock Markets Limited,Dakshinkali Investment & Securities Pvt. Ltd.,895,422.0,377690.0,2025-09-23 12:05:23.751783
2025-09-23,47031,2025092303003168,SADBL,Dakshinkali Investment & Securities Pvt. Ltd.,Dakshinkali Investment & Securities Pvt. Ltd.,1000,422.0,422000.0,2025-09-23 12:05:36.376741
2025-09-23,46460,2025092303003266,SADBL,Dakshinkali Investment & Securities Pvt. Ltd.,Dakshinkali Investment & Securities Pvt. Ltd.,105,422.0,44310.0,2025-09-23 12:07:15.751371
2025-09-23,46459,2025092303003267,SADBL,Dakshinkali Investment & Securities Pvt. Ltd.,N.I.M.B. Stock Markets Limited,895,422.0,377690.0,2025-09-23 12:07:15.751505
2025-09-23,45128,2025092303003516,SADBL,Aryatara Investment & Securities,Asian Securities Private Ltd.,50,420.1,21005.0,2025-09-23 12:12:09.436056
2025-09-23,45127,2025092303003517,SADBL,Creative Securities Pvt Ltd,Asian Securities Private Ltd.,357,420.1,149975.7,2025-09-23 12:12:09.436148
2025-09-23,44811,2025092303003544,SADBL,Thrive Brokerage House Pvt. Ltd,Neev Securities Pvt. Ltd.,50,420.0,21000.0,2025-09-23 12:13:06.862902
2025-09-23,44632,2025092303003564,SADBL,Midas Stock Broking Company Private Limited,Asian Securities Private Ltd.,57,419.0,23883.0,2025-09-23 12:13:43.347638
2025-09-23,44478,2025092303003580,SADBL,Midas Stock Broking Company Private Limited,Trishakti Securities Public Limited,98,419.0,41062.0,2025-09-23 12:14:16.523971
2025-09-23,44477,2025092303003581,SADBL,N.I.M.B. Stock Markets Limited,Trishakti Securities Public Limited,52,418.1,21741.2,2025-09-23 12:14:16.524160
2025-09-23,43888,2025092303003701,SADBL,Opal Securities Investment (PVT) Ltd.,Sewa Securities Pvt. Ltd.,200,418.2,83640.0,2025-09-23 12:16:34.095251
2025-09-23,43018,2025092303003896,SADBL,Naasa Securities Co. Ltd.,South Asian Bulls Pvt. Ltd.,500,418.3,209150.0,2025-09-23 12:19:56.456930
2025-09-23,42945,2025092303003900,SADBL,N.I.M.B. Stock Markets Limited,South Asian Bulls Pvt. Ltd.,350,419.9,146965.0,2025-09-23 12:20:08.022167
2025-09-23,42940,2025092303003902,SADBL,N.I.M.B. Stock Markets Limited,South Asian Bulls Pvt. Ltd.,98,419.9,41150.2,2025-09-23 12:20:10.248306
2025-09-23,42939,2025092303003903,SADBL,Opal Securities Investment (PVT) Ltd.,South Asian Bulls Pvt. Ltd.,300,418.2,125460.0,2025-09-23 12:20:10.248407
2025-09-23,42938,2025092303003904,SADBL,Market Securities & Exchange (PVT) Ltd.,South Asian Bulls Pvt. Ltd.,12,418.1,5017.2,2025-09-23 12:20:10.248449
2025-09-23,42937,2025092303003905,SADBL,Midas Stock Broking Company Private Limited,South Asian Bulls Pvt. Ltd.,336,418.0,140448.0,2025-09-23 12:20:10.248488
2025-09-23,42357,2025092303003965,SADBL,Sumeru Securities Pvt. Ltd.,Sri Hari Securities Pvt. Ltd.,350,419.6,146860.0,2025-09-23 12:22:00.756499
2025-09-23,42356,2025092303003966,SADBL,Sumeru Securities Pvt. Ltd.,Neev Securities Pvt. Ltd.,650,420.0,273000.0,2025-09-23 12:22:00.756590
2025-09-23,42313,2025092303003973,SADBL,Sumeru Securities Pvt. Ltd.,Neev Securities Pvt. Ltd.,1000,420.0,420000.0,2025-09-23 12:22:11.903151
2025-09-23,42261,2025092303003980,SADBL,Sumeru Securities Pvt. Ltd.,Neev Securities Pvt. Ltd.,1000,420.0,420000.0,2025-09-23 12:22:21.676283
2025-09-23,42197,2025092303003993,SADBL,Sumeru Securities Pvt. Ltd.,Neev Securities Pvt. Ltd.,1000,420.0,420000.0,2025-09-23 12:22:34.478192
2025-09-23,41068,2025092303004180,SADBL,Dakshinkali Investment & Securities Pvt. Ltd.,Trisul Securities & Invt. Ltd.,790,416.5,329035.0,2025-09-23 12:27:02.441162
2025-09-23,39563,2025092303004403,SADBL,Midas Stock Broking Company Private Limited,Nepal Stock House (PVT) Ltd.,20,417.0,8340.0,2025-09-23 12:33:22.632442
2025-09-23,39037,2025092303004497,SADBL,Midas Stock Broking Company Private Limited,Dakshinkali Investment & Securities Pvt. Ltd.,80,417.0,33360.0,2025-09-23 12:35:37.889071
2025-09-23,39036,2025092303004498,SADBL,Dakshinkali Investment & Securities Pvt. Ltd.,Dakshinkali Investment & Securities Pvt. Ltd.,210,416.5,87465.0,2025-09-23 12:35:37.889177
2025-09-23,39035,2025092303004499,SADBL,Midas Stock Broking Company Private Limited,Dakshinkali Investment & Securities Pvt. Ltd.,100,416.3,41630.0,2025-09-23 12:35:37.889220
2025-09-23,39034,2025092303004500,SADBL,Midas Stock Broking Company Private Limited,Dakshinkali Investment & Securities Pvt. Ltd.,50,416.2,20810.0,2025-09-23 12:35:37.889263
2025-09-23,39033,2025092303004501,SADBL,Trishakti Securities Public Limited,Dakshinkali Investment & Securities Pvt. Ltd.,60,416.1,24966.0,2025-09-23 12:35:37.889305
2025-09-23,38166,2025092303004665,SADBL,Midas Stock Broking Company Private Limited,INDEX SECURITIES LIMITED,10,417.0,4170.0,2025-09-23 12:39:02.662822
2025-09-23,37777,2025092303004715,SADBL,Trishakti Securities Public Limited,R.B.B. Securities Company Ltd,200,416.1,83220.0,2025-09-23 12:40:21.437138
2025-09-23,37078,2025092303004781,SADBL,Trishakti Securities Public Limited,INDEX SECURITIES LIMITED,240,416.1,99864.0,2025-09-23 12:42:23.846749
2025-09-23,37077,2025092303004782,SADBL,Sundhara Securities Limited,INDEX SECURITIES LIMITED,350,416.1,145635.0,2025-09-23 12:42:23.846941
2025-09-23,36164,2025092303004929,SADBL,Sundhara Securities Limited,Vision Securities Pvt. Ltd,15,416.1,6241.5,2025-09-23 12:45:41.281008
2025-09-23,35769,2025092303005004,SADBL,Sundhara Securities Limited,Dynamic Money Managers Securities Pvt. Ltd.,235,416.1,97783.5,2025-09-23 12:47:08.165375
2025-09-23,35768,2025092303005005,SADBL,ABC Securities Private Limited,Dynamic Money Managers Securities Pvt. Ltd.,115,416.0,47840.0,2025-09-23 12:47:08.165621
2025-09-23,35192,2025092303005071,SADBL,ABC Securities Private Limited,Sri Hari Securities Pvt. Ltd.,54,416.0,22464.0,2025-09-23 12:49:38.898323
2025-09-23,34735,2025092303005153,SADBL,Dipshikha Dhitopatra Karobar Co. Pvt Ltd.,R.B.B. Securities Company Ltd,45,416.1,18724.5,2025-09-23 12:52:03.168657
2025-09-23,34717,2025092303005156,SADBL,Midas Stock Broking Company Private Limited,R.B.B. Securities Company Ltd,100,416.1,41610.0,2025-09-23 12:52:08.668107
2025-09-23,34666,2025092303005167,SADBL,N.I.M.B. Stock Markets Limited,R.B.B. Securities Company Ltd,110,416.1,45771.0,2025-09-23 12:52:28.835156
2025-09-23,33403,2025092303005351,SADBL,SHUBHAKAMANA SECURITIES PVT. LTD,Capital Max Securities Ltd,200,416.3,83260.0,2025-09-23 12:58:56.950514
2025-09-23,33160,2025092303005376,SADBL,Midas Stock Broking Company Private Limited,South Asian Bulls Pvt. Ltd.,10,419.9,4199.0,2025-09-23 13:00:08.293358
2025-09-23,32990,2025092303005391,SADBL,Midas Stock Broking Company Private Limited,South Asian Bulls Pvt. Ltd.,500,419.9,209950.0,2025-09-23 13:01:08.382459
2025-09-23,32475,2025092303005448,SADBL,Nepal Stock House (PVT) Ltd.,South Asian Bulls Pvt. Ltd.,120,419.9,50388.0,2025-09-23 13:03:36.746942
2025-09-23,32098,2025092303005490,SADBL,SHUBHAKAMANA SECURITIES PVT. LTD,South Asian Bulls Pvt. Ltd.,466,419.9,195673.4,2025-09-23 13:05:19.076187
2025-09-23,32097,2025092303005491,SADBL,SHUBHAKAMANA SECURITIES PVT. LTD,Neev Securities Pvt. Ltd.,534,420.0,224280.0,2025-09-23 13:05:19.076291
2025-09-23,30469,2025092303005748,SADBL,SHUBHAKAMANA SECURITIES PVT. LTD,Neev Securities Pvt. Ltd.,766,420.0,321720.0,2025-09-23 13:13:19.734259
2025-09-23,30468,2025092303005749,SADBL,SHUBHAKAMANA SECURITIES PVT. LTD,Neev Securities Pvt. Ltd.,1000,420.0,420000.0,2025-09-23 13:13:19.734534
2025-09-23,29333,2025092303005927,SADBL,SHUBHAKAMANA SECURITIES PVT. LTD,Vision Securities Pvt. Ltd,10,420.0,4200.0,2025-09-23 13:20:20.671948
2025-09-23,29332,2025092303005928,SADBL,SHUBHAKAMANA SECURITIES PVT. LTD,N.I.M.B. Stock Markets Limited,105,420.9,44194.5,2025-09-23 13:20:20.672088
2025-09-23,29331,2025092303005929,SADBL,SHUBHAKAMANA SECURITIES PVT. LTD,Sumeru Securities Pvt. Ltd.,200,421.0,84200.0,2025-09-23 13:20:20.672141
2025-09-23,29330,2025092303005930,SADBL,SHUBHAKAMANA SECURITIES PVT. LTD,Linch Stock Market Ltd.,270,421.0,113670.0,2025-09-23 13:20:20.672187
2025-09-23,29329,2025092303005931,SADBL,SHUBHAKAMANA SECURITIES PVT. LTD,Sumeru Securities Pvt. Ltd.,200,421.5,84300.0,2025-09-23 13:20:20.672232
2025-09-23,29328,2025092303005932,SADBL,SHUBHAKAMANA SECURITIES PVT. LTD,Dipshikha Dhitopatra Karobar Co. Pvt Ltd.,215,422.2,90773.0,2025-09-23 13:20:20.672290
2025-09-23,28666,2025092303006048,SADBL,Ashutosh Brokerage & Securities (PVT) Ltd.,Capital Max Securities Ltd,100,420.0,42000.0,2025-09-23 13:24:29.750399
2025-09-23,27678,2025092303006200,SADBL,Sumeru Securities Pvt. Ltd.,Agrawal Securities (PVT) Ltd.,60,421.5,25290.0,2025-09-23 13:29:21.061079
2025-09-23,27540,2025092303006222,SADBL,Aryatara Investment & Securities,Nepal Stock House (PVT) Ltd.,20,421.0,8420.0,2025-09-23 13:30:11.287582
2025-09-23,27539,2025092303006223,SADBL,Aryatara Investment & Securities,Agrawal Securities (PVT) Ltd.,190,421.5,80085.0,2025-09-23 13:30:11.287797
2025-09-23,27538,2025092303006224,SADBL,Aryatara Investment & Securities,Midas Stock Broking Company Private Limited,260,421.9,109694.0,2025-09-23 13:30:11.287972
2025-09-23,27537,2025092303006225,SADBL,Aryatara Investment & Securities,Naasa Securities Co. Ltd.,1530,422.1,645813.0,2025-09-23 13:30:11.288113
2025-09-23,26379,2025092303006456,SADBL,SHUBHAKAMANA SECURITIES PVT. LTD,Imperial Securities Company Pvt. Ltd.,28,422.0,11816.0,2025-09-23 13:35:30.617858
2025-09-23,26378,2025092303006457,SADBL,SHUBHAKAMANA SECURITIES PVT. LTD,Primo Securities (PVT) Ltd.,1005,422.0,424110.0,2025-09-23 13:35:30.618155
2025-09-23,26377,2025092303006458,SADBL,SHUBHAKAMANA SECURITIES PVT. LTD,Naasa Securities Co. Ltd.,467,422.1,197120.7,2025-09-23 13:35:30.618351
2025-09-23,26166,2025092303006492,SADBL,Dakshinkali Investment & Securities Pvt. Ltd.,Dipshikha Dhitopatra Karobar Co. Pvt Ltd.,410,422.2,173102.0,2025-09-23 13:36:29.613649
2025-09-23,26165,2025092303006493,SADBL,Dakshinkali Investment & Securities Pvt. Ltd.,INDEX SECURITIES LIMITED,590,422.3,249157.0,2025-09-23 13:36:29.613764
2025-09-23,24948,2025092303006719,SADBL,Opal Securities Investment (PVT) Ltd.,Primo Securities (PVT) Ltd.,2000,422.2,844400.0,2025-09-23 13:42:05.721064
2025-09-23,24947,2025092303006720,SADBL,Opal Securities Investment (PVT) Ltd.,INDEX SECURITIES LIMITED,1410,422.3,595443.0,2025-09-23 13:42:05.721307
2025-09-23,24946,2025092303006721,SADBL,Opal Securities Investment (PVT) Ltd.,Oxford Securities Pvt. Ltd.,1500,422.8,634200.0,2025-09-23 13:42:05.721466
2025-09-23,24945,2025092303006722,SADBL,Opal Securities Investment (PVT) Ltd.,Imperial Securities Company Pvt. Ltd.,90,423.3,38097.0,2025-09-23 13:42:05.721610
2025-09-23,24705,2025092303006776,SADBL,Cristal Kanchanjanga Securites Pvt. Ltd.,Capital Max Securities Ltd,100,421.2,42120.0,2025-09-23 13:43:01.760595
2025-09-23,24606,2025092303006791,SADBL,Sundhara Securities Limited,Imperial Securities Company Pvt. Ltd.,10,423.3,4233.0,2025-09-23 13:43:25.021329
2025-09-23,24605,2025092303006792,SADBL,Sundhara Securities Limited,Primo Securities (PVT) Ltd.,390,423.3,165087.0,2025-09-23 13:43:25.021547
2025-09-23,24120,2025092303006898,SADBL,Ashutosh Brokerage & Securities (PVT) Ltd.,Trisul Securities & Invt. Ltd.,12,422.0,5064.0,2025-09-23 13:45:19.424332
2025-09-23,24090,2025092303006902,SADBL,Agrawal Securities (PVT) Ltd.,Primo Securities (PVT) Ltd.,100,423.3,42330.0,2025-09-23 13:45:24.120912
2025-09-23,23767,2025092303006969,SADBL,Dakshinkali Investment & Securities Pvt. Ltd.,Primo Securities (PVT) Ltd.,2000,422.1,844200.0,2025-09-23 13:46:32.008284
2025-09-23,23766,2025092303006970,SADBL,Ashutosh Brokerage & Securities (PVT) Ltd.,Primo Securities (PVT) Ltd.,888,422.0,374736.0,2025-09-23 13:46:32.008417
2025-09-23,23761,2025092303006972,SADBL,Midas Stock Broking Company Private Limited,Primo Securities (PVT) Ltd.,200,422.0,84400.0,2025-09-23 13:46:33.952341
2025-09-23,22138,2025092303007226,SADBL,Kumari Securities Private Limited,Primo Securities (PVT) Ltd.,422,421.5,177873.0,2025-09-23 13:52:20.071937
2025-09-23,21886,2025092303007279,SADBL,Kumari Securities Private Limited,Online Securities Pvt. Ltd.,78,421.5,32877.0,2025-09-23 13:53:07.150980
2025-09-23,21677,2025092303007326,SADBL,Dakshinkali Investment & Securities Pvt. Ltd.,Online Securities Pvt. Ltd.,72,421.5,30348.0,2025-09-23 13:54:02.865475
2025-09-23,20807,2025092303007475,SADBL,Midas Stock Broking Company Private Limited,Vision Securities Pvt. Ltd,10,422.9,4229.0,2025-09-23 13:57:25.248915
2025-09-23,20769,2025092303007477,SADBL,Neev Securities Pvt. Ltd.,Vision Securities Pvt. Ltd,100,422.9,42290.0,2025-09-23 13:57:29.589045
2025-09-23,20010,2025092303007648,SADBL,SHUBHAKAMANA SECURITIES PVT. LTD,Vision Securities Pvt. Ltd,90,422.9,38061.0,2025-09-23 14:00:29.798269
2025-09-23,20009,2025092303007649,SADBL,SHUBHAKAMANA SECURITIES PVT. LTD,Agrawal Securities (PVT) Ltd.,1000,423.0,423000.0,2025-09-23 14:00:29.798410
2025-09-23,20008,2025092303007650,SADBL,SHUBHAKAMANA SECURITIES PVT. LTD,Imperial Securities Company Pvt. Ltd.,100,423.6,42360.0,2025-09-23 14:00:29.798457
2025-09-23,20007,2025092303007651,SADBL,SHUBHAKAMANA SECURITIES PVT. LTD,Imperial Securities Company Pvt. Ltd.,100,423.7,42370.0,2025-09-23 14:00:29.798499
2025-09-23,20006,2025092303007652,SADBL,SHUBHAKAMANA SECURITIES PVT. LTD,Dynamic Money Managers Securities Pvt. Ltd.,1000,423.9,423900.0,2025-09-23 14:00:29.798564
2025-09-23,19688,2025092303007751,SADBL,Dakshinkali Investment & Securities Pvt. Ltd.,Dakshinkali Investment & Securities Pvt. Ltd.,928,422.1,391708.8,2025-09-23 14:01:38.515562
2025-09-23,19460,2025092303007782,SADBL,Aryatara Investment & Securities,Dakshinkali Investment & Securities Pvt. Ltd.,72,422.1,30391.2,2025-09-23 14:02:29.085536
2025-09-23,18393,2025092303007960,SADBL,Dakshinkali Investment & Securities Pvt. Ltd.,Kumari Securities Private Limited,697,424.4,295806.8,2025-09-23 14:06:50.241771
2025-09-23,17591,2025092303008125,SADBL,Thrive Brokerage House Pvt. Ltd,Aryatara Investment & Securities,42,422.2,17732.4,2025-09-23 14:09:51.037383
2025-09-23,17297,2025092303008181,SADBL,Aryatara Investment & Securities,Midas Stock Broking Company Private Limited,28,425.0,11900.0,2025-09-23 14:10:45.580614
2025-09-23,17080,2025092303008216,SADBL,SHUBHAKAMANA SECURITIES PVT. LTD,Midas Stock Broking Company Private Limited,972,425.0,413100.0,2025-09-23 14:11:33.302690
2025-09-23,17079,2025092303008217,SADBL,SHUBHAKAMANA SECURITIES PVT. LTD,Sani Securities Company Ltd.,1000,425.0,425000.0,2025-09-23 14:11:33.302815
2025-09-23,17078,2025092303008218,SADBL,SHUBHAKAMANA SECURITIES PVT. LTD,Premier Securities Company Ltd.,100,425.0,42500.0,2025-09-23 14:11:33.302859
2025-09-23,17077,2025092303008219,SADBL,SHUBHAKAMANA SECURITIES PVT. LTD,Sani Securities Company Ltd.,372,425.1,158137.2,2025-09-23 14:11:33.302902
2025-09-23,16515,2025092303008304,SADBL,Oxford Securities Pvt. Ltd.,Midas Stock Broking Company Private Limited,200,425.0,85000.0,2025-09-23 14:13:40.495625
2025-09-23,14824,2025092303008650,SADBL,Midas Stock Broking Company Private Limited,Vision Securities Pvt. Ltd,100,424.0,42400.0,2025-09-23 14:20:24.027458
2025-09-23,13436,2025092303008885,SADBL,Midas Stock Broking Company Private Limited,ABC Securities Private Limited,100,422.8,42280.0,2025-09-23 14:25:39.879108
2025-09-23,13435,2025092303008886,SADBL,Midas Stock Broking Company Private Limited,ABC Securities Private Limited,100,422.7,42270.0,2025-09-23 14:25:39.879342
2025-09-23,13434,2025092303008887,SADBL,Thrive Brokerage House Pvt. Ltd,ABC Securities Private Limited,208,422.6,87900.8,2025-09-23 14:25:39.879497
2025-09-23,13433,2025092303008888,SADBL,MILKY WAY SHARE BROKER COMPANY LTD ,ABC Securities Private Limited,1000,422.0,422000.0,2025-09-23 14:25:39.879634
2025-09-23,13432,2025092303008889,SADBL,Arun Securities (PVT) Ltd.,ABC Securities Private Limited,30,422.0,12660.0,2025-09-23 14:25:39.879773
2025-09-23,12935,2025092303008955,SADBL,Midas Stock Broking Company Private Limited,ABC Securities Private Limited,100,422.0,42200.0,2025-09-23 14:27:29.710652
2025-09-23,12653,2025092303009006,SADBL,Siprabi Securities Pvt. Ltd.,ABC Securities Private Limited,462,422.0,194964.0,2025-09-23 14:28:40.656606
2025-09-23,11815,2025092303009161,SADBL,Siprabi Securities Pvt. Ltd.,Sharepro Securities Private Limited,38,422.0,16036.0,2025-09-23 14:32:12.874170
2025-09-23,11814,2025092303009162,SADBL,Siprabi Securities Pvt. Ltd.,Sharepro Securities Private Limited,962,422.0,405964.0,2025-09-23 14:32:12.874387
2025-09-23,10533,2025092303009411,SADBL,Dipshikha Dhitopatra Karobar Co. Pvt Ltd.,Agrawal Securities (PVT) Ltd.,100,423.9,42390.0,2025-09-23 14:37:40.850657
2025-09-23,9974,2025092303009501,SADBL,Dipshikha Dhitopatra Karobar Co. Pvt Ltd.,Agrawal Securities (PVT) Ltd.,70,423.9,29673.0,2025-09-23 14:40:00.457906
2025-09-23,9238,2025092303009652,SADBL,Siprabi Securities Pvt. Ltd.,Sweta Securities Private Limited,1000,422.2,422200.0,2025-09-23 14:42:16.978085
2025-09-23,8894,2025092303009725,SADBL,Siprabi Securities Pvt. Ltd.,Dipshikha Dhitopatra Karobar Co. Pvt Ltd.,38,422.0,16036.0,2025-09-23 14:43:25.314752
2025-09-23,8366,2025092303009834,SADBL,Secured Securities Ltd.,Dipshikha Dhitopatra Karobar Co. Pvt Ltd.,12,422.0,5064.0,2025-09-23 14:45:02.206898
2025-09-23,6915,2025092303010054,SADBL,Bhrikuti Stock Broking Co. Pvt. Ltd.,Siprabi Securities Pvt. Ltd.,120,424.5,50940.0,2025-09-23 14:49:07.192321
2025-09-23,6802,2025092303010076,SADBL,Bhrikuti Stock Broking Co. Pvt. Ltd.,Swarna Laxmi Securities Pvt. Ltd.,100,424.8,42480.0,2025-09-23 14:49:26.542689
2025-09-23,4746,2025092303010425,SADBL,Siprabi Securities Pvt. Ltd.,Aakashbhairab Securities Ltd.,200,424.0,84800.0,2025-09-23 14:54:33.685251
2025-09-23,4401,2025092303010489,SADBL,Siprabi Securities Pvt. Ltd.,Midas Stock Broking Company Private Limited,300,424.8,127440.0,2025-09-23 14:55:25.852361
2025-09-23,3693,2025092303010615,SADBL,Linch Stock Market Ltd.,Dynamic Money Managers Securities Pvt. Ltd.,10,424.9,4249.0,2025-09-23 14:56:38.332068
2025-09-23,3690,2025092303010616,SADBL,Siprabi Securities Pvt. Ltd.,Capital Max Securities Ltd,200,424.8,84960.0,2025-09-23 14:56:38.631836
2025-09-23,3326,2025092303010680,SADBL,Siprabi Securities Pvt. Ltd.,Dynamic Money Managers Securities Pvt. Ltd.,400,424.9,169960.0,2025-09-23 14:57:14.090877
2025-09-23,3118,2025092303010717,SADBL,Siprabi Securities Pvt. Ltd.,Dynamic Money Managers Securities Pvt. Ltd.,590,424.9,250691.0,2025-09-23 14:57:31.338605
2025-09-23,3117,2025092303010718,SADBL,Siprabi Securities Pvt. Ltd.,Siprabi Securities Pvt. Ltd.,186,425.0,79050.0,2025-09-23 14:57:31.338820
2025-09-23,3116,2025092303010719,SADBL,Siprabi Securities Pvt. Ltd.,Dakshinkali Investment & Securities Pvt. Ltd.,224,425.0,95200.0,2025-09-23 14:57:31.338948
2025-09-23,2984,2025092303010759,SADBL,Siprabi Securities Pvt. Ltd.,Dakshinkali Investment & Securities Pvt. Ltd.,776,425.0,329800.0,2025-09-23 14:57:45.494315
2025-09-23,2983,2025092303010760,SADBL,Siprabi Securities Pvt. Ltd.,Asian Securities Private Ltd.,100,425.0,42500.0,2025-09-23 14:57:45.494541
2025-09-23,2930,2025092303010776,SADBL,KALASH STOCK MARKET PVT. LTD.,Sani Securities Company Ltd.,100,425.1,42510.0,2025-09-23 14:57:50.368809
2025-09-23,2888,2025092303010791,SADBL,Siprabi Securities Pvt. Ltd.,Linch Stock Market Ltd.,124,425.0,52700.0,2025-09-23 14:57:55.310148
2025-09-23,2717,2025092303010843,SADBL,Siprabi Securities Pvt. Ltd.,Sweta Securities Private Limited,300,424.8,127440.0,2025-09-23 14:58:08.337216
2025-09-23,1270,2025092303011121,SADBL,Sani Securities Company Ltd.,Midas Stock Broking Company Private Limited,200,423.0,84600.0,2025-09-23 14:59:24.370094
2025-09-23,662,2025092303011269,SADBL,K.B.L. Securities Limited ,Linch Stock Market Ltd.,200,422.3,84460.0,2025-09-23 14:59:48.872030
2025-09-23,661,2025092303011270,SADBL,Midas Stock Broking Company Private Limited,Linch Stock Market Ltd.,476,422.3,201014.8,2025-09-23 14:59:48.872129
2025-09-23,557,2025092303011301,SADBL,Sweta Securities Private Limited,Neev Securities Pvt. Ltd.,10,424.8,4248.0,2025-09-23 14:59:50.745651
