Date,S.N.,Contract ID,Symbol,Buyer Broker,Seller Broker,volume,rate,amount,transaction_time
2025-09-23,64703,2025092304000869,SHL,Vision Securities Pvt. Ltd,Imperial Securities Company Pvt. Ltd.,200,521.0,104200.0,2025-09-23 11:08:54.440194
2025-09-23,64609,2025092304000898,SHL,Secured Securities Ltd.,Imperial Securities Company Pvt. Ltd.,200,524.0,104800.0,2025-09-23 11:09:07.760053
2025-09-23,64465,2025092304000970,SHL,Naasa Securities Co. Ltd.,Opal Securities Investment (PVT) Ltd.,12,520.0,6240.0,2025-09-23 11:09:31.740050
2025-09-23,64279,2025092304001043,SHL,Asian Securities Private Ltd.,Bhrikuti Stock Broking Co. Pvt. Ltd.,300,525.0,157500.0,2025-09-23 11:09:58.669881
2025-09-23,64036,2025092304001133,SHL,Dipshikha Dhitopatra Karobar Co. Pvt Ltd.,Dynamic Money Managers Securities Pvt. Ltd.,100,527.0,52700.0,2025-09-23 11:10:40.544752
2025-09-23,64018,2025092304001149,SHL,Secured Securities Ltd.,Naasa Securities Co. Ltd.,300,525.0,157500.0,2025-09-23 11:10:44.030424
2025-09-23,64017,2025092304001150,SHL,Dynamic Money Managers Securities Pvt. Ltd.,Naasa Securities Co. Ltd.,200,524.5,104900.0,2025-09-23 11:10:44.030488
2025-09-23,62515,2025092304001659,SHL,Dynamic Money Managers Securities Pvt. Ltd.,Sweta Securities Private Limited,200,525.2,105040.0,2025-09-23 11:15:24.619682
2025-09-23,62507,2025092304001662,SHL,Secured Securities Ltd.,Imperial Securities Company Pvt. Ltd.,100,526.0,52600.0,2025-09-23 11:15:25.554558
2025-09-23,62506,2025092304001663,SHL,Secured Securities Ltd.,Nepal Stock House (PVT) Ltd.,200,527.0,105400.0,2025-09-23 11:15:25.554649
2025-09-23,62032,2025092304001795,SHL,Opal Securities Investment (PVT) Ltd.,KALASH STOCK MARKET PVT. LTD.,120,526.8,63216.0,2025-09-23 11:17:02.807859
2025-09-23,61970,2025092304001811,SHL,Opal Securities Investment (PVT) Ltd.,Sani Securities Company Ltd.,139,526.8,73225.2,2025-09-23 11:17:16.224855
2025-09-23,61812,2025092304001890,SHL,Cristal Kanchanjanga Securites Pvt. Ltd.,Imperial Securities Company Pvt. Ltd.,100,526.8,52680.0,2025-09-23 11:17:46.429948
2025-09-23,61787,2025092304001898,SHL,South Asian Bulls Pvt. Ltd.,Sweta Securities Private Limited,200,526.9,105380.0,2025-09-23 11:17:50.908966
2025-09-23,61665,2025092304001931,SHL,Neev Securities Pvt. Ltd.,Nepal Stock House (PVT) Ltd.,200,527.0,105400.0,2025-09-23 11:18:14.670615
2025-09-23,61653,2025092304001937,SHL,Asian Securities Private Ltd.,Nepal Stock House (PVT) Ltd.,200,527.0,105400.0,2025-09-23 11:18:20.404907
2025-09-23,61608,2025092304001947,SHL,Secured Securities Ltd.,Nepal Stock House (PVT) Ltd.,250,527.0,131750.0,2025-09-23 11:18:30.371760
2025-09-23,61539,2025092304001960,SHL,Online Securities Pvt. Ltd.,Nepal Stock House (PVT) Ltd.,150,527.0,79050.0,2025-09-23 11:18:46.390232
2025-09-23,61538,2025092304001961,SHL,Online Securities Pvt. Ltd.,Agrawal Securities (PVT) Ltd.,100,527.9,52790.0,2025-09-23 11:18:46.390319
2025-09-23,61537,2025092304001962,SHL,Online Securities Pvt. Ltd.,Bhrikuti Stock Broking Co. Pvt. Ltd.,300,527.9,158370.0,2025-09-23 11:18:46.390353
2025-09-23,61536,2025092304001963,SHL,Online Securities Pvt. Ltd.,Cristal Kanchanjanga Securites Pvt. Ltd.,200,527.9,105580.0,2025-09-23 11:18:46.390386
2025-09-23,61535,2025092304001964,SHL,Online Securities Pvt. Ltd.,Vision Securities Pvt. Ltd,100,527.9,52790.0,2025-09-23 11:18:46.390415
2025-09-23,59952,2025092304002390,SHL,Himalayan Securities Limited,Imperial Securities Company Pvt. Ltd.,200,530.0,106000.0,2025-09-23 11:24:00.457798
2025-09-23,59951,2025092304002391,SHL,Himalayan Securities Limited,Primo Securities (PVT) Ltd.,100,530.0,53000.0,2025-09-23 11:24:00.457867
2025-09-23,59637,2025092304002480,SHL,Himalayan Securities Limited,Imperial Securities Company Pvt. Ltd.,200,533.0,106600.0,2025-09-23 11:25:08.369270
2025-09-23,59559,2025092304002496,SHL,Himalayan Securities Limited,Imperial Securities Company Pvt. Ltd.,500,534.0,267000.0,2025-09-23 11:25:23.409511
2025-09-23,59155,2025092304002613,SHL,Asian Securities Private Ltd.,Imperial Securities Company Pvt. Ltd.,150,534.0,80100.0,2025-09-23 11:26:29.103443
2025-09-23,59112,2025092304002624,SHL,Aryatara Investment & Securities,Imperial Securities Company Pvt. Ltd.,100,534.0,53400.0,2025-09-23 11:26:37.872648
2025-09-23,58958,2025092304002675,SHL,Vision Securities Pvt. Ltd,Imperial Securities Company Pvt. Ltd.,100,534.0,53400.0,2025-09-23 11:27:00.973492
2025-09-23,58636,2025092304002767,SHL,Sani Securities Company Ltd.,Dakshinkali Investment & Securities Pvt. Ltd.,200,534.0,106800.0,2025-09-23 11:27:51.064189
2025-09-23,58281,2025092304002906,SHL,Online Securities Pvt. Ltd.,Neev Securities Pvt. Ltd.,100,534.3,53430.0,2025-09-23 11:28:40.196992
2025-09-23,57948,2025092304003005,SHL,Midas Stock Broking Company Private Limited,Neev Securities Pvt. Ltd.,400,534.3,213720.0,2025-09-23 11:29:34.361856
2025-09-23,57947,2025092304003006,SHL,Midas Stock Broking Company Private Limited,Agrawal Securities (PVT) Ltd.,100,534.4,53440.0,2025-09-23 11:29:34.361929
2025-09-23,57946,2025092304003007,SHL,Midas Stock Broking Company Private Limited,Agrawal Securities (PVT) Ltd.,1500,535.0,802500.0,2025-09-23 11:29:34.361966
2025-09-23,57774,2025092304003059,SHL,Midas Stock Broking Company Private Limited,Agrawal Securities (PVT) Ltd.,280,535.0,149800.0,2025-09-23 11:30:00.779278
2025-09-23,57773,2025092304003060,SHL,Midas Stock Broking Company Private Limited,Kumari Securities Private Limited,110,535.5,58905.0,2025-09-23 11:30:00.779396
2025-09-23,57772,2025092304003061,SHL,Midas Stock Broking Company Private Limited,Vision Securities Pvt. Ltd,500,537.0,268500.0,2025-09-23 11:30:00.779457
2025-09-23,57771,2025092304003062,SHL,Midas Stock Broking Company Private Limited,Sri Hari Securities Pvt. Ltd.,100,539.9,53990.0,2025-09-23 11:30:00.779520
2025-09-23,56962,2025092304003286,SHL,Sharepro Securities Private Limited,Imperial Securities Company Pvt. Ltd.,200,539.9,107980.0,2025-09-23 11:32:13.816146
2025-09-23,56603,2025092304003370,SHL,Capital Max Securities Ltd,BHOLE GANESH SECURITIES LTD,100,540.0,54000.0,2025-09-23 11:33:04.892612
2025-09-23,56575,2025092304003377,SHL,Sani Securities Company Ltd.,BHOLE GANESH SECURITIES LTD,200,540.0,108000.0,2025-09-23 11:33:10.498811
2025-09-23,55861,2025092304003554,SHL,Imperial Securities Company Pvt. Ltd.,Imperial Securities Company Pvt. Ltd.,15,540.0,8100.0,2025-09-23 11:35:05.828201
2025-09-23,54665,2025092304003881,SHL,Malla & Malla Stock Broking Company Pvt. Limited,Vision Securities Pvt. Ltd,200,536.0,107200.0,2025-09-23 11:38:30.454944
2025-09-23,54253,2025092304004002,SHL,Neev Securities Pvt. Ltd.,Capital Max Securities Ltd,100,538.0,53800.0,2025-09-23 11:39:19.441599
2025-09-23,53446,2025092304004261,SHL,Naasa Securities Co. Ltd.,Vision Securities Pvt. Ltd,200,536.0,107200.0,2025-09-23 11:41:05.934422
2025-09-23,53363,2025092304004279,SHL,Naasa Securities Co. Ltd.,Online Securities Pvt. Ltd.,800,536.0,428800.0,2025-09-23 11:41:19.571144
2025-09-23,53244,2025092304004321,SHL,Secured Securities Ltd.,Dynamic Money Managers Securities Pvt. Ltd.,50,527.0,26350.0,2025-09-23 11:41:38.174144
2025-09-23,53222,2025092304004329,SHL,Agrawal Securities (PVT) Ltd.,Online Securities Pvt. Ltd.,100,536.0,53600.0,2025-09-23 11:41:42.240676
2025-09-23,53005,2025092304004396,SHL,S.P.S.A. Securities Limited,Online Securities Pvt. Ltd.,200,535.2,107040.0,2025-09-23 11:42:17.535047
2025-09-23,51742,2025092304004721,SHL,Asian Securities Private Ltd.,Opal Securities Investment (PVT) Ltd.,200,537.8,107560.0,2025-09-23 11:47:28.955053
2025-09-23,50941,2025092304004957,SHL,Asian Securities Private Ltd.,Ashutosh Brokerage & Securities (PVT) Ltd.,150,535.3,80295.0,2025-09-23 11:50:48.479997
2025-09-23,49910,2025092304005182,SHL,S.P.S.A. Securities Limited,Sharepro Securities Private Limited,116,535.2,62083.2,2025-09-23 11:54:53.155132
2025-09-23,49777,2025092304005222,SHL,S.P.S.A. Securities Limited,Ashutosh Brokerage & Securities (PVT) Ltd.,184,535.2,98476.8,2025-09-23 11:55:31.383071
2025-09-23,49631,2025092304005252,SHL,Aryatara Investment & Securities,Ashutosh Brokerage & Securities (PVT) Ltd.,200,535.0,107000.0,2025-09-23 11:56:07.421620
2025-09-23,49630,2025092304005253,SHL,South Asian Bulls Pvt. Ltd.,Ashutosh Brokerage & Securities (PVT) Ltd.,200,535.0,107000.0,2025-09-23 11:56:07.421757
2025-09-23,48672,2025092304005497,SHL,Malla & Malla Stock Broking Company Pvt. Limited,Swarna Laxmi Securities Pvt. Ltd.,100,535.0,53500.0,2025-09-23 11:59:17.945901
2025-09-23,47666,2025092304005698,SHL,Sani Securities Company Ltd.,Sundhara Securities Limited,100,534.0,53400.0,2025-09-23 12:03:05.646762
2025-09-23,47191,2025092304005818,SHL,Asian Securities Private Ltd.,Trisul Securities & Invt. Ltd.,100,536.0,53600.0,2025-09-23 12:05:03.689243
2025-09-23,46954,2025092304005911,SHL,Stoxkarts Securities Limited,Sweta Securities Private Limited,300,537.7,161310.0,2025-09-23 12:05:44.502548
2025-09-23,46953,2025092304005912,SHL,Stoxkarts Securities Limited,Agrawal Securities (PVT) Ltd.,100,537.8,53780.0,2025-09-23 12:05:44.502680
2025-09-23,46952,2025092304005913,SHL,Stoxkarts Securities Limited,Naasa Securities Co. Ltd.,100,537.9,53790.0,2025-09-23 12:05:44.502726
2025-09-23,46951,2025092304005914,SHL,Stoxkarts Securities Limited,Asian Securities Private Ltd.,150,538.9,80835.0,2025-09-23 12:05:44.502770
2025-09-23,46950,2025092304005915,SHL,Stoxkarts Securities Limited,Midas Stock Broking Company Private Limited,350,538.9,188615.0,2025-09-23 12:05:44.502812
2025-09-23,46534,2025092304006025,SHL,Kohinoor Investment & Securities Pvt. Ltd.,Online Securities Pvt. Ltd.,100,538.0,53800.0,2025-09-23 12:07:02.667680
2025-09-23,45557,2025092304006294,SHL,J.F. Securites (PVT) Ltd.,Malla & Malla Stock Broking Company Pvt. Limited,400,538.0,215200.0,2025-09-23 12:10:24.601775
2025-09-23,45471,2025092304006318,SHL,J.F. Securites (PVT) Ltd.,Online Securities Pvt. Ltd.,100,538.0,53800.0,2025-09-23 12:10:44.870382
2025-09-23,44445,2025092304006610,SHL,Naasa Securities Co. Ltd.,Sharepro Securities Private Limited,25,539.0,13475.0,2025-09-23 12:14:24.794191
2025-09-23,44026,2025092304006726,SHL,Linch Stock Market Ltd.,Sharepro Securities Private Limited,10,538.0,5380.0,2025-09-23 12:16:00.600505
2025-09-23,43941,2025092304006738,SHL,Naasa Securities Co. Ltd.,Sharepro Securities Private Limited,9,530.0,4770.0,2025-09-23 12:16:18.579632
2025-09-23,43677,2025092304006799,SHL,Nepal Stock House (PVT) Ltd.,Capital Hub P. Ltd,20,530.0,10600.0,2025-09-23 12:17:29.207073
2025-09-23,40285,2025092304007626,SHL,Capital Max Securities Ltd,Linch Stock Market Ltd.,100,534.5,53450.0,2025-09-23 12:30:37.154401
2025-09-23,40185,2025092304007644,SHL,Nepal Stock House (PVT) Ltd.,Sharepro Securities Private Limited,10,528.0,5280.0,2025-09-23 12:30:58.581696
2025-09-23,39684,2025092304007753,SHL,Asian Securities Private Ltd.,Midas Stock Broking Company Private Limited,200,534.1,106820.0,2025-09-23 12:32:47.309143
2025-09-23,39683,2025092304007754,SHL,Sani Securities Company Ltd.,Midas Stock Broking Company Private Limited,100,534.0,53400.0,2025-09-23 12:32:47.309248
2025-09-23,39682,2025092304007755,SHL,Naasa Securities Co. Ltd.,Midas Stock Broking Company Private Limited,200,534.0,106800.0,2025-09-23 12:32:47.309353
2025-09-23,39681,2025092304007756,SHL,Sani Securities Company Ltd.,Midas Stock Broking Company Private Limited,100,533.9,53390.0,2025-09-23 12:32:47.309456
2025-09-23,39680,2025092304007757,SHL,Kohinoor Investment & Securities Pvt. Ltd.,Midas Stock Broking Company Private Limited,214,533.3,114126.2,2025-09-23 12:32:47.309545
2025-09-23,39679,2025092304007758,SHL,Nepal Stock House (PVT) Ltd.,Midas Stock Broking Company Private Limited,200,533.2,106640.0,2025-09-23 12:32:47.309627
2025-09-23,39678,2025092304007759,SHL,Nepal Stock House (PVT) Ltd.,Midas Stock Broking Company Private Limited,200,533.1,106620.0,2025-09-23 12:32:47.309702
2025-09-23,39677,2025092304007760,SHL,Online Securities Pvt. Ltd.,Midas Stock Broking Company Private Limited,200,533.0,106600.0,2025-09-23 12:32:47.309777
2025-09-23,39676,2025092304007761,SHL,Sharepro Securities Private Limited,Midas Stock Broking Company Private Limited,100,533.0,53300.0,2025-09-23 12:32:47.309848
2025-09-23,39675,2025092304007762,SHL,Linch Stock Market Ltd.,Midas Stock Broking Company Private Limited,100,530.0,53000.0,2025-09-23 12:32:47.309941
2025-09-23,39674,2025092304007763,SHL,Sani Securities Company Ltd.,Midas Stock Broking Company Private Limited,200,530.0,106000.0,2025-09-23 12:32:47.310014
2025-09-23,39673,2025092304007764,SHL,Bhrikuti Stock Broking Co. Pvt. Ltd.,Midas Stock Broking Company Private Limited,186,530.0,98580.0,2025-09-23 12:32:47.310083
2025-09-23,38523,2025092304008072,SHL,Dipshikha Dhitopatra Karobar Co. Pvt Ltd.,Naasa Securities Co. Ltd.,100,530.3,53030.0,2025-09-23 12:37:41.471299
2025-09-23,36892,2025092304008520,SHL,Aryatara Investment & Securities,Malla & Malla Stock Broking Company Pvt. Limited,35,520.0,18200.0,2025-09-23 12:43:06.574017
2025-09-23,36839,2025092304008533,SHL,Dipshikha Dhitopatra Karobar Co. Pvt Ltd.,Dynamic Money Managers Securities Pvt. Ltd.,363,530.3,192498.9,2025-09-23 12:43:20.058603
2025-09-23,36803,2025092304008549,SHL,Market Securities & Exchange (PVT) Ltd.,Naasa Securities Co. Ltd.,100,530.1,53010.0,2025-09-23 12:43:24.693185
2025-09-23,36678,2025092304008594,SHL,Sharepro Securities Private Limited,Kumari Securities Private Limited,100,530.5,53050.0,2025-09-23 12:43:48.648482
2025-09-23,36338,2025092304008700,SHL,Aryatara Investment & Securities,Neev Securities Pvt. Ltd.,100,531.0,53100.0,2025-09-23 12:45:00.950797
2025-09-23,36223,2025092304008742,SHL,Market Securities & Exchange (PVT) Ltd.,Neev Securities Pvt. Ltd.,400,530.1,212040.0,2025-09-23 12:45:21.397202
2025-09-23,35282,2025092304009018,SHL,Market Securities & Exchange (PVT) Ltd.,ABC Securities Private Limited,100,530.1,53010.0,2025-09-23 12:49:14.601668
2025-09-23,35147,2025092304009065,SHL,Market Securities & Exchange (PVT) Ltd.,Kohinoor Investment & Securities Pvt. Ltd.,400,530.1,212040.0,2025-09-23 12:49:44.389056
2025-09-23,35031,2025092304009099,SHL,Bhrikuti Stock Broking Co. Pvt. Ltd.,Kalika Securities Pvt. Ltd.,100,530.0,53000.0,2025-09-23 12:50:26.963924
2025-09-23,29400,2025092304010355,SHL,Imperial Securities Company Pvt. Ltd.,Sundhara Securities Limited,110,530.3,58333.0,2025-09-23 13:20:04.564446
2025-09-23,28938,2025092304010443,SHL,Imperial Securities Company Pvt. Ltd.,Primo Securities (PVT) Ltd.,140,530.3,74242.0,2025-09-23 13:22:51.590874
2025-09-23,28937,2025092304010444,SHL,Aryatara Investment & Securities,Primo Securities (PVT) Ltd.,100,530.2,53020.0,2025-09-23 13:22:51.591054
2025-09-23,28936,2025092304010445,SHL,Shree Krishna Securities Ltd.,Primo Securities (PVT) Ltd.,300,530.1,159030.0,2025-09-23 13:22:51.591110
2025-09-23,28935,2025092304010446,SHL,Dynamic Money Managers Securities Pvt. Ltd.,Primo Securities (PVT) Ltd.,100,530.1,53010.0,2025-09-23 13:22:51.591163
2025-09-23,28934,2025092304010447,SHL,Bhrikuti Stock Broking Co. Pvt. Ltd.,Primo Securities (PVT) Ltd.,214,530.0,113420.0,2025-09-23 13:22:51.591215
2025-09-23,28933,2025092304010448,SHL,South Asian Bulls Pvt. Ltd.,Primo Securities (PVT) Ltd.,100,530.0,53000.0,2025-09-23 13:22:51.591266
2025-09-23,28932,2025092304010449,SHL,Naasa Securities Co. Ltd.,Primo Securities (PVT) Ltd.,500,530.0,265000.0,2025-09-23 13:22:51.591348
2025-09-23,28931,2025092304010450,SHL,Primo Securities (PVT) Ltd.,Primo Securities (PVT) Ltd.,500,530.0,265000.0,2025-09-23 13:22:51.591396
2025-09-23,27880,2025092304010697,SHL,J.F. Securites (PVT) Ltd.,Bhrikuti Stock Broking Co. Pvt. Ltd.,100,530.0,53000.0,2025-09-23 13:28:16.060484
2025-09-23,27103,2025092304010908,SHL,Aryatara Investment & Securities,Primo Securities (PVT) Ltd.,132,530.0,69960.0,2025-09-23 13:32:16.900771
2025-09-23,27074,2025092304010916,SHL,Kohinoor Investment & Securities Pvt. Ltd.,Agrawal Securities (PVT) Ltd.,100,529.0,52900.0,2025-09-23 13:32:26.984307
2025-09-23,27045,2025092304010921,SHL,ABC Securities Private Limited,Primo Securities (PVT) Ltd.,714,530.0,378420.0,2025-09-23 13:32:34.396259
2025-09-23,26582,2025092304011034,SHL,Midas Stock Broking Company Private Limited,ABC Securities Private Limited,100,534.3,53430.0,2025-09-23 13:34:42.493287
2025-09-23,24755,2025092304011433,SHL,Capital Hub P. Ltd,ABC Securities Private Limited,100,533.9,53390.0,2025-09-23 13:42:47.033020
2025-09-23,24032,2025092304011562,SHL,Capital Hub P. Ltd,Capital Max Securities Ltd,250,532.5,133125.0,2025-09-23 13:45:37.968550
2025-09-23,22858,2025092304011792,SHL,Capital Hub P. Ltd,Neev Securities Pvt. Ltd.,198,532.5,105435.0,2025-09-23 13:49:46.527090
2025-09-23,22548,2025092304011847,SHL,Opal Securities Investment (PVT) Ltd.,Capital Max Securities Ltd,400,533.0,213200.0,2025-09-23 13:50:58.893382
2025-09-23,22325,2025092304011922,SHL,Bhrikuti Stock Broking Co. Pvt. Ltd.,Capital Max Securities Ltd,200,533.0,106600.0,2025-09-23 13:51:41.943161
2025-09-23,22324,2025092304011923,SHL,Bhrikuti Stock Broking Co. Pvt. Ltd.,Opal Securities Investment (PVT) Ltd.,200,533.0,106600.0,2025-09-23 13:51:41.943476
2025-09-23,22323,2025092304011924,SHL,Bhrikuti Stock Broking Co. Pvt. Ltd.,Online Securities Pvt. Ltd.,400,534.0,213600.0,2025-09-23 13:51:41.943629
2025-09-23,22322,2025092304011925,SHL,Bhrikuti Stock Broking Co. Pvt. Ltd.,Sweta Securities Private Limited,100,534.4,53440.0,2025-09-23 13:51:41.943777
2025-09-23,22321,2025092304011926,SHL,Bhrikuti Stock Broking Co. Pvt. Ltd.,Dipshikha Dhitopatra Karobar Co. Pvt Ltd.,100,535.0,53500.0,2025-09-23 13:51:41.943945
2025-09-23,19352,2025092304012771,SHL,Sani Securities Company Ltd.,Miyo Securities Pvt Ltd,553,532.4,294417.2,2025-09-23 14:02:52.048582
2025-09-23,19101,2025092304012848,SHL,Sani Securities Company Ltd.,Opal Securities Investment (PVT) Ltd.,247,532.4,131502.8,2025-09-23 14:03:44.834455
2025-09-23,18862,2025092304012886,SHL,Asian Securities Private Ltd.,Trishakti Securities Public Limited,200,532.3,106460.0,2025-09-23 14:04:38.600129
2025-09-23,18264,2025092304013008,SHL,Asian Securities Private Ltd.,K.B.L. Securities Limited ,100,532.3,53230.0,2025-09-23 14:07:23.030618
2025-09-23,18263,2025092304013009,SHL,Miyo Securities Pvt Ltd,K.B.L. Securities Limited ,844,532.2,449176.8,2025-09-23 14:07:23.030891
2025-09-23,18180,2025092304013035,SHL,Opal Securities Investment (PVT) Ltd.,Sani Securities Company Ltd.,200,535.0,107000.0,2025-09-23 14:07:40.874467
2025-09-23,18179,2025092304013036,SHL,Opal Securities Investment (PVT) Ltd.,ABC Securities Private Limited,1000,535.0,535000.0,2025-09-23 14:07:40.874712
2025-09-23,18178,2025092304013037,SHL,Opal Securities Investment (PVT) Ltd.,Kohinoor Investment & Securities Pvt. Ltd.,200,535.0,107000.0,2025-09-23 14:07:40.874865
2025-09-23,18177,2025092304013038,SHL,Opal Securities Investment (PVT) Ltd.,Naasa Securities Co. Ltd.,100,535.0,53500.0,2025-09-23 14:07:40.875015
2025-09-23,18176,2025092304013039,SHL,Opal Securities Investment (PVT) Ltd.,Oxford Securities Pvt. Ltd.,889,536.9,477304.1,2025-09-23 14:07:40.875181
2025-09-23,18175,2025092304013040,SHL,Opal Securities Investment (PVT) Ltd.,Malla & Malla Stock Broking Company Pvt. Limited,111,537.0,59607.0,2025-09-23 14:07:40.875352
2025-09-23,16316,2025092304013535,SHL,Aryatara Investment & Securities,Sharepro Securities Private Limited,22,530.3,11666.6,2025-09-23 14:14:36.787906
2025-09-23,15669,2025092304013710,SHL,Miyo Securities Pvt Ltd,Opal Securities Investment (PVT) Ltd.,156,533.2,83179.2,2025-09-23 14:17:16.362709
2025-09-23,14364,2025092304014094,SHL,Nepal Stock House (PVT) Ltd.,Aakashbhairab Securities Ltd.,145,535.0,77575.0,2025-09-23 14:22:14.430688
2025-09-23,13608,2025092304014271,SHL,Sani Securities Company Ltd.,Aakashbhairab Securities Ltd.,55,525.0,28875.0,2025-09-23 14:24:55.346450
2025-09-23,13395,2025092304014340,SHL,Sumeru Securities Pvt. Ltd.,Sani Securities Company Ltd.,290,533.5,154715.0,2025-09-23 14:25:52.697403
2025-09-23,13003,2025092304014427,SHL,ABC Securities Private Limited,Malla & Malla Stock Broking Company Pvt. Limited,200,531.5,106300.0,2025-09-23 14:27:15.633360
2025-09-23,13002,2025092304014428,SHL,Miyo Securities Pvt Ltd,Malla & Malla Stock Broking Company Pvt. Limited,1000,531.4,531400.0,2025-09-23 14:27:15.633622
2025-09-23,13001,2025092304014429,SHL,Aryatara Investment & Securities,Malla & Malla Stock Broking Company Pvt. Limited,500,531.2,265600.0,2025-09-23 14:27:15.633810
2025-09-23,13000,2025092304014430,SHL,Bhrikuti Stock Broking Co. Pvt. Ltd.,Malla & Malla Stock Broking Company Pvt. Limited,300,531.2,159360.0,2025-09-23 14:27:15.633955
2025-09-23,12878,2025092304014449,SHL,Bhrikuti Stock Broking Co. Pvt. Ltd.,Malla & Malla Stock Broking Company Pvt. Limited,200,531.2,106240.0,2025-09-23 14:27:45.371425
2025-09-23,12877,2025092304014450,SHL,Capital Hub P. Ltd,Malla & Malla Stock Broking Company Pvt. Limited,2689,531.1,1428127.9,2025-09-23 14:27:45.371670
2025-09-23,12761,2025092304014470,SHL,Capital Hub P. Ltd,Opal Securities Investment (PVT) Ltd.,170,531.1,90287.0,2025-09-23 14:28:09.343447
2025-09-23,10157,2025092304015067,SHL,Trisul Securities & Invt. Ltd.,BHOLE GANESH SECURITIES LTD,100,530.5,53050.0,2025-09-23 14:39:18.365341
2025-09-23,10156,2025092304015068,SHL,Opal Securities Investment (PVT) Ltd.,BHOLE GANESH SECURITIES LTD,490,530.5,259945.0,2025-09-23 14:39:18.365423
2025-09-23,10155,2025092304015069,SHL,Dynamic Money Managers Securities Pvt. Ltd.,BHOLE GANESH SECURITIES LTD,100,530.1,53010.0,2025-09-23 14:39:18.365450
2025-09-23,10154,2025092304015070,SHL,Capital Hub P. Ltd,BHOLE GANESH SECURITIES LTD,1310,530.1,694431.0,2025-09-23 14:39:18.365472
2025-09-23,9947,2025092304015114,SHL,Naasa Securities Co. Ltd.,Deevyaa Securities & Stock House Pvt. Ltd,10,536.0,5360.0,2025-09-23 14:40:06.813284
2025-09-23,9445,2025092304015250,SHL,Vision Securities Pvt. Ltd,Nepal Investment And Securities Trading Private Limited,100,531.1,53110.0,2025-09-23 14:41:39.673005
2025-09-23,9088,2025092304015334,SHL,Aryatara Investment & Securities,Nepal Stock House (PVT) Ltd.,400,530.0,212000.0,2025-09-23 14:42:45.867939
2025-09-23,9087,2025092304015335,SHL,Sri Hari Securities Pvt. Ltd.,Nepal Stock House (PVT) Ltd.,100,530.0,53000.0,2025-09-23 14:42:45.868074
2025-09-23,8808,2025092304015403,SHL,Vision Securities Pvt. Ltd,Nepal Stock House (PVT) Ltd.,400,529.3,211720.0,2025-09-23 14:43:39.738808
2025-09-23,8763,2025092304015409,SHL,Nepal Stock House (PVT) Ltd.,J.F. Securites (PVT) Ltd.,100,529.2,52920.0,2025-09-23 14:43:47.766043
2025-09-23,8699,2025092304015425,SHL,Sani Securities Company Ltd.,Sumeru Securities Pvt. Ltd.,23,519.0,11937.0,2025-09-23 14:43:55.727375
2025-09-23,8358,2025092304015495,SHL,Siprabi Securities Pvt. Ltd.,Sani Securities Company Ltd.,100,533.5,53350.0,2025-09-23 14:45:03.903195
2025-09-23,5225,2025092304016267,SHL,ABC Securities Private Limited,Nagarik Stock Dealer ,100,533.0,53300.0,2025-09-23 14:53:29.906167
2025-09-23,3774,2025092304016633,SHL,Trishakti Securities Public Limited,Vision Securities Pvt. Ltd,150,531.1,79665.0,2025-09-23 14:56:27.636283
2025-09-23,3582,2025092304016689,SHL,Asian Securities Private Ltd.,BHOLE GANESH SECURITIES LTD,160,531.0,84960.0,2025-09-23 14:56:51.303827
2025-09-23,3581,2025092304016690,SHL,Vision Securities Pvt. Ltd,BHOLE GANESH SECURITIES LTD,100,530.0,53000.0,2025-09-23 14:56:51.303883
2025-09-23,3580,2025092304016691,SHL,Kohinoor Investment & Securities Pvt. Ltd.,BHOLE GANESH SECURITIES LTD,100,530.0,53000.0,2025-09-23 14:56:51.303912
2025-09-23,3579,2025092304016692,SHL,Primo Securities (PVT) Ltd.,BHOLE GANESH SECURITIES LTD,100,530.0,53000.0,2025-09-23 14:56:51.303939
2025-09-23,3104,2025092304016798,SHL,Imperial Securities Company Pvt. Ltd.,Trisul Securities & Invt. Ltd.,100,529.2,52920.0,2025-09-23 14:57:32.683749
2025-09-23,990,2025092304017302,SHL,KALASH STOCK MARKET PVT. LTD.,Dipshikha Dhitopatra Karobar Co. Pvt Ltd.,100,532.0,53200.0,2025-09-23 14:59:35.113812
2025-09-23,989,2025092304017303,SHL,KALASH STOCK MARKET PVT. LTD.,Asian Securities Private Ltd.,200,534.0,106800.0,2025-09-23 14:59:35.113904
2025-09-23,988,2025092304017304,SHL,KALASH STOCK MARKET PVT. LTD.,J.F. Securites (PVT) Ltd.,165,534.5,88192.5,2025-09-23 14:59:35.113931
2025-09-23,987,2025092304017305,SHL,KALASH STOCK MARKET PVT. LTD.,Trishakti Securities Public Limited,200,535.0,107000.0,2025-09-23 14:59:35.113956
2025-09-23,986,2025092304017306,SHL,KALASH STOCK MARKET PVT. LTD.,Online Securities Pvt. Ltd.,170,536.9,91273.0,2025-09-23 14:59:35.113981
2025-09-23,985,2025092304017307,SHL,KALASH STOCK MARKET PVT. LTD.,Agrawal Securities (PVT) Ltd.,150,537.1,80565.0,2025-09-23 14:59:35.114008
