Date,S.N.,contract_id,symbol,buyer_broker,seller_broker,volume,price,amount,transaction_time
2025-09-23,66949,2025092304000144,SPDL,Cristal Kanchanjanga Securites Pvt. Ltd.,Siprabi Securities Pvt. Ltd.,100,398.0,39800.0,2025-09-23 11:01:59.138911
2025-09-23,66919,2025092304000153,SPDL,Naasa Securities Co. Ltd.,Kalika Securities Pvt. Ltd.,13,392.0,5096.0,2025-09-23 11:02:05.845524
2025-09-23,65842,2025092304000482,SPDL,Naasa Securities Co. Ltd.,Sri Hari Securities Pvt. Ltd.,17,392.0,6664.0,2025-09-23 11:05:31.185942
2025-09-23,65841,2025092304000483,SPDL,Prabhu Stock Market Limited,Sri Hari Securities Pvt. Ltd.,83,391.1,32461.3,2025-09-23 11:05:31.185999
2025-09-23,65324,2025092304000677,SPDL,Cristal Kanchanjanga Securites Pvt. Ltd.,Dynamic Money Managers Securities Pvt. Ltd.,100,395.0,39500.0,2025-09-23 11:06:59.279254
2025-09-23,65090,2025092304000740,SPDL,Aryatara Investment & Securities,Online Securities Pvt. Ltd.,19,394.0,7486.0,2025-09-23 11:07:42.949664
2025-09-23,64934,2025092304000796,SPDL,Aryatara Investment & Securities,Online Securities Pvt. Ltd.,10,394.0,3940.0,2025-09-23 11:08:16.834267
2025-09-23,64898,2025092304000808,SPDL,Prabhu Stock Market Limited,Vision Securities Pvt. Ltd,217,391.1,84868.7,2025-09-23 11:08:23.895929
2025-09-23,64897,2025092304000809,SPDL,Vision Securities Pvt. Ltd,Vision Securities Pvt. Ltd,500,391.0,195500.0,2025-09-23 11:08:23.896068
2025-09-23,64896,2025092304000810,SPDL,Capital Max Securities Ltd,Vision Securities Pvt. Ltd,500,390.0,195000.0,2025-09-23 11:08:23.896162
2025-09-23,64883,2025092304000813,SPDL,Malla & Malla Stock Broking Company Pvt. Limited,Vision Securities Pvt. Ltd,25,390.0,9750.0,2025-09-23 11:08:26.262425
2025-09-23,63702,2025092304001250,SPDL,Ashutosh Brokerage & Securities (PVT) Ltd.,Dynamic Money Managers Securities Pvt. Ltd.,100,390.0,39000.0,2025-09-23 11:11:48.454271
2025-09-23,63701,2025092304001251,SPDL,Naasa Securities Co. Ltd.,Dynamic Money Managers Securities Pvt. Ltd.,10,390.0,3900.0,2025-09-23 11:11:48.454372
2025-09-23,63700,2025092304001252,SPDL,Prabhu Stock Market Limited,Dynamic Money Managers Securities Pvt. Ltd.,180,389.1,70038.0,2025-09-23 11:11:48.454406
2025-09-23,63153,2025092304001447,SPDL,Prabhu Stock Market Limited,Vision Securities Pvt. Ltd,671,389.1,261086.1,2025-09-23 11:13:25.065952
2025-09-23,62297,2025092304001713,SPDL,Prabhu Stock Market Limited,Dynamic Money Managers Securities Pvt. Ltd.,100,389.1,38910.0,2025-09-23 11:15:58.572902
2025-09-23,62011,2025092304001799,SPDL,Aryatara Investment & Securities,Naasa Securities Co. Ltd.,100,392.0,39200.0,2025-09-23 11:17:08.608228
2025-09-23,61935,2025092304001828,SPDL,Cristal Kanchanjanga Securites Pvt. Ltd.,Naasa Securities Co. Ltd.,52,392.0,20384.0,2025-09-23 11:17:22.717423
2025-09-23,61796,2025092304001894,SPDL,Vision Securities Pvt. Ltd,Midas Stock Broking Company Private Limited,69,392.9,27110.1,2025-09-23 11:17:49.224220
2025-09-23,61795,2025092304001895,SPDL,Vision Securities Pvt. Ltd,Sharepro Securities Private Limited,300,393.0,117900.0,2025-09-23 11:17:49.224406
2025-09-23,61794,2025092304001896,SPDL,Vision Securities Pvt. Ltd,Online Securities Pvt. Ltd.,697,394.0,274618.0,2025-09-23 11:17:49.224505
2025-09-23,61793,2025092304001897,SPDL,Vision Securities Pvt. Ltd,Capital Max Securities Ltd,934,394.9,368836.6,2025-09-23 11:17:49.224606
2025-09-23,58775,2025092304002718,SPDL,Midas Stock Broking Company Private Limited,Nepal Investment And Securities Trading Private Limited,300,394.8,118440.0,2025-09-23 11:27:32.817841
2025-09-23,58774,2025092304002719,SPDL,Midas Stock Broking Company Private Limited,Capital Max Securities Ltd,66,394.9,26063.4,2025-09-23 11:27:32.817932
2025-09-23,58773,2025092304002720,SPDL,Midas Stock Broking Company Private Limited,Kumari Securities Private Limited,15,395.0,5925.0,2025-09-23 11:27:32.817975
2025-09-23,58672,2025092304002755,SPDL,Midas Stock Broking Company Private Limited,South Asian Bulls Pvt. Ltd.,11,395.0,4345.0,2025-09-23 11:27:47.406417
2025-09-23,58565,2025092304002789,SPDL,Midas Stock Broking Company Private Limited,Aryatara Investment & Securities,10,395.0,3950.0,2025-09-23 11:27:59.821345
2025-09-23,58405,2025092304002854,SPDL,Midas Stock Broking Company Private Limited,Property Wiard Limited,25,395.9,9897.5,2025-09-23 11:28:21.911637
2025-09-23,58404,2025092304002855,SPDL,Midas Stock Broking Company Private Limited,Oxford Securities Pvt. Ltd.,73,396.0,28908.0,2025-09-23 11:28:21.911805
2025-09-23,57767,2025092304003064,SPDL,Nepal Investment And Securities Trading Private Limited,Oxford Securities Pvt. Ltd.,50,396.0,19800.0,2025-09-23 11:30:01.147300
2025-09-23,57748,2025092304003071,SPDL,Sani Securities Company Ltd.,Oxford Securities Pvt. Ltd.,40,396.0,15840.0,2025-09-23 11:30:03.505980
2025-09-23,57484,2025092304003143,SPDL,Cristal Kanchanjanga Securites Pvt. Ltd.,Oxford Securities Pvt. Ltd.,37,396.0,14652.0,2025-09-23 11:30:44.502739
2025-09-23,57483,2025092304003144,SPDL,Cristal Kanchanjanga Securites Pvt. Ltd.,Nepal Investment And Securities Trading Private Limited,13,397.5,5167.5,2025-09-23 11:30:44.502838
2025-09-23,56304,2025092304003431,SPDL,Kalika Securities Pvt. Ltd.,Nepal Investment And Securities Trading Private Limited,60,397.3,23838.0,2025-09-23 11:33:52.051439
2025-09-23,55934,2025092304003537,SPDL,Aryatara Investment & Securities,Nagarik Stock Dealer ,100,395.5,39550.0,2025-09-23 11:34:54.151628
2025-09-23,55933,2025092304003538,SPDL,Sani Securities Company Ltd.,Nagarik Stock Dealer ,50,395.0,19750.0,2025-09-23 11:34:54.151831
2025-09-23,55856,2025092304003557,SPDL,Vision Securities Pvt. Ltd,Nagarik Stock Dealer ,300,394.8,118440.0,2025-09-23 11:35:06.872126
2025-09-23,55668,2025092304003596,SPDL,Midas Stock Broking Company Private Limited,Sri Hari Securities Pvt. Ltd.,100,395.0,39500.0,2025-09-23 11:35:42.097605
2025-09-23,55504,2025092304003631,SPDL,Online Securities Pvt. Ltd.,Asian Securities Private Ltd.,150,395.8,59370.0,2025-09-23 11:36:10.542110
2025-09-23,55391,2025092304003659,SPDL,Midas Stock Broking Company Private Limited,Nagarik Stock Dealer ,400,395.0,158000.0,2025-09-23 11:36:31.760891
2025-09-23,54873,2025092304003822,SPDL,Bhrikuti Stock Broking Co. Pvt. Ltd.,Asian Securities Private Ltd.,90,395.0,35550.0,2025-09-23 11:38:00.735371
2025-09-23,54853,2025092304003829,SPDL,Bhrikuti Stock Broking Co. Pvt. Ltd.,Nagarik Stock Dealer ,296,395.0,116920.0,2025-09-23 11:38:05.406767
2025-09-23,54813,2025092304003840,SPDL,Naasa Securities Co. Ltd.,Nagarik Stock Dealer ,100,395.0,39500.0,2025-09-23 11:38:12.542572
2025-09-23,54793,2025092304003842,SPDL,Sri Hari Securities Pvt. Ltd.,Nagarik Stock Dealer ,104,395.0,41080.0,2025-09-23 11:38:16.035436
2025-09-23,54792,2025092304003843,SPDL,Sri Hari Securities Pvt. Ltd.,Nepal Investment And Securities Trading Private Limited,227,395.6,89801.2,2025-09-23 11:38:16.035540
2025-09-23,54683,2025092304003874,SPDL,Sweta Securities Private Limited,Asian Securities Private Ltd.,200,395.8,79160.0,2025-09-23 11:38:27.741126
2025-09-23,54674,2025092304003877,SPDL,Sri Hari Securities Pvt. Ltd.,Nagarik Stock Dealer ,150,395.6,59340.0,2025-09-23 11:38:28.776297
2025-09-23,54183,2025092304004024,SPDL,Vision Securities Pvt. Ltd,KALASH STOCK MARKET PVT. LTD.,100,393.0,39300.0,2025-09-23 11:39:29.922096
2025-09-23,54182,2025092304004025,SPDL,Sri Hari Securities Pvt. Ltd.,KALASH STOCK MARKET PVT. LTD.,19,393.0,7467.0,2025-09-23 11:39:29.922197
2025-09-23,54181,2025092304004026,SPDL,Sani Securities Company Ltd.,KALASH STOCK MARKET PVT. LTD.,181,393.0,71133.0,2025-09-23 11:39:29.922243
2025-09-23,54069,2025092304004055,SPDL,Sani Securities Company Ltd.,Nepal Investment And Securities Trading Private Limited,296,393.0,116328.0,2025-09-23 11:39:37.467042
2025-09-23,52624,2025092304004493,SPDL,Vision Securities Pvt. Ltd,Kalika Securities Pvt. Ltd.,40,394.8,15792.0,2025-09-23 11:43:38.236480
2025-09-23,52103,2025092304004626,SPDL,Thrive Brokerage House Pvt. Ltd,South Asian Bulls Pvt. Ltd.,30,393.9,11817.0,2025-09-23 11:45:53.661871
2025-09-23,52102,2025092304004627,SPDL,Thrive Brokerage House Pvt. Ltd,Nepal Stock House (PVT) Ltd.,288,394.0,113472.0,2025-09-23 11:45:53.662006
2025-09-23,51725,2025092304004729,SPDL,Vision Securities Pvt. Ltd,Nepal Stock House (PVT) Ltd.,212,394.0,83528.0,2025-09-23 11:47:35.649414
2025-09-23,51714,2025092304004734,SPDL,Vision Securities Pvt. Ltd,Aryatara Investment & Securities,88,394.0,34672.0,2025-09-23 11:47:38.631339
2025-09-23,51195,2025092304004894,SPDL,Arun Securities (PVT) Ltd.,Aryatara Investment & Securities,312,394.0,122928.0,2025-09-23 11:49:39.213299
2025-09-23,51194,2025092304004895,SPDL,Arun Securities (PVT) Ltd.,Naasa Securities Co. Ltd.,188,394.0,74072.0,2025-09-23 11:49:39.213529
2025-09-23,51189,2025092304004896,SPDL,Midas Stock Broking Company Private Limited,Naasa Securities Co. Ltd.,787,394.0,310078.0,2025-09-23 11:49:39.524855
2025-09-23,51188,2025092304004897,SPDL,Midas Stock Broking Company Private Limited,Sani Securities Company Ltd.,213,394.0,83922.0,2025-09-23 11:49:39.524980
2025-09-23,51143,2025092304004902,SPDL,Premier Securities Company Ltd.,Kalika Securities Pvt. Ltd.,60,393.0,23580.0,2025-09-23 11:49:50.063125
2025-09-23,51136,2025092304004903,SPDL,Sweta Securities Private Limited,Sani Securities Company Ltd.,287,394.0,113078.0,2025-09-23 11:49:53.156744
2025-09-23,51083,2025092304004918,SPDL,Sweta Securities Private Limited,Trishakti Securities Public Limited,213,394.5,84028.5,2025-09-23 11:50:08.274543
2025-09-23,51041,2025092304004930,SPDL,Vision Securities Pvt. Ltd,Trishakti Securities Public Limited,87,394.5,34321.5,2025-09-23 11:50:20.941472
2025-09-23,51040,2025092304004931,SPDL,Vision Securities Pvt. Ltd,Bhrikuti Stock Broking Co. Pvt. Ltd.,116,394.9,45808.4,2025-09-23 11:50:20.941583
2025-09-23,50130,2025092304005143,SPDL,Primo Securities (PVT) Ltd.,Asian Securities Private Ltd.,450,395.8,178110.0,2025-09-23 11:54:12.583467
2025-09-23,49506,2025092304005286,SPDL,Midas Stock Broking Company Private Limited,J.F. Securites (PVT) Ltd.,10,398.8,3988.0,2025-09-23 11:56:35.644211
2025-09-23,48659,2025092304005500,SPDL,Nepal Investment And Securities Trading Private Limited,J.F. Securites (PVT) Ltd.,50,398.8,19940.0,2025-09-23 11:59:22.553672
2025-09-23,47360,2025092304005784,SPDL,Aryatara Investment & Securities,Sani Securities Company Ltd.,100,396.0,39600.0,2025-09-23 12:04:24.799482
2025-09-23,47359,2025092304005785,SPDL,Nepal Investment And Securities Trading Private Limited,Sani Securities Company Ltd.,30,396.0,11880.0,2025-09-23 12:04:24.799646
2025-09-23,46612,2025092304005997,SPDL,Midas Stock Broking Company Private Limited,Vision Securities Pvt. Ltd,10,398.5,3985.0,2025-09-23 12:06:48.986154
2025-09-23,46557,2025092304006016,SPDL,Dipshikha Dhitopatra Karobar Co. Pvt Ltd.,Vision Securities Pvt. Ltd,90,398.5,35865.0,2025-09-23 12:06:59.193070
2025-09-23,46556,2025092304006017,SPDL,Dipshikha Dhitopatra Karobar Co. Pvt Ltd.,J.F. Securites (PVT) Ltd.,60,398.8,23928.0,2025-09-23 12:06:59.193272
2025-09-23,46555,2025092304006018,SPDL,Dipshikha Dhitopatra Karobar Co. Pvt Ltd.,Capital Max Securities Ltd,402,398.9,160357.8,2025-09-23 12:06:59.193404
2025-09-23,46554,2025092304006019,SPDL,Dipshikha Dhitopatra Karobar Co. Pvt Ltd.,Property Wiard Limited,50,399.8,19990.0,2025-09-23 12:06:59.193484
2025-09-23,46553,2025092304006020,SPDL,Dipshikha Dhitopatra Karobar Co. Pvt Ltd.,J.F. Securites (PVT) Ltd.,50,399.8,19990.0,2025-09-23 12:06:59.193558
2025-09-23,46552,2025092304006021,SPDL,Dipshikha Dhitopatra Karobar Co. Pvt Ltd.,Nagarik Stock Dealer ,348,399.8,139130.4,2025-09-23 12:06:59.193629
2025-09-23,45276,2025092304006375,SPDL,Sewa Securities Pvt. Ltd.,Nagarik Stock Dealer ,100,399.8,39980.0,2025-09-23 12:11:32.958573
2025-09-23,43686,2025092304006795,SPDL,Vision Securities Pvt. Ltd,Nagarik Stock Dealer ,50,398.0,19900.0,2025-09-23 12:17:26.960625
2025-09-23,42842,2025092304006986,SPDL,Opal Securities Investment (PVT) Ltd.,Vision Securities Pvt. Ltd,200,396.3,79260.0,2025-09-23 12:20:31.925758
2025-09-23,42841,2025092304006987,SPDL,Opal Securities Investment (PVT) Ltd.,Vision Securities Pvt. Ltd,450,396.2,178290.0,2025-09-23 12:20:31.925906
2025-09-23,42840,2025092304006988,SPDL,Primo Securities (PVT) Ltd.,Vision Securities Pvt. Ltd,200,396.0,79200.0,2025-09-23 12:20:31.925969
2025-09-23,42839,2025092304006989,SPDL,Siprabi Securities Pvt. Ltd.,Vision Securities Pvt. Ltd,135,395.6,53406.0,2025-09-23 12:20:31.926022
2025-09-23,41921,2025092304007239,SPDL,Siprabi Securities Pvt. Ltd.,KALASH STOCK MARKET PVT. LTD.,26,395.6,10285.6,2025-09-23 12:23:35.467798
2025-09-23,41678,2025092304007302,SPDL,Vision Securities Pvt. Ltd,Sumeru Securities Pvt. Ltd.,50,396.0,19800.0,2025-09-23 12:24:28.706853
2025-09-23,41549,2025092304007326,SPDL,Midas Stock Broking Company Private Limited,Nepal Investment And Securities Trading Private Limited,100,397.0,39700.0,2025-09-23 12:25:10.633480
2025-09-23,39531,2025092304007805,SPDL,ABC Securities Private Limited,Siprabi Securities Pvt. Ltd.,500,395.9,197950.0,2025-09-23 12:33:31.748201
2025-09-23,39335,2025092304007861,SPDL,ABC Securities Private Limited,Linch Stock Market Ltd.,100,395.9,39590.0,2025-09-23 12:34:13.081952
2025-09-23,39067,2025092304007934,SPDL,Vision Securities Pvt. Ltd,Nagarik Stock Dealer ,502,396.7,199143.4,2025-09-23 12:35:28.061899
2025-09-23,39066,2025092304007935,SPDL,Vision Securities Pvt. Ltd,Capital Max Securities Ltd,90,396.8,35712.0,2025-09-23 12:35:28.062143
2025-09-23,39065,2025092304007936,SPDL,Vision Securities Pvt. Ltd,Asian Securities Private Ltd.,205,396.8,81344.0,2025-09-23 12:35:28.062295
2025-09-23,38623,2025092304008051,SPDL,Vision Securities Pvt. Ltd,Asian Securities Private Ltd.,308,396.8,122214.4,2025-09-23 12:37:19.351701
2025-09-23,38622,2025092304008052,SPDL,Vision Securities Pvt. Ltd,Nepal Investment And Securities Trading Private Limited,156,397.0,61932.0,2025-09-23 12:37:19.351962
2025-09-23,38621,2025092304008053,SPDL,Vision Securities Pvt. Ltd,Hatemalo Financial Services Private Limited,486,397.0,192942.0,2025-09-23 12:37:19.352188
2025-09-23,38443,2025092304008114,SPDL,Naasa Securities Co. Ltd.,Hatemalo Financial Services Private Limited,14,396.0,5544.0,2025-09-23 12:37:59.153033
2025-09-23,38366,2025092304008126,SPDL,Midas Stock Broking Company Private Limited,Capital Max Securities Ltd,10,397.1,3971.0,2025-09-23 12:38:12.606324
2025-09-23,38034,2025092304008208,SPDL,Capital Max Securities Ltd,Nepal Stock House (PVT) Ltd.,500,396.1,198050.0,2025-09-23 12:39:27.262949
2025-09-23,37712,2025092304008287,SPDL,ABC Securities Private Limited,Naasa Securities Co. Ltd.,100,396.2,39620.0,2025-09-23 12:40:29.863359
2025-09-23,37711,2025092304008288,SPDL,Premier Securities Company Ltd.,Naasa Securities Co. Ltd.,300,396.2,118860.0,2025-09-23 12:40:29.863639
2025-09-23,37710,2025092304008289,SPDL,Capital Max Securities Ltd,Naasa Securities Co. Ltd.,500,396.1,198050.0,2025-09-23 12:40:29.863794
2025-09-23,37709,2025092304008290,SPDL,Capital Max Securities Ltd,Naasa Securities Co. Ltd.,1000,396.1,396100.0,2025-09-23 12:40:29.863936
2025-09-23,37708,2025092304008291,SPDL,Naasa Securities Co. Ltd.,Naasa Securities Co. Ltd.,2300,396.0,910800.0,2025-09-23 12:40:29.864130
2025-09-23,37679,2025092304008297,SPDL,Naasa Securities Co. Ltd.,Nagarik Stock Dealer ,186,396.0,73656.0,2025-09-23 12:40:37.037150
2025-09-23,37454,2025092304008332,SPDL,Sri Hari Securities Pvt. Ltd.,Nagarik Stock Dealer ,130,396.9,51597.0,2025-09-23 12:41:22.887990
2025-09-23,37422,2025092304008338,SPDL,ABC Securities Private Limited,Siprabi Securities Pvt. Ltd.,100,395.9,39590.0,2025-09-23 12:41:29.743896
2025-09-23,37421,2025092304008339,SPDL,Sumeru Securities Pvt. Ltd.,Siprabi Securities Pvt. Ltd.,900,395.8,356220.0,2025-09-23 12:41:29.744062
2025-09-23,36629,2025092304008620,SPDL,Sumeru Securities Pvt. Ltd.,Primo Securities (PVT) Ltd.,100,395.8,39580.0,2025-09-23 12:43:54.166074
2025-09-23,36439,2025092304008673,SPDL,Prabhu Stock Market Limited,Naasa Securities Co. Ltd.,100,395.8,39580.0,2025-09-23 12:44:37.015171
2025-09-23,36384,2025092304008691,SPDL,Dynamic Money Managers Securities Pvt. Ltd.,Nepal Stock House (PVT) Ltd.,500,395.7,197850.0,2025-09-23 12:44:54.742428
2025-09-23,36378,2025092304008693,SPDL,Dynamic Money Managers Securities Pvt. Ltd.,Dynamic Money Managers Securities Pvt. Ltd.,1500,395.7,593550.0,2025-09-23 12:44:55.906088
2025-09-23,36377,2025092304008694,SPDL,Midas Stock Broking Company Private Limited,Dynamic Money Managers Securities Pvt. Ltd.,2500,395.7,989250.0,2025-09-23 12:44:55.906235
2025-09-23,36376,2025092304008695,SPDL,Midas Stock Broking Company Private Limited,Nagarik Stock Dealer ,184,395.7,72808.8,2025-09-23 12:44:56.201958
2025-09-23,36226,2025092304008741,SPDL,Midas Stock Broking Company Private Limited,Oxford Securities Pvt. Ltd.,50,395.7,19785.0,2025-09-23 12:45:20.075803
2025-09-23,36222,2025092304008743,SPDL,Midas Stock Broking Company Private Limited,Market Securities & Exchange (PVT) Ltd.,266,395.7,105256.2,2025-09-23 12:45:21.799021
2025-09-23,36221,2025092304008744,SPDL,Trishakti Securities Public Limited,Market Securities & Exchange (PVT) Ltd.,200,395.6,79120.0,2025-09-23 12:45:21.799277
2025-09-23,36220,2025092304008745,SPDL,Opal Securities Investment (PVT) Ltd.,Market Securities & Exchange (PVT) Ltd.,34,395.4,13443.6,2025-09-23 12:45:21.799481
2025-09-23,36176,2025092304008765,SPDL,Opal Securities Investment (PVT) Ltd.,Market Securities & Exchange (PVT) Ltd.,500,395.4,197700.0,2025-09-23 12:45:38.211947
2025-09-23,36166,2025092304008769,SPDL,Opal Securities Investment (PVT) Ltd.,Asian Securities Private Ltd.,126,395.4,49820.4,2025-09-23 12:45:40.424103
2025-09-23,36110,2025092304008795,SPDL,ABC Securities Private Limited,Thrive Brokerage House Pvt. Ltd,95,395.2,37544.0,2025-09-23 12:45:52.458729
2025-09-23,36109,2025092304008796,SPDL,Dynamic Money Managers Securities Pvt. Ltd.,Thrive Brokerage House Pvt. Ltd,905,395.0,357475.0,2025-09-23 12:45:52.458867
2025-09-23,36050,2025092304008810,SPDL,Dynamic Money Managers Securities Pvt. Ltd.,Market Securities & Exchange (PVT) Ltd.,95,395.0,37525.0,2025-09-23 12:46:02.106996
2025-09-23,36049,2025092304008811,SPDL,Deevyaa Securities & Stock House Pvt. Ltd,Market Securities & Exchange (PVT) Ltd.,300,395.0,118500.0,2025-09-23 12:46:02.107296
2025-09-23,36048,2025092304008812,SPDL,Imperial Securities Company Pvt. Ltd.,Market Securities & Exchange (PVT) Ltd.,95,395.0,37525.0,2025-09-23 12:46:02.107462
2025-09-23,35764,2025092304008899,SPDL,Thrive Brokerage House Pvt. Ltd,Asian Securities Private Ltd.,20,395.4,7908.0,2025-09-23 12:47:09.954146
2025-09-23,35710,2025092304008909,SPDL,Deevyaa Securities & Stock House Pvt. Ltd,Naasa Securities Co. Ltd.,25,393.0,9825.0,2025-09-23 12:47:22.953768
2025-09-23,34925,2025092304009129,SPDL,Deevyaa Securities & Stock House Pvt. Ltd,Naasa Securities Co. Ltd.,25,393.0,9825.0,2025-09-23 12:51:02.414020
2025-09-23,34924,2025092304009130,SPDL,Imperial Securities Company Pvt. Ltd.,Naasa Securities Co. Ltd.,35,393.0,13755.0,2025-09-23 12:51:02.414222
2025-09-23,34639,2025092304009203,SPDL,Midas Stock Broking Company Private Limited,Asian Securities Private Ltd.,10,395.4,3954.0,2025-09-23 12:52:41.802165
2025-09-23,33996,2025092304009364,SPDL,Trishakti Securities Public Limited,Asian Securities Private Ltd.,344,395.4,136017.6,2025-09-23 12:55:43.272166
2025-09-23,33995,2025092304009365,SPDL,Trishakti Securities Public Limited,Sani Securities Company Ltd.,156,395.4,61682.4,2025-09-23 12:55:43.272309
2025-09-23,33475,2025092304009516,SPDL,Midas Stock Broking Company Private Limited,Sundhara Securities Limited,100,394.0,39400.0,2025-09-23 12:58:27.241111
2025-09-23,33258,2025092304009553,SPDL,Naasa Securities Co. Ltd.,Sundhara Securities Limited,250,394.0,98500.0,2025-09-23 12:59:32.157858
2025-09-23,33211,2025092304009564,SPDL,Trishakti Securities Public Limited,Sundhara Securities Limited,500,394.0,197000.0,2025-09-23 12:59:51.502603
2025-09-23,33061,2025092304009580,SPDL,ABC Securities Private Limited,Sundhara Securities Limited,150,394.0,59100.0,2025-09-23 13:00:38.502201
2025-09-23,33029,2025092304009587,SPDL,Midas Stock Broking Company Private Limited,Sani Securities Company Ltd.,10,395.4,3954.0,2025-09-23 13:00:49.736445
2025-09-23,32830,2025092304009633,SPDL,Cristal Kanchanjanga Securites Pvt. Ltd.,Sani Securities Company Ltd.,71,395.4,28073.4,2025-09-23 13:01:54.774176
2025-09-23,32763,2025092304009649,SPDL,Midas Stock Broking Company Private Limited,Investment Management Nepal Pvt. Ltd.,30,396.9,11907.0,2025-09-23 13:02:18.158156
2025-09-23,32762,2025092304009650,SPDL,Midas Stock Broking Company Private Limited,Trisul Securities & Invt. Ltd.,20,397.0,7940.0,2025-09-23 13:02:18.158513
2025-09-23,31857,2025092304009834,SPDL,Midas Stock Broking Company Private Limited,Sundhara Securities Limited,100,396.0,39600.0,2025-09-23 13:06:27.853855
2025-09-23,31084,2025092304009984,SPDL,Vision Securities Pvt. Ltd,Trisul Securities & Invt. Ltd.,30,397.0,11910.0,2025-09-23 13:10:07.384780
2025-09-23,31083,2025092304009985,SPDL,Vision Securities Pvt. Ltd,Sani Securities Company Ltd.,500,397.0,198500.0,2025-09-23 13:10:07.385032
2025-09-23,31082,2025092304009986,SPDL,Vision Securities Pvt. Ltd,Nepal Stock House (PVT) Ltd.,500,397.9,198950.0,2025-09-23 13:10:07.385192
2025-09-23,31081,2025092304009987,SPDL,Vision Securities Pvt. Ltd,N.I.M.B. Stock Markets Limited,1000,398.0,398000.0,2025-09-23 13:10:07.385353
2025-09-23,31080,2025092304009988,SPDL,Vision Securities Pvt. Ltd,Kumari Securities Private Limited,426,398.0,169548.0,2025-09-23 13:10:07.385512
2025-09-23,31079,2025092304009989,SPDL,Vision Securities Pvt. Ltd,Online Securities Pvt. Ltd.,44,398.0,17512.0,2025-09-23 13:10:07.385651
2025-09-23,30826,2025092304010033,SPDL,Vision Securities Pvt. Ltd,Linch Stock Market Ltd.,13,398.8,5184.4,2025-09-23 13:11:21.445421
2025-09-23,30566,2025092304010098,SPDL,Vision Securities Pvt. Ltd,Linch Stock Market Ltd.,487,398.8,194215.6,2025-09-23 13:12:37.541386
2025-09-23,30565,2025092304010099,SPDL,Vision Securities Pvt. Ltd,Siprabi Securities Pvt. Ltd.,13,398.9,5185.7,2025-09-23 13:12:37.541427
2025-09-23,29749,2025092304010273,SPDL,Midas Stock Broking Company Private Limited,Siprabi Securities Pvt. Ltd.,987,398.7,393516.9,2025-09-23 13:17:59.205348
2025-09-23,29748,2025092304010274,SPDL,Midas Stock Broking Company Private Limited,Capital Max Securities Ltd,13,398.8,5184.4,2025-09-23 13:17:59.205436
2025-09-23,27898,2025092304010690,SPDL,ABC Securities Private Limited,Imperial Securities Company Pvt. Ltd.,16,395.5,6328.0,2025-09-23 13:28:10.784070
2025-09-23,27829,2025092304010706,SPDL,Blue Chip Securities Ltd,Sundhara Securities Limited,300,397.0,119100.0,2025-09-23 13:28:38.847779
2025-09-23,26284,2025092304011083,SPDL,Sumeru Securities Pvt. Ltd.,Midas Stock Broking Company Private Limited,30,398.0,11940.0,2025-09-23 13:35:54.310355
2025-09-23,26283,2025092304011084,SPDL,Sumeru Securities Pvt. Ltd.,Sani Securities Company Ltd.,70,398.0,27860.0,2025-09-23 13:35:54.310486
2025-09-23,26187,2025092304011102,SPDL,Linch Stock Market Ltd.,Arun Securities (PVT) Ltd.,67,397.0,26599.0,2025-09-23 13:36:25.686081
2025-09-23,26181,2025092304011103,SPDL,Linch Stock Market Ltd.,Sundhara Securities Limited,33,397.0,13101.0,2025-09-23 13:36:26.341684
2025-09-23,26071,2025092304011124,SPDL,Vision Securities Pvt. Ltd,Sundhara Securities Limited,267,397.0,105999.0,2025-09-23 13:37:01.136559
2025-09-23,26070,2025092304011125,SPDL,Vision Securities Pvt. Ltd,Sani Securities Company Ltd.,30,398.0,11940.0,2025-09-23 13:37:01.136720
2025-09-23,26069,2025092304011126,SPDL,Vision Securities Pvt. Ltd,Capital Max Securities Ltd,203,398.0,80794.0,2025-09-23 13:37:01.136778
2025-09-23,25017,2025092304011381,SPDL,Midas Stock Broking Company Private Limited,N.I.M.B. Stock Markets Limited,100,396.0,39600.0,2025-09-23 13:41:50.151618
2025-09-23,25016,2025092304011382,SPDL,Secured Securities Ltd.,N.I.M.B. Stock Markets Limited,250,396.0,99000.0,2025-09-23 13:41:50.151800
2025-09-23,23647,2025092304011654,SPDL,Blue Chip Securities Ltd,Magnet Securities and Investment Company Private Limited,10,396.8,3968.0,2025-09-23 13:46:59.149723
2025-09-23,23567,2025092304011666,SPDL,Linch Stock Market Ltd.,Capital Max Securities Ltd,11,398.0,4378.0,2025-09-23 13:47:16.024395
2025-09-23,22891,2025092304011789,SPDL,J.F. Securites (PVT) Ltd.,Nepal Stock House (PVT) Ltd.,500,397.0,198500.0,2025-09-23 13:49:41.307168
2025-09-23,22853,2025092304011793,SPDL,J.F. Securites (PVT) Ltd.,Nepal Stock House (PVT) Ltd.,500,397.0,198500.0,2025-09-23 13:49:48.928904
2025-09-23,22822,2025092304011797,SPDL,Aakashbhairab Securities Ltd.,Nepal Stock House (PVT) Ltd.,230,397.0,91310.0,2025-09-23 13:49:55.145125
2025-09-23,22687,2025092304011821,SPDL,Siprabi Securities Pvt. Ltd.,Nepal Stock House (PVT) Ltd.,270,397.0,107190.0,2025-09-23 13:50:22.824956
2025-09-23,22463,2025092304011879,SPDL,Sumeru Securities Pvt. Ltd.,Capital Max Securities Ltd,13,398.0,5174.0,2025-09-23 13:51:10.063759
2025-09-23,22462,2025092304011880,SPDL,Sumeru Securities Pvt. Ltd.,Opal Securities Investment (PVT) Ltd.,40,398.0,15920.0,2025-09-23 13:51:10.063910
2025-09-23,22185,2025092304011956,SPDL,Sumeru Securities Pvt. Ltd.,Sumeru Securities Pvt. Ltd.,47,398.7,18738.9,2025-09-23 13:52:09.462618
2025-09-23,22104,2025092304011991,SPDL,Secured Securities Ltd.,Sumeru Securities Pvt. Ltd.,130,398.7,51831.0,2025-09-23 13:52:26.181582
2025-09-23,21748,2025092304012098,SPDL,Siprabi Securities Pvt. Ltd.,Primo Securities (PVT) Ltd.,400,397.0,158800.0,2025-09-23 13:53:41.048283
2025-09-23,21534,2025092304012171,SPDL,Siprabi Securities Pvt. Ltd.,Primo Securities (PVT) Ltd.,100,397.0,39700.0,2025-09-23 13:54:42.547647
2025-09-23,21189,2025092304012259,SPDL,Stoxkarts Securities Limited,Sumeru Securities Pvt. Ltd.,323,398.7,128780.1,2025-09-23 13:55:55.413879
2025-09-23,21188,2025092304012260,SPDL,Stoxkarts Securities Limited,Capital Max Securities Ltd,677,398.8,269987.6,2025-09-23 13:55:55.414011
2025-09-23,19660,2025092304012683,SPDL,Kumari Securities Private Limited,Secured Securities Ltd.,1000,397.1,397100.0,2025-09-23 14:01:45.845507
2025-09-23,19659,2025092304012684,SPDL,Kalika Securities Pvt. Ltd.,Secured Securities Ltd.,50,397.1,19855.0,2025-09-23 14:01:45.845659
2025-09-23,18761,2025092304012907,SPDL,Kalika Securities Pvt. Ltd.,Trishakti Securities Public Limited,18,397.1,7147.8,2025-09-23 14:05:05.613961
2025-09-23,18760,2025092304012908,SPDL,Siprabi Securities Pvt. Ltd.,Trishakti Securities Public Limited,532,397.0,211204.0,2025-09-23 14:05:05.614252
2025-09-23,18315,2025092304012999,SPDL,Siprabi Securities Pvt. Ltd.,Kalika Securities Pvt. Ltd.,67,397.0,26599.0,2025-09-23 14:07:10.876722
2025-09-23,18151,2025092304013043,SPDL,Deevyaa Securities & Stock House Pvt. Ltd,Capital Max Securities Ltd,310,398.8,123628.0,2025-09-23 14:07:47.894670
2025-09-23,18150,2025092304013044,SPDL,Deevyaa Securities & Stock House Pvt. Ltd,Nepal Investment And Securities Trading Private Limited,490,398.8,195412.0,2025-09-23 14:07:47.894853
2025-09-23,17632,2025092304013198,SPDL,Online Securities Pvt. Ltd.,Nepal Investment And Securities Trading Private Limited,500,398.8,199400.0,2025-09-23 14:09:42.442859
2025-09-23,17493,2025092304013232,SPDL,J.F. Securites (PVT) Ltd.,Nepal Investment And Securities Trading Private Limited,10,398.8,3988.0,2025-09-23 14:10:11.470526
2025-09-23,17492,2025092304013233,SPDL,J.F. Securites (PVT) Ltd.,Naasa Securities Co. Ltd.,40,398.8,15952.0,2025-09-23 14:10:11.470663
2025-09-23,17491,2025092304013234,SPDL,J.F. Securites (PVT) Ltd.,ABC Securities Private Limited,100,398.9,39890.0,2025-09-23 14:10:11.470719
2025-09-23,17490,2025092304013235,SPDL,J.F. Securites (PVT) Ltd.,N.I.M.B. Stock Markets Limited,1000,399.0,399000.0,2025-09-23 14:10:11.470802
2025-09-23,17489,2025092304013236,SPDL,J.F. Securites (PVT) Ltd.,Vision Securities Pvt. Ltd,100,399.0,39900.0,2025-09-23 14:10:11.470850
2025-09-23,17488,2025092304013237,SPDL,J.F. Securites (PVT) Ltd.,Aryatara Investment & Securities,155,399.0,61845.0,2025-09-23 14:10:11.470899
2025-09-23,17487,2025092304013238,SPDL,J.F. Securites (PVT) Ltd.,Bhrikuti Stock Broking Co. Pvt. Ltd.,100,399.8,39980.0,2025-09-23 14:10:11.470948
2025-09-23,17486,2025092304013239,SPDL,J.F. Securites (PVT) Ltd.,Market Securities & Exchange (PVT) Ltd.,1495,399.9,597850.5,2025-09-23 14:10:11.470998
2025-09-23,17317,2025092304013278,SPDL,Linch Stock Market Ltd.,Market Securities & Exchange (PVT) Ltd.,505,399.9,201949.5,2025-09-23 14:10:43.342598
2025-09-23,17316,2025092304013279,SPDL,Linch Stock Market Ltd.,Sumeru Securities Pvt. Ltd.,100,400.0,40000.0,2025-09-23 14:10:43.342875
2025-09-23,17315,2025092304013280,SPDL,Linch Stock Market Ltd.,Sundhara Securities Limited,30,400.0,12000.0,2025-09-23 14:10:43.343078
2025-09-23,17314,2025092304013281,SPDL,Linch Stock Market Ltd.,ABC Securities Private Limited,26,400.0,10400.0,2025-09-23 14:10:43.343237
2025-09-23,17313,2025092304013282,SPDL,Linch Stock Market Ltd.,Trisul Securities & Invt. Ltd.,39,400.0,15600.0,2025-09-23 14:10:43.343388
2025-09-23,17106,2025092304013335,SPDL,Asian Securities Private Ltd.,Trisul Securities & Invt. Ltd.,11,400.0,4400.0,2025-09-23 14:11:29.612401
2025-09-23,17105,2025092304013336,SPDL,Asian Securities Private Ltd.,Naasa Securities Co. Ltd.,555,400.0,222000.0,2025-09-23 14:11:29.612645
2025-09-23,17104,2025092304013337,SPDL,Asian Securities Private Ltd.,Naasa Securities Co. Ltd.,500,400.0,200000.0,2025-09-23 14:11:29.612792
2025-09-23,17103,2025092304013338,SPDL,Asian Securities Private Ltd.,Naasa Securities Co. Ltd.,434,400.0,173600.0,2025-09-23 14:11:29.612933
2025-09-23,16995,2025092304013356,SPDL,Asian Securities Private Ltd.,Naasa Securities Co. Ltd.,66,400.0,26400.0,2025-09-23 14:11:49.282054
2025-09-23,16994,2025092304013357,SPDL,Asian Securities Private Ltd.,Dipshikha Dhitopatra Karobar Co. Pvt Ltd.,12,400.0,4800.0,2025-09-23 14:11:49.282289
2025-09-23,16993,2025092304013358,SPDL,Asian Securities Private Ltd.,Arun Securities (PVT) Ltd.,500,400.0,200000.0,2025-09-23 14:11:49.282458
2025-09-23,16725,2025092304013424,SPDL,Asian Securities Private Ltd.,Property Wiard Limited,235,400.0,94000.0,2025-09-23 14:12:43.170102
2025-09-23,16713,2025092304013425,SPDL,Imperial Securities Company Pvt. Ltd.,South Asian Bulls Pvt. Ltd.,20,400.9,8018.0,2025-09-23 14:12:43.884150
2025-09-23,16317,2025092304013534,SPDL,Asian Securities Private Ltd.,Property Wiard Limited,187,400.0,74800.0,2025-09-23 14:14:36.668525
2025-09-23,15872,2025092304013652,SPDL,Naasa Securities Co. Ltd.,Property Wiard Limited,53,400.0,21200.0,2025-09-23 14:16:21.385465
2025-09-23,15071,2025092304013882,SPDL,Asian Securities Private Ltd.,Property Wiard Limited,260,400.0,104000.0,2025-09-23 14:19:28.326277
2025-09-23,15070,2025092304013883,SPDL,Asian Securities Private Ltd.,Vision Securities Pvt. Ltd,100,400.0,40000.0,2025-09-23 14:19:28.326535
2025-09-23,14609,2025092304014001,SPDL,Asian Securities Private Ltd.,Investment Management Nepal Pvt. Ltd.,30,400.0,12000.0,2025-09-23 14:21:17.509762
2025-09-23,13888,2025092304014200,SPDL,Asian Securities Private Ltd.,Nepal Stock House (PVT) Ltd.,100,400.0,40000.0,2025-09-23 14:23:43.998774
2025-09-23,13824,2025092304014214,SPDL,Asian Securities Private Ltd.,Vision Securities Pvt. Ltd,10,400.0,4000.0,2025-09-23 14:24:03.672974
2025-09-23,12645,2025092304014499,SPDL,Miyo Securities Pvt Ltd,Premier Securities Company Ltd.,1000,398.6,398600.0,2025-09-23 14:28:42.364002
2025-09-23,12644,2025092304014500,SPDL,Agrawal Securities (PVT) Ltd.,Premier Securities Company Ltd.,20,398.5,7970.0,2025-09-23 14:28:42.364264
2025-09-23,12643,2025092304014501,SPDL,Imperial Securities Company Pvt. Ltd.,Premier Securities Company Ltd.,31,398.5,12353.5,2025-09-23 14:28:42.364461
2025-09-23,12605,2025092304014507,SPDL,Deevyaa Securities & Stock House Pvt. Ltd,Vision Securities Pvt. Ltd,90,400.0,36000.0,2025-09-23 14:28:50.456780
2025-09-23,12604,2025092304014508,SPDL,Deevyaa Securities & Stock House Pvt. Ltd,Kalika Securities Pvt. Ltd.,15,400.0,6000.0,2025-09-23 14:28:50.456940
2025-09-23,12603,2025092304014509,SPDL,Deevyaa Securities & Stock House Pvt. Ltd,Arun Securities (PVT) Ltd.,395,400.0,158000.0,2025-09-23 14:28:50.456993
2025-09-23,12106,2025092304014625,SPDL,Pragyan Securities (PVT) Ltd.,Arun Securities (PVT) Ltd.,50,400.0,20000.0,2025-09-23 14:30:54.514301
2025-09-23,11624,2025092304014753,SPDL,Asian Securities Private Ltd.,Arun Securities (PVT) Ltd.,55,400.0,22000.0,2025-09-23 14:33:06.293524
2025-09-23,11623,2025092304014754,SPDL,Asian Securities Private Ltd.,Creative Securities Pvt Ltd,127,400.0,50800.0,2025-09-23 14:33:06.293781
2025-09-23,11531,2025092304014765,SPDL,Asian Securities Private Ltd.,Kumari Securities Private Limited,100,400.0,40000.0,2025-09-23 14:33:36.889208
2025-09-23,10592,2025092304014995,SPDL,Asian Securities Private Ltd.,Kumari Securities Private Limited,200,400.0,80000.0,2025-09-23 14:37:28.724088
2025-09-23,10552,2025092304015007,SPDL,Asian Securities Private Ltd.,Naasa Securities Co. Ltd.,18,400.0,7200.0,2025-09-23 14:37:35.900857
2025-09-23,10409,2025092304015036,SPDL,Asian Securities Private Ltd.,Naasa Securities Co. Ltd.,12,400.0,4800.0,2025-09-23 14:38:12.072796
2025-09-23,9278,2025092304015292,SPDL,Malla & Malla Stock Broking Company Pvt. Limited,Trademow Securities Private Limited,500,400.0,200000.0,2025-09-23 14:42:09.003115
2025-09-23,9205,2025092304015300,SPDL,Malla & Malla Stock Broking Company Pvt. Limited,Linch Stock Market Ltd.,98,400.0,39200.0,2025-09-23 14:42:24.599047
2025-09-23,9085,2025092304015336,SPDL,Kohinoor Investment & Securities Pvt. Ltd.,Linch Stock Market Ltd.,102,400.0,40800.0,2025-09-23 14:42:46.530436
2025-09-23,9084,2025092304015337,SPDL,Kohinoor Investment & Securities Pvt. Ltd.,Naasa Securities Co. Ltd.,98,400.0,39200.0,2025-09-23 14:42:46.530576
2025-09-23,7237,2025092304015742,SPDL,Asian Securities Private Ltd.,Hatemalo Financial Services Private Limited,200,400.0,80000.0,2025-09-23 14:48:19.883299
2025-09-23,6951,2025092304015789,SPDL,Imperial Securities Company Pvt. Ltd.,Kumari Securities Private Limited,29,398.5,11556.5,2025-09-23 14:49:00.143634
2025-09-23,6950,2025092304015790,SPDL,Trishakti Securities Public Limited,Kumari Securities Private Limited,171,398.3,68109.3,2025-09-23 14:49:00.143921
2025-09-23,6718,2025092304015861,SPDL,Trishakti Securities Public Limited,Sharepro Securities Private Limited,29,398.3,11550.7,2025-09-23 14:49:43.831536
2025-09-23,6625,2025092304015889,SPDL,Midas Stock Broking Company Private Limited,Dynamic Money Managers Securities Pvt. Ltd.,600,398.0,238800.0,2025-09-23 14:50:00.884540
2025-09-23,6506,2025092304015920,SPDL,Midas Stock Broking Company Private Limited,Cristal Kanchanjanga Securites Pvt. Ltd.,15,398.0,5970.0,2025-09-23 14:50:20.769714
2025-09-23,6454,2025092304015941,SPDL,Midas Stock Broking Company Private Limited,Sharepro Securities Private Limited,371,398.0,147658.0,2025-09-23 14:50:28.757411
2025-09-23,6361,2025092304015977,SPDL,Midas Stock Broking Company Private Limited,Creative Securities Pvt Ltd,14,398.0,5572.0,2025-09-23 14:50:41.303677
2025-09-23,6360,2025092304015978,SPDL,Vision Securities Pvt. Ltd,Creative Securities Pvt Ltd,186,398.0,74028.0,2025-09-23 14:50:41.303843
2025-09-23,6340,2025092304015991,SPDL,Midas Stock Broking Company Private Limited,Prabhu Stock Market Limited,75,399.0,29925.0,2025-09-23 14:50:45.555758
2025-09-23,6266,2025092304016004,SPDL,Vision Securities Pvt. Ltd,Primo Securities (PVT) Ltd.,84,398.0,33432.0,2025-09-23 14:50:52.829629
2025-09-23,5887,2025092304016084,SPDL,Midas Stock Broking Company Private Limited,Primo Securities (PVT) Ltd.,116,398.0,46168.0,2025-09-23 14:51:58.632080
2025-09-23,5110,2025092304016305,SPDL,Midas Stock Broking Company Private Limited,Malla & Malla Stock Broking Company Pvt. Limited,10,398.0,3980.0,2025-09-23 14:53:48.656915
2025-09-23,4906,2025092304016356,SPDL,Nepal Stock House (PVT) Ltd.,Malla & Malla Stock Broking Company Pvt. Limited,20,398.0,7960.0,2025-09-23 14:54:10.243759
2025-09-23,3514,2025092304016705,SPDL,ABC Securities Private Limited,Midas Stock Broking Company Private Limited,50,397.1,19855.0,2025-09-23 14:56:58.607536
2025-09-23,3513,2025092304016706,SPDL,Siprabi Securities Pvt. Ltd.,Midas Stock Broking Company Private Limited,131,397.0,52007.0,2025-09-23 14:56:58.607809
2025-09-23,3512,2025092304016707,SPDL,Imperial Securities Company Pvt. Ltd.,Midas Stock Broking Company Private Limited,25,397.0,9925.0,2025-09-23 14:56:58.607986
2025-09-23,3511,2025092304016708,SPDL,Vision Securities Pvt. Ltd,Midas Stock Broking Company Private Limited,94,397.0,37318.0,2025-09-23 14:56:58.608176
2025-09-23,3062,2025092304016807,SPDL,Vision Securities Pvt. Ltd,Aryatara Investment & Securities,190,397.0,75430.0,2025-09-23 14:57:36.805689
2025-09-23,2664,2025092304016895,SPDL,Vision Securities Pvt. Ltd,J.F. Securites (PVT) Ltd.,216,397.0,85752.0,2025-09-23 14:58:11.140812
2025-09-23,2663,2025092304016896,SPDL,Sumeru Securities Pvt. Ltd.,J.F. Securites (PVT) Ltd.,150,397.0,59550.0,2025-09-23 14:58:11.140957
2025-09-23,2662,2025092304016897,SPDL,South Asian Bulls Pvt. Ltd.,J.F. Securites (PVT) Ltd.,700,397.0,277900.0,2025-09-23 14:58:11.141012
2025-09-23,2661,2025092304016898,SPDL,Primo Securities (PVT) Ltd.,J.F. Securites (PVT) Ltd.,700,397.0,277900.0,2025-09-23 14:58:11.141068
2025-09-23,2291,2025092304016982,SPDL,Aryatara Investment & Securities,J.F. Securites (PVT) Ltd.,1000,396.5,396500.0,2025-09-23 14:58:35.469286
2025-09-23,2290,2025092304016983,SPDL,Naasa Securities Co. Ltd.,J.F. Securites (PVT) Ltd.,10,396.5,3965.0,2025-09-23 14:58:35.469414
2025-09-23,2289,2025092304016984,SPDL,Sumeru Securities Pvt. Ltd.,J.F. Securites (PVT) Ltd.,224,396.4,88793.6,2025-09-23 14:58:35.469468
2025-09-23,1911,2025092304017084,SPDL,Sumeru Securities Pvt. Ltd.,Midas Stock Broking Company Private Limited,276,396.4,109406.4,2025-09-23 14:58:56.950012
2025-09-23,1910,2025092304017085,SPDL,Agrawal Securities (PVT) Ltd.,Midas Stock Broking Company Private Limited,300,396.3,118890.0,2025-09-23 14:58:56.950157
2025-09-23,1909,2025092304017086,SPDL,Stoxkarts Securities Limited,Midas Stock Broking Company Private Limited,424,396.2,167988.8,2025-09-23 14:58:56.950215
2025-09-23,1875,2025092304017091,SPDL,Stoxkarts Securities Limited,Malla & Malla Stock Broking Company Pvt. Limited,576,396.2,228211.2,2025-09-23 14:58:59.148279
2025-09-23,1874,2025092304017092,SPDL,Naasa Securities Co. Ltd.,Malla & Malla Stock Broking Company Pvt. Limited,422,396.1,167154.2,2025-09-23 14:58:59.148556
2025-09-23,1205,2025092304017252,SPDL,Himalayan Brokerage Company Limited,Midas Stock Broking Company Private Limited,50,396.4,19820.0,2025-09-23 14:59:27.116749
2025-09-23,778,2025092304017362,SPDL,Naasa Securities Co. Ltd.,Kohinoor Investment & Securities Pvt. Ltd.,100,396.1,39610.0,2025-09-23 14:59:44.966111
2025-09-23,480,2025092304017430,SPDL,Naasa Securities Co. Ltd.,Asian Securities Private Ltd.,80,396.1,31688.0,2025-09-23 14:59:52.543219
2025-09-23,388,2025092304017439,SPDL,Midas Stock Broking Company Private Limited,Prabhu Stock Market Limited,10,397.0,3970.0,2025-09-23 14:59:55.100100
