Date,S.N.,Contract ID,Symbol,Buyer Broker,Seller Broker,volume,rate,amount,transaction_time
2025-09-23,67295,2025092304000017,UNHPL,Sipla Securities Private Limited,Naasa Securities Co. Ltd.,500,459.0,229500.0,2025-09-23 11:00:15.310691
2025-09-23,67294,2025092304000018,UNHPL,Sipla Securities Private Limited,Vision Securities Pvt. Ltd,100,459.3,45930.0,2025-09-23 11:00:15.310834
2025-09-23,67281,2025092304000021,UNHPL,Sipla Securities Private Limited,Global IME Securities Limited,500,460.8,230400.0,2025-09-23 11:00:26.945659
2025-09-23,67280,2025092304000022,UNHPL,Sipla Securities Private Limited,Naasa Securities Co. Ltd.,200,460.8,92160.0,2025-09-23 11:00:26.945726
2025-09-23,67279,2025092304000023,UNHPL,Sipla Securities Private Limited,Kohinoor Investment & Securities Pvt. Ltd.,290,460.8,133632.0,2025-09-23 11:00:26.945755
2025-09-23,67260,2025092304000028,UNHPL,Dynamic Money Managers Securities Pvt. Ltd.,South Asian Bulls Pvt. Ltd.,10,467.7,4677.0,2025-09-23 11:00:36.659488
2025-09-23,67240,2025092304000037,UNHPL,J.F. Securites (PVT) Ltd.,South Asian Bulls Pvt. Ltd.,10,467.7,4677.0,2025-09-23 11:00:41.923335
2025-09-23,67074,2025092304000096,UNHPL,Sipla Securities Private Limited,Dakshinkali Investment & Securities Pvt. Ltd.,10,460.8,4608.0,2025-09-23 11:01:32.122347
2025-09-23,67073,2025092304000097,UNHPL,Sipla Securities Private Limited,Dakshinkali Investment & Securities Pvt. Ltd.,400,460.0,184000.0,2025-09-23 11:01:32.122424
2025-09-23,67072,2025092304000098,UNHPL,Primo Securities (PVT) Ltd.,Dakshinkali Investment & Securities Pvt. Ltd.,90,460.0,41400.0,2025-09-23 11:01:32.122455
2025-09-23,67025,2025092304000116,UNHPL,Online Securities Pvt. Ltd.,Aryatara Investment & Securities,70,464.0,32480.0,2025-09-23 11:01:43.628202
2025-09-23,67012,2025092304000118,UNHPL,Primo Securities (PVT) Ltd.,Capital Max Securities Ltd,410,460.0,188600.0,2025-09-23 11:01:46.880634
2025-09-23,67011,2025092304000119,UNHPL,Shree Krishna Securities Ltd.,Capital Max Securities Ltd,90,460.0,41400.0,2025-09-23 11:01:46.880698
2025-09-23,66882,2025092304000167,UNHPL,Shree Krishna Securities Ltd.,Property Wiard Limited,40,460.0,18400.0,2025-09-23 11:02:16.810854
2025-09-23,66813,2025092304000188,UNHPL,Shree Krishna Securities Ltd.,Aryatara Investment & Securities,20,460.0,9200.0,2025-09-23 11:02:33.079079
2025-09-23,66652,2025092304000244,UNHPL,Sipla Securities Private Limited,Trisul Securities & Invt. Ltd.,10,453.0,4530.0,2025-09-23 11:03:03.353247
2025-09-23,65867,2025092304000478,UNHPL,Sharepro Securities Private Limited,ABC Securities Private Limited,4000,458.0,1832000.0,2025-09-23 11:05:25.497565
2025-09-23,65838,2025092304000484,UNHPL,Sharepro Securities Private Limited,Global IME Securities Limited,214,457.0,97798.0,2025-09-23 11:05:31.841084
2025-09-23,65837,2025092304000485,UNHPL,Sharepro Securities Private Limited,ABC Securities Private Limited,1786,458.0,817988.0,2025-09-23 11:05:31.841267
2025-09-23,65673,2025092304000541,UNHPL,Agrawal Securities (PVT) Ltd.,Sharepro Securities Private Limited,13,457.9,5952.7,2025-09-23 11:06:01.156424
2025-09-23,65616,2025092304000564,UNHPL,ABC Securities Private Limited,Sharepro Securities Private Limited,5987,457.9,2741447.3,2025-09-23 11:06:11.988425
2025-09-23,65590,2025092304000579,UNHPL,Naasa Securities Co. Ltd.,ABC Securities Private Limited,96,458.0,43968.0,2025-09-23 11:06:18.195668
2025-09-23,65203,2025092304000710,UNHPL,Asian Securities Private Ltd.,ABC Securities Private Limited,118,458.0,54044.0,2025-09-23 11:07:21.017542
2025-09-23,65202,2025092304000711,UNHPL,Asian Securities Private Ltd.,Sweta Securities Private Limited,50,458.0,22900.0,2025-09-23 11:07:21.017679
2025-09-23,65201,2025092304000712,UNHPL,Asian Securities Private Ltd.,Sweta Securities Private Limited,200,459.0,91800.0,2025-09-23 11:07:21.017759
2025-09-23,65200,2025092304000713,UNHPL,Asian Securities Private Ltd.,Online Securities Pvt. Ltd.,2000,459.9,919800.0,2025-09-23 11:07:21.017829
2025-09-23,65199,2025092304000714,UNHPL,Asian Securities Private Ltd.,Aryatara Investment & Securities,1980,460.0,910800.0,2025-09-23 11:07:21.017881
2025-09-23,65198,2025092304000715,UNHPL,Asian Securities Private Ltd.,Agrawal Securities (PVT) Ltd.,250,460.0,115000.0,2025-09-23 11:07:21.017935
2025-09-23,65197,2025092304000716,UNHPL,Asian Securities Private Ltd.,Linch Stock Market Ltd.,402,460.0,184920.0,2025-09-23 11:07:21.018001
2025-09-23,65071,2025092304000750,UNHPL,Sri Hari Securities Pvt. Ltd.,Linch Stock Market Ltd.,98,460.0,45080.0,2025-09-23 11:07:46.830456
2025-09-23,64415,2025092304000995,UNHPL,Naasa Securities Co. Ltd.,Imperial Securities Company Pvt. Ltd.,43,456.0,19608.0,2025-09-23 11:09:38.413257
2025-09-23,64405,2025092304000997,UNHPL,Nepal Stock House (PVT) Ltd.,Linch Stock Market Ltd.,100,458.8,45880.0,2025-09-23 11:09:39.784257
2025-09-23,64404,2025092304000998,UNHPL,Nepal Stock House (PVT) Ltd.,KALASH STOCK MARKET PVT. LTD.,140,458.8,64232.0,2025-09-23 11:09:39.784365
2025-09-23,64403,2025092304000999,UNHPL,Nepal Stock House (PVT) Ltd.,Agrawal Securities (PVT) Ltd.,200,459.0,91800.0,2025-09-23 11:09:39.784420
2025-09-23,64311,2025092304001025,UNHPL,Capital Hub P. Ltd,SHUBHAKAMANA SECURITIES PVT. LTD,5000,458.0,2290000.0,2025-09-23 11:09:53.785238
2025-09-23,64157,2025092304001084,UNHPL,SHUBHAKAMANA SECURITIES PVT. LTD,Capital Hub P. Ltd,5000,459.0,2295000.0,2025-09-23 11:10:18.235748
2025-09-23,64128,2025092304001094,UNHPL,Sharepro Securities Private Limited,Global IME Securities Limited,60,459.0,27540.0,2025-09-23 11:10:22.516577
2025-09-23,64121,2025092304001095,UNHPL,Sharepro Securities Private Limited,APPLE SECURITIES PRIVATE LIMITED,280,459.0,128520.0,2025-09-23 11:10:24.104973
2025-09-23,63828,2025092304001203,UNHPL,Naasa Securities Co. Ltd.,Aryatara Investment & Securities,400,457.1,182840.0,2025-09-23 11:11:24.362524
2025-09-23,63827,2025092304001204,UNHPL,Agrawal Securities (PVT) Ltd.,Aryatara Investment & Securities,200,457.0,91400.0,2025-09-23 11:11:24.362647
2025-09-23,63568,2025092304001291,UNHPL,ABC Securities Private Limited,Elite Stock House Limited,10,460.0,4600.0,2025-09-23 11:12:14.522040
2025-09-23,63567,2025092304001292,UNHPL,ABC Securities Private Limited,Trishakti Securities Public Limited,60,460.0,27600.0,2025-09-23 11:12:14.522181
2025-09-23,63340,2025092304001367,UNHPL,Sipla Securities Private Limited,Shree Krishna Securities Ltd.,1500,462.0,693000.0,2025-09-23 11:12:56.687695
2025-09-23,63314,2025092304001375,UNHPL,Asian Securities Private Ltd.,Aryatara Investment & Securities,30,464.0,13920.0,2025-09-23 11:13:04.610215
2025-09-23,63313,2025092304001376,UNHPL,Asian Securities Private Ltd.,Citizens Share Broker Limited,50,464.8,23240.0,2025-09-23 11:13:04.610353
2025-09-23,63312,2025092304001377,UNHPL,Asian Securities Private Ltd.,Dipshikha Dhitopatra Karobar Co. Pvt Ltd.,500,464.9,232450.0,2025-09-23 11:13:04.610406
2025-09-23,63311,2025092304001378,UNHPL,Asian Securities Private Ltd.,Capital Max Securities Ltd,1000,464.9,464900.0,2025-09-23 11:13:04.610457
2025-09-23,63310,2025092304001379,UNHPL,Asian Securities Private Ltd.,Sweta Securities Private Limited,100,465.0,46500.0,2025-09-23 11:13:04.610515
2025-09-23,63309,2025092304001380,UNHPL,Asian Securities Private Ltd.,Agrawal Securities (PVT) Ltd.,250,465.0,116250.0,2025-09-23 11:13:04.610562
2025-09-23,63308,2025092304001381,UNHPL,Asian Securities Private Ltd.,Aryatara Investment & Securities,20,465.0,9300.0,2025-09-23 11:13:04.610611
2025-09-23,63307,2025092304001382,UNHPL,Asian Securities Private Ltd.,ABC Securities Private Limited,180,465.0,83700.0,2025-09-23 11:13:04.610659
2025-09-23,63306,2025092304001383,UNHPL,Asian Securities Private Ltd.,Sri Hari Securities Pvt. Ltd.,300,465.0,139500.0,2025-09-23 11:13:04.610704
2025-09-23,63305,2025092304001384,UNHPL,Asian Securities Private Ltd.,Capital Max Securities Ltd,240,465.0,111600.0,2025-09-23 11:13:04.610751
2025-09-23,63304,2025092304001385,UNHPL,Asian Securities Private Ltd.,Deevyaa Securities & Stock House Pvt. Ltd,160,465.0,74400.0,2025-09-23 11:13:04.610798
2025-09-23,63303,2025092304001386,UNHPL,Asian Securities Private Ltd.,Sundhara Securities Limited,100,465.0,46500.0,2025-09-23 11:13:04.610846
2025-09-23,63302,2025092304001387,UNHPL,Asian Securities Private Ltd.,Siprabi Securities Pvt. Ltd.,50,465.0,23250.0,2025-09-23 11:13:04.610892
2025-09-23,63301,2025092304001388,UNHPL,Asian Securities Private Ltd.,Vision Securities Pvt. Ltd,200,465.8,93160.0,2025-09-23 11:13:04.610938
2025-09-23,63300,2025092304001389,UNHPL,Asian Securities Private Ltd.,Capital Max Securities Ltd,100,466.0,46600.0,2025-09-23 11:13:04.610985
2025-09-23,63299,2025092304001390,UNHPL,Asian Securities Private Ltd.,Citizens Share Broker Limited,877,466.0,408682.0,2025-09-23 11:13:04.611032
2025-09-23,63234,2025092304001405,UNHPL,ABC Securities Private Limited,Primo Securities (PVT) Ltd.,100,466.4,46640.0,2025-09-23 11:13:13.490994
2025-09-23,63233,2025092304001406,UNHPL,ABC Securities Private Limited,Sundhara Securities Limited,50,466.9,23345.0,2025-09-23 11:13:13.491089
2025-09-23,63232,2025092304001407,UNHPL,ABC Securities Private Limited,Sri Hari Securities Pvt. Ltd.,200,467.0,93400.0,2025-09-23 11:13:13.491137
2025-09-23,63231,2025092304001408,UNHPL,ABC Securities Private Limited,Aryatara Investment & Securities,100,467.0,46700.0,2025-09-23 11:13:13.491181
2025-09-23,63230,2025092304001409,UNHPL,ABC Securities Private Limited,Sweta Securities Private Limited,239,467.0,111613.0,2025-09-23 11:13:13.491261
2025-09-23,63229,2025092304001410,UNHPL,ABC Securities Private Limited,Sani Securities Company Ltd.,50,467.0,23350.0,2025-09-23 11:13:13.491324
2025-09-23,63219,2025092304001411,UNHPL,ABC Securities Private Limited,Dipshikha Dhitopatra Karobar Co. Pvt Ltd.,191,467.0,89197.0,2025-09-23 11:13:15.486120
2025-09-23,63218,2025092304001412,UNHPL,Asian Securities Private Ltd.,Dipshikha Dhitopatra Karobar Co. Pvt Ltd.,609,466.0,283794.0,2025-09-23 11:13:15.486237
2025-09-23,63167,2025092304001445,UNHPL,Asian Securities Private Ltd.,Dakshinkali Investment & Securities Pvt. Ltd.,234,466.0,109044.0,2025-09-23 11:13:24.193288
2025-09-23,63166,2025092304001446,UNHPL,Property Wiard Limited,Dakshinkali Investment & Securities Pvt. Ltd.,506,466.0,235796.0,2025-09-23 11:13:24.193426
2025-09-23,63149,2025092304001448,UNHPL,Property Wiard Limited,Vision Securities Pvt. Ltd,200,466.0,93200.0,2025-09-23 11:13:25.743271
2025-09-23,63140,2025092304001453,UNHPL,Property Wiard Limited,Property Wiard Limited,94,466.0,43804.0,2025-09-23 11:13:27.108358
2025-09-23,62995,2025092304001500,UNHPL,Opal Securities Investment (PVT) Ltd.,Vision Securities Pvt. Ltd,100,466.0,46600.0,2025-09-23 11:13:57.497887
2025-09-23,62887,2025092304001546,UNHPL,ABC Securities Private Limited,Property Wiard Limited,406,467.5,189805.0,2025-09-23 11:14:17.134188
2025-09-23,62792,2025092304001572,UNHPL,ABC Securities Private Limited,Dipshikha Dhitopatra Karobar Co. Pvt Ltd.,500,467.7,233850.0,2025-09-23 11:14:29.652141
2025-09-23,62732,2025092304001596,UNHPL,ABC Securities Private Limited,Dynamic Money Managers Securities Pvt. Ltd.,94,467.7,43963.8,2025-09-23 11:14:41.610636
2025-09-23,62691,2025092304001615,UNHPL,Blue Chip Securities Ltd,Trishakti Securities Public Limited,10,466.0,4660.0,2025-09-23 11:14:51.065043
2025-09-23,62631,2025092304001629,UNHPL,Blue Chip Securities Ltd,Thrive Brokerage House Pvt. Ltd,90,466.0,41940.0,2025-09-23 11:15:01.126526
2025-09-23,62531,2025092304001654,UNHPL,Capital Hub P. Ltd,SHUBHAKAMANA SECURITIES PVT. LTD,2900,465.0,1348500.0,2025-09-23 11:15:21.784886
2025-09-23,62447,2025092304001672,UNHPL,Bhrikuti Stock Broking Co. Pvt. Ltd.,Shree Krishna Securities Ltd.,1000,464.0,464000.0,2025-09-23 11:15:35.010616
2025-09-23,62344,2025092304001707,UNHPL,SHUBHAKAMANA SECURITIES PVT. LTD,Capital Hub P. Ltd,2900,465.5,1349950.0,2025-09-23 11:15:48.796745
2025-09-23,62340,2025092304001708,UNHPL,Sharepro Securities Private Limited,Vision Securities Pvt. Ltd,300,465.9,139770.0,2025-09-23 11:15:49.609617
2025-09-23,62339,2025092304001709,UNHPL,Sharepro Securities Private Limited,Thrive Brokerage House Pvt. Ltd,410,466.0,191060.0,2025-09-23 11:15:49.609878
2025-09-23,62215,2025092304001735,UNHPL,Naasa Securities Co. Ltd.,KALASH STOCK MARKET PVT. LTD.,25,466.0,11650.0,2025-09-23 11:16:24.263499
2025-09-23,62214,2025092304001736,UNHPL,Naasa Securities Co. Ltd.,Vision Securities Pvt. Ltd,65,466.0,30290.0,2025-09-23 11:16:24.263650
2025-09-23,62190,2025092304001737,UNHPL,Linch Stock Market Ltd.,Vision Securities Pvt. Ltd,35,466.0,16310.0,2025-09-23 11:16:26.668613
2025-09-23,62133,2025092304001751,UNHPL,Blue Chip Securities Ltd,Imperial Securities Company Pvt. Ltd.,310,466.9,144739.0,2025-09-23 11:16:37.290240
2025-09-23,62126,2025092304001752,UNHPL,Sharepro Securities Private Limited,Shree Krishna Securities Ltd.,200,467.0,93400.0,2025-09-23 11:16:39.170873
2025-09-23,62125,2025092304001753,UNHPL,Sharepro Securities Private Limited,Dynamic Money Managers Securities Pvt. Ltd.,406,467.7,189886.2,2025-09-23 11:16:39.171071
2025-09-23,62124,2025092304001754,UNHPL,Sharepro Securities Private Limited,Hatemalo Financial Services Private Limited,1500,468.0,702000.0,2025-09-23 11:16:39.171129
2025-09-23,62123,2025092304001755,UNHPL,Sharepro Securities Private Limited,South Asian Bulls Pvt. Ltd.,50,468.0,23400.0,2025-09-23 11:16:39.171196
2025-09-23,62122,2025092304001756,UNHPL,Sharepro Securities Private Limited,Sumeru Securities Pvt. Ltd.,100,468.0,46800.0,2025-09-23 11:16:39.171250
2025-09-23,62121,2025092304001757,UNHPL,Sharepro Securities Private Limited,Dakshinkali Investment & Securities Pvt. Ltd.,1000,468.1,468100.0,2025-09-23 11:16:39.171305
2025-09-23,62120,2025092304001758,UNHPL,Sharepro Securities Private Limited,Dynamic Money Managers Securities Pvt. Ltd.,1000,468.9,468900.0,2025-09-23 11:16:39.171367
2025-09-23,62119,2025092304001759,UNHPL,Sharepro Securities Private Limited,Asian Securities Private Ltd.,1000,469.0,469000.0,2025-09-23 11:16:39.171420
2025-09-23,62118,2025092304001760,UNHPL,Sharepro Securities Private Limited,MILKY WAY SHARE BROKER COMPANY LTD ,500,469.0,234500.0,2025-09-23 11:16:39.171472
2025-09-23,62117,2025092304001761,UNHPL,Sharepro Securities Private Limited,Sumeru Securities Pvt. Ltd.,500,469.0,234500.0,2025-09-23 11:16:39.171526
2025-09-23,62116,2025092304001762,UNHPL,Sharepro Securities Private Limited,Primo Securities (PVT) Ltd.,100,469.0,46900.0,2025-09-23 11:16:39.171576
2025-09-23,62115,2025092304001763,UNHPL,Sharepro Securities Private Limited,J.F. Securites (PVT) Ltd.,100,469.0,46900.0,2025-09-23 11:16:39.171625
2025-09-23,62114,2025092304001764,UNHPL,Sharepro Securities Private Limited,Trishakti Securities Public Limited,1500,469.0,703500.0,2025-09-23 11:16:39.171674
2025-09-23,62113,2025092304001765,UNHPL,Sharepro Securities Private Limited,Vision Securities Pvt. Ltd,100,469.0,46900.0,2025-09-23 11:16:39.171725
2025-09-23,62112,2025092304001766,UNHPL,Sharepro Securities Private Limited,Agrawal Securities (PVT) Ltd.,170,469.2,79764.0,2025-09-23 11:16:39.171774
2025-09-23,62111,2025092304001767,UNHPL,Sharepro Securities Private Limited,Online Securities Pvt. Ltd.,500,470.0,235000.0,2025-09-23 11:16:39.171823
2025-09-23,62110,2025092304001768,UNHPL,Sharepro Securities Private Limited,Miyo Securities Pvt Ltd,64,470.0,30080.0,2025-09-23 11:16:39.171876
2025-09-23,62084,2025092304001775,UNHPL,SHUBHAKAMANA SECURITIES PVT. LTD,Sweta Securities Private Limited,300,469.0,140700.0,2025-09-23 11:16:49.160584
2025-09-23,62072,2025092304001779,UNHPL,SHUBHAKAMANA SECURITIES PVT. LTD,Trishakti Securities Public Limited,10,469.0,4690.0,2025-09-23 11:16:52.541332
2025-09-23,62015,2025092304001798,UNHPL,Linch Stock Market Ltd.,Property Wiard Limited,965,469.9,453453.5,2025-09-23 11:17:06.974679
2025-09-23,61983,2025092304001805,UNHPL,Linch Stock Market Ltd.,Property Wiard Limited,35,469.9,16446.5,2025-09-23 11:17:14.188012
2025-09-23,61982,2025092304001806,UNHPL,Linch Stock Market Ltd.,Miyo Securities Pvt Ltd,536,470.0,251920.0,2025-09-23 11:17:14.188246
2025-09-23,61981,2025092304001807,UNHPL,Linch Stock Market Ltd.,Shree Krishna Securities Ltd.,429,470.0,201630.0,2025-09-23 11:17:14.188416
2025-09-23,61979,2025092304001808,UNHPL,Sani Securities Company Ltd.,Shree Krishna Securities Ltd.,15,470.0,7050.0,2025-09-23 11:17:14.375110
2025-09-23,61958,2025092304001819,UNHPL,Sharepro Securities Private Limited,Shree Krishna Securities Ltd.,160,470.0,75200.0,2025-09-23 11:17:17.180442
2025-09-23,61939,2025092304001827,UNHPL,SHUBHAKAMANA SECURITIES PVT. LTD,Linch Stock Market Ltd.,30,469.0,14070.0,2025-09-23 11:17:22.110750
2025-09-23,61922,2025092304001832,UNHPL,SHUBHAKAMANA SECURITIES PVT. LTD,Sani Securities Company Ltd.,60,469.0,28140.0,2025-09-23 11:17:25.156044
2025-09-23,61856,2025092304001868,UNHPL,Blue Chip Securities Ltd,Sani Securities Company Ltd.,90,469.0,42210.0,2025-09-23 11:17:36.696290
2025-09-23,61807,2025092304001891,UNHPL,Blue Chip Securities Ltd,Dipshikha Dhitopatra Karobar Co. Pvt Ltd.,200,469.8,93960.0,2025-09-23 11:17:46.802319
2025-09-23,61700,2025092304001913,UNHPL,Sundhara Securities Limited,Shree Krishna Securities Ltd.,51,470.0,23970.0,2025-09-23 11:18:05.053424
2025-09-23,61699,2025092304001914,UNHPL,Sundhara Securities Limited,Siprabi Securities Pvt. Ltd.,10,470.0,4700.0,2025-09-23 11:18:05.053697
2025-09-23,61698,2025092304001915,UNHPL,Sundhara Securities Limited,Trishakti Securities Public Limited,10,470.0,4700.0,2025-09-23 11:18:05.053933
2025-09-23,61697,2025092304001916,UNHPL,Sundhara Securities Limited,Elite Stock House Limited,1000,470.0,470000.0,2025-09-23 11:18:05.054104
2025-09-23,61639,2025092304001939,UNHPL,Sani Securities Company Ltd.,Midas Stock Broking Company Private Limited,200,470.0,94000.0,2025-09-23 11:18:24.235294
2025-09-23,61590,2025092304001949,UNHPL,Vision Securities Pvt. Ltd,Midas Stock Broking Company Private Limited,692,470.0,325240.0,2025-09-23 11:18:35.636860
2025-09-23,61589,2025092304001950,UNHPL,Vision Securities Pvt. Ltd,Elite Stock House Limited,159,470.0,74730.0,2025-09-23 11:18:35.637109
2025-09-23,61554,2025092304001957,UNHPL,Blue Chip Securities Ltd,Citizens Share Broker Limited,500,469.1,234550.0,2025-09-23 11:18:41.582404
2025-09-23,61505,2025092304001972,UNHPL,INDEX SECURITIES LIMITED,Dipshikha Dhitopatra Karobar Co. Pvt Ltd.,200,469.9,93980.0,2025-09-23 11:18:52.880796
2025-09-23,61504,2025092304001973,UNHPL,INDEX SECURITIES LIMITED,Elite Stock House Limited,241,470.0,113270.0,2025-09-23 11:18:52.880899
2025-09-23,61503,2025092304001974,UNHPL,INDEX SECURITIES LIMITED,Siprabi Securities Pvt. Ltd.,10,471.0,4710.0,2025-09-23 11:18:52.880956
2025-09-23,61502,2025092304001975,UNHPL,INDEX SECURITIES LIMITED,Vision Securities Pvt. Ltd,100,471.0,47100.0,2025-09-23 11:18:52.881017
2025-09-23,61501,2025092304001976,UNHPL,INDEX SECURITIES LIMITED,J.F. Securites (PVT) Ltd.,100,471.9,47190.0,2025-09-23 11:18:52.881118
2025-09-23,61500,2025092304001977,UNHPL,INDEX SECURITIES LIMITED,Siprabi Securities Pvt. Ltd.,10,472.0,4720.0,2025-09-23 11:18:52.881190
2025-09-23,61499,2025092304001978,UNHPL,INDEX SECURITIES LIMITED,Elite Stock House Limited,339,472.0,160008.0,2025-09-23 11:18:52.881261
2025-09-23,61430,2025092304001994,UNHPL,Blue Chip Securities Ltd,Sri Hari Securities Pvt. Ltd.,10,469.1,4691.0,2025-09-23 11:19:11.103724
2025-09-23,61377,2025092304002011,UNHPL,Blue Chip Securities Ltd,Vision Securities Pvt. Ltd,200,469.1,93820.0,2025-09-23 11:19:22.201460
2025-09-23,61344,2025092304002020,UNHPL,ABC Securities Private Limited,Vision Securities Pvt. Ltd,10,469.1,4691.0,2025-09-23 11:19:30.418482
2025-09-23,61343,2025092304002021,UNHPL,ABC Securities Private Limited,Elite Stock House Limited,30,470.0,14100.0,2025-09-23 11:19:30.418793
2025-09-23,61155,2025092304002066,UNHPL,Nabil Stock Dealer Ltd.,Sweta Securities Private Limited,200,469.0,93800.0,2025-09-23 11:20:06.701615
2025-09-23,61154,2025092304002067,UNHPL,Nabil Stock Dealer Ltd.,Elite Stock House Limited,10,470.0,4700.0,2025-09-23 11:20:06.701892
2025-09-23,61153,2025092304002068,UNHPL,Nabil Stock Dealer Ltd.,Trishakti Securities Public Limited,10,471.0,4710.0,2025-09-23 11:20:06.702082
2025-09-23,61152,2025092304002069,UNHPL,Nabil Stock Dealer Ltd.,Capital Max Securities Ltd,500,471.0,235500.0,2025-09-23 11:20:06.702247
2025-09-23,61151,2025092304002070,UNHPL,Nabil Stock Dealer Ltd.,Premier Securities Company Ltd.,1000,471.9,471900.0,2025-09-23 11:20:06.702432
2025-09-23,61150,2025092304002071,UNHPL,Nabil Stock Dealer Ltd.,Oxford Securities Pvt. Ltd.,1000,471.9,471900.0,2025-09-23 11:20:06.702674
2025-09-23,61149,2025092304002072,UNHPL,Nabil Stock Dealer Ltd.,Elite Stock House Limited,661,472.0,311992.0,2025-09-23 11:20:06.702881
2025-09-23,61148,2025092304002073,UNHPL,Nabil Stock Dealer Ltd.,Kohinoor Investment & Securities Pvt. Ltd.,1000,472.0,472000.0,2025-09-23 11:20:06.703099
2025-09-23,61147,2025092304002074,UNHPL,Nabil Stock Dealer Ltd.,Trishakti Securities Public Limited,10,472.0,4720.0,2025-09-23 11:20:06.703282
2025-09-23,61146,2025092304002075,UNHPL,Nabil Stock Dealer Ltd.,Siprabi Securities Pvt. Ltd.,10,473.0,4730.0,2025-09-23 11:20:06.703462
2025-09-23,61145,2025092304002076,UNHPL,Nabil Stock Dealer Ltd.,Capital Max Securities Ltd,300,473.0,141900.0,2025-09-23 11:20:06.703645
2025-09-23,61144,2025092304002077,UNHPL,Nabil Stock Dealer Ltd.,Vision Securities Pvt. Ltd,100,473.0,47300.0,2025-09-23 11:20:06.703807
2025-09-23,61143,2025092304002078,UNHPL,Nabil Stock Dealer Ltd.,Dipshikha Dhitopatra Karobar Co. Pvt Ltd.,300,473.9,142170.0,2025-09-23 11:20:06.703999
2025-09-23,61142,2025092304002079,UNHPL,Nabil Stock Dealer Ltd.,Agrawal Securities (PVT) Ltd.,250,474.0,118500.0,2025-09-23 11:20:06.704085
2025-09-23,61141,2025092304002080,UNHPL,Nabil Stock Dealer Ltd.,Siprabi Securities Pvt. Ltd.,10,474.0,4740.0,2025-09-23 11:20:06.704144
2025-09-23,61140,2025092304002081,UNHPL,Nabil Stock Dealer Ltd.,APPLE SECURITIES PRIVATE LIMITED,500,474.0,237000.0,2025-09-23 11:20:06.704200
2025-09-23,61139,2025092304002082,UNHPL,Nabil Stock Dealer Ltd.,Market Securities & Exchange (PVT) Ltd.,100,474.0,47400.0,2025-09-23 11:20:06.704259
2025-09-23,61138,2025092304002083,UNHPL,Nabil Stock Dealer Ltd.,Agrawal Securities (PVT) Ltd.,300,474.9,142470.0,2025-09-23 11:20:06.704329
2025-09-23,61137,2025092304002084,UNHPL,Nabil Stock Dealer Ltd.,Online Securities Pvt. Ltd.,2000,475.0,950000.0,2025-09-23 11:20:06.704397
2025-09-23,61136,2025092304002085,UNHPL,Nabil Stock Dealer Ltd.,Siprabi Securities Pvt. Ltd.,10,475.0,4750.0,2025-09-23 11:20:06.704460
2025-09-23,61135,2025092304002086,UNHPL,Nabil Stock Dealer Ltd.,Sri Hari Securities Pvt. Ltd.,228,475.0,108300.0,2025-09-23 11:20:06.704513
2025-09-23,61134,2025092304002087,UNHPL,Nabil Stock Dealer Ltd.,Primo Securities (PVT) Ltd.,200,475.0,95000.0,2025-09-23 11:20:06.704560
2025-09-23,61133,2025092304002088,UNHPL,Nabil Stock Dealer Ltd.,Nepal Investment And Securities Trading Private Limited,400,475.0,190000.0,2025-09-23 11:20:06.704618
2025-09-23,61132,2025092304002089,UNHPL,Nabil Stock Dealer Ltd.,Shree Krishna Securities Ltd.,217,475.0,103075.0,2025-09-23 11:20:06.704667
2025-09-23,61131,2025092304002090,UNHPL,Nabil Stock Dealer Ltd.,Siprabi Securities Pvt. Ltd.,140,475.0,66500.0,2025-09-23 11:20:06.704715
2025-09-23,61130,2025092304002091,UNHPL,Nabil Stock Dealer Ltd.,Secured Securities Ltd.,200,475.0,95000.0,2025-09-23 11:20:06.704762
2025-09-23,61129,2025092304002092,UNHPL,Nabil Stock Dealer Ltd.,Sumeru Securities Pvt. Ltd.,100,475.0,47500.0,2025-09-23 11:20:06.704808
2025-09-23,61128,2025092304002093,UNHPL,Nabil Stock Dealer Ltd.,Nepal Investment And Securities Trading Private Limited,244,475.0,115900.0,2025-09-23 11:20:06.704853
2025-09-23,61048,2025092304002106,UNHPL,Primo Securities (PVT) Ltd.,Sri Hari Securities Pvt. Ltd.,10,465.3,4653.0,2025-09-23 11:20:25.336997
2025-09-23,60986,2025092304002128,UNHPL,Aryatara Investment & Securities,Dakshinkali Investment & Securities Pvt. Ltd.,100,471.0,47100.0,2025-09-23 11:20:39.621149
2025-09-23,60856,2025092304002155,UNHPL,Capital Max Securities Ltd,Dakshinkali Investment & Securities Pvt. Ltd.,100,471.0,47100.0,2025-09-23 11:21:13.352629
2025-09-23,60839,2025092304002156,UNHPL,Trishakti Securities Public Limited,Dakshinkali Investment & Securities Pvt. Ltd.,210,471.0,98910.0,2025-09-23 11:21:16.488575
2025-09-23,60563,2025092304002220,UNHPL,Nepal Stock House (PVT) Ltd.,Vision Securities Pvt. Ltd,50,471.0,23550.0,2025-09-23 11:22:16.115935
2025-09-23,60479,2025092304002235,UNHPL,Nepal Stock House (PVT) Ltd.,Shree Krishna Securities Ltd.,100,471.0,47100.0,2025-09-23 11:22:29.087583
2025-09-23,60478,2025092304002236,UNHPL,Vision Securities Pvt. Ltd,Vision Securities Pvt. Ltd,100,472.8,47280.0,2025-09-23 11:22:29.521072
2025-09-23,60477,2025092304002237,UNHPL,Vision Securities Pvt. Ltd,Shree Krishna Securities Ltd.,100,472.8,47280.0,2025-09-23 11:22:29.521209
2025-09-23,60410,2025092304002263,UNHPL,Nepal Stock House (PVT) Ltd.,Capital Max Securities Ltd,300,471.0,141300.0,2025-09-23 11:22:41.270292
2025-09-23,60360,2025092304002274,UNHPL,Vision Securities Pvt. Ltd,Primo Securities (PVT) Ltd.,100,471.9,47190.0,2025-09-23 11:22:55.757241
2025-09-23,60266,2025092304002295,UNHPL,Nepal Stock House (PVT) Ltd.,Capital Max Securities Ltd,90,471.0,42390.0,2025-09-23 11:23:16.990634
2025-09-23,60090,2025092304002363,UNHPL,Dynamic Money Managers Securities Pvt. Ltd.,INDEX SECURITIES LIMITED,100,470.0,47000.0,2025-09-23 11:23:38.702816
2025-09-23,60089,2025092304002364,UNHPL,South Asian Bulls Pvt. Ltd.,INDEX SECURITIES LIMITED,300,469.1,140730.0,2025-09-23 11:23:38.702861
2025-09-23,59979,2025092304002384,UNHPL,Deevyaa Securities & Stock House Pvt. Ltd,Capital Max Securities Ltd,50,472.0,23600.0,2025-09-23 11:23:55.588855
2025-09-23,59920,2025092304002409,UNHPL,Sewa Securities Pvt. Ltd.,Aryatara Investment & Securities,100,471.0,47100.0,2025-09-23 11:24:04.284519
2025-09-23,59919,2025092304002410,UNHPL,Aryatara Investment & Securities,Aryatara Investment & Securities,200,470.0,94000.0,2025-09-23 11:24:04.284678
2025-09-23,59859,2025092304002426,UNHPL,Trisul Securities & Invt. Ltd.,KALASH STOCK MARKET PVT. LTD.,100,471.1,47110.0,2025-09-23 11:24:22.546877
2025-09-23,59805,2025092304002431,UNHPL,Trisul Securities & Invt. Ltd.,Capital Max Securities Ltd,960,471.1,452256.0,2025-09-23 11:24:29.320991
2025-09-23,59804,2025092304002432,UNHPL,Capital Max Securities Ltd,Capital Max Securities Ltd,40,471.0,18840.0,2025-09-23 11:24:29.321173
2025-09-23,59742,2025092304002451,UNHPL,Capital Max Securities Ltd,Aryatara Investment & Securities,110,471.0,51810.0,2025-09-23 11:24:43.375049
2025-09-23,59741,2025092304002452,UNHPL,Aryatara Investment & Securities,Aryatara Investment & Securities,90,470.0,42300.0,2025-09-23 11:24:43.375381
2025-09-23,59677,2025092304002466,UNHPL,Aryatara Investment & Securities,Premier Securities Company Ltd.,200,470.0,94000.0,2025-09-23 11:25:00.419297
2025-09-23,59466,2025092304002519,UNHPL,ABC Securities Private Limited,Ashutosh Brokerage & Securities (PVT) Ltd.,10,471.5,4715.0,2025-09-23 11:25:35.234250
2025-09-23,59378,2025092304002542,UNHPL,Sani Securities Company Ltd.,Sri Hari Securities Pvt. Ltd.,100,470.1,47010.0,2025-09-23 11:25:50.341261
2025-09-23,59377,2025092304002543,UNHPL,Aryatara Investment & Securities,Sri Hari Securities Pvt. Ltd.,1510,470.0,709700.0,2025-09-23 11:25:50.341431
2025-09-23,59376,2025092304002544,UNHPL,Dipshikha Dhitopatra Karobar Co. Pvt Ltd.,Sri Hari Securities Pvt. Ltd.,500,470.0,235000.0,2025-09-23 11:25:50.341517
2025-09-23,59375,2025092304002545,UNHPL,Aryatara Investment & Securities,Sri Hari Securities Pvt. Ltd.,400,470.0,188000.0,2025-09-23 11:25:50.341580
2025-09-23,59323,2025092304002564,UNHPL,Capital Hub P. Ltd,Sri Hari Securities Pvt. Ltd.,2490,470.0,1170300.0,2025-09-23 11:26:00.232462
2025-09-23,59299,2025092304002574,UNHPL,ABC Securities Private Limited,Primo Securities (PVT) Ltd.,13,471.9,6134.7,2025-09-23 11:26:04.510047
2025-09-23,59037,2025092304002639,UNHPL,Naasa Securities Co. Ltd.,Naasa Securities Co. Ltd.,100,471.0,47100.0,2025-09-23 11:26:51.342495
2025-09-23,58970,2025092304002672,UNHPL,Imperial Securities Company Pvt. Ltd.,Shree Krishna Securities Ltd.,25,471.8,11795.0,2025-09-23 11:26:59.693304
2025-09-23,58947,2025092304002681,UNHPL,Capital Hub P. Ltd,APPLE SECURITIES PRIVATE LIMITED,510,470.0,239700.0,2025-09-23 11:27:02.263449
2025-09-23,58946,2025092304002682,UNHPL,Linch Stock Market Ltd.,APPLE SECURITIES PRIVATE LIMITED,490,470.0,230300.0,2025-09-23 11:27:02.263611
2025-09-23,58759,2025092304002728,UNHPL,Naasa Securities Co. Ltd.,Capital Max Securities Ltd,260,471.0,122460.0,2025-09-23 11:27:36.655688
2025-09-23,58630,2025092304002770,UNHPL,Nepal Stock House (PVT) Ltd.,Shree Krishna Securities Ltd.,20,471.8,9436.0,2025-09-23 11:27:53.382046
2025-09-23,58489,2025092304002828,UNHPL,Trishakti Securities Public Limited,Shree Krishna Securities Ltd.,55,471.8,25949.0,2025-09-23 11:28:11.831106
2025-09-23,58488,2025092304002829,UNHPL,Trishakti Securities Public Limited,Primo Securities (PVT) Ltd.,87,471.9,41055.3,2025-09-23 11:28:11.831282
2025-09-23,58487,2025092304002830,UNHPL,Trishakti Securities Public Limited,Swarna Laxmi Securities Pvt. Ltd.,58,472.0,27376.0,2025-09-23 11:28:11.831362
2025-09-23,58450,2025092304002847,UNHPL,Opal Securities Investment (PVT) Ltd.,South Asian Bulls Pvt. Ltd.,100,471.0,47100.0,2025-09-23 11:28:17.932109
2025-09-23,58449,2025092304002848,UNHPL,Nepal Stock House (PVT) Ltd.,South Asian Bulls Pvt. Ltd.,200,471.0,94200.0,2025-09-23 11:28:17.932301
2025-09-23,58398,2025092304002857,UNHPL,Nepal Stock House (PVT) Ltd.,Thrive Brokerage House Pvt. Ltd,100,471.0,47100.0,2025-09-23 11:28:23.906900
2025-09-23,58329,2025092304002888,UNHPL,Imperial Securities Company Pvt. Ltd.,Capital Max Securities Ltd,300,470.1,141030.0,2025-09-23 11:28:32.797391
2025-09-23,58328,2025092304002889,UNHPL,Imperial Securities Company Pvt. Ltd.,Naasa Securities Co. Ltd.,35,470.1,16453.5,2025-09-23 11:28:32.901093
2025-09-23,58327,2025092304002890,UNHPL,Linch Stock Market Ltd.,Naasa Securities Co. Ltd.,510,470.0,239700.0,2025-09-23 11:28:32.901286
2025-09-23,58326,2025092304002891,UNHPL,Capital Max Securities Ltd,Naasa Securities Co. Ltd.,240,470.0,112800.0,2025-09-23 11:28:32.901372
2025-09-23,58325,2025092304002892,UNHPL,Linch Stock Market Ltd.,Naasa Securities Co. Ltd.,100,470.0,47000.0,2025-09-23 11:28:32.901440
2025-09-23,58324,2025092304002893,UNHPL,Sri Hari Securities Pvt. Ltd.,Naasa Securities Co. Ltd.,115,470.0,54050.0,2025-09-23 11:28:32.901509
2025-09-23,58275,2025092304002908,UNHPL,Market Securities & Exchange (PVT) Ltd.,Thrive Brokerage House Pvt. Ltd,350,471.0,164850.0,2025-09-23 11:28:40.779641
2025-09-23,58239,2025092304002924,UNHPL,Sri Hari Securities Pvt. Ltd.,Infinity Securities Limited,1000,470.0,470000.0,2025-09-23 11:28:48.714819
2025-09-23,58235,2025092304002925,UNHPL,Sri Hari Securities Pvt. Ltd.,Thrive Brokerage House Pvt. Ltd,50,471.0,23550.0,2025-09-23 11:28:49.506672
2025-09-23,58206,2025092304002938,UNHPL,Sewa Securities Pvt. Ltd.,Swarna Laxmi Securities Pvt. Ltd.,22,472.0,10384.0,2025-09-23 11:28:53.160278
2025-09-23,58205,2025092304002939,UNHPL,Sewa Securities Pvt. Ltd.,Aryatara Investment & Securities,200,472.0,94400.0,2025-09-23 11:28:53.160485
2025-09-23,58204,2025092304002940,UNHPL,Sewa Securities Pvt. Ltd.,Infinity Securities Limited,1000,472.0,472000.0,2025-09-23 11:28:53.160556
2025-09-23,58158,2025092304002950,UNHPL,Sani Securities Company Ltd.,Premier Securities Company Ltd.,10,472.7,4727.0,2025-09-23 11:28:59.636985
2025-09-23,58157,2025092304002951,UNHPL,Sani Securities Company Ltd.,Shree Krishna Securities Ltd.,10,472.7,4727.0,2025-09-23 11:28:59.637308
2025-09-23,58125,2025092304002959,UNHPL,Sewa Securities Pvt. Ltd.,Citizens Share Broker Limited,100,472.0,47200.0,2025-09-23 11:29:04.168720
2025-09-23,58120,2025092304002961,UNHPL,ABC Securities Private Limited,Shree Krishna Securities Ltd.,30,472.7,14181.0,2025-09-23 11:29:05.132561
2025-09-23,58096,2025092304002966,UNHPL,Primo Securities (PVT) Ltd.,Shree Krishna Securities Ltd.,60,472.7,28362.0,2025-09-23 11:29:10.987755
2025-09-23,58095,2025092304002967,UNHPL,Primo Securities (PVT) Ltd.,Shree Krishna Securities Ltd.,930,472.8,439704.0,2025-09-23 11:29:10.987924
2025-09-23,58094,2025092304002968,UNHPL,SHUBHAKAMANA SECURITIES PVT. LTD,Shree Krishna Securities Ltd.,70,472.8,33096.0,2025-09-23 11:29:11.020513
2025-09-23,58093,2025092304002969,UNHPL,SHUBHAKAMANA SECURITIES PVT. LTD,Naasa Securities Co. Ltd.,630,472.9,297927.0,2025-09-23 11:29:11.020556
2025-09-23,58092,2025092304002970,UNHPL,SHUBHAKAMANA SECURITIES PVT. LTD,Capital Max Securities Ltd,300,472.9,141870.0,2025-09-23 11:29:11.020590
2025-09-23,58064,2025092304002976,UNHPL,Sewa Securities Pvt. Ltd.,Imperial Securities Company Pvt. Ltd.,500,472.0,236000.0,2025-09-23 11:29:17.093734
2025-09-23,58062,2025092304002977,UNHPL,Sani Securities Company Ltd.,Capital Max Securities Ltd,50,472.9,23645.0,2025-09-23 11:29:17.267087
2025-09-23,58020,2025092304002980,UNHPL,N.M.B. SECURITIES LIMITED,Capital Max Securities Ltd,650,472.9,307385.0,2025-09-23 11:29:23.396656
2025-09-23,58019,2025092304002981,UNHPL,N.M.B. SECURITIES LIMITED,Malla & Malla Stock Broking Company Pvt. Limited,75,474.0,35550.0,2025-09-23 11:29:23.396997
2025-09-23,58018,2025092304002982,UNHPL,N.M.B. SECURITIES LIMITED,Vision Securities Pvt. Ltd,100,474.0,47400.0,2025-09-23 11:29:23.397195
2025-09-23,58017,2025092304002983,UNHPL,N.M.B. SECURITIES LIMITED,ABC Securities Private Limited,20,474.0,9480.0,2025-09-23 11:29:23.397412
2025-09-23,58016,2025092304002984,UNHPL,N.M.B. SECURITIES LIMITED,Trisul Securities & Invt. Ltd.,120,474.9,56988.0,2025-09-23 11:29:23.397700
2025-09-23,58015,2025092304002985,UNHPL,N.M.B. SECURITIES LIMITED,Nepal Investment And Securities Trading Private Limited,56,475.0,26600.0,2025-09-23 11:29:23.397898
2025-09-23,58014,2025092304002986,UNHPL,N.M.B. SECURITIES LIMITED,Imperial Securities Company Pvt. Ltd.,100,475.0,47500.0,2025-09-23 11:29:23.398115
2025-09-23,58013,2025092304002987,UNHPL,N.M.B. SECURITIES LIMITED,Vision Securities Pvt. Ltd,500,475.0,237500.0,2025-09-23 11:29:23.398383
2025-09-23,58012,2025092304002988,UNHPL,N.M.B. SECURITIES LIMITED,Kumari Securities Private Limited,379,475.0,180025.0,2025-09-23 11:29:23.398572
2025-09-23,57982,2025092304002997,UNHPL,Creative Securities Pvt Ltd,Sri Hari Securities Pvt. Ltd.,250,472.9,118225.0,2025-09-23 11:29:30.829042
2025-09-23,57981,2025092304002998,UNHPL,Cristal Kanchanjanga Securites Pvt. Ltd.,Sri Hari Securities Pvt. Ltd.,500,472.9,236450.0,2025-09-23 11:29:30.829362
2025-09-23,57980,2025092304002999,UNHPL,Shree Krishna Securities Ltd.,Sri Hari Securities Pvt. Ltd.,500,472.1,236050.0,2025-09-23 11:29:30.829563
2025-09-23,57979,2025092304003000,UNHPL,Sewa Securities Pvt. Ltd.,Sri Hari Securities Pvt. Ltd.,750,472.0,354000.0,2025-09-23 11:29:30.829754
2025-09-23,57945,2025092304003008,UNHPL,Sewa Securities Pvt. Ltd.,Dynamic Money Managers Securities Pvt. Ltd.,300,472.0,141600.0,2025-09-23 11:29:34.657514
2025-09-23,57779,2025092304003055,UNHPL,Imperial Securities Company Pvt. Ltd.,Sri Hari Securities Pvt. Ltd.,500,474.0,237000.0,2025-09-23 11:29:59.999149
2025-09-23,57777,2025092304003056,UNHPL,Naasa Securities Co. Ltd.,Kumari Securities Private Limited,121,475.0,57475.0,2025-09-23 11:30:00.526883
2025-09-23,57776,2025092304003057,UNHPL,Naasa Securities Co. Ltd.,Trishakti Securities Public Limited,10,475.0,4750.0,2025-09-23 11:30:00.527063
2025-09-23,57775,2025092304003058,UNHPL,Naasa Securities Co. Ltd.,Capital Max Securities Ltd,169,475.0,80275.0,2025-09-23 11:30:00.527133
2025-09-23,57706,2025092304003083,UNHPL,Aryatara Investment & Securities,Dipshikha Dhitopatra Karobar Co. Pvt Ltd.,250,474.9,118725.0,2025-09-23 11:30:11.151828
2025-09-23,57650,2025092304003088,UNHPL,SHUBHAKAMANA SECURITIES PVT. LTD,Dipshikha Dhitopatra Karobar Co. Pvt Ltd.,750,474.9,356175.0,2025-09-23 11:30:15.325340
2025-09-23,57649,2025092304003089,UNHPL,SHUBHAKAMANA SECURITIES PVT. LTD,Capital Max Securities Ltd,831,475.0,394725.0,2025-09-23 11:30:15.325496
2025-09-23,57648,2025092304003090,UNHPL,SHUBHAKAMANA SECURITIES PVT. LTD,Kumari Securities Private Limited,400,475.0,190000.0,2025-09-23 11:30:15.325582
2025-09-23,57647,2025092304003091,UNHPL,SHUBHAKAMANA SECURITIES PVT. LTD,Infinity Securities Limited,519,475.0,246525.0,2025-09-23 11:30:15.325648
2025-09-23,57576,2025092304003112,UNHPL,Dipshikha Dhitopatra Karobar Co. Pvt Ltd.,Sri Hari Securities Pvt. Ltd.,500,473.0,236500.0,2025-09-23 11:30:33.019119
2025-09-23,56768,2025092304003331,UNHPL,Naasa Securities Co. Ltd.,Aryatara Investment & Securities,30,474.8,14244.0,2025-09-23 11:32:48.331376
2025-09-23,56767,2025092304003332,UNHPL,Naasa Securities Co. Ltd.,Property Wiard Limited,95,474.8,45106.0,2025-09-23 11:32:48.331574
2025-09-23,56151,2025092304003478,UNHPL,Asian Securities Private Ltd.,Dipshikha Dhitopatra Karobar Co. Pvt Ltd.,100,474.7,47470.0,2025-09-23 11:34:15.002738
2025-09-23,55275,2025092304003686,UNHPL,Capital Max Securities Ltd,Citizens Share Broker Limited,150,472.2,70830.0,2025-09-23 11:36:54.953628
2025-09-23,55274,2025092304003687,UNHPL,Naasa Securities Co. Ltd.,Citizens Share Broker Limited,100,472.1,47210.0,2025-09-23 11:36:54.954130
2025-09-23,55273,2025092304003688,UNHPL,Naasa Securities Co. Ltd.,Citizens Share Broker Limited,243,472.1,114720.3,2025-09-23 11:36:54.954526
2025-09-23,55272,2025092304003689,UNHPL,Aryatara Investment & Securities,Citizens Share Broker Limited,100,472.0,47200.0,2025-09-23 11:36:54.954875
2025-09-23,55094,2025092304003753,UNHPL,Naasa Securities Co. Ltd.,Vision Securities Pvt. Ltd,100,471.4,47140.0,2025-09-23 11:37:29.865025
2025-09-23,55092,2025092304003755,UNHPL,Sipla Securities Private Limited,Online Securities Pvt. Ltd.,150,471.2,70680.0,2025-09-23 11:37:30.157370
2025-09-23,54907,2025092304003808,UNHPL,Market Securities & Exchange (PVT) Ltd.,Trisul Securities & Invt. Ltd.,20,471.2,9424.0,2025-09-23 11:37:56.484286
2025-09-23,54906,2025092304003809,UNHPL,Sumeru Securities Pvt. Ltd.,Trisul Securities & Invt. Ltd.,100,471.2,47120.0,2025-09-23 11:37:56.484395
2025-09-23,54905,2025092304003810,UNHPL,Agrawal Securities (PVT) Ltd.,Trisul Securities & Invt. Ltd.,92,471.1,43341.2,2025-09-23 11:37:56.484498
2025-09-23,54904,2025092304003811,UNHPL,N.I.M.B. Stock Markets Limited,Trisul Securities & Invt. Ltd.,200,471.0,94200.0,2025-09-23 11:37:56.484576
2025-09-23,54903,2025092304003812,UNHPL,Imperial Securities Company Pvt. Ltd.,Trisul Securities & Invt. Ltd.,65,471.0,30615.0,2025-09-23 11:37:56.484650
2025-09-23,54902,2025092304003813,UNHPL,Shree Krishna Securities Ltd.,Trisul Securities & Invt. Ltd.,1000,470.3,470300.0,2025-09-23 11:37:56.484726
2025-09-23,54901,2025092304003814,UNHPL,Dipshikha Dhitopatra Karobar Co. Pvt Ltd.,Trisul Securities & Invt. Ltd.,500,470.2,235100.0,2025-09-23 11:37:56.484804
2025-09-23,54900,2025092304003815,UNHPL,Nepal Investment And Securities Trading Private Limited,Trisul Securities & Invt. Ltd.,1000,470.1,470100.0,2025-09-23 11:37:56.484884
2025-09-23,54899,2025092304003816,UNHPL,Capital Max Securities Ltd,Trisul Securities & Invt. Ltd.,1003,470.1,471510.3,2025-09-23 11:37:56.484955
2025-09-23,54896,2025092304003818,UNHPL,Capital Max Securities Ltd,Bhrikuti Stock Broking Co. Pvt. Ltd.,700,470.1,329070.0,2025-09-23 11:37:57.297629
2025-09-23,54815,2025092304003839,UNHPL,Capital Max Securities Ltd,Bhrikuti Stock Broking Co. Pvt. Ltd.,297,470.1,139619.7,2025-09-23 11:38:12.400614
2025-09-23,54780,2025092304003844,UNHPL,Capital Max Securities Ltd,Pragyan Securities (PVT) Ltd.,10,471.9,4719.0,2025-09-23 11:38:17.520895
2025-09-23,54779,2025092304003845,UNHPL,Capital Max Securities Ltd,Sri Hari Securities Pvt. Ltd.,90,472.0,42480.0,2025-09-23 11:38:17.520939
2025-09-23,54556,2025092304003908,UNHPL,Naasa Securities Co. Ltd.,Ashutosh Brokerage & Securities (PVT) Ltd.,10,471.5,4715.0,2025-09-23 11:38:44.542503
2025-09-23,54555,2025092304003909,UNHPL,Nepal Investment And Securities Trading Private Limited,Ashutosh Brokerage & Securities (PVT) Ltd.,75,470.1,35257.5,2025-09-23 11:38:44.542699
2025-09-23,54554,2025092304003910,UNHPL,Linch Stock Market Ltd.,Ashutosh Brokerage & Securities (PVT) Ltd.,20,470.0,9400.0,2025-09-23 11:38:44.542789
2025-09-23,54553,2025092304003911,UNHPL,Sri Hari Securities Pvt. Ltd.,Ashutosh Brokerage & Securities (PVT) Ltd.,200,470.0,94000.0,2025-09-23 11:38:44.542870
2025-09-23,54051,2025092304004063,UNHPL,Sagarmatha Securities Private Limited,Nepal Stock House (PVT) Ltd.,30,468.0,14040.0,2025-09-23 11:39:41.081998
2025-09-23,54050,2025092304004064,UNHPL,Linch Stock Market Ltd.,Nepal Stock House (PVT) Ltd.,170,468.0,79560.0,2025-09-23 11:39:41.082369
2025-09-23,54043,2025092304004070,UNHPL,Linch Stock Market Ltd.,Nepal Stock House (PVT) Ltd.,1000,468.0,468000.0,2025-09-23 11:39:42.288544
2025-09-23,54039,2025092304004072,UNHPL,Linch Stock Market Ltd.,Imperial Securities Company Pvt. Ltd.,1000,468.0,468000.0,2025-09-23 11:39:42.650012
2025-09-23,54038,2025092304004073,UNHPL,Linch Stock Market Ltd.,Dipshikha Dhitopatra Karobar Co. Pvt Ltd.,23,468.0,10764.0,2025-09-23 11:39:42.671983
2025-09-23,54009,2025092304004080,UNHPL,Naasa Securities Co. Ltd.,Primo Securities (PVT) Ltd.,10,469.9,4699.0,2025-09-23 11:39:47.520042
2025-09-23,53971,2025092304004102,UNHPL,Linch Stock Market Ltd.,Vision Securities Pvt. Ltd,100,468.0,46800.0,2025-09-23 11:39:50.918730
2025-09-23,53891,2025092304004118,UNHPL,Linch Stock Market Ltd.,Imperial Securities Company Pvt. Ltd.,707,468.0,330876.0,2025-09-23 11:40:00.354923
2025-09-23,53821,2025092304004150,UNHPL,Secured Securities Ltd.,Capital Max Securities Ltd,30,467.0,14010.0,2025-09-23 11:40:09.804939
2025-09-23,53478,2025092304004256,UNHPL,Sani Securities Company Ltd.,Imperial Securities Company Pvt. Ltd.,100,468.0,46800.0,2025-09-23 11:41:01.198619
2025-09-23,53456,2025092304004257,UNHPL,South Asian Bulls Pvt. Ltd.,Imperial Securities Company Pvt. Ltd.,193,468.0,90324.0,2025-09-23 11:41:03.366616
2025-09-23,53455,2025092304004258,UNHPL,South Asian Bulls Pvt. Ltd.,Linch Stock Market Ltd.,807,468.0,377676.0,2025-09-23 11:41:03.366887
2025-09-23,53267,2025092304004312,UNHPL,Naasa Securities Co. Ltd.,Vision Securities Pvt. Ltd,10,467.1,4671.0,2025-09-23 11:41:35.883543
2025-09-23,53266,2025092304004313,UNHPL,Linch Stock Market Ltd.,Vision Securities Pvt. Ltd,60,467.1,28026.0,2025-09-23 11:41:35.883794
2025-09-23,53178,2025092304004340,UNHPL,Blue Chip Securities Ltd,Linch Stock Market Ltd.,193,468.0,90324.0,2025-09-23 11:41:47.583656
2025-09-23,52994,2025092304004404,UNHPL,South Asian Bulls Pvt. Ltd.,Thrive Brokerage House Pvt. Ltd,800,467.2,373760.0,2025-09-23 11:42:19.217967
2025-09-23,52954,2025092304004421,UNHPL,South Asian Bulls Pvt. Ltd.,Online Securities Pvt. Ltd.,200,467.2,93440.0,2025-09-23 11:42:27.178069
2025-09-23,52953,2025092304004422,UNHPL,Linch Stock Market Ltd.,Online Securities Pvt. Ltd.,440,467.1,205524.0,2025-09-23 11:42:27.178292
2025-09-23,52952,2025092304004423,UNHPL,Secured Securities Ltd.,Online Securities Pvt. Ltd.,56,467.0,26152.0,2025-09-23 11:42:27.178395
2025-09-23,52793,2025092304004454,UNHPL,ABC Securities Private Limited,Online Securities Pvt. Ltd.,20,467.4,9348.0,2025-09-23 11:42:59.421885
2025-09-23,52715,2025092304004474,UNHPL,Capital Max Securities Ltd,Sumeru Securities Pvt. Ltd.,20,467.5,9350.0,2025-09-23 11:43:16.514261
2025-09-23,52714,2025092304004475,UNHPL,ABC Securities Private Limited,Sumeru Securities Pvt. Ltd.,80,467.4,37392.0,2025-09-23 11:43:16.514697
2025-09-23,52704,2025092304004476,UNHPL,ABC Securities Private Limited,Asian Securities Private Ltd.,500,467.4,233700.0,2025-09-23 11:43:17.954424
2025-09-23,52674,2025092304004484,UNHPL,ABC Securities Private Limited,Thrive Brokerage House Pvt. Ltd,400,467.4,186960.0,2025-09-23 11:43:27.770364
2025-09-23,52634,2025092304004488,UNHPL,South Asian Bulls Pvt. Ltd.,Thrive Brokerage House Pvt. Ltd,110,467.4,51414.0,2025-09-23 11:43:36.539565
2025-09-23,52598,2025092304004508,UNHPL,South Asian Bulls Pvt. Ltd.,Online Securities Pvt. Ltd.,90,468.0,42120.0,2025-09-23 11:43:43.554850
2025-09-23,52597,2025092304004509,UNHPL,Capital Max Securities Ltd,Online Securities Pvt. Ltd.,20,467.3,9346.0,2025-09-23 11:43:43.554915
2025-09-23,52596,2025092304004510,UNHPL,Dipshikha Dhitopatra Karobar Co. Pvt Ltd.,Online Securities Pvt. Ltd.,204,467.1,95288.4,2025-09-23 11:43:43.554944
2025-09-23,52523,2025092304004523,UNHPL,Dipshikha Dhitopatra Karobar Co. Pvt Ltd.,Online Securities Pvt. Ltd.,30,467.1,14013.0,2025-09-23 11:44:05.494443
2025-09-23,52379,2025092304004561,UNHPL,Dipshikha Dhitopatra Karobar Co. Pvt Ltd.,Thrive Brokerage House Pvt. Ltd,235,467.1,109768.5,2025-09-23 11:44:48.867224
2025-09-23,51957,2025092304004669,UNHPL,Capital Max Securities Ltd,MILKY WAY SHARE BROKER COMPANY LTD ,20,467.2,9344.0,2025-09-23 11:46:30.552171
2025-09-23,51956,2025092304004670,UNHPL,Linch Stock Market Ltd.,MILKY WAY SHARE BROKER COMPANY LTD ,500,467.2,233600.0,2025-09-23 11:46:30.552393
2025-09-23,51909,2025092304004678,UNHPL,Sipla Securities Private Limited,MILKY WAY SHARE BROKER COMPANY LTD ,480,467.2,224256.0,2025-09-23 11:46:39.984875
2025-09-23,51672,2025092304004749,UNHPL,Naasa Securities Co. Ltd.,Primo Securities (PVT) Ltd.,90,468.9,42201.0,2025-09-23 11:47:50.428310
2025-09-23,51671,2025092304004750,UNHPL,Naasa Securities Co. Ltd.,Sani Securities Company Ltd.,140,469.0,65660.0,2025-09-23 11:47:50.428368
2025-09-23,51670,2025092304004751,UNHPL,Naasa Securities Co. Ltd.,Opal Securities Investment (PVT) Ltd.,10,469.5,4695.0,2025-09-23 11:47:50.428400
2025-09-23,51669,2025092304004752,UNHPL,Naasa Securities Co. Ltd.,Imperial Securities Company Pvt. Ltd.,100,470.0,47000.0,2025-09-23 11:47:50.428427
2025-09-23,51668,2025092304004753,UNHPL,Naasa Securities Co. Ltd.,Infinity Securities Limited,302,470.0,141940.0,2025-09-23 11:47:50.428455
2025-09-23,51626,2025092304004768,UNHPL,Midas Stock Broking Company Private Limited,Infinity Securities Limited,500,470.0,235000.0,2025-09-23 11:47:59.169452
2025-09-23,51608,2025092304004778,UNHPL,Sri Hari Securities Pvt. Ltd.,Kohinoor Investment & Securities Pvt. Ltd.,100,468.0,46800.0,2025-09-23 11:48:05.352184
2025-09-23,51443,2025092304004837,UNHPL,Capital Max Securities Ltd,Infinity Securities Limited,198,470.0,93060.0,2025-09-23 11:48:34.419148
2025-09-23,51442,2025092304004838,UNHPL,Capital Max Securities Ltd,Dipshikha Dhitopatra Karobar Co. Pvt Ltd.,1000,470.0,470000.0,2025-09-23 11:48:34.419566
2025-09-23,51441,2025092304004839,UNHPL,Capital Max Securities Ltd,Sani Securities Company Ltd.,10,470.0,4700.0,2025-09-23 11:48:34.419838
2025-09-23,51440,2025092304004840,UNHPL,Capital Max Securities Ltd,Siprabi Securities Pvt. Ltd.,11,470.0,5170.0,2025-09-23 11:48:34.420104
2025-09-23,51439,2025092304004841,UNHPL,Capital Max Securities Ltd,Primo Securities (PVT) Ltd.,57,470.0,26790.0,2025-09-23 11:48:34.420371
2025-09-23,51426,2025092304004844,UNHPL,Capital Max Securities Ltd,Secured Securities Ltd.,58,470.0,27260.0,2025-09-23 11:48:37.543683
2025-09-23,51392,2025092304004852,UNHPL,Capital Max Securities Ltd,Kumari Securities Private Limited,80,471.0,37680.0,2025-09-23 11:48:46.512851
2025-09-23,51391,2025092304004853,UNHPL,Capital Max Securities Ltd,Infinity Securities Limited,481,472.0,227032.0,2025-09-23 11:48:46.513276
2025-09-23,51390,2025092304004854,UNHPL,Capital Max Securities Ltd,Imperial Securities Company Pvt. Ltd.,2000,472.0,944000.0,2025-09-23 11:48:46.513617
2025-09-23,51389,2025092304004855,UNHPL,Capital Max Securities Ltd,Linch Stock Market Ltd.,1900,472.0,896800.0,2025-09-23 11:48:46.513937
2025-09-23,51388,2025092304004856,UNHPL,Capital Max Securities Ltd,Agrawal Securities (PVT) Ltd.,205,472.0,96760.0,2025-09-23 11:48:46.514226
2025-09-23,51276,2025092304004881,UNHPL,Vision Securities Pvt. Ltd,Agrawal Securities (PVT) Ltd.,195,472.0,92040.0,2025-09-23 11:49:17.230202
2025-09-23,51275,2025092304004882,UNHPL,Vision Securities Pvt. Ltd,Capital Max Securities Ltd,805,472.0,379960.0,2025-09-23 11:49:17.230485
2025-09-23,50543,2025092304005056,UNHPL,Aryatara Investment & Securities,J.F. Securites (PVT) Ltd.,40,471.0,18840.0,2025-09-23 11:52:29.297458
2025-09-23,50533,2025092304005059,UNHPL,Aryatara Investment & Securities,Asian Securities Private Ltd.,60,471.0,28260.0,2025-09-23 11:52:31.907118
2025-09-23,50036,2025092304005158,UNHPL,Kohinoor Investment & Securities Pvt. Ltd.,Online Securities Pvt. Ltd.,100,471.8,47180.0,2025-09-23 11:54:26.808773
2025-09-23,49812,2025092304005212,UNHPL,Aryatara Investment & Securities,Sani Securities Company Ltd.,400,471.7,188680.0,2025-09-23 11:55:15.869575
2025-09-23,49799,2025092304005216,UNHPL,South Asian Bulls Pvt. Ltd.,Sani Securities Company Ltd.,600,471.7,283020.0,2025-09-23 11:55:22.387112
2025-09-23,49798,2025092304005217,UNHPL,South Asian Bulls Pvt. Ltd.,Online Securities Pvt. Ltd.,250,471.8,117950.0,2025-09-23 11:55:22.387385
2025-09-23,49797,2025092304005218,UNHPL,South Asian Bulls Pvt. Ltd.,Sweta Securities Private Limited,50,471.9,23595.0,2025-09-23 11:55:22.387493
2025-09-23,49796,2025092304005219,UNHPL,South Asian Bulls Pvt. Ltd.,Asian Securities Private Ltd.,100,471.9,47190.0,2025-09-23 11:55:22.387593
2025-09-23,49780,2025092304005221,UNHPL,Sewa Securities Pvt. Ltd.,Asian Securities Private Ltd.,340,471.9,160446.0,2025-09-23 11:55:29.882658
2025-09-23,49681,2025092304005239,UNHPL,Sewa Securities Pvt. Ltd.,Agrawal Securities (PVT) Ltd.,160,471.9,75504.0,2025-09-23 11:55:57.255598
2025-09-23,49679,2025092304005240,UNHPL,Sani Securities Company Ltd.,Thrive Brokerage House Pvt. Ltd,20,471.5,9430.0,2025-09-23 11:55:58.286653
2025-09-23,49618,2025092304005255,UNHPL,SHUBHAKAMANA SECURITIES PVT. LTD,Thrive Brokerage House Pvt. Ltd,180,471.0,84780.0,2025-09-23 11:56:11.053273
2025-09-23,49617,2025092304005256,UNHPL,SHUBHAKAMANA SECURITIES PVT. LTD,Capital Max Securities Ltd,195,472.0,92040.0,2025-09-23 11:56:11.053577
2025-09-23,49616,2025092304005257,UNHPL,SHUBHAKAMANA SECURITIES PVT. LTD,Linch Stock Market Ltd.,300,472.0,141600.0,2025-09-23 11:56:11.053683
2025-09-23,49615,2025092304005258,UNHPL,SHUBHAKAMANA SECURITIES PVT. LTD,Linch Stock Market Ltd.,500,472.0,236000.0,2025-09-23 11:56:11.053780
2025-09-23,49614,2025092304005259,UNHPL,SHUBHAKAMANA SECURITIES PVT. LTD,K.B.L. Securities Limited ,500,472.0,236000.0,2025-09-23 11:56:11.053901
2025-09-23,49613,2025092304005260,UNHPL,SHUBHAKAMANA SECURITIES PVT. LTD,Agrawal Securities (PVT) Ltd.,100,472.0,47200.0,2025-09-23 11:56:11.054017
2025-09-23,49612,2025092304005261,UNHPL,SHUBHAKAMANA SECURITIES PVT. LTD,Sani Securities Company Ltd.,225,472.0,106200.0,2025-09-23 11:56:11.054120
2025-09-23,49295,2025092304005374,UNHPL,Sani Securities Company Ltd.,Bhrikuti Stock Broking Co. Pvt. Ltd.,3,470.0,1410.0,2025-09-23 11:57:14.716430
2025-09-23,49233,2025092304005387,UNHPL,Capital Max Securities Ltd,Capital Max Securities Ltd,260,471.1,122486.0,2025-09-23 11:57:29.084672
2025-09-23,49232,2025092304005388,UNHPL,South Asian Bulls Pvt. Ltd.,Capital Max Securities Ltd,240,471.0,113040.0,2025-09-23 11:57:29.084999
2025-09-23,49091,2025092304005416,UNHPL,South Asian Bulls Pvt. Ltd.,Capital Max Securities Ltd,260,471.0,122460.0,2025-09-23 11:57:53.768896
2025-09-23,48935,2025092304005441,UNHPL,Oxford Securities Pvt. Ltd.,Midas Stock Broking Company Private Limited,25,470.1,11752.5,2025-09-23 11:58:21.293180
2025-09-23,48766,2025092304005474,UNHPL,Oxford Securities Pvt. Ltd.,Global IME Securities Limited,175,470.1,82267.5,2025-09-23 11:58:56.337469
2025-09-23,48765,2025092304005475,UNHPL,Sipla Securities Private Limited,Global IME Securities Limited,325,470.0,152750.0,2025-09-23 11:58:56.337711
2025-09-23,48703,2025092304005491,UNHPL,Market Securities & Exchange (PVT) Ltd.,Capital Max Securities Ltd,100,471.0,47100.0,2025-09-23 11:59:12.205266
2025-09-23,48594,2025092304005516,UNHPL,N.M.B. SECURITIES LIMITED,Capital Max Securities Ltd,140,471.0,65940.0,2025-09-23 11:59:40.196429
2025-09-23,48413,2025092304005561,UNHPL,N.M.B. SECURITIES LIMITED,Vision Securities Pvt. Ltd,100,471.0,47100.0,2025-09-23 12:00:20.435479
2025-09-23,48189,2025092304005598,UNHPL,N.M.B. SECURITIES LIMITED,Online Securities Pvt. Ltd.,500,471.0,235500.0,2025-09-23 12:00:56.980871
2025-09-23,48163,2025092304005606,UNHPL,N.M.B. SECURITIES LIMITED,Naasa Securities Co. Ltd.,200,471.0,94200.0,2025-09-23 12:01:05.980911
2025-09-23,48106,2025092304005613,UNHPL,N.M.B. SECURITIES LIMITED,Capital Max Securities Ltd,60,471.0,28260.0,2025-09-23 12:01:21.585285
2025-09-23,48003,2025092304005634,UNHPL,Kumari Securities Private Limited,Naasa Securities Co. Ltd.,50,470.0,23500.0,2025-09-23 12:01:45.455175
2025-09-23,47997,2025092304005636,UNHPL,Kumari Securities Private Limited,J.F. Securites (PVT) Ltd.,80,470.0,37600.0,2025-09-23 12:01:47.990622
2025-09-23,47996,2025092304005637,UNHPL,Nagarik Stock Dealer ,J.F. Securites (PVT) Ltd.,420,470.0,197400.0,2025-09-23 12:01:47.990906
2025-09-23,47933,2025092304005652,UNHPL,Nagarik Stock Dealer ,Online Securities Pvt. Ltd.,80,470.0,37600.0,2025-09-23 12:02:07.004358
2025-09-23,47840,2025092304005664,UNHPL,SHUBHAKAMANA SECURITIES PVT. LTD,Vision Securities Pvt. Ltd,1000,469.7,469700.0,2025-09-23 12:02:20.549239
2025-09-23,47608,2025092304005707,UNHPL,N.M.B. SECURITIES LIMITED,Naasa Securities Co. Ltd.,500,470.0,235000.0,2025-09-23 12:03:21.277284
2025-09-23,47555,2025092304005725,UNHPL,ABC Securities Private Limited,Aryatara Investment & Securities,50,470.9,23545.0,2025-09-23 12:03:32.806129
2025-09-23,47554,2025092304005726,UNHPL,ABC Securities Private Limited,Capital Max Securities Ltd,940,471.0,442740.0,2025-09-23 12:03:32.806221
2025-09-23,47553,2025092304005727,UNHPL,ABC Securities Private Limited,Sani Securities Company Ltd.,11,471.5,5186.5,2025-09-23 12:03:32.806251
2025-09-23,47477,2025092304005755,UNHPL,SHUBHAKAMANA SECURITIES PVT. LTD,Sani Securities Company Ltd.,50,470.0,23500.0,2025-09-23 12:03:52.045002
2025-09-23,47361,2025092304005783,UNHPL,KALASH STOCK MARKET PVT. LTD.,Online Securities Pvt. Ltd.,100,470.0,47000.0,2025-09-23 12:04:24.644946
2025-09-23,47278,2025092304005798,UNHPL,Aryatara Investment & Securities,Naasa Securities Co. Ltd.,90,469.7,42273.0,2025-09-23 12:04:36.801870
2025-09-23,46785,2025092304005958,UNHPL,N.M.B. SECURITIES LIMITED,Capital Max Securities Ltd,100,470.5,47050.0,2025-09-23 12:06:17.704550
2025-09-23,46752,2025092304005971,UNHPL,K.B.L. Securities Limited ,Blue Chip Securities Ltd,50,469.8,23490.0,2025-09-23 12:06:23.319004
2025-09-23,46451,2025092304006050,UNHPL,Naasa Securities Co. Ltd.,Deevyaa Securities & Stock House Pvt. Ltd,420,470.0,197400.0,2025-09-23 12:07:18.606567
2025-09-23,46173,2025092304006096,UNHPL,Sani Securities Company Ltd.,Capital Max Securities Ltd,10,470.5,4705.0,2025-09-23 12:08:11.080393
2025-09-23,46115,2025092304006112,UNHPL,Shree Krishna Securities Ltd.,Capital Max Securities Ltd,90,470.5,42345.0,2025-09-23 12:08:18.821487
2025-09-23,46114,2025092304006113,UNHPL,Shree Krishna Securities Ltd.,Naasa Securities Co. Ltd.,100,470.9,47090.0,2025-09-23 12:08:18.821794
2025-09-23,46113,2025092304006114,UNHPL,Shree Krishna Securities Ltd.,Vision Securities Pvt. Ltd,50,470.9,23545.0,2025-09-23 12:08:18.822008
2025-09-23,46112,2025092304006115,UNHPL,Shree Krishna Securities Ltd.,Kohinoor Investment & Securities Pvt. Ltd.,250,471.0,117750.0,2025-09-23 12:08:18.822245
2025-09-23,46111,2025092304006116,UNHPL,Shree Krishna Securities Ltd.,Capital Max Securities Ltd,500,471.0,235500.0,2025-09-23 12:08:18.822429
2025-09-23,46110,2025092304006117,UNHPL,Shree Krishna Securities Ltd.,Aryatara Investment & Securities,500,471.0,235500.0,2025-09-23 12:08:18.822586
2025-09-23,46109,2025092304006118,UNHPL,Shree Krishna Securities Ltd.,Kohinoor Investment & Securities Pvt. Ltd.,500,471.0,235500.0,2025-09-23 12:08:18.822713
2025-09-23,46108,2025092304006119,UNHPL,Shree Krishna Securities Ltd.,Creative Securities Pvt Ltd,10,471.0,4710.0,2025-09-23 12:08:18.822867
2025-09-23,46016,2025092304006134,UNHPL,Property Wiard Limited,Imperial Securities Company Pvt. Ltd.,50,471.5,23575.0,2025-09-23 12:08:41.281454
2025-09-23,46015,2025092304006135,UNHPL,Property Wiard Limited,APPLE SECURITIES PRIVATE LIMITED,150,471.5,70725.0,2025-09-23 12:08:41.281740
2025-09-23,45970,2025092304006159,UNHPL,Miyo Securities Pvt Ltd,APPLE SECURITIES PRIVATE LIMITED,50,471.5,23575.0,2025-09-23 12:08:48.821364
2025-09-23,45969,2025092304006160,UNHPL,Miyo Securities Pvt Ltd,Linch Stock Market Ltd.,190,471.9,89661.0,2025-09-23 12:08:48.821640
2025-09-23,45968,2025092304006161,UNHPL,Miyo Securities Pvt Ltd,Capital Max Securities Ltd,500,471.9,235950.0,2025-09-23 12:08:48.821760
2025-09-23,45967,2025092304006162,UNHPL,Miyo Securities Pvt Ltd,Sani Securities Company Ltd.,75,472.0,35400.0,2025-09-23 12:08:48.821869
2025-09-23,45966,2025092304006163,UNHPL,Miyo Securities Pvt Ltd,Vision Securities Pvt. Ltd,100,472.0,47200.0,2025-09-23 12:08:48.822014
2025-09-23,45965,2025092304006164,UNHPL,Miyo Securities Pvt Ltd,Capital Max Securities Ltd,200,472.0,94400.0,2025-09-23 12:08:48.822158
2025-09-23,45964,2025092304006165,UNHPL,Miyo Securities Pvt Ltd,APPLE SECURITIES PRIVATE LIMITED,210,472.0,99120.0,2025-09-23 12:08:48.822284
2025-09-23,45963,2025092304006166,UNHPL,Miyo Securities Pvt Ltd,Agrawal Securities (PVT) Ltd.,500,472.0,236000.0,2025-09-23 12:08:48.822412
2025-09-23,45962,2025092304006167,UNHPL,Miyo Securities Pvt Ltd,Dipshikha Dhitopatra Karobar Co. Pvt Ltd.,300,472.5,141750.0,2025-09-23 12:08:48.822580
2025-09-23,45961,2025092304006168,UNHPL,Miyo Securities Pvt Ltd,Naasa Securities Co. Ltd.,1040,472.8,491712.0,2025-09-23 12:08:48.822702
2025-09-23,45960,2025092304006169,UNHPL,Miyo Securities Pvt Ltd,Online Securities Pvt. Ltd.,500,472.9,236450.0,2025-09-23 12:08:48.822819
2025-09-23,45959,2025092304006170,UNHPL,Miyo Securities Pvt Ltd,Bhrikuti Stock Broking Co. Pvt. Ltd.,1000,472.9,472900.0,2025-09-23 12:08:48.822956
2025-09-23,45958,2025092304006171,UNHPL,Miyo Securities Pvt Ltd,Trisul Securities & Invt. Ltd.,1000,473.0,473000.0,2025-09-23 12:08:48.823076
2025-09-23,45957,2025092304006172,UNHPL,Miyo Securities Pvt Ltd,Nagarik Stock Dealer ,228,473.0,107844.0,2025-09-23 12:08:48.823185
2025-09-23,45956,2025092304006173,UNHPL,Miyo Securities Pvt Ltd,Creative Securities Pvt Ltd,10,473.0,4730.0,2025-09-23 12:08:48.823321
2025-09-23,45955,2025092304006174,UNHPL,Miyo Securities Pvt Ltd,Thrive Brokerage House Pvt. Ltd,100,474.0,47400.0,2025-09-23 12:08:48.823447
2025-09-23,45954,2025092304006175,UNHPL,Miyo Securities Pvt Ltd,Trisul Securities & Invt. Ltd.,1000,474.0,474000.0,2025-09-23 12:08:48.823558
2025-09-23,45953,2025092304006176,UNHPL,Miyo Securities Pvt Ltd,J.F. Securites (PVT) Ltd.,100,474.0,47400.0,2025-09-23 12:08:48.823687
2025-09-23,45952,2025092304006177,UNHPL,Miyo Securities Pvt Ltd,Naasa Securities Co. Ltd.,30,474.0,14220.0,2025-09-23 12:08:48.823825
2025-09-23,45951,2025092304006178,UNHPL,Miyo Securities Pvt Ltd,Shree Krishna Securities Ltd.,100,474.2,47420.0,2025-09-23 12:08:48.823936
2025-09-23,45950,2025092304006179,UNHPL,Miyo Securities Pvt Ltd,Vision Securities Pvt. Ltd,100,474.2,47420.0,2025-09-23 12:08:48.824072
2025-09-23,45949,2025092304006180,UNHPL,Miyo Securities Pvt Ltd,Imperial Securities Company Pvt. Ltd.,500,474.9,237450.0,2025-09-23 12:08:48.824182
2025-09-23,45948,2025092304006181,UNHPL,Miyo Securities Pvt Ltd,ABC Securities Private Limited,500,475.0,237500.0,2025-09-23 12:08:48.824294
2025-09-23,45947,2025092304006182,UNHPL,Miyo Securities Pvt Ltd,Vision Securities Pvt. Ltd,323,475.0,153425.0,2025-09-23 12:08:48.824434
2025-09-23,45946,2025092304006183,UNHPL,Miyo Securities Pvt Ltd,Nepal Stock House (PVT) Ltd.,100,475.0,47500.0,2025-09-23 12:08:48.824546
2025-09-23,45945,2025092304006184,UNHPL,Miyo Securities Pvt Ltd,Oxford Securities Pvt. Ltd.,1000,475.0,475000.0,2025-09-23 12:08:48.824651
2025-09-23,45944,2025092304006185,UNHPL,Miyo Securities Pvt Ltd,Online Securities Pvt. Ltd.,100,475.0,47500.0,2025-09-23 12:08:48.824789
2025-09-23,45943,2025092304006186,UNHPL,Miyo Securities Pvt Ltd,Trisul Securities & Invt. Ltd.,144,475.0,68400.0,2025-09-23 12:08:48.824907
2025-09-23,45834,2025092304006219,UNHPL,Online Securities Pvt. Ltd.,Aryatara Investment & Securities,20,470.5,9410.0,2025-09-23 12:09:14.779103
2025-09-23,45476,2025092304006317,UNHPL,Midas Stock Broking Company Private Limited,Online Securities Pvt. Ltd.,200,472.0,94400.0,2025-09-23 12:10:43.964157
2025-09-23,45053,2025092304006433,UNHPL,Midas Stock Broking Company Private Limited,Capital Max Securities Ltd,16,472.0,7552.0,2025-09-23 12:12:22.215576
2025-09-23,45052,2025092304006434,UNHPL,Property Wiard Limited,Capital Max Securities Ltd,10,471.2,4712.0,2025-09-23 12:12:22.216233
2025-09-23,45051,2025092304006435,UNHPL,ABC Securities Private Limited,Capital Max Securities Ltd,74,471.2,34868.8,2025-09-23 12:12:22.216750
2025-09-23,44949,2025092304006455,UNHPL,Dipshikha Dhitopatra Karobar Co. Pvt Ltd.,Sani Securities Company Ltd.,500,472.7,236350.0,2025-09-23 12:12:40.515523
2025-09-23,44828,2025092304006502,UNHPL,Shree Krishna Securities Ltd.,Sani Securities Company Ltd.,500,472.7,236350.0,2025-09-23 12:13:03.147420
2025-09-23,44827,2025092304006503,UNHPL,Shree Krishna Securities Ltd.,Deevyaa Securities & Stock House Pvt. Ltd,995,472.8,470436.0,2025-09-23 12:13:03.148095
2025-09-23,44716,2025092304006526,UNHPL,Midas Stock Broking Company Private Limited,MILKY WAY SHARE BROKER COMPANY LTD ,400,473.0,189200.0,2025-09-23 12:13:26.651726
2025-09-23,44715,2025092304006527,UNHPL,Midas Stock Broking Company Private Limited,ABC Securities Private Limited,10,473.9,4739.0,2025-09-23 12:13:26.651988
2025-09-23,44714,2025092304006528,UNHPL,Midas Stock Broking Company Private Limited,Capital Max Securities Ltd,90,474.0,42660.0,2025-09-23 12:13:26.652161
2025-09-23,44713,2025092304006529,UNHPL,Dipshikha Dhitopatra Karobar Co. Pvt Ltd.,Capital Max Securities Ltd,500,474.0,237000.0,2025-09-23 12:13:26.818920
2025-09-23,44555,2025092304006567,UNHPL,Sumeru Securities Pvt. Ltd.,Capital Max Securities Ltd,185,474.0,87690.0,2025-09-23 12:13:59.672900
2025-09-23,44414,2025092304006621,UNHPL,Imperial Securities Company Pvt. Ltd.,Online Securities Pvt. Ltd.,200,473.9,94780.0,2025-09-23 12:14:28.688304
2025-09-23,44053,2025092304006720,UNHPL,Midas Stock Broking Company Private Limited,Capital Max Securities Ltd,225,473.8,106605.0,2025-09-23 12:15:53.463154
2025-09-23,44052,2025092304006721,UNHPL,Midas Stock Broking Company Private Limited,Online Securities Pvt. Ltd.,100,473.9,47390.0,2025-09-23 12:15:53.463223
2025-09-23,44051,2025092304006722,UNHPL,Midas Stock Broking Company Private Limited,Creative Securities Pvt Ltd,19,473.9,9004.1,2025-09-23 12:15:53.463250
2025-09-23,44050,2025092304006723,UNHPL,Midas Stock Broking Company Private Limited,ABC Securities Private Limited,10,473.9,4739.0,2025-09-23 12:15:53.463274
2025-09-23,44049,2025092304006724,UNHPL,Midas Stock Broking Company Private Limited,Market Securities & Exchange (PVT) Ltd.,146,473.9,69189.4,2025-09-23 12:15:53.463298
2025-09-23,43854,2025092304006758,UNHPL,Miyo Securities Pvt Ltd,Sani Securities Company Ltd.,90,473.8,42642.0,2025-09-23 12:16:45.982887
2025-09-23,43853,2025092304006759,UNHPL,Miyo Securities Pvt Ltd,Capital Max Securities Ltd,110,473.8,52118.0,2025-09-23 12:16:45.982970
2025-09-23,42783,2025092304007006,UNHPL,Sani Securities Company Ltd.,Linch Stock Market Ltd.,90,473.0,42570.0,2025-09-23 12:20:41.783833
2025-09-23,42534,2025092304007066,UNHPL,Aryatara Investment & Securities,Deevyaa Securities & Stock House Pvt. Ltd,45,472.1,21244.5,2025-09-23 12:21:31.353201
2025-09-23,42533,2025092304007067,UNHPL,ABC Securities Private Limited,Deevyaa Securities & Stock House Pvt. Ltd,426,472.0,201072.0,2025-09-23 12:21:31.353513
2025-09-23,42532,2025092304007068,UNHPL,Aryatara Investment & Securities,Deevyaa Securities & Stock House Pvt. Ltd,529,471.7,249529.3,2025-09-23 12:21:31.353629
2025-09-23,42222,2025092304007156,UNHPL,Imperial Securities Company Pvt. Ltd.,Sharepro Securities Private Limited,60,473.0,28380.0,2025-09-23 12:22:28.232758
2025-09-23,42221,2025092304007157,UNHPL,Imperial Securities Company Pvt. Ltd.,Trademow Securities Private Limited,427,473.2,202056.4,2025-09-23 12:22:28.232929
2025-09-23,41958,2025092304007223,UNHPL,Imperial Securities Company Pvt. Ltd.,Trademow Securities Private Limited,60,473.2,28392.0,2025-09-23 12:23:23.652177
2025-09-23,41351,2025092304007372,UNHPL,Midas Stock Broking Company Private Limited,Opal Securities Investment (PVT) Ltd.,200,471.2,94240.0,2025-09-23 12:25:48.147783
2025-09-23,41136,2025092304007408,UNHPL,Midas Stock Broking Company Private Limited,Capital Max Securities Ltd,300,471.2,141360.0,2025-09-23 12:26:46.442172
2025-09-23,41135,2025092304007409,UNHPL,Aryatara Investment & Securities,Capital Max Securities Ltd,421,471.1,198333.1,2025-09-23 12:26:46.442497
2025-09-23,41134,2025092304007410,UNHPL,Sani Securities Company Ltd.,Capital Max Securities Ltd,1000,471.0,471000.0,2025-09-23 12:26:46.442635
2025-09-23,41133,2025092304007411,UNHPL,Asian Securities Private Ltd.,Capital Max Securities Ltd,1000,470.6,470600.0,2025-09-23 12:26:46.442750
2025-09-23,41132,2025092304007412,UNHPL,Online Securities Pvt. Ltd.,Capital Max Securities Ltd,80,470.5,37640.0,2025-09-23 12:26:46.442990
2025-09-23,41131,2025092304007413,UNHPL,Kohinoor Investment & Securities Pvt. Ltd.,Capital Max Securities Ltd,1400,470.5,658700.0,2025-09-23 12:26:46.443115
2025-09-23,40810,2025092304007471,UNHPL,Naasa Securities Co. Ltd.,Capital Max Securities Ltd,500,470.0,235000.0,2025-09-23 12:28:25.966570
2025-09-23,40789,2025092304007485,UNHPL,Naasa Securities Co. Ltd.,Capital Max Securities Ltd,80,470.0,37600.0,2025-09-23 12:28:31.819604
2025-09-23,40788,2025092304007486,UNHPL,Sri Hari Securities Pvt. Ltd.,Capital Max Securities Ltd,50,470.0,23500.0,2025-09-23 12:28:31.819664
2025-09-23,40787,2025092304007487,UNHPL,Miyo Securities Pvt Ltd,Capital Max Securities Ltd,200,470.0,94000.0,2025-09-23 12:28:31.819693
2025-09-23,40786,2025092304007488,UNHPL,Sumeru Securities Pvt. Ltd.,Capital Max Securities Ltd,150,470.0,70500.0,2025-09-23 12:28:31.819723
2025-09-23,40785,2025092304007489,UNHPL,Sagarmatha Securities Private Limited,Capital Max Securities Ltd,20,470.0,9400.0,2025-09-23 12:28:31.819749
2025-09-23,40764,2025092304007492,UNHPL,Sagarmatha Securities Private Limited,Trishakti Securities Public Limited,10,470.0,4700.0,2025-09-23 12:28:39.446447
2025-09-23,40701,2025092304007510,UNHPL,Linch Stock Market Ltd.,Capital Max Securities Ltd,500,469.8,234900.0,2025-09-23 12:28:54.885740
2025-09-23,40684,2025092304007514,UNHPL,Linch Stock Market Ltd.,Capital Max Securities Ltd,500,469.8,234900.0,2025-09-23 12:29:00.487610
2025-09-23,40661,2025092304007517,UNHPL,Shree Krishna Securities Ltd.,Trishakti Securities Public Limited,50,470.0,23500.0,2025-09-23 12:29:08.113355
2025-09-23,40649,2025092304007523,UNHPL,Aryatara Investment & Securities,Trishakti Securities Public Limited,840,470.0,394800.0,2025-09-23 12:29:14.610214
2025-09-23,40575,2025092304007564,UNHPL,Linch Stock Market Ltd.,Capital Max Securities Ltd,500,469.8,234900.0,2025-09-23 12:29:31.012139
2025-09-23,40568,2025092304007566,UNHPL,Midas Stock Broking Company Private Limited,Trishakti Securities Public Limited,100,470.0,47000.0,2025-09-23 12:29:33.802783
2025-09-23,40567,2025092304007567,UNHPL,Midas Stock Broking Company Private Limited,Miyo Securities Pvt Ltd,194,470.0,91180.0,2025-09-23 12:29:33.803345
2025-09-23,40551,2025092304007573,UNHPL,Linch Stock Market Ltd.,Capital Max Securities Ltd,500,469.8,234900.0,2025-09-23 12:29:36.288844
2025-09-23,40538,2025092304007575,UNHPL,Linch Stock Market Ltd.,Capital Max Securities Ltd,500,469.8,234900.0,2025-09-23 12:29:41.111554
2025-09-23,40521,2025092304007579,UNHPL,Linch Stock Market Ltd.,Capital Max Securities Ltd,500,469.8,234900.0,2025-09-23 12:29:46.629550
2025-09-23,40483,2025092304007587,UNHPL,Aryatara Investment & Securities,Cristal Kanchanjanga Securites Pvt. Ltd.,110,469.7,51667.0,2025-09-23 12:29:57.234817
2025-09-23,40482,2025092304007588,UNHPL,SHUBHAKAMANA SECURITIES PVT. LTD,Cristal Kanchanjanga Securites Pvt. Ltd.,890,468.5,416965.0,2025-09-23 12:29:57.235386
2025-09-23,40377,2025092304007606,UNHPL,Secured Securities Ltd.,Cristal Kanchanjanga Securites Pvt. Ltd.,1000,469.8,469800.0,2025-09-23 12:30:13.666073
2025-09-23,40073,2025092304007664,UNHPL,Naasa Securities Co. Ltd.,Miyo Securities Pvt Ltd,20,470.0,9400.0,2025-09-23 12:31:17.058386
2025-09-23,39884,2025092304007716,UNHPL,Secured Securities Ltd.,Miyo Securities Pvt Ltd,50,470.0,23500.0,2025-09-23 12:32:01.271842
2025-09-23,39841,2025092304007721,UNHPL,Naasa Securities Co. Ltd.,Miyo Securities Pvt Ltd,20,470.0,9400.0,2025-09-23 12:32:07.836602
2025-09-23,39826,2025092304007726,UNHPL,Indira securities pvt. ltd,Primo Securities (PVT) Ltd.,500,468.6,234300.0,2025-09-23 12:32:15.195302
2025-09-23,39725,2025092304007746,UNHPL,Naasa Securities Co. Ltd.,Miyo Securities Pvt Ltd,20,469.0,9380.0,2025-09-23 12:32:39.402805
2025-09-23,39568,2025092304007790,UNHPL,Indira securities pvt. ltd,Nepal Investment And Securities Trading Private Limited,20,468.6,9372.0,2025-09-23 12:33:20.497105
2025-09-23,39567,2025092304007791,UNHPL,Indira securities pvt. ltd,SUN SECURITIES PVT LTD,700,468.6,328020.0,2025-09-23 12:33:20.975280
2025-09-23,39547,2025092304007797,UNHPL,Indira securities pvt. ltd,Malla & Malla Stock Broking Company Pvt. Limited,500,468.6,234300.0,2025-09-23 12:33:25.524636
2025-09-23,39497,2025092304007824,UNHPL,Indira securities pvt. ltd,Linch Stock Market Ltd.,180,468.6,84348.0,2025-09-23 12:33:37.950004
2025-09-23,39356,2025092304007856,UNHPL,Naasa Securities Co. Ltd.,Miyo Securities Pvt Ltd,10,469.0,4690.0,2025-09-23 12:34:06.593211
2025-09-23,38724,2025092304008035,UNHPL,Indira securities pvt. ltd,Trishakti Securities Public Limited,100,468.6,46860.0,2025-09-23 12:36:52.296716
2025-09-23,38723,2025092304008036,UNHPL,SHUBHAKAMANA SECURITIES PVT. LTD,Trishakti Securities Public Limited,110,468.5,51535.0,2025-09-23 12:36:52.297341
2025-09-23,38628,2025092304008050,UNHPL,Indira securities pvt. ltd,Trishakti Securities Public Limited,500,468.0,234000.0,2025-09-23 12:37:17.972480
2025-09-23,38572,2025092304008062,UNHPL,Indira securities pvt. ltd,Trisul Securities & Invt. Ltd.,2500,468.0,1170000.0,2025-09-23 12:37:27.878936
2025-09-23,38571,2025092304008063,UNHPL,K.B.L. Securities Limited ,Trisul Securities & Invt. Ltd.,3000,468.0,1404000.0,2025-09-23 12:37:27.879229
2025-09-23,38358,2025092304008128,UNHPL,Online Securities Pvt. Ltd.,R.B.B. Securities Company Ltd,1000,467.2,467200.0,2025-09-23 12:38:13.685430
2025-09-23,38357,2025092304008129,UNHPL,Dipshikha Dhitopatra Karobar Co. Pvt Ltd.,R.B.B. Securities Company Ltd,31,467.1,14480.1,2025-09-23 12:38:13.685519
2025-09-23,38356,2025092304008130,UNHPL,Shree Krishna Securities Ltd.,R.B.B. Securities Company Ltd,1000,467.1,467100.0,2025-09-23 12:38:13.685555
2025-09-23,38355,2025092304008131,UNHPL,Secured Securities Ltd.,R.B.B. Securities Company Ltd,414,467.0,193338.0,2025-09-23 12:38:13.685586
2025-09-23,38354,2025092304008132,UNHPL,Capital Max Securities Ltd,R.B.B. Securities Company Ltd,1000,467.0,467000.0,2025-09-23 12:38:13.685615
2025-09-23,38353,2025092304008133,UNHPL,Sweta Securities Private Limited,R.B.B. Securities Company Ltd,2000,467.0,934000.0,2025-09-23 12:38:13.685643
2025-09-23,38352,2025092304008134,UNHPL,Capital Max Securities Ltd,R.B.B. Securities Company Ltd,220,467.0,102740.0,2025-09-23 12:38:13.685670
2025-09-23,38351,2025092304008135,UNHPL,Sweta Securities Private Limited,R.B.B. Securities Company Ltd,35,467.0,16345.0,2025-09-23 12:38:13.685698
2025-09-23,38247,2025092304008161,UNHPL,Prabhu Stock Market Limited,Online Securities Pvt. Ltd.,1000,468.0,468000.0,2025-09-23 12:38:40.836170
2025-09-23,38246,2025092304008162,UNHPL,Prabhu Stock Market Limited,Naasa Securities Co. Ltd.,300,467.1,140130.0,2025-09-23 12:38:41.020823
2025-09-23,38088,2025092304008203,UNHPL,Prabhu Stock Market Limited,Aryatara Investment & Securities,50,467.1,23355.0,2025-09-23 12:39:15.627786
2025-09-23,38031,2025092304008209,UNHPL,Prabhu Stock Market Limited,ABC Securities Private Limited,10,467.1,4671.0,2025-09-23 12:39:28.529432
2025-09-23,37559,2025092304008311,UNHPL,Prabhu Stock Market Limited,Trishakti Securities Public Limited,540,468.5,252990.0,2025-09-23 12:41:08.689060
2025-09-23,37558,2025092304008312,UNHPL,Prabhu Stock Market Limited,Premier Securities Company Ltd.,680,468.8,318784.0,2025-09-23 12:41:08.689391
2025-09-23,37557,2025092304008313,UNHPL,Prabhu Stock Market Limited,Miyo Securities Pvt Ltd,970,469.0,454930.0,2025-09-23 12:41:08.689540
2025-09-23,37556,2025092304008314,UNHPL,Prabhu Stock Market Limited,Miyo Securities Pvt Ltd,1000,469.0,469000.0,2025-09-23 12:41:08.689660
2025-09-23,37555,2025092304008315,UNHPL,Prabhu Stock Market Limited,Trishakti Securities Public Limited,750,469.0,351750.0,2025-09-23 12:41:08.689774
2025-09-23,37554,2025092304008316,UNHPL,Prabhu Stock Market Limited,Naasa Securities Co. Ltd.,360,469.0,168840.0,2025-09-23 12:41:08.689926
2025-09-23,37413,2025092304008340,UNHPL,Sipla Securities Private Limited,Trisul Securities & Invt. Ltd.,1000,467.2,467200.0,2025-09-23 12:41:31.844888
2025-09-23,37412,2025092304008341,UNHPL,Prabhu Stock Market Limited,Trisul Securities & Invt. Ltd.,640,467.1,298944.0,2025-09-23 12:41:31.845206
2025-09-23,37411,2025092304008342,UNHPL,Prabhu Stock Market Limited,Trisul Securities & Invt. Ltd.,1000,467.1,467100.0,2025-09-23 12:41:31.845346
2025-09-23,37410,2025092304008343,UNHPL,South Asian Bulls Pvt. Ltd.,Trisul Securities & Invt. Ltd.,181,467.0,84527.0,2025-09-23 12:41:31.845484
2025-09-23,37153,2025092304008444,UNHPL,S.P.S.A. Securities Limited,Ashutosh Brokerage & Securities (PVT) Ltd.,30,468.0,14040.0,2025-09-23 12:42:07.603463
2025-09-23,36994,2025092304008495,UNHPL,South Asian Bulls Pvt. Ltd.,Ashutosh Brokerage & Securities (PVT) Ltd.,70,467.0,32690.0,2025-09-23 12:42:42.411424
2025-09-23,36868,2025092304008523,UNHPL,South Asian Bulls Pvt. Ltd.,Nepal Stock House (PVT) Ltd.,23,467.0,10741.0,2025-09-23 12:43:14.739952
2025-09-23,36863,2025092304008524,UNHPL,South Asian Bulls Pvt. Ltd.,Cristal Kanchanjanga Securites Pvt. Ltd.,500,467.0,233500.0,2025-09-23 12:43:15.777581
2025-09-23,36673,2025092304008595,UNHPL,South Asian Bulls Pvt. Ltd.,SUN SECURITIES PVT LTD,26,467.0,12142.0,2025-09-23 12:43:49.190612
2025-09-23,36672,2025092304008596,UNHPL,Linch Stock Market Ltd.,SUN SECURITIES PVT LTD,274,467.0,127958.0,2025-09-23 12:43:49.190958
2025-09-23,36432,2025092304008676,UNHPL,Linch Stock Market Ltd.,Sewa Securities Pvt. Ltd.,26,467.0,12142.0,2025-09-23 12:44:39.753570
2025-09-23,36431,2025092304008677,UNHPL,Naasa Securities Co. Ltd.,Sewa Securities Pvt. Ltd.,20,467.0,9340.0,2025-09-23 12:44:39.753877
2025-09-23,36324,2025092304008703,UNHPL,Sipla Securities Private Limited,Midas Stock Broking Company Private Limited,700,465.6,325920.0,2025-09-23 12:45:03.029563
2025-09-23,35952,2025092304008855,UNHPL,Aryatara Investment & Securities,Trisul Securities & Invt. Ltd.,650,465.6,302640.0,2025-09-23 12:46:27.985682
2025-09-23,35951,2025092304008856,UNHPL,Online Securities Pvt. Ltd.,Trisul Securities & Invt. Ltd.,500,465.6,232800.0,2025-09-23 12:46:27.986267
2025-09-23,35950,2025092304008857,UNHPL,SHUBHAKAMANA SECURITIES PVT. LTD,Trisul Securities & Invt. Ltd.,100,465.5,46550.0,2025-09-23 12:46:27.986654
2025-09-23,35949,2025092304008858,UNHPL,Prabhu Stock Market Limited,Trisul Securities & Invt. Ltd.,3400,465.5,1582700.0,2025-09-23 12:46:27.987036
2025-09-23,35948,2025092304008859,UNHPL,Pragyan Securities (PVT) Ltd.,Trisul Securities & Invt. Ltd.,50,465.4,23270.0,2025-09-23 12:46:27.987406
2025-09-23,35947,2025092304008860,UNHPL,Dipshikha Dhitopatra Karobar Co. Pvt Ltd.,Trisul Securities & Invt. Ltd.,500,465.2,232600.0,2025-09-23 12:46:27.987786
2025-09-23,35946,2025092304008861,UNHPL,Sipla Securities Private Limited,Trisul Securities & Invt. Ltd.,300,465.2,139560.0,2025-09-23 12:46:27.988137
2025-09-23,35945,2025092304008862,UNHPL,Shree Krishna Securities Ltd.,Trisul Securities & Invt. Ltd.,1000,465.1,465100.0,2025-09-23 12:46:27.988516
2025-09-23,35816,2025092304008887,UNHPL,Nepal Investment And Securities Trading Private Limited,Cristal Kanchanjanga Securites Pvt. Ltd.,50,465.0,23250.0,2025-09-23 12:46:51.573289
2025-09-23,35815,2025092304008888,UNHPL,Neev Securities Pvt. Ltd.,Cristal Kanchanjanga Securites Pvt. Ltd.,50,465.0,23250.0,2025-09-23 12:46:51.573632
2025-09-23,35814,2025092304008889,UNHPL,Shree Krishna Securities Ltd.,Cristal Kanchanjanga Securites Pvt. Ltd.,50,465.0,23250.0,2025-09-23 12:46:51.573757
2025-09-23,35813,2025092304008890,UNHPL,Sipla Securities Private Limited,Cristal Kanchanjanga Securites Pvt. Ltd.,200,465.0,93000.0,2025-09-23 12:46:51.573880
2025-09-23,35812,2025092304008891,UNHPL,Kohinoor Investment & Securities Pvt. Ltd.,Cristal Kanchanjanga Securites Pvt. Ltd.,150,465.0,69750.0,2025-09-23 12:46:51.573997
2025-09-23,35603,2025092304008932,UNHPL,Sri Hari Securities Pvt. Ltd.,Trisul Securities & Invt. Ltd.,500,465.5,232750.0,2025-09-23 12:47:47.336236
2025-09-23,35446,2025092304008983,UNHPL,Kohinoor Investment & Securities Pvt. Ltd.,Trademow Securities Private Limited,20,465.0,9300.0,2025-09-23 12:48:14.859406
2025-09-23,35422,2025092304008993,UNHPL,Kohinoor Investment & Securities Pvt. Ltd.,Trisul Securities & Invt. Ltd.,45,465.0,20925.0,2025-09-23 12:48:23.794433
2025-09-23,35421,2025092304008994,UNHPL,Aryatara Investment & Securities,Trisul Securities & Invt. Ltd.,455,465.0,211575.0,2025-09-23 12:48:23.794750
2025-09-23,35243,2025092304009027,UNHPL,Aryatara Investment & Securities,Investment Management Nepal Pvt. Ltd.,30,468.0,14040.0,2025-09-23 12:49:25.049114
2025-09-23,35242,2025092304009028,UNHPL,Aryatara Investment & Securities,Secured Securities Ltd.,15,468.0,7020.0,2025-09-23 12:49:25.049738
2025-09-23,34774,2025092304009172,UNHPL,Sani Securities Company Ltd.,Secured Securities Ltd.,40,468.0,18720.0,2025-09-23 12:51:44.617416
2025-09-23,34591,2025092304009212,UNHPL,Prabhu Stock Market Limited,Cristal Kanchanjanga Securites Pvt. Ltd.,500,468.8,234400.0,2025-09-23 12:52:52.305821
2025-09-23,34590,2025092304009213,UNHPL,Prabhu Stock Market Limited,Property Wiard Limited,400,468.8,187520.0,2025-09-23 12:52:52.305923
2025-09-23,34589,2025092304009214,UNHPL,Prabhu Stock Market Limited,Sweta Securities Private Limited,100,468.9,46890.0,2025-09-23 12:52:52.306001
2025-09-23,34588,2025092304009215,UNHPL,Prabhu Stock Market Limited,Naasa Securities Co. Ltd.,640,469.0,300160.0,2025-09-23 12:52:52.306073
2025-09-23,34587,2025092304009216,UNHPL,Prabhu Stock Market Limited,Bhrikuti Stock Broking Co. Pvt. Ltd.,250,469.0,117250.0,2025-09-23 12:52:52.306139
2025-09-23,34586,2025092304009217,UNHPL,Prabhu Stock Market Limited,Kohinoor Investment & Securities Pvt. Ltd.,200,469.0,93800.0,2025-09-23 12:52:52.306204
2025-09-23,34585,2025092304009218,UNHPL,Prabhu Stock Market Limited,Linch Stock Market Ltd.,110,469.0,51590.0,2025-09-23 12:52:52.306267
2025-09-23,34584,2025092304009219,UNHPL,Prabhu Stock Market Limited,SUN SECURITIES PVT LTD,74,469.9,34772.6,2025-09-23 12:52:52.306378
2025-09-23,34583,2025092304009220,UNHPL,Prabhu Stock Market Limited,Miyo Securities Pvt Ltd,716,470.0,336520.0,2025-09-23 12:52:52.306445
2025-09-23,34582,2025092304009221,UNHPL,Prabhu Stock Market Limited,Midas Stock Broking Company Private Limited,500,470.0,235000.0,2025-09-23 12:52:52.306525
2025-09-23,34581,2025092304009222,UNHPL,Prabhu Stock Market Limited,Miyo Securities Pvt Ltd,510,470.0,239700.0,2025-09-23 12:52:52.306590
2025-09-23,34572,2025092304009224,UNHPL,Midas Stock Broking Company Private Limited,Miyo Securities Pvt Ltd,490,470.0,230300.0,2025-09-23 12:52:55.169517
2025-09-23,34571,2025092304009225,UNHPL,Midas Stock Broking Company Private Limited,Primo Securities (PVT) Ltd.,300,470.0,141000.0,2025-09-23 12:52:55.169618
2025-09-23,34570,2025092304009226,UNHPL,Midas Stock Broking Company Private Limited,Miyo Securities Pvt Ltd,110,470.0,51700.0,2025-09-23 12:52:55.169694
2025-09-23,34415,2025092304009263,UNHPL,Citizens Share Broker Limited,Miyo Securities Pvt Ltd,500,470.0,235000.0,2025-09-23 12:53:40.569176
2025-09-23,34348,2025092304009274,UNHPL,Linch Stock Market Ltd.,Miyo Securities Pvt Ltd,390,470.0,183300.0,2025-09-23 12:53:52.109183
2025-09-23,34347,2025092304009275,UNHPL,Linch Stock Market Ltd.,Siprabi Securities Pvt. Ltd.,10,470.0,4700.0,2025-09-23 12:53:52.109502
2025-09-23,34230,2025092304009294,UNHPL,Linch Stock Market Ltd.,Aryatara Investment & Securities,30,470.0,14100.0,2025-09-23 12:54:30.314767
2025-09-23,34198,2025092304009303,UNHPL,Linch Stock Market Ltd.,Sani Securities Company Ltd.,70,470.0,32900.0,2025-09-23 12:54:37.942114
2025-09-23,34062,2025092304009344,UNHPL,Sri Hari Securities Pvt. Ltd.,Sani Securities Company Ltd.,30,470.5,14115.0,2025-09-23 12:55:18.837448
2025-09-23,34061,2025092304009345,UNHPL,Sri Hari Securities Pvt. Ltd.,Imperial Securities Company Pvt. Ltd.,150,470.9,70635.0,2025-09-23 12:55:18.837782
2025-09-23,34053,2025092304009349,UNHPL,Sani Securities Company Ltd.,Naasa Securities Co. Ltd.,4,465.0,1860.0,2025-09-23 12:55:22.081833
2025-09-23,34044,2025092304009351,UNHPL,Property Wiard Limited,Agrawal Securities (PVT) Ltd.,250,468.3,117075.0,2025-09-23 12:55:25.072541
2025-09-23,33851,2025092304009390,UNHPL,Sewa Securities Pvt. Ltd.,Sharepro Securities Private Limited,200,471.9,94380.0,2025-09-23 12:56:27.490354
2025-09-23,33844,2025092304009394,UNHPL,SHUBHAKAMANA SECURITIES PVT. LTD,Infinity Securities Limited,331,472.0,156232.0,2025-09-23 12:56:30.692325
2025-09-23,33843,2025092304009395,UNHPL,SHUBHAKAMANA SECURITIES PVT. LTD,Opal Securities Investment (PVT) Ltd.,47,472.0,22184.0,2025-09-23 12:56:30.692634
2025-09-23,33842,2025092304009396,UNHPL,SHUBHAKAMANA SECURITIES PVT. LTD,Sweta Securities Private Limited,10,472.0,4720.0,2025-09-23 12:56:30.692769
2025-09-23,33841,2025092304009397,UNHPL,SHUBHAKAMANA SECURITIES PVT. LTD,SUN SECURITIES PVT LTD,200,472.1,94420.0,2025-09-23 12:56:30.692894
2025-09-23,33840,2025092304009398,UNHPL,SHUBHAKAMANA SECURITIES PVT. LTD,Primo Securities (PVT) Ltd.,500,472.2,236100.0,2025-09-23 12:56:30.693017
2025-09-23,33839,2025092304009399,UNHPL,SHUBHAKAMANA SECURITIES PVT. LTD,SUN SECURITIES PVT LTD,300,472.2,141660.0,2025-09-23 12:56:30.693138
2025-09-23,33838,2025092304009400,UNHPL,SHUBHAKAMANA SECURITIES PVT. LTD,SUN SECURITIES PVT LTD,200,472.3,94460.0,2025-09-23 12:56:30.693258
2025-09-23,33837,2025092304009401,UNHPL,SHUBHAKAMANA SECURITIES PVT. LTD,Capital Max Securities Ltd,412,472.5,194670.0,2025-09-23 12:56:30.693383
2025-09-23,33753,2025092304009421,UNHPL,Property Wiard Limited,Capital Max Securities Ltd,387,472.5,182857.5,2025-09-23 12:57:04.713699
2025-09-23,33735,2025092304009422,UNHPL,Property Wiard Limited,Online Securities Pvt. Ltd.,363,472.5,171517.5,2025-09-23 12:57:12.115952
2025-09-23,33734,2025092304009423,UNHPL,Sewa Securities Pvt. Ltd.,Online Securities Pvt. Ltd.,137,472.5,64732.5,2025-09-23 12:57:12.116296
2025-09-23,33732,2025092304009424,UNHPL,SHUBHAKAMANA SECURITIES PVT. LTD,Shree Krishna Securities Ltd.,120,472.6,56712.0,2025-09-23 12:57:12.572478
2025-09-23,33700,2025092304009426,UNHPL,Sri Hari Securities Pvt. Ltd.,Shree Krishna Securities Ltd.,180,472.6,85068.0,2025-09-23 12:57:21.562523
2025-09-23,33669,2025092304009431,UNHPL,Naasa Securities Co. Ltd.,Capital Max Securities Ltd,500,473.0,236500.0,2025-09-23 12:57:31.341246
2025-09-23,33656,2025092304009432,UNHPL,Sewa Securities Pvt. Ltd.,Vision Securities Pvt. Ltd,60,473.0,28380.0,2025-09-23 12:57:34.671053
2025-09-23,33655,2025092304009433,UNHPL,Sewa Securities Pvt. Ltd.,Naasa Securities Co. Ltd.,103,473.0,48719.0,2025-09-23 12:57:34.671404
2025-09-23,33639,2025092304009439,UNHPL,R.B.B. Securities Company Ltd,Naasa Securities Co. Ltd.,97,473.0,45881.0,2025-09-23 12:57:44.159118
2025-09-23,33638,2025092304009440,UNHPL,R.B.B. Securities Company Ltd,Sundhara Securities Limited,100,473.0,47300.0,2025-09-23 12:57:44.159216
2025-09-23,33637,2025092304009441,UNHPL,R.B.B. Securities Company Ltd,Naasa Securities Co. Ltd.,148,473.0,70004.0,2025-09-23 12:57:44.159246
2025-09-23,33636,2025092304009442,UNHPL,R.B.B. Securities Company Ltd,Linch Stock Market Ltd.,40,473.0,18920.0,2025-09-23 12:57:44.159277
2025-09-23,33635,2025092304009443,UNHPL,R.B.B. Securities Company Ltd,Capital Max Securities Ltd,500,473.1,236550.0,2025-09-23 12:57:44.159302
2025-09-23,33634,2025092304009444,UNHPL,R.B.B. Securities Company Ltd,Capital Max Securities Ltd,500,473.2,236600.0,2025-09-23 12:57:44.159385
2025-09-23,33633,2025092304009445,UNHPL,R.B.B. Securities Company Ltd,Imperial Securities Company Pvt. Ltd.,615,473.2,291018.0,2025-09-23 12:57:44.159413
2025-09-23,33601,2025092304009450,UNHPL,R.B.B. Securities Company Ltd,Imperial Securities Company Pvt. Ltd.,385,473.2,182182.0,2025-09-23 12:57:53.034798
2025-09-23,33600,2025092304009451,UNHPL,R.B.B. Securities Company Ltd,Ashutosh Brokerage & Securities (PVT) Ltd.,300,473.5,142050.0,2025-09-23 12:57:53.034913
2025-09-23,33599,2025092304009452,UNHPL,R.B.B. Securities Company Ltd,Bhrikuti Stock Broking Co. Pvt. Ltd.,400,473.5,189400.0,2025-09-23 12:57:53.034988
2025-09-23,33598,2025092304009453,UNHPL,R.B.B. Securities Company Ltd,Capital Max Securities Ltd,390,473.8,184782.0,2025-09-23 12:57:53.035060
2025-09-23,33597,2025092304009454,UNHPL,R.B.B. Securities Company Ltd,ABC Securities Private Limited,10,474.0,4740.0,2025-09-23 12:57:53.035120
2025-09-23,33596,2025092304009455,UNHPL,R.B.B. Securities Company Ltd,Shree Krishna Securities Ltd.,390,474.0,184860.0,2025-09-23 12:57:53.035187
2025-09-23,33595,2025092304009456,UNHPL,R.B.B. Securities Company Ltd,Sweta Securities Private Limited,125,474.0,59250.0,2025-09-23 12:57:53.035241
2025-09-23,33545,2025092304009494,UNHPL,Capital Max Securities Ltd,Sweta Securities Private Limited,50,474.0,23700.0,2025-09-23 12:58:03.610195
2025-09-23,33542,2025092304009496,UNHPL,R.B.B. Securities Company Ltd,Sweta Securities Private Limited,75,474.0,35550.0,2025-09-23 12:58:06.849850
2025-09-23,33541,2025092304009497,UNHPL,R.B.B. Securities Company Ltd,Capital Max Securities Ltd,800,474.0,379200.0,2025-09-23 12:58:06.849924
2025-09-23,33540,2025092304009498,UNHPL,R.B.B. Securities Company Ltd,Property Wiard Limited,10,474.0,4740.0,2025-09-23 12:58:06.849953
2025-09-23,33539,2025092304009499,UNHPL,R.B.B. Securities Company Ltd,Vision Securities Pvt. Ltd,100,474.5,47450.0,2025-09-23 12:58:06.849976
2025-09-23,33538,2025092304009500,UNHPL,R.B.B. Securities Company Ltd,ABC Securities Private Limited,10,474.5,4745.0,2025-09-23 12:58:06.849999
2025-09-23,33537,2025092304009501,UNHPL,R.B.B. Securities Company Ltd,Capital Max Securities Ltd,1000,474.8,474800.0,2025-09-23 12:58:06.850024
2025-09-23,33451,2025092304009517,UNHPL,R.B.B. Securities Company Ltd,Dipshikha Dhitopatra Karobar Co. Pvt Ltd.,900,474.6,427140.0,2025-09-23 12:58:36.327636
2025-09-23,33450,2025092304009518,UNHPL,R.B.B. Securities Company Ltd,Sri Hari Securities Pvt. Ltd.,1100,474.8,522280.0,2025-09-23 12:58:36.327719
2025-09-23,33263,2025092304009549,UNHPL,Capital Max Securities Ltd,Naasa Securities Co. Ltd.,40,474.0,18960.0,2025-09-23 12:59:29.101834
2025-09-23,33225,2025092304009559,UNHPL,R.B.B. Securities Company Ltd,Naasa Securities Co. Ltd.,79,474.0,37446.0,2025-09-23 12:59:46.179846
2025-09-23,33224,2025092304009560,UNHPL,R.B.B. Securities Company Ltd,Premier Securities Company Ltd.,15,474.0,7110.0,2025-09-23 12:59:46.180460
2025-09-23,33223,2025092304009561,UNHPL,R.B.B. Securities Company Ltd,Property Wiard Limited,365,474.7,173265.5,2025-09-23 12:59:46.180966
2025-09-23,33222,2025092304009562,UNHPL,R.B.B. Securities Company Ltd,Sani Securities Company Ltd.,100,474.7,47470.0,2025-09-23 12:59:46.181467
2025-09-23,33221,2025092304009563,UNHPL,R.B.B. Securities Company Ltd,Sri Hari Securities Pvt. Ltd.,3441,474.8,1633786.8,2025-09-23 12:59:46.181928
2025-09-23,33044,2025092304009581,UNHPL,Property Wiard Limited,Thrive Brokerage House Pvt. Ltd,194,474.0,91956.0,2025-09-23 13:00:43.324600
2025-09-23,32991,2025092304009593,UNHPL,R.B.B. Securities Company Ltd,Sri Hari Securities Pvt. Ltd.,400,474.8,189920.0,2025-09-23 13:01:08.206139
2025-09-23,32932,2025092304009605,UNHPL,Property Wiard Limited,Capital Max Securities Ltd,63,474.0,29862.0,2025-09-23 13:01:24.478174
2025-09-23,32869,2025092304009616,UNHPL,Miyo Securities Pvt Ltd,Capital Max Securities Ltd,37,474.0,17538.0,2025-09-23 13:01:48.223725
2025-09-23,32868,2025092304009617,UNHPL,Miyo Securities Pvt Ltd,Sri Hari Securities Pvt. Ltd.,59,474.8,28013.2,2025-09-23 13:01:48.224019
2025-09-23,32867,2025092304009618,UNHPL,Miyo Securities Pvt Ltd,Online Securities Pvt. Ltd.,1000,474.9,474900.0,2025-09-23 13:01:48.224144
2025-09-23,32866,2025092304009619,UNHPL,Miyo Securities Pvt Ltd,Vision Securities Pvt. Ltd,50,474.9,23745.0,2025-09-23 13:01:48.224262
2025-09-23,32865,2025092304009620,UNHPL,Miyo Securities Pvt Ltd,Property Wiard Limited,10,474.9,4749.0,2025-09-23 13:01:48.224386
2025-09-23,32864,2025092304009621,UNHPL,Miyo Securities Pvt Ltd,Kumari Securities Private Limited,1000,474.9,474900.0,2025-09-23 13:01:48.224502
2025-09-23,32863,2025092304009622,UNHPL,Miyo Securities Pvt Ltd,Trisul Securities & Invt. Ltd.,856,475.0,406600.0,2025-09-23 13:01:48.224619
2025-09-23,32862,2025092304009623,UNHPL,Miyo Securities Pvt Ltd,Imperial Securities Company Pvt. Ltd.,100,475.0,47500.0,2025-09-23 13:01:48.224735
2025-09-23,32861,2025092304009624,UNHPL,Miyo Securities Pvt Ltd,Kalika Securities Pvt. Ltd.,50,475.0,23750.0,2025-09-23 13:01:48.224855
2025-09-23,32860,2025092304009625,UNHPL,Miyo Securities Pvt Ltd,Vision Securities Pvt. Ltd,22,475.0,10450.0,2025-09-23 13:01:48.224968
2025-09-23,32859,2025092304009626,UNHPL,Miyo Securities Pvt Ltd,Kalika Securities Pvt. Ltd.,50,475.0,23750.0,2025-09-23 13:01:48.225081
2025-09-23,32858,2025092304009627,UNHPL,Miyo Securities Pvt Ltd,Secured Securities Ltd.,50,475.0,23750.0,2025-09-23 13:01:48.225193
2025-09-23,32857,2025092304009628,UNHPL,Miyo Securities Pvt Ltd,Sumeru Securities Pvt. Ltd.,216,475.0,102600.0,2025-09-23 13:01:48.225305
2025-09-23,32773,2025092304009646,UNHPL,Capital Max Securities Ltd,Sumeru Securities Pvt. Ltd.,15,475.0,7125.0,2025-09-23 13:02:15.931848
2025-09-23,32702,2025092304009674,UNHPL,Nagarik Stock Dealer ,Sumeru Securities Pvt. Ltd.,269,475.0,127775.0,2025-09-23 13:02:35.558486
2025-09-23,32701,2025092304009675,UNHPL,Nagarik Stock Dealer ,Naasa Securities Co. Ltd.,50,475.0,23750.0,2025-09-23 13:02:35.558784
2025-09-23,32700,2025092304009676,UNHPL,Nagarik Stock Dealer ,Naasa Securities Co. Ltd.,250,475.0,118750.0,2025-09-23 13:02:35.558907
2025-09-23,32699,2025092304009677,UNHPL,Nagarik Stock Dealer ,Kumari Securities Private Limited,50,475.0,23750.0,2025-09-23 13:02:35.559055
2025-09-23,32698,2025092304009678,UNHPL,Nagarik Stock Dealer ,Thrive Brokerage House Pvt. Ltd,100,475.0,47500.0,2025-09-23 13:02:35.559192
2025-09-23,32697,2025092304009679,UNHPL,Nagarik Stock Dealer ,Sani Securities Company Ltd.,80,475.0,38000.0,2025-09-23 13:02:35.559325
2025-09-23,32696,2025092304009680,UNHPL,Nagarik Stock Dealer ,Imperial Securities Company Pvt. Ltd.,50,475.0,23750.0,2025-09-23 13:02:35.559440
2025-09-23,32695,2025092304009681,UNHPL,Nagarik Stock Dealer ,Oxford Securities Pvt. Ltd.,151,475.0,71725.0,2025-09-23 13:02:35.559584
2025-09-23,32687,2025092304009683,UNHPL,Miyo Securities Pvt Ltd,Oxford Securities Pvt. Ltd.,580,475.0,275500.0,2025-09-23 13:02:38.376674
2025-09-23,32652,2025092304009696,UNHPL,Sani Securities Company Ltd.,Online Securities Pvt. Ltd.,200,474.5,94900.0,2025-09-23 13:02:52.744876
2025-09-23,32635,2025092304009700,UNHPL,Sewa Securities Pvt. Ltd.,Secured Securities Ltd.,500,471.2,235600.0,2025-09-23 13:02:57.812364
2025-09-23,32634,2025092304009701,UNHPL,Naasa Securities Co. Ltd.,Secured Securities Ltd.,500,471.0,235500.0,2025-09-23 13:02:57.812881
2025-09-23,32502,2025092304009717,UNHPL,Ashutosh Brokerage & Securities (PVT) Ltd.,South Asian Bulls Pvt. Ltd.,500,472.0,236000.0,2025-09-23 13:03:28.701498
2025-09-23,32377,2025092304009748,UNHPL,Naasa Securities Co. Ltd.,J.F. Securites (PVT) Ltd.,500,471.0,235500.0,2025-09-23 13:03:58.978503
2025-09-23,32376,2025092304009749,UNHPL,Sri Hari Securities Pvt. Ltd.,J.F. Securites (PVT) Ltd.,240,470.1,112824.0,2025-09-23 13:03:58.978818
2025-09-23,32145,2025092304009773,UNHPL,South Asian Bulls Pvt. Ltd.,Aryatara Investment & Securities,500,470.2,235100.0,2025-09-23 13:05:03.867454
2025-09-23,32144,2025092304009774,UNHPL,Sri Hari Securities Pvt. Ltd.,Aryatara Investment & Securities,760,470.1,357276.0,2025-09-23 13:05:03.867756
2025-09-23,32143,2025092304009775,UNHPL,Prabhu Stock Market Limited,Aryatara Investment & Securities,740,470.0,347800.0,2025-09-23 13:05:03.867880
2025-09-23,32081,2025092304009778,UNHPL,Sani Securities Company Ltd.,Imperial Securities Company Pvt. Ltd.,20,471.0,9420.0,2025-09-23 13:05:21.878801
2025-09-23,31560,2025092304009870,UNHPL,Infinity Securities Limited,Online Securities Pvt. Ltd.,1000,470.4,470400.0,2025-09-23 13:07:49.638183
2025-09-23,31531,2025092304009880,UNHPL,Dipshikha Dhitopatra Karobar Co. Pvt Ltd.,Online Securities Pvt. Ltd.,500,470.3,235150.0,2025-09-23 13:08:03.023222
2025-09-23,31530,2025092304009881,UNHPL,Capital Max Securities Ltd,Online Securities Pvt. Ltd.,500,470.2,235100.0,2025-09-23 13:08:03.023352
2025-09-23,31516,2025092304009885,UNHPL,Capital Max Securities Ltd,Trisul Securities & Invt. Ltd.,500,470.2,235100.0,2025-09-23 13:08:08.563814
2025-09-23,31515,2025092304009886,UNHPL,Prabhu Stock Market Limited,Trisul Securities & Invt. Ltd.,2000,470.0,940000.0,2025-09-23 13:08:08.564143
2025-09-23,31467,2025092304009896,UNHPL,Prabhu Stock Market Limited,ABC Securities Private Limited,150,470.0,70500.0,2025-09-23 13:08:24.948151
2025-09-23,31389,2025092304009915,UNHPL,Kohinoor Investment & Securities Pvt. Ltd.,Imperial Securities Company Pvt. Ltd.,280,471.0,131880.0,2025-09-23 13:08:48.360374
2025-09-23,31388,2025092304009916,UNHPL,Kohinoor Investment & Securities Pvt. Ltd.,Vision Securities Pvt. Ltd,200,471.0,94200.0,2025-09-23 13:08:48.360916
2025-09-23,31188,2025092304009949,UNHPL,Capital Max Securities Ltd,SUN SECURITIES PVT LTD,200,470.9,94180.0,2025-09-23 13:09:33.368970
2025-09-23,31187,2025092304009950,UNHPL,Capital Max Securities Ltd,Naasa Securities Co. Ltd.,25,472.0,11800.0,2025-09-23 13:09:33.369252
2025-09-23,31186,2025092304009951,UNHPL,Capital Max Securities Ltd,J.F. Securites (PVT) Ltd.,100,472.5,47250.0,2025-09-23 13:09:33.369379
2025-09-23,31185,2025092304009952,UNHPL,Capital Max Securities Ltd,Property Wiard Limited,10,473.0,4730.0,2025-09-23 13:09:33.369498
2025-09-23,31184,2025092304009953,UNHPL,Capital Max Securities Ltd,Primo Securities (PVT) Ltd.,500,473.0,236500.0,2025-09-23 13:09:33.369614
2025-09-23,31183,2025092304009954,UNHPL,Capital Max Securities Ltd,Vision Securities Pvt. Ltd,165,473.9,78193.5,2025-09-23 13:09:33.369732
2025-09-23,31181,2025092304009956,UNHPL,Capital Max Securities Ltd,Vision Securities Pvt. Ltd,335,473.9,158756.5,2025-09-23 13:09:34.436643
2025-09-23,31180,2025092304009957,UNHPL,Capital Max Securities Ltd,J.F. Securites (PVT) Ltd.,60,474.0,28440.0,2025-09-23 13:09:34.436994
2025-09-23,31179,2025092304009958,UNHPL,Capital Max Securities Ltd,SHUBHAKAMANA SECURITIES PVT. LTD,605,474.0,286770.0,2025-09-23 13:09:34.437110
2025-09-23,31173,2025092304009961,UNHPL,Capital Max Securities Ltd,SHUBHAKAMANA SECURITIES PVT. LTD,395,474.0,187230.0,2025-09-23 13:09:36.719194
2025-09-23,31172,2025092304009962,UNHPL,Capital Max Securities Ltd,Ashutosh Brokerage & Securities (PVT) Ltd.,500,474.4,237200.0,2025-09-23 13:09:36.719531
2025-09-23,31171,2025092304009963,UNHPL,Capital Max Securities Ltd,Online Securities Pvt. Ltd.,105,474.5,49822.5,2025-09-23 13:09:36.719673
2025-09-23,31156,2025092304009970,UNHPL,Capital Max Securities Ltd,Online Securities Pvt. Ltd.,195,474.5,92527.5,2025-09-23 13:09:43.395601
2025-09-23,31155,2025092304009971,UNHPL,Capital Max Securities Ltd,Capital Max Securities Ltd,500,474.5,237250.0,2025-09-23 13:09:43.395909
2025-09-23,31154,2025092304009972,UNHPL,Capital Max Securities Ltd,Market Securities & Exchange (PVT) Ltd.,305,474.8,144814.0,2025-09-23 13:09:43.396033
2025-09-23,31134,2025092304009975,UNHPL,Capital Max Securities Ltd,Market Securities & Exchange (PVT) Ltd.,1409,474.8,668993.2,2025-09-23 13:09:48.380810
2025-09-23,31133,2025092304009976,UNHPL,Capital Max Securities Ltd,MILKY WAY SHARE BROKER COMPANY LTD ,1000,474.9,474900.0,2025-09-23 13:09:48.380891
2025-09-23,31132,2025092304009977,UNHPL,Capital Max Securities Ltd,Sri Hari Securities Pvt. Ltd.,591,474.9,280665.9,2025-09-23 13:09:48.380921
2025-09-23,30895,2025092304010022,UNHPL,Kohinoor Investment & Securities Pvt. Ltd.,Capital Max Securities Ltd,1000,471.0,471000.0,2025-09-23 13:10:58.345115
2025-09-23,30702,2025092304010050,UNHPL,Naasa Securities Co. Ltd.,Property Wiard Limited,10,472.0,4720.0,2025-09-23 13:11:55.649771
2025-09-23,30701,2025092304010051,UNHPL,Naasa Securities Co. Ltd.,Elite Stock House Limited,490,473.0,231770.0,2025-09-23 13:11:55.650369
2025-09-23,30604,2025092304010083,UNHPL,Midas Stock Broking Company Private Limited,Elite Stock House Limited,300,473.0,141900.0,2025-09-23 13:12:30.294186
2025-09-23,30534,2025092304010110,UNHPL,Agrawal Securities (PVT) Ltd.,Aryatara Investment & Securities,30,472.9,14187.0,2025-09-23 13:12:50.004226
2025-09-23,30522,2025092304010113,UNHPL,Imperial Securities Company Pvt. Ltd.,Thrive Brokerage House Pvt. Ltd,50,471.1,23555.0,2025-09-23 13:12:52.486304
2025-09-23,30320,2025092304010164,UNHPL,Naasa Securities Co. Ltd.,ABC Securities Private Limited,26,472.0,12272.0,2025-09-23 13:14:16.786190
2025-09-23,30268,2025092304010169,UNHPL,Citizens Share Broker Limited,ABC Securities Private Limited,500,472.0,236000.0,2025-09-23 13:14:38.909685
2025-09-23,30065,2025092304010211,UNHPL,Imperial Securities Company Pvt. Ltd.,Naasa Securities Co. Ltd.,150,471.1,70665.0,2025-09-23 13:16:02.148571
2025-09-23,29960,2025092304010240,UNHPL,Naasa Securities Co. Ltd.,Himalayan Brokerage Company Limited,95,469.2,44574.0,2025-09-23 13:16:29.975361
2025-09-23,28873,2025092304010463,UNHPL,R.B.B. Securities Company Ltd,SHUBHAKAMANA SECURITIES PVT. LTD,10,470.8,4708.0,2025-09-23 13:23:19.833143
2025-09-23,28872,2025092304010464,UNHPL,R.B.B. Securities Company Ltd,Property Wiard Limited,10,470.9,4709.0,2025-09-23 13:23:19.833736
2025-09-23,28871,2025092304010465,UNHPL,R.B.B. Securities Company Ltd,Aryatara Investment & Securities,270,471.0,127170.0,2025-09-23 13:23:19.834109
2025-09-23,28870,2025092304010466,UNHPL,R.B.B. Securities Company Ltd,SUN SECURITIES PVT LTD,500,471.8,235900.0,2025-09-23 13:23:19.834495
2025-09-23,28869,2025092304010467,UNHPL,R.B.B. Securities Company Ltd,SUN SECURITIES PVT LTD,410,471.9,193479.0,2025-09-23 13:23:19.834892
2025-09-23,28683,2025092304010504,UNHPL,ABC Securities Private Limited,Sri Hari Securities Pvt. Ltd.,90,470.0,42300.0,2025-09-23 13:24:26.278712
2025-09-23,28637,2025092304010514,UNHPL,ABC Securities Private Limited,Naasa Securities Co. Ltd.,100,470.0,47000.0,2025-09-23 13:24:41.046184
2025-09-23,28537,2025092304010530,UNHPL,ABC Securities Private Limited,Naasa Securities Co. Ltd.,100,470.0,47000.0,2025-09-23 13:25:08.026656
2025-09-23,28504,2025092304010538,UNHPL,ABC Securities Private Limited,Sumeru Securities Pvt. Ltd.,200,470.0,94000.0,2025-09-23 13:25:22.518217
2025-09-23,28503,2025092304010539,UNHPL,ABC Securities Private Limited,ABC Securities Private Limited,10,470.0,4700.0,2025-09-23 13:25:23.570192
2025-09-23,28230,2025092304010592,UNHPL,SHUBHAKAMANA SECURITIES PVT. LTD,Aryatara Investment & Securities,250,469.4,117350.0,2025-09-23 13:26:55.091905
