Date,S.N.,Contract ID,Symbol,Buyer Broker,Seller Broker,quantity,rate,amount,transaction_time
2025-09-23,67258,2025092304000029,UPCL,Sani Securities Company Ltd.,Market Securities & Exchange (PVT) Ltd.,500,408.9,204450.0,2025-09-23 11:00:38.563534
2025-09-23,67257,2025092304000030,UPCL,Sani Securities Company Ltd.,Sri Hari Securities Pvt. Ltd.,500,409.0,204500.0,2025-09-23 11:00:38.563618
2025-09-23,67223,2025092304000047,UPCL,Sani Securities Company Ltd.,Sri Hari Securities Pvt. Ltd.,335,409.0,137015.0,2025-09-23 11:00:47.658145
2025-09-23,67201,2025092304000049,UPCL,Dynamic Money Managers Securities Pvt. Ltd.,Online Securities Pvt. Ltd.,100,408.9,40890.0,2025-09-23 11:00:55.202983
2025-09-23,67184,2025092304000058,UPCL,Trisul Securities & Invt. Ltd.,Online Securities Pvt. Ltd.,56,408.9,22898.4,2025-09-23 11:00:59.233939
2025-09-23,67173,2025092304000066,UPCL,Midas Stock Broking Company Private Limited,Online Securities Pvt. Ltd.,100,408.9,40890.0,2025-09-23 11:01:02.921194
2025-09-23,67152,2025092304000074,UPCL,Primo Securities (PVT) Ltd.,Online Securities Pvt. Ltd.,244,408.9,99771.6,2025-09-23 11:01:10.773592
2025-09-23,67151,2025092304000075,UPCL,Primo Securities (PVT) Ltd.,Sri Hari Securities Pvt. Ltd.,256,409.0,104704.0,2025-09-23 11:01:10.773693
2025-09-23,67133,2025092304000078,UPCL,Capital Hub P. Ltd,Sri Hari Securities Pvt. Ltd.,909,409.0,371781.0,2025-09-23 11:01:17.029854
2025-09-23,67079,2025092304000092,UPCL,S.P.S.A. Securities Limited,Imperial Securities Company Pvt. Ltd.,150,409.9,61485.0,2025-09-23 11:01:30.904202
2025-09-23,67078,2025092304000093,UPCL,S.P.S.A. Securities Limited,Property Wiard Limited,240,411.0,98640.0,2025-09-23 11:01:30.904252
2025-09-23,67077,2025092304000094,UPCL,S.P.S.A. Securities Limited,Property Wiard Limited,500,411.5,205750.0,2025-09-23 11:01:30.904286
2025-09-23,67076,2025092304000095,UPCL,S.P.S.A. Securities Limited,South Asian Bulls Pvt. Ltd.,110,411.9,45309.0,2025-09-23 11:01:30.904306
2025-09-23,67047,2025092304000106,UPCL,Deevyaa Securities & Stock House Pvt. Ltd,South Asian Bulls Pvt. Ltd.,300,411.9,123570.0,2025-09-23 11:01:38.837738
2025-09-23,67031,2025092304000115,UPCL,Asian Securities Private Ltd.,Market Securities & Exchange (PVT) Ltd.,500,411.8,205900.0,2025-09-23 11:01:43.038866
2025-09-23,67008,2025092304000121,UPCL,Sani Securities Company Ltd.,South Asian Bulls Pvt. Ltd.,90,411.9,37071.0,2025-09-23 11:01:47.322190
2025-09-23,67007,2025092304000122,UPCL,Sani Securities Company Ltd.,Property Wiard Limited,360,411.9,148284.0,2025-09-23 11:01:47.322294
2025-09-23,66998,2025092304000127,UPCL,Dipshikha Dhitopatra Karobar Co. Pvt Ltd.,Opal Securities Investment (PVT) Ltd.,25,410.0,10250.0,2025-09-23 11:01:49.915658
2025-09-23,66997,2025092304000128,UPCL,Linch Stock Market Ltd.,Opal Securities Investment (PVT) Ltd.,200,409.9,81980.0,2025-09-23 11:01:49.915768
2025-09-23,66996,2025092304000129,UPCL,Malla & Malla Stock Broking Company Pvt. Limited,Opal Securities Investment (PVT) Ltd.,150,409.0,61350.0,2025-09-23 11:01:49.915821
2025-09-23,66964,2025092304000139,UPCL,Dynamic Money Managers Securities Pvt. Ltd.,Opal Securities Investment (PVT) Ltd.,22,409.0,8998.0,2025-09-23 11:01:55.019757
2025-09-23,66927,2025092304000149,UPCL,Midas Stock Broking Company Private Limited,Opal Securities Investment (PVT) Ltd.,1000,409.0,409000.0,2025-09-23 11:02:04.761758
2025-09-23,66918,2025092304000154,UPCL,Capital Hub P. Ltd,Aryatara Investment & Securities,4091,407.1,1665446.1,2025-09-23 11:02:05.973411
2025-09-23,66917,2025092304000155,UPCL,Trishakti Securities Public Limited,Aryatara Investment & Securities,909,407.0,369963.0,2025-09-23 11:02:05.973514
2025-09-23,66880,2025092304000169,UPCL,Trishakti Securities Public Limited,Nepal Stock House (PVT) Ltd.,91,407.0,37037.0,2025-09-23 11:02:16.852567
2025-09-23,66846,2025092304000179,UPCL,Midas Stock Broking Company Private Limited,Nepal Stock House (PVT) Ltd.,100,407.0,40700.0,2025-09-23 11:02:23.351052
2025-09-23,66828,2025092304000184,UPCL,Sani Securities Company Ltd.,Nepal Stock House (PVT) Ltd.,50,407.0,20350.0,2025-09-23 11:02:29.659627
2025-09-23,66752,2025092304000208,UPCL,Kalika Securities Pvt. Ltd.,Nepal Stock House (PVT) Ltd.,13,407.0,5291.0,2025-09-23 11:02:42.684661
2025-09-23,66731,2025092304000218,UPCL,Stoxkarts Securities Limited,Nepal Stock House (PVT) Ltd.,50,407.0,20350.0,2025-09-23 11:02:46.138236
2025-09-23,66703,2025092304000228,UPCL,J.F. Securites (PVT) Ltd.,Nepal Stock House (PVT) Ltd.,11,407.0,4477.0,2025-09-23 11:02:53.342097
2025-09-23,66656,2025092304000243,UPCL,Midas Stock Broking Company Private Limited,Nepal Stock House (PVT) Ltd.,100,407.0,40700.0,2025-09-23 11:03:02.496851
2025-09-23,66621,2025092304000248,UPCL,APPLE SECURITIES PRIVATE LIMITED,Nepal Stock House (PVT) Ltd.,85,407.0,34595.0,2025-09-23 11:03:08.365838
2025-09-23,66620,2025092304000249,UPCL,APPLE SECURITIES PRIVATE LIMITED,Aryatara Investment & Securities,20,407.0,8140.0,2025-09-23 11:03:08.365931
2025-09-23,66619,2025092304000250,UPCL,APPLE SECURITIES PRIVATE LIMITED,J.F. Securites (PVT) Ltd.,500,408.9,204450.0,2025-09-23 11:03:08.365980
2025-09-23,66618,2025092304000251,UPCL,APPLE SECURITIES PRIVATE LIMITED,Nagarik Stock Dealer ,500,408.9,204450.0,2025-09-23 11:03:08.366019
2025-09-23,66617,2025092304000252,UPCL,APPLE SECURITIES PRIVATE LIMITED,Opal Securities Investment (PVT) Ltd.,395,409.0,161555.0,2025-09-23 11:03:08.366069
2025-09-23,66428,2025092304000322,UPCL,Pragyan Securities (PVT) Ltd.,Opal Securities Investment (PVT) Ltd.,30,409.0,12270.0,2025-09-23 11:03:37.404713
2025-09-23,66412,2025092304000326,UPCL,Imperial Securities Company Pvt. Ltd.,Aakashbhairab Securities Ltd.,50,407.0,20350.0,2025-09-23 11:03:39.218019
2025-09-23,66411,2025092304000327,UPCL,Citizens Share Broker Limited,Aakashbhairab Securities Ltd.,20,407.0,8140.0,2025-09-23 11:03:39.218108
2025-09-23,66410,2025092304000328,UPCL,Nagarik Stock Dealer ,Aakashbhairab Securities Ltd.,200,406.1,81220.0,2025-09-23 11:03:39.218155
2025-09-23,66409,2025092304000329,UPCL,Kohinoor Investment & Securities Pvt. Ltd.,Aakashbhairab Securities Ltd.,160,406.1,64976.0,2025-09-23 11:03:39.218195
2025-09-23,66408,2025092304000330,UPCL,Agrawal Securities (PVT) Ltd.,Aakashbhairab Securities Ltd.,70,406.0,28420.0,2025-09-23 11:03:39.218242
2025-09-23,66067,2025092304000411,UPCL,Malla & Malla Stock Broking Company Pvt. Limited,Aryatara Investment & Securities,20,408.6,8172.0,2025-09-23 11:04:39.227044
2025-09-23,66066,2025092304000412,UPCL,Malla & Malla Stock Broking Company Pvt. Limited,Nagarik Stock Dealer ,180,408.7,73566.0,2025-09-23 11:04:39.227287
2025-09-23,66017,2025092304000428,UPCL,Sani Securities Company Ltd.,Nagarik Stock Dealer ,10,408.7,4087.0,2025-09-23 11:04:47.676792
2025-09-23,65888,2025092304000465,UPCL,MILKY WAY SHARE BROKER COMPANY LTD ,Sumeru Securities Pvt. Ltd.,100,408.0,40800.0,2025-09-23 11:05:20.522397
2025-09-23,65827,2025092304000486,UPCL,MILKY WAY SHARE BROKER COMPANY LTD ,Aakashbhairab Securities Ltd.,400,408.0,163200.0,2025-09-23 11:05:33.049265
2025-09-23,65811,2025092304000490,UPCL,Trishakti Securities Public Limited,Aakashbhairab Securities Ltd.,600,408.0,244800.0,2025-09-23 11:05:35.988011
2025-09-23,65749,2025092304000505,UPCL,Deevyaa Securities & Stock House Pvt. Ltd,Aryatara Investment & Securities,20,408.6,8172.0,2025-09-23 11:05:46.628753
2025-09-23,65748,2025092304000506,UPCL,Deevyaa Securities & Stock House Pvt. Ltd,Nagarik Stock Dealer ,30,408.6,12258.0,2025-09-23 11:05:46.628873
2025-09-23,65733,2025092304000508,UPCL,Trishakti Securities Public Limited,MILKY WAY SHARE BROKER COMPANY LTD ,400,408.0,163200.0,2025-09-23 11:05:48.707812
2025-09-23,65732,2025092304000509,UPCL,Aryatara Investment & Securities,MILKY WAY SHARE BROKER COMPANY LTD ,26,408.0,10608.0,2025-09-23 11:05:48.708036
2025-09-23,65731,2025092304000510,UPCL,Online Securities Pvt. Ltd.,MILKY WAY SHARE BROKER COMPANY LTD ,15,408.0,6120.0,2025-09-23 11:05:48.708197
2025-09-23,65715,2025092304000521,UPCL,Hatemalo Financial Services Private Limited,MILKY WAY SHARE BROKER COMPANY LTD ,59,408.0,24072.0,2025-09-23 11:05:52.652445
2025-09-23,65714,2025092304000522,UPCL,Hatemalo Financial Services Private Limited,Global IME Securities Limited,31,408.0,12648.0,2025-09-23 11:05:52.652569
2025-09-23,65691,2025092304000537,UPCL,Midas Stock Broking Company Private Limited,Global IME Securities Limited,20,408.0,8160.0,2025-09-23 11:05:57.135563
2025-09-23,65677,2025092304000539,UPCL,Creative Securities Pvt Ltd,Global IME Securities Limited,150,408.0,61200.0,2025-09-23 11:06:00.531543
2025-09-23,65676,2025092304000540,UPCL,Creative Securities Pvt Ltd,Opal Securities Investment (PVT) Ltd.,300,408.0,122400.0,2025-09-23 11:06:00.531679
2025-09-23,65623,2025092304000561,UPCL,Agrawal Securities (PVT) Ltd.,Opal Securities Investment (PVT) Ltd.,255,408.0,104040.0,2025-09-23 11:06:09.708224
2025-09-23,65601,2025092304000573,UPCL,Naasa Securities Co. Ltd.,Naasa Securities Co. Ltd.,245,407.8,99911.0,2025-09-23 11:06:16.065371
2025-09-23,65574,2025092304000582,UPCL,Dakshinkali Investment & Securities Pvt. Ltd.,Aakashbhairab Securities Ltd.,100,407.1,40710.0,2025-09-23 11:06:23.308542
2025-09-23,65573,2025092304000583,UPCL,Asian Securities Private Ltd.,Aakashbhairab Securities Ltd.,13,407.1,5292.3,2025-09-23 11:06:23.308791
2025-09-23,65572,2025092304000584,UPCL,Trishakti Securities Public Limited,Aakashbhairab Securities Ltd.,1000,407.1,407100.0,2025-09-23 11:06:23.308959
2025-09-23,65571,2025092304000585,UPCL,Online Securities Pvt. Ltd.,Aakashbhairab Securities Ltd.,10,407.0,4070.0,2025-09-23 11:06:23.309100
2025-09-23,65570,2025092304000586,UPCL,J.F. Securites (PVT) Ltd.,Aakashbhairab Securities Ltd.,400,407.0,162800.0,2025-09-23 11:06:23.309232
2025-09-23,65569,2025092304000587,UPCL,Trishakti Securities Public Limited,Aakashbhairab Securities Ltd.,477,407.0,194139.0,2025-09-23 11:06:23.309387
2025-09-23,65517,2025092304000600,UPCL,Trishakti Securities Public Limited,MILKY WAY SHARE BROKER COMPANY LTD ,523,407.0,212861.0,2025-09-23 11:06:31.469247
2025-09-23,65516,2025092304000601,UPCL,Agrawal Securities (PVT) Ltd.,MILKY WAY SHARE BROKER COMPANY LTD ,50,407.0,20350.0,2025-09-23 11:06:31.469439
2025-09-23,65421,2025092304000645,UPCL,Sewa Securities Pvt. Ltd.,Nagarik Stock Dealer ,100,406.9,40690.0,2025-09-23 11:06:44.502895
2025-09-23,65415,2025092304000647,UPCL,Sani Securities Company Ltd.,Nagarik Stock Dealer ,171,406.9,69579.9,2025-09-23 11:06:45.589467
2025-09-23,65395,2025092304000655,UPCL,Deevyaa Securities & Stock House Pvt. Ltd,Nagarik Stock Dealer ,38,406.9,15462.2,2025-09-23 11:06:49.030002
2025-09-23,65386,2025092304000659,UPCL,Cristal Kanchanjanga Securites Pvt. Ltd.,Opal Securities Investment (PVT) Ltd.,10,406.3,4063.0,2025-09-23 11:06:50.777670
2025-09-23,65214,2025092304000708,UPCL,Sri Hari Securities Pvt. Ltd.,Nepal Stock House (PVT) Ltd.,100,406.9,40690.0,2025-09-23 11:07:18.968861
2025-09-23,65146,2025092304000729,UPCL,Asian Securities Private Ltd.,Nepal Stock House (PVT) Ltd.,900,406.9,366210.0,2025-09-23 11:07:33.576352
2025-09-23,65145,2025092304000730,UPCL,Asian Securities Private Ltd.,ABC Securities Private Limited,100,406.9,40690.0,2025-09-23 11:07:33.576468
2025-09-23,65084,2025092304000743,UPCL,Oxford Securities Pvt. Ltd.,MILKY WAY SHARE BROKER COMPANY LTD ,427,407.0,173789.0,2025-09-23 11:07:44.136074
2025-09-23,65083,2025092304000744,UPCL,Oxford Securities Pvt. Ltd.,ABC Securities Private Limited,14,407.0,5698.0,2025-09-23 11:07:44.136208
2025-09-23,64973,2025092304000777,UPCL,Oxford Securities Pvt. Ltd.,Naasa Securities Co. Ltd.,441,407.0,179487.0,2025-09-23 11:08:04.734806
2025-09-23,64932,2025092304000797,UPCL,Oxford Securities Pvt. Ltd.,Naasa Securities Co. Ltd.,123,407.0,50061.0,2025-09-23 11:08:17.162244
2025-09-23,64931,2025092304000798,UPCL,Infinity Securities Limited,Naasa Securities Co. Ltd.,200,407.0,81400.0,2025-09-23 11:08:17.162506
2025-09-23,64930,2025092304000799,UPCL,Dakshinkali Investment & Securities Pvt. Ltd.,Naasa Securities Co. Ltd.,100,407.0,40700.0,2025-09-23 11:08:17.162664
2025-09-23,64806,2025092304000836,UPCL,Sweta Securities Private Limited,Naasa Securities Co. Ltd.,500,407.0,203500.0,2025-09-23 11:08:39.523489
2025-09-23,64780,2025092304000843,UPCL,Sanima Securities Limited,Naasa Securities Co. Ltd.,20,407.0,8140.0,2025-09-23 11:08:44.484031
2025-09-23,64749,2025092304000859,UPCL,Shree Krishna Securities Ltd.,Naasa Securities Co. Ltd.,57,407.0,23199.0,2025-09-23 11:08:48.270827
2025-09-23,64748,2025092304000860,UPCL,Shree Krishna Securities Ltd.,Secured Securities Ltd.,543,407.0,221001.0,2025-09-23 11:08:48.270966
2025-09-23,64432,2025092304000989,UPCL,Naasa Securities Co. Ltd.,Midas Stock Broking Company Private Limited,10,407.0,4070.0,2025-09-23 11:09:37.127470
2025-09-23,64431,2025092304000990,UPCL,Aryatara Investment & Securities,Midas Stock Broking Company Private Limited,26,407.0,10582.0,2025-09-23 11:09:37.127612
2025-09-23,64430,2025092304000991,UPCL,Aryatara Investment & Securities,Midas Stock Broking Company Private Limited,100,407.0,40700.0,2025-09-23 11:09:37.127670
2025-09-23,64429,2025092304000992,UPCL,Sri Hari Securities Pvt. Ltd.,Midas Stock Broking Company Private Limited,200,406.9,81380.0,2025-09-23 11:09:37.127744
2025-09-23,64428,2025092304000993,UPCL,Dynamic Money Managers Securities Pvt. Ltd.,Midas Stock Broking Company Private Limited,664,406.8,270115.2,2025-09-23 11:09:37.127806
2025-09-23,64400,2025092304001000,UPCL,Dynamic Money Managers Securities Pvt. Ltd.,Market Securities & Exchange (PVT) Ltd.,336,406.8,136684.8,2025-09-23 11:09:40.158361
2025-09-23,64338,2025092304001009,UPCL,Agrawal Securities (PVT) Ltd.,Aryatara Investment & Securities,180,406.0,73080.0,2025-09-23 11:09:49.886012
2025-09-23,64337,2025092304001010,UPCL,Kalika Securities Pvt. Ltd.,Aryatara Investment & Securities,65,406.0,26390.0,2025-09-23 11:09:49.886138
2025-09-23,64336,2025092304001011,UPCL,Agrawal Securities (PVT) Ltd.,Aryatara Investment & Securities,50,406.0,20300.0,2025-09-23 11:09:49.886194
2025-09-23,64335,2025092304001012,UPCL,Dynamic Money Managers Securities Pvt. Ltd.,Aryatara Investment & Securities,50,406.0,20300.0,2025-09-23 11:09:49.886246
2025-09-23,64334,2025092304001013,UPCL,Agrawal Securities (PVT) Ltd.,Aryatara Investment & Securities,50,406.0,20300.0,2025-09-23 11:09:49.886298
2025-09-23,64333,2025092304001014,UPCL,Sewa Securities Pvt. Ltd.,Aryatara Investment & Securities,105,406.0,42630.0,2025-09-23 11:09:49.886419
2025-09-23,64319,2025092304001020,UPCL,Sewa Securities Pvt. Ltd.,Aakashbhairab Securities Ltd.,395,406.0,160370.0,2025-09-23 11:09:52.882935
2025-09-23,64178,2025092304001072,UPCL,Trisul Securities & Invt. Ltd.,Aakashbhairab Securities Ltd.,305,406.0,123830.0,2025-09-23 11:10:12.699734
2025-09-23,64169,2025092304001080,UPCL,Sweta Securities Private Limited,Aryatara Investment & Securities,40,405.2,16208.0,2025-09-23 11:10:14.762749
2025-09-23,64164,2025092304001082,UPCL,Primo Securities (PVT) Ltd.,Aakashbhairab Securities Ltd.,100,406.0,40600.0,2025-09-23 11:10:15.865368
2025-09-23,64082,2025092304001110,UPCL,Online Securities Pvt. Ltd.,Aakashbhairab Securities Ltd.,100,406.0,40600.0,2025-09-23 11:10:30.398923
2025-09-23,64073,2025092304001116,UPCL,Imperial Securities Company Pvt. Ltd.,Aakashbhairab Securities Ltd.,40,406.0,16240.0,2025-09-23 11:10:32.470234
2025-09-23,64031,2025092304001137,UPCL,Sweta Securities Private Limited,Property Wiard Limited,60,405.2,24312.0,2025-09-23 11:10:43.511823
2025-09-23,64030,2025092304001138,UPCL,Sweta Securities Private Limited,Property Wiard Limited,100,405.1,40510.0,2025-09-23 11:10:43.512080
2025-09-23,64029,2025092304001139,UPCL,Primo Securities (PVT) Ltd.,Property Wiard Limited,100,405.1,40510.0,2025-09-23 11:10:43.512240
2025-09-23,64028,2025092304001140,UPCL,Market Securities & Exchange (PVT) Ltd.,Property Wiard Limited,200,405.0,81000.0,2025-09-23 11:10:43.512417
2025-09-23,64027,2025092304001141,UPCL,Trishakti Securities Public Limited,Property Wiard Limited,1000,405.0,405000.0,2025-09-23 11:10:43.512574
2025-09-23,64026,2025092304001142,UPCL,Sri Hari Securities Pvt. Ltd.,Property Wiard Limited,100,405.0,40500.0,2025-09-23 11:10:43.512731
2025-09-23,64025,2025092304001143,UPCL,Dipshikha Dhitopatra Karobar Co. Pvt Ltd.,Property Wiard Limited,1000,405.0,405000.0,2025-09-23 11:10:43.512884
2025-09-23,64024,2025092304001144,UPCL,Cristal Kanchanjanga Securites Pvt. Ltd.,Property Wiard Limited,15,405.0,6075.0,2025-09-23 11:10:43.513049
2025-09-23,64023,2025092304001145,UPCL,Primo Securities (PVT) Ltd.,Property Wiard Limited,100,405.0,40500.0,2025-09-23 11:10:43.513198
2025-09-23,64022,2025092304001146,UPCL,Dynamic Money Managers Securities Pvt. Ltd.,Property Wiard Limited,1000,404.8,404800.0,2025-09-23 11:10:43.513377
2025-09-23,64021,2025092304001147,UPCL,SUN SECURITIES PVT LTD,Property Wiard Limited,1000,404.2,404200.0,2025-09-23 11:10:43.513527
2025-09-23,64020,2025092304001148,UPCL,Nepal Investment And Securities Trading Private Limited,Property Wiard Limited,200,404.0,80800.0,2025-09-23 11:10:43.513680
2025-09-23,63822,2025092304001205,UPCL,Agrawal Securities (PVT) Ltd.,Property Wiard Limited,50,404.0,20200.0,2025-09-23 11:11:25.148058
2025-09-23,63802,2025092304001210,UPCL,Primo Securities (PVT) Ltd.,Property Wiard Limited,75,404.0,30300.0,2025-09-23 11:11:28.704144
2025-09-23,63721,2025092304001237,UPCL,Primo Securities (PVT) Ltd.,Thrive Brokerage House Pvt. Ltd,25,404.0,10100.0,2025-09-23 11:11:45.223289
2025-09-23,63720,2025092304001238,UPCL,Primo Securities (PVT) Ltd.,Thrive Brokerage House Pvt. Ltd,100,403.1,40310.0,2025-09-23 11:11:45.223581
2025-09-23,63719,2025092304001239,UPCL,Siprabi Securities Pvt. Ltd.,Thrive Brokerage House Pvt. Ltd,20,403.0,8060.0,2025-09-23 11:11:45.223782
2025-09-23,63671,2025092304001261,UPCL,J.F. Securites (PVT) Ltd.,Thrive Brokerage House Pvt. Ltd,100,403.0,40300.0,2025-09-23 11:11:55.393775
2025-09-23,63611,2025092304001277,UPCL,Capital Max Securities Ltd,Thrive Brokerage House Pvt. Ltd,100,403.0,40300.0,2025-09-23 11:12:07.636572
2025-09-23,63401,2025092304001349,UPCL,Primo Securities (PVT) Ltd.,Thrive Brokerage House Pvt. Ltd,50,402.3,20115.0,2025-09-23 11:12:46.725933
2025-09-23,63400,2025092304001350,UPCL,Midas Stock Broking Company Private Limited,Thrive Brokerage House Pvt. Ltd,905,402.2,363991.0,2025-09-23 11:12:46.726060
2025-09-23,63191,2025092304001436,UPCL,Naasa Securities Co. Ltd.,Himalayan Brokerage Company Limited,10,403.0,4030.0,2025-09-23 11:13:18.323984
2025-09-23,63087,2025092304001467,UPCL,Deevyaa Securities & Stock House Pvt. Ltd,Market Securities & Exchange (PVT) Ltd.,64,405.9,25977.6,2025-09-23 11:13:37.514705
2025-09-23,63065,2025092304001470,UPCL,Sajilo Broker Limited,Dynamic Money Managers Securities Pvt. Ltd.,108,404.0,43632.0,2025-09-23 11:13:40.534438
2025-09-23,62909,2025092304001542,UPCL,Sajilo Broker Limited,Naasa Securities Co. Ltd.,67,404.0,27068.0,2025-09-23 11:14:11.423736
2025-09-23,62689,2025092304001616,UPCL,Sajilo Broker Limited,Online Securities Pvt. Ltd.,25,404.0,10100.0,2025-09-23 11:14:51.769451
2025-09-23,62688,2025092304001617,UPCL,Trisul Securities & Invt. Ltd.,Online Securities Pvt. Ltd.,75,404.0,30300.0,2025-09-23 11:14:51.769725
2025-09-23,62274,2025092304001719,UPCL,Nagarik Stock Dealer ,Nagarik Stock Dealer ,10,404.9,4049.0,2025-09-23 11:16:08.083002
2025-09-23,62273,2025092304001720,UPCL,Nagarik Stock Dealer ,Nagarik Stock Dealer ,190,404.9,76931.0,2025-09-23 11:16:08.083160
2025-09-23,62225,2025092304001731,UPCL,Midas Stock Broking Company Private Limited,Nagarik Stock Dealer ,95,404.9,38465.5,2025-09-23 11:16:21.880806
2025-09-23,62162,2025092304001742,UPCL,Sani Securities Company Ltd.,Nagarik Stock Dealer ,185,404.9,74906.5,2025-09-23 11:16:31.530510
2025-09-23,62161,2025092304001743,UPCL,Sani Securities Company Ltd.,Market Securities & Exchange (PVT) Ltd.,115,404.9,46563.5,2025-09-23 11:16:31.530857
2025-09-23,62103,2025092304001769,UPCL,MILKY WAY SHARE BROKER COMPANY LTD ,Market Securities & Exchange (PVT) Ltd.,385,404.9,155886.5,2025-09-23 11:16:41.351142
2025-09-23,62102,2025092304001770,UPCL,MILKY WAY SHARE BROKER COMPANY LTD ,Opal Securities Investment (PVT) Ltd.,2615,405.0,1059075.0,2025-09-23 11:16:41.351481
2025-09-23,62082,2025092304001776,UPCL,Dakshinkali Investment & Securities Pvt. Ltd.,Online Securities Pvt. Ltd.,100,404.3,40430.0,2025-09-23 11:16:49.653812
2025-09-23,62081,2025092304001777,UPCL,Sani Securities Company Ltd.,Opal Securities Investment (PVT) Ltd.,1000,405.0,405000.0,2025-09-23 11:16:50.312581
2025-09-23,62071,2025092304001780,UPCL,Capital Max Securities Ltd,Opal Securities Investment (PVT) Ltd.,1385,405.0,560925.0,2025-09-23 11:16:52.674065
2025-09-23,61989,2025092304001804,UPCL,Trishakti Securities Public Limited,ABC Securities Private Limited,500,405.1,202550.0,2025-09-23 11:17:12.118621
2025-09-23,61964,2025092304001813,UPCL,Trisul Securities & Invt. Ltd.,Aakashbhairab Securities Ltd.,460,406.0,186760.0,2025-09-23 11:17:16.948588
2025-09-23,61963,2025092304001814,UPCL,Trisul Securities & Invt. Ltd.,Aryatara Investment & Securities,50,407.0,20350.0,2025-09-23 11:17:16.948653
2025-09-23,61962,2025092304001815,UPCL,Trisul Securities & Invt. Ltd.,Aryatara Investment & Securities,50,407.0,20350.0,2025-09-23 11:17:16.948677
2025-09-23,61961,2025092304001816,UPCL,Trisul Securities & Invt. Ltd.,Market Securities & Exchange (PVT) Ltd.,1000,407.3,407300.0,2025-09-23 11:17:16.948700
2025-09-23,61960,2025092304001817,UPCL,Trisul Securities & Invt. Ltd.,J.F. Securites (PVT) Ltd.,500,407.4,203700.0,2025-09-23 11:17:16.948723
2025-09-23,61959,2025092304001818,UPCL,Trisul Securities & Invt. Ltd.,Primo Securities (PVT) Ltd.,940,407.8,383332.0,2025-09-23 11:17:16.948750
2025-09-23,61910,2025092304001838,UPCL,Trisul Securities & Invt. Ltd.,Primo Securities (PVT) Ltd.,1000,407.8,407800.0,2025-09-23 11:17:27.626478
2025-09-23,61691,2025092304001917,UPCL,Online Securities Pvt. Ltd.,Online Securities Pvt. Ltd.,100,407.5,40750.0,2025-09-23 11:18:08.479705
2025-09-23,61690,2025092304001918,UPCL,Online Securities Pvt. Ltd.,SHUBHAKAMANA SECURITIES PVT. LTD,50,407.5,20375.0,2025-09-23 11:18:08.479901
2025-09-23,61664,2025092304001932,UPCL,Trishakti Securities Public Limited,SHUBHAKAMANA SECURITIES PVT. LTD,250,407.5,101875.0,2025-09-23 11:18:15.382194
2025-09-23,61663,2025092304001933,UPCL,Trishakti Securities Public Limited,MILKY WAY SHARE BROKER COMPANY LTD ,600,407.6,244560.0,2025-09-23 11:18:15.382250
2025-09-23,61662,2025092304001934,UPCL,Trishakti Securities Public Limited,Asian Securities Private Ltd.,150,407.6,61140.0,2025-09-23 11:18:15.382275
2025-09-23,61627,2025092304001940,UPCL,Capital Max Securities Ltd,Nagarik Stock Dealer ,291,407.4,118553.4,2025-09-23 11:18:26.309158
2025-09-23,61626,2025092304001941,UPCL,Capital Max Securities Ltd,Asian Securities Private Ltd.,350,407.6,142660.0,2025-09-23 11:18:26.309498
2025-09-23,61625,2025092304001942,UPCL,Capital Max Securities Ltd,Market Securities & Exchange (PVT) Ltd.,1000,407.7,407700.0,2025-09-23 11:18:26.309711
2025-09-23,61624,2025092304001943,UPCL,Capital Max Securities Ltd,Primo Securities (PVT) Ltd.,359,407.8,146400.2,2025-09-23 11:18:26.309921
2025-09-23,61578,2025092304001954,UPCL,Naasa Securities Co. Ltd.,Primo Securities (PVT) Ltd.,109,407.8,44450.2,2025-09-23 11:18:38.165602
2025-09-23,61577,2025092304001955,UPCL,Naasa Securities Co. Ltd.,Opal Securities Investment (PVT) Ltd.,91,408.0,37128.0,2025-09-23 11:18:38.165699
2025-09-23,61552,2025092304001958,UPCL,Capital Max Securities Ltd,Opal Securities Investment (PVT) Ltd.,1000,408.0,408000.0,2025-09-23 11:18:42.336548
2025-09-23,61456,2025092304001989,UPCL,Capital Max Securities Ltd,Opal Securities Investment (PVT) Ltd.,300,408.0,122400.0,2025-09-23 11:19:03.595386
2025-09-23,61443,2025092304001990,UPCL,Dipshikha Dhitopatra Karobar Co. Pvt Ltd.,Nepal Stock House (PVT) Ltd.,200,407.6,81520.0,2025-09-23 11:19:07.729499
2025-09-23,61433,2025092304001992,UPCL,Swarna Laxmi Securities Pvt. Ltd.,Opal Securities Investment (PVT) Ltd.,900,408.0,367200.0,2025-09-23 11:19:10.140245
2025-09-23,61379,2025092304002009,UPCL,Property Wiard Limited,Market Securities & Exchange (PVT) Ltd.,700,407.9,285530.0,2025-09-23 11:19:21.650585
2025-09-23,61373,2025092304002013,UPCL,MILKY WAY SHARE BROKER COMPANY LTD ,Opal Securities Investment (PVT) Ltd.,332,408.0,135456.0,2025-09-23 11:19:23.142745
2025-09-23,61372,2025092304002014,UPCL,MILKY WAY SHARE BROKER COMPANY LTD ,ABC Securities Private Limited,500,408.0,204000.0,2025-09-23 11:19:23.142937
2025-09-23,61371,2025092304002015,UPCL,MILKY WAY SHARE BROKER COMPANY LTD ,Naasa Securities Co. Ltd.,54,408.0,22032.0,2025-09-23 11:19:23.143015
2025-09-23,61295,2025092304002031,UPCL,MILKY WAY SHARE BROKER COMPANY LTD ,Citizens Share Broker Limited,114,408.0,46512.0,2025-09-23 11:19:39.541908
2025-09-23,61294,2025092304002032,UPCL,Sani Securities Company Ltd.,Citizens Share Broker Limited,386,408.0,157488.0,2025-09-23 11:19:39.542086
2025-09-23,61266,2025092304002042,UPCL,Sani Securities Company Ltd.,Trishakti Securities Public Limited,100,408.0,40800.0,2025-09-23 11:19:44.855254
2025-09-23,61209,2025092304002053,UPCL,Sani Securities Company Ltd.,Online Securities Pvt. Ltd.,14,408.0,5712.0,2025-09-23 11:19:53.901638
2025-09-23,61173,2025092304002058,UPCL,Oxford Securities Pvt. Ltd.,Online Securities Pvt. Ltd.,86,408.0,35088.0,2025-09-23 11:20:02.509193
2025-09-23,61124,2025092304002095,UPCL,Oxford Securities Pvt. Ltd.,Capital Max Securities Ltd,146,408.0,59568.0,2025-09-23 11:20:07.295777
2025-09-23,61104,2025092304002098,UPCL,Himalayan Brokerage Company Limited,Market Securities & Exchange (PVT) Ltd.,200,408.6,81720.0,2025-09-23 11:20:12.833644
2025-09-23,60988,2025092304002126,UPCL,Sumeru Securities Pvt. Ltd.,Trishakti Securities Public Limited,100,408.5,40850.0,2025-09-23 11:20:38.966379
2025-09-23,60987,2025092304002127,UPCL,Sumeru Securities Pvt. Ltd.,Market Securities & Exchange (PVT) Ltd.,100,408.6,40860.0,2025-09-23 11:20:38.966626
2025-09-23,60785,2025092304002175,UPCL,Online Securities Pvt. Ltd.,Online Securities Pvt. Ltd.,150,408.5,61275.0,2025-09-23 11:21:24.465909
2025-09-23,60783,2025092304002177,UPCL,Himalayan Brokerage Company Limited,Market Securities & Exchange (PVT) Ltd.,20,408.6,8172.0,2025-09-23 11:21:24.918874
2025-09-23,60756,2025092304002181,UPCL,Naasa Securities Co. Ltd.,Market Securities & Exchange (PVT) Ltd.,100,408.6,40860.0,2025-09-23 11:21:29.123179
2025-09-23,60606,2025092304002211,UPCL,Oxford Securities Pvt. Ltd.,Online Securities Pvt. Ltd.,150,408.0,61200.0,2025-09-23 11:22:04.601362
2025-09-23,60583,2025092304002214,UPCL,Oxford Securities Pvt. Ltd.,Aryatara Investment & Securities,18,408.0,7344.0,2025-09-23 11:22:09.248735
2025-09-23,60582,2025092304002215,UPCL,Neev Securities Pvt. Ltd.,Aryatara Investment & Securities,200,408.0,81600.0,2025-09-23 11:22:09.248971
2025-09-23,60431,2025092304002254,UPCL,Sani Securities Company Ltd.,Aryatara Investment & Securities,282,408.0,115056.0,2025-09-23 11:22:38.873026
2025-09-23,60325,2025092304002284,UPCL,Sani Securities Company Ltd.,Sweta Securities Private Limited,700,408.0,285600.0,2025-09-23 11:23:04.389006
2025-09-23,60167,2025092304002341,UPCL,Citizens Share Broker Limited,Aryatara Investment & Securities,50,408.6,20430.0,2025-09-23 11:23:28.331330
2025-09-23,60166,2025092304002342,UPCL,Citizens Share Broker Limited,Asian Securities Private Ltd.,500,408.6,204300.0,2025-09-23 11:23:28.331679
2025-09-23,60165,2025092304002343,UPCL,Citizens Share Broker Limited,Primo Securities (PVT) Ltd.,1950,408.7,796965.0,2025-09-23 11:23:28.331921
2025-09-23,60074,2025092304002367,UPCL,Aryatara Investment & Securities,Primo Securities (PVT) Ltd.,50,408.7,20435.0,2025-09-23 11:23:41.887707
2025-09-23,60073,2025092304002368,UPCL,Aryatara Investment & Securities,Aakashbhairab Securities Ltd.,450,408.8,183960.0,2025-09-23 11:23:41.888059
2025-09-23,60069,2025092304002370,UPCL,Sani Securities Company Ltd.,Cristal Kanchanjanga Securites Pvt. Ltd.,18,408.0,7344.0,2025-09-23 11:23:42.826610
2025-09-23,60068,2025092304002371,UPCL,Online Securities Pvt. Ltd.,Cristal Kanchanjanga Securites Pvt. Ltd.,100,408.0,40800.0,2025-09-23 11:23:42.826792
2025-09-23,60067,2025092304002372,UPCL,Online Securities Pvt. Ltd.,Cristal Kanchanjanga Securites Pvt. Ltd.,82,408.0,33456.0,2025-09-23 11:23:42.826904
2025-09-23,60058,2025092304002375,UPCL,Online Securities Pvt. Ltd.,Linch Stock Market Ltd.,150,408.0,61200.0,2025-09-23 11:23:44.751954
2025-09-23,59769,2025092304002440,UPCL,Deevyaa Securities & Stock House Pvt. Ltd,Secured Securities Ltd.,1000,408.7,408700.0,2025-09-23 11:24:35.768222
2025-09-23,59754,2025092304002444,UPCL,Online Securities Pvt. Ltd.,Opal Securities Investment (PVT) Ltd.,30,408.1,12243.0,2025-09-23 11:24:41.333652
2025-09-23,59753,2025092304002445,UPCL,Sumeru Securities Pvt. Ltd.,Opal Securities Investment (PVT) Ltd.,200,408.1,81620.0,2025-09-23 11:24:41.333829
2025-09-23,59752,2025092304002446,UPCL,Online Securities Pvt. Ltd.,Opal Securities Investment (PVT) Ltd.,18,408.0,7344.0,2025-09-23 11:24:41.333908
2025-09-23,59751,2025092304002447,UPCL,Kohinoor Investment & Securities Pvt. Ltd.,Opal Securities Investment (PVT) Ltd.,50,408.0,20400.0,2025-09-23 11:24:41.333983
2025-09-23,59750,2025092304002448,UPCL,Online Securities Pvt. Ltd.,Opal Securities Investment (PVT) Ltd.,2000,408.0,816000.0,2025-09-23 11:24:41.334059
2025-09-23,59749,2025092304002449,UPCL,Midas Stock Broking Company Private Limited,Opal Securities Investment (PVT) Ltd.,50,408.0,20400.0,2025-09-23 11:24:41.334163
2025-09-23,59718,2025092304002454,UPCL,Citizens Share Broker Limited,Opal Securities Investment (PVT) Ltd.,2000,408.0,816000.0,2025-09-23 11:24:49.411203
2025-09-23,59707,2025092304002459,UPCL,Dipshikha Dhitopatra Karobar Co. Pvt Ltd.,Opal Securities Investment (PVT) Ltd.,500,408.0,204000.0,2025-09-23 11:24:51.744967
2025-09-23,59688,2025092304002461,UPCL,Secured Securities Ltd.,Opal Securities Investment (PVT) Ltd.,50,408.0,20400.0,2025-09-23 11:24:56.944449
2025-09-23,59673,2025092304002467,UPCL,Miyo Securities Pvt Ltd,Opal Securities Investment (PVT) Ltd.,100,408.0,40800.0,2025-09-23 11:25:02.045993
2025-09-23,59553,2025092304002498,UPCL,Nepal Stock House (PVT) Ltd.,Aakashbhairab Securities Ltd.,200,408.8,81760.0,2025-09-23 11:25:24.198303
2025-09-23,59367,2025092304002549,UPCL,Midas Stock Broking Company Private Limited,Aakashbhairab Securities Ltd.,30,408.8,12264.0,2025-09-23 11:25:52.447195
2025-09-23,59245,2025092304002582,UPCL,Sani Securities Company Ltd.,Aakashbhairab Securities Ltd.,150,408.8,61320.0,2025-09-23 11:26:15.145522
2025-09-23,59215,2025092304002591,UPCL,Naasa Securities Co. Ltd.,Nepal Stock House (PVT) Ltd.,1000,407.5,407500.0,2025-09-23 11:26:20.870363
2025-09-23,58857,2025092304002702,UPCL,Secured Securities Ltd.,Aakashbhairab Securities Ltd.,170,408.8,69496.0,2025-09-23 11:27:18.991165
2025-09-23,58856,2025092304002703,UPCL,Secured Securities Ltd.,Elite Stock House Limited,333,408.8,136130.4,2025-09-23 11:27:18.991404
2025-09-23,58820,2025092304002709,UPCL,Midas Stock Broking Company Private Limited,Elite Stock House Limited,100,408.8,40880.0,2025-09-23 11:27:23.370081
2025-09-23,58749,2025092304002734,UPCL,Miyo Securities Pvt Ltd,INDEX SECURITIES LIMITED,100,408.8,40880.0,2025-09-23 11:27:39.447906
2025-09-23,58744,2025092304002736,UPCL,Sundhara Securities Limited,INDEX SECURITIES LIMITED,100,408.8,40880.0,2025-09-23 11:27:40.375024
2025-09-23,58730,2025092304002738,UPCL,Capital Max Securities Ltd,INDEX SECURITIES LIMITED,812,408.8,331945.6,2025-09-23 11:27:43.352102
2025-09-23,58729,2025092304002739,UPCL,Capital Max Securities Ltd,Market Securities & Exchange (PVT) Ltd.,580,408.9,237162.0,2025-09-23 11:27:43.352281
2025-09-23,58728,2025092304002740,UPCL,Capital Max Securities Ltd,Primo Securities (PVT) Ltd.,2000,409.0,818000.0,2025-09-23 11:27:43.352370
2025-09-23,58727,2025092304002741,UPCL,Capital Max Securities Ltd,Aryatara Investment & Securities,608,409.0,248672.0,2025-09-23 11:27:43.352449
2025-09-23,58542,2025092304002797,UPCL,Shree Krishna Securities Ltd.,Nepal Stock House (PVT) Ltd.,333,408.0,135864.0,2025-09-23 11:28:04.621327
2025-09-23,58539,2025092304002798,UPCL,Capital Max Securities Ltd,Aryatara Investment & Securities,192,409.0,78528.0,2025-09-23 11:28:06.055075
2025-09-23,58538,2025092304002799,UPCL,Capital Max Securities Ltd,Nepal Investment And Securities Trading Private Limited,300,409.9,122970.0,2025-09-23 11:28:06.055470
2025-09-23,58537,2025092304002800,UPCL,Capital Max Securities Ltd,Primo Securities (PVT) Ltd.,2000,410.0,820000.0,2025-09-23 11:28:06.055733
2025-09-23,58536,2025092304002801,UPCL,Capital Max Securities Ltd,Agrawal Securities (PVT) Ltd.,10,410.0,4100.0,2025-09-23 11:28:06.055967
2025-09-23,58535,2025092304002802,UPCL,Capital Max Securities Ltd,J.F. Securites (PVT) Ltd.,100,410.0,41000.0,2025-09-23 11:28:06.056195
2025-09-23,58534,2025092304002803,UPCL,Capital Max Securities Ltd,Linch Stock Market Ltd.,130,410.0,53300.0,2025-09-23 11:28:06.056440
2025-09-23,58533,2025092304002804,UPCL,Capital Max Securities Ltd,Online Securities Pvt. Ltd.,1000,410.0,410000.0,2025-09-23 11:28:06.056709
2025-09-23,58532,2025092304002805,UPCL,Capital Max Securities Ltd,Sundhara Securities Limited,250,410.0,102500.0,2025-09-23 11:28:06.056964
2025-09-23,58531,2025092304002806,UPCL,Capital Max Securities Ltd,Naasa Securities Co. Ltd.,410,410.0,168100.0,2025-09-23 11:28:06.057241
2025-09-23,58530,2025092304002807,UPCL,Capital Max Securities Ltd,Bhrikuti Stock Broking Co. Pvt. Ltd.,100,410.0,41000.0,2025-09-23 11:28:06.057533
2025-09-23,58529,2025092304002808,UPCL,Capital Max Securities Ltd,Naasa Securities Co. Ltd.,108,410.0,44280.0,2025-09-23 11:28:06.057806
2025-09-23,58491,2025092304002827,UPCL,Capital Max Securities Ltd,Global IME Securities Limited,350,410.0,143500.0,2025-09-23 11:28:11.175108
2025-09-23,58253,2025092304002916,UPCL,Aryatara Investment & Securities,Secured Securities Ltd.,500,411.0,205500.0,2025-09-23 11:28:46.439326
2025-09-23,58252,2025092304002917,UPCL,Aryatara Investment & Securities,Primo Securities (PVT) Ltd.,500,411.0,205500.0,2025-09-23 11:28:46.439555
2025-09-23,58197,2025092304002941,UPCL,Online Securities Pvt. Ltd.,J.F. Securites (PVT) Ltd.,200,410.9,82180.0,2025-09-23 11:28:53.755377
2025-09-23,57858,2025092304003029,UPCL,Capital Max Securities Ltd,Nepal Stock House (PVT) Ltd.,50,410.0,20500.0,2025-09-23 11:29:48.567005
2025-09-23,57857,2025092304003030,UPCL,Naasa Securities Co. Ltd.,Nepal Stock House (PVT) Ltd.,50,410.0,20500.0,2025-09-23 11:29:48.567205
2025-09-23,57821,2025092304003044,UPCL,Shree Krishna Securities Ltd.,J.F. Securites (PVT) Ltd.,300,410.9,123270.0,2025-09-23 11:29:54.660621
2025-09-23,57713,2025092304003081,UPCL,Deevyaa Securities & Stock House Pvt. Ltd,Primo Securities (PVT) Ltd.,1500,411.0,616500.0,2025-09-23 11:30:10.601699
2025-09-23,57590,2025092304003107,UPCL,Linch Stock Market Ltd.,Ashutosh Brokerage & Securities (PVT) Ltd.,500,411.8,205900.0,2025-09-23 11:30:29.014929
2025-09-23,57589,2025092304003108,UPCL,Linch Stock Market Ltd.,Property Wiard Limited,139,411.9,57254.1,2025-09-23 11:30:29.015132
2025-09-23,57588,2025092304003109,UPCL,Linch Stock Market Ltd.,Sewa Securities Pvt. Ltd.,861,411.9,354645.9,2025-09-23 11:30:29.015214
2025-09-23,57497,2025092304003134,UPCL,Linch Stock Market Ltd.,Sewa Securities Pvt. Ltd.,134,411.9,55194.6,2025-09-23 11:30:42.280171
2025-09-23,57496,2025092304003135,UPCL,Linch Stock Market Ltd.,Sani Securities Company Ltd.,100,412.0,41200.0,2025-09-23 11:30:42.280555
2025-09-23,57495,2025092304003136,UPCL,Linch Stock Market Ltd.,Naasa Securities Co. Ltd.,50,412.0,20600.0,2025-09-23 11:30:42.280797
2025-09-23,57494,2025092304003137,UPCL,Linch Stock Market Ltd.,Imperial Securities Company Pvt. Ltd.,50,412.0,20600.0,2025-09-23 11:30:42.281019
2025-09-23,57493,2025092304003138,UPCL,Linch Stock Market Ltd.,Stoxkarts Securities Limited,900,412.0,370800.0,2025-09-23 11:30:42.281238
2025-09-23,57492,2025092304003139,UPCL,Linch Stock Market Ltd.,Primo Securities (PVT) Ltd.,266,412.0,109592.0,2025-09-23 11:30:42.281480
2025-09-23,57407,2025092304003171,UPCL,Shree Krishna Securities Ltd.,Primo Securities (PVT) Ltd.,667,412.0,274804.0,2025-09-23 11:30:54.487864
2025-09-23,57402,2025092304003173,UPCL,Sweta Securities Private Limited,Opal Securities Investment (PVT) Ltd.,20,411.8,8236.0,2025-09-23 11:30:56.404047
2025-09-23,57233,2025092304003208,UPCL,Kohinoor Investment & Securities Pvt. Ltd.,Shree Krishna Securities Ltd.,315,410.3,129244.5,2025-09-23 11:31:26.087546
2025-09-23,57176,2025092304003218,UPCL,Naasa Securities Co. Ltd.,Opal Securities Investment (PVT) Ltd.,50,411.9,20595.0,2025-09-23 11:31:36.292760
2025-09-23,57150,2025092304003222,UPCL,Shree Krishna Securities Ltd.,Opal Securities Investment (PVT) Ltd.,330,411.9,135927.0,2025-09-23 11:31:42.315110
2025-09-23,57003,2025092304003268,UPCL,Naasa Securities Co. Ltd.,Ashutosh Brokerage & Securities (PVT) Ltd.,40,411.7,16468.0,2025-09-23 11:32:08.093986
2025-09-23,56983,2025092304003278,UPCL,Global IME Securities Limited,Opal Securities Investment (PVT) Ltd.,70,411.0,28770.0,2025-09-23 11:32:11.276139
2025-09-23,56982,2025092304003279,UPCL,Ashutosh Brokerage & Securities (PVT) Ltd.,Opal Securities Investment (PVT) Ltd.,100,411.0,41100.0,2025-09-23 11:32:11.276359
2025-09-23,56981,2025092304003280,UPCL,J.F. Securites (PVT) Ltd.,Opal Securities Investment (PVT) Ltd.,380,410.8,156104.0,2025-09-23 11:32:11.276485
2025-09-23,56980,2025092304003281,UPCL,Nagarik Stock Dealer ,Opal Securities Investment (PVT) Ltd.,500,410.4,205200.0,2025-09-23 11:32:11.276567
2025-09-23,56979,2025092304003282,UPCL,Kohinoor Investment & Securities Pvt. Ltd.,Opal Securities Investment (PVT) Ltd.,185,410.3,75905.5,2025-09-23 11:32:11.276647
2025-09-23,56978,2025092304003283,UPCL,Dynamic Money Managers Securities Pvt. Ltd.,Opal Securities Investment (PVT) Ltd.,765,410.3,313879.5,2025-09-23 11:32:11.276726
2025-09-23,56662,2025092304003364,UPCL,Dynamic Money Managers Securities Pvt. Ltd.,Aakashbhairab Securities Ltd.,135,410.3,55390.5,2025-09-23 11:33:03.378660
2025-09-23,56661,2025092304003365,UPCL,Naasa Securities Co. Ltd.,Aakashbhairab Securities Ltd.,50,410.0,20500.0,2025-09-23 11:33:03.378871
2025-09-23,56660,2025092304003366,UPCL,Kohinoor Investment & Securities Pvt. Ltd.,Aakashbhairab Securities Ltd.,30,410.0,12300.0,2025-09-23 11:33:03.378957
2025-09-23,56659,2025092304003367,UPCL,Online Securities Pvt. Ltd.,Aakashbhairab Securities Ltd.,25,410.0,10250.0,2025-09-23 11:33:03.379036
2025-09-23,56658,2025092304003368,UPCL,Imperial Securities Company Pvt. Ltd.,Aakashbhairab Securities Ltd.,100,410.0,41000.0,2025-09-23 11:33:03.379116
2025-09-23,56535,2025092304003391,UPCL,Vision Securities Pvt. Ltd,Aakashbhairab Securities Ltd.,630,410.0,258300.0,2025-09-23 11:33:19.075038
2025-09-23,56360,2025092304003420,UPCL,Linch Stock Market Ltd.,Aakashbhairab Securities Ltd.,500,410.0,205000.0,2025-09-23 11:33:44.520198
2025-09-23,56292,2025092304003434,UPCL,Linch Stock Market Ltd.,Aakashbhairab Securities Ltd.,500,410.0,205000.0,2025-09-23 11:33:53.354040
2025-09-23,56018,2025092304003521,UPCL,Deevyaa Securities & Stock House Pvt. Ltd,Aakashbhairab Securities Ltd.,30,410.0,12300.0,2025-09-23 11:34:40.947579
2025-09-23,56017,2025092304003522,UPCL,Deevyaa Securities & Stock House Pvt. Ltd,Trishakti Securities Public Limited,70,410.0,28700.0,2025-09-23 11:34:40.947964
2025-09-23,55733,2025092304003588,UPCL,Capital Max Securities Ltd,Sani Securities Company Ltd.,1000,409.0,409000.0,2025-09-23 11:35:33.762744
2025-09-23,55718,2025092304003591,UPCL,Shree Krishna Securities Ltd.,Trishakti Securities Public Limited,30,410.0,12300.0,2025-09-23 11:35:38.044967
2025-09-23,55717,2025092304003592,UPCL,Shree Krishna Securities Ltd.,Opal Securities Investment (PVT) Ltd.,4970,410.0,2037700.0,2025-09-23 11:35:38.045183
2025-09-23,55322,2025092304003676,UPCL,Kohinoor Investment & Securities Pvt. Ltd.,Opal Securities Investment (PVT) Ltd.,24,410.0,9840.0,2025-09-23 11:36:46.800837
2025-09-23,55253,2025092304003694,UPCL,Naasa Securities Co. Ltd.,Indira securities pvt. ltd,280,410.0,114800.0,2025-09-23 11:36:59.140866
2025-09-23,55225,2025092304003707,UPCL,Premier Securities Company Ltd.,Indira securities pvt. ltd,20,410.0,8200.0,2025-09-23 11:37:06.858408
2025-09-23,55224,2025092304003708,UPCL,Premier Securities Company Ltd.,J.F. Securites (PVT) Ltd.,1000,410.9,410900.0,2025-09-23 11:37:06.858510
2025-09-23,55223,2025092304003709,UPCL,Premier Securities Company Ltd.,Sani Securities Company Ltd.,980,411.0,402780.0,2025-09-23 11:37:06.858572
2025-09-23,55079,2025092304003756,UPCL,Naasa Securities Co. Ltd.,Sani Securities Company Ltd.,20,411.0,8220.0,2025-09-23 11:37:30.794536
2025-09-23,55078,2025092304003757,UPCL,Naasa Securities Co. Ltd.,Sani Securities Company Ltd.,88,411.0,36168.0,2025-09-23 11:37:30.794951
2025-09-23,55064,2025092304003760,UPCL,Vision Securities Pvt. Ltd,Dakshinkali Investment & Securities Pvt. Ltd.,250,410.0,102500.0,2025-09-23 11:37:34.523447
2025-09-23,55063,2025092304003761,UPCL,Nepal Stock House (PVT) Ltd.,Dakshinkali Investment & Securities Pvt. Ltd.,750,410.0,307500.0,2025-09-23 11:37:34.523682
2025-09-23,54676,2025092304003876,UPCL,Online Securities Pvt. Ltd.,Aakashbhairab Securities Ltd.,2000,410.5,821000.0,2025-09-23 11:38:28.516808
2025-09-23,54670,2025092304003878,UPCL,Sundhara Securities Limited,Midas Stock Broking Company Private Limited,36,410.2,14767.2,2025-09-23 11:38:29.637641
2025-09-23,54669,2025092304003879,UPCL,Nepal Stock House (PVT) Ltd.,Midas Stock Broking Company Private Limited,250,410.0,102500.0,2025-09-23 11:38:29.637902
2025-09-23,54529,2025092304003916,UPCL,Sundhara Securities Limited,Sani Securities Company Ltd.,26,409.9,10657.4,2025-09-23 11:38:47.731387
2025-09-23,54528,2025092304003917,UPCL,Deevyaa Securities & Stock House Pvt. Ltd,Sani Securities Company Ltd.,500,409.5,204750.0,2025-09-23 11:38:47.731797
2025-09-23,54527,2025092304003918,UPCL,APPLE SECURITIES PRIVATE LIMITED,Sani Securities Company Ltd.,500,409.2,204600.0,2025-09-23 11:38:47.732078
2025-09-23,54526,2025092304003919,UPCL,Ashutosh Brokerage & Securities (PVT) Ltd.,Sani Securities Company Ltd.,100,409.1,40910.0,2025-09-23 11:38:47.732368
2025-09-23,54525,2025092304003920,UPCL,ABC Securities Private Limited,Sani Securities Company Ltd.,1000,409.0,409000.0,2025-09-23 11:38:47.732641
2025-09-23,54433,2025092304003949,UPCL,Kumari Securities Private Limited,Sani Securities Company Ltd.,274,409.0,112066.0,2025-09-23 11:38:59.823293
2025-09-23,54432,2025092304003950,UPCL,Kumari Securities Private Limited,Opal Securities Investment (PVT) Ltd.,726,409.0,296934.0,2025-09-23 11:38:59.823764
2025-09-23,54415,2025092304003956,UPCL,Vision Securities Pvt. Ltd,Opal Securities Investment (PVT) Ltd.,500,408.8,204400.0,2025-09-23 11:39:03.560195
2025-09-23,54414,2025092304003957,UPCL,Nepal Stock House (PVT) Ltd.,Opal Securities Investment (PVT) Ltd.,500,408.7,204350.0,2025-09-23 11:39:03.560465
2025-09-23,54413,2025092304003958,UPCL,Nagarik Stock Dealer ,Opal Securities Investment (PVT) Ltd.,500,408.7,204350.0,2025-09-23 11:39:03.560558
2025-09-23,54412,2025092304003959,UPCL,Vision Securities Pvt. Ltd,Opal Securities Investment (PVT) Ltd.,500,408.7,204350.0,2025-09-23 11:39:03.560647
2025-09-23,54411,2025092304003960,UPCL,Sani Securities Company Ltd.,Opal Securities Investment (PVT) Ltd.,1000,408.2,408200.0,2025-09-23 11:39:03.560738
2025-09-23,54410,2025092304003961,UPCL,Sani Securities Company Ltd.,Opal Securities Investment (PVT) Ltd.,500,408.2,204100.0,2025-09-23 11:39:03.560831
2025-09-23,54409,2025092304003962,UPCL,Nepal Investment And Securities Trading Private Limited,Opal Securities Investment (PVT) Ltd.,100,408.1,40810.0,2025-09-23 11:39:03.560956
2025-09-23,54408,2025092304003963,UPCL,Deevyaa Securities & Stock House Pvt. Ltd,Opal Securities Investment (PVT) Ltd.,100,408.1,40810.0,2025-09-23 11:39:03.561082
2025-09-23,54407,2025092304003964,UPCL,Naasa Securities Co. Ltd.,Opal Securities Investment (PVT) Ltd.,100,408.0,40800.0,2025-09-23 11:39:03.561269
2025-09-23,54406,2025092304003965,UPCL,Imperial Securities Company Pvt. Ltd.,Opal Securities Investment (PVT) Ltd.,500,408.0,204000.0,2025-09-23 11:39:03.561382
2025-09-23,54405,2025092304003966,UPCL,Himalayan Brokerage Company Limited,Opal Securities Investment (PVT) Ltd.,242,408.0,98736.0,2025-09-23 11:39:03.561475
2025-09-23,54404,2025092304003967,UPCL,Ashutosh Brokerage & Securities (PVT) Ltd.,Opal Securities Investment (PVT) Ltd.,100,408.0,40800.0,2025-09-23 11:39:03.561611
2025-09-23,54403,2025092304003968,UPCL,Himalayan Brokerage Company Limited,Opal Securities Investment (PVT) Ltd.,242,408.0,98736.0,2025-09-23 11:39:03.561762
2025-09-23,54402,2025092304003969,UPCL,Trisul Securities & Invt. Ltd.,Opal Securities Investment (PVT) Ltd.,70,408.0,28560.0,2025-09-23 11:39:03.561897
2025-09-23,54401,2025092304003970,UPCL,Aryatara Investment & Securities,Opal Securities Investment (PVT) Ltd.,5046,408.0,2058768.0,2025-09-23 11:39:03.561989
2025-09-23,53940,2025092304004109,UPCL,Deevyaa Securities & Stock House Pvt. Ltd,Opal Securities Investment (PVT) Ltd.,400,409.0,163600.0,2025-09-23 11:39:55.982087
2025-09-23,53873,2025092304004123,UPCL,Vision Securities Pvt. Ltd,Aakashbhairab Securities Ltd.,400,408.0,163200.0,2025-09-23 11:40:03.712431
2025-09-23,53872,2025092304004124,UPCL,Online Securities Pvt. Ltd.,Aakashbhairab Securities Ltd.,10,408.0,4080.0,2025-09-23 11:40:03.712834
2025-09-23,53782,2025092304004162,UPCL,Vision Securities Pvt. Ltd,Aakashbhairab Securities Ltd.,90,408.0,36720.0,2025-09-23 11:40:15.165958
2025-09-23,53653,2025092304004204,UPCL,Vision Securities Pvt. Ltd,Imperial Securities Company Pvt. Ltd.,398,408.0,162384.0,2025-09-23 11:40:34.972011
2025-09-23,53652,2025092304004205,UPCL,Online Securities Pvt. Ltd.,Imperial Securities Company Pvt. Ltd.,100,407.0,40700.0,2025-09-23 11:40:34.972256
2025-09-23,53651,2025092304004206,UPCL,Naasa Securities Co. Ltd.,Imperial Securities Company Pvt. Ltd.,10,407.0,4070.0,2025-09-23 11:40:34.972374
2025-09-23,53650,2025092304004207,UPCL,Sumeru Securities Pvt. Ltd.,Imperial Securities Company Pvt. Ltd.,100,407.0,40700.0,2025-09-23 11:40:34.972465
2025-09-23,53649,2025092304004208,UPCL,Sani Securities Company Ltd.,Imperial Securities Company Pvt. Ltd.,190,407.0,77330.0,2025-09-23 11:40:34.972554
2025-09-23,53648,2025092304004209,UPCL,Ashutosh Brokerage & Securities (PVT) Ltd.,Imperial Securities Company Pvt. Ltd.,100,407.0,40700.0,2025-09-23 11:40:34.972642
2025-09-23,53647,2025092304004210,UPCL,Nagarik Stock Dealer ,Imperial Securities Company Pvt. Ltd.,500,407.0,203500.0,2025-09-23 11:40:34.972729
2025-09-23,53646,2025092304004211,UPCL,Sundhara Securities Limited,Imperial Securities Company Pvt. Ltd.,34,406.2,13810.8,2025-09-23 11:40:34.972818
2025-09-23,53645,2025092304004212,UPCL,Capital Hub P. Ltd,Imperial Securities Company Pvt. Ltd.,3568,406.1,1448964.8,2025-09-23 11:40:34.972922
2025-09-23,53582,2025092304004219,UPCL,Online Securities Pvt. Ltd.,Imperial Securities Company Pvt. Ltd.,1000,408.3,408300.0,2025-09-23 11:40:44.140067
2025-09-23,53239,2025092304004322,UPCL,Deevyaa Securities & Stock House Pvt. Ltd,Shree Krishna Securities Ltd.,100,408.0,40800.0,2025-09-23 11:41:39.999151
2025-09-23,53238,2025092304004323,UPCL,Deevyaa Securities & Stock House Pvt. Ltd,Imperial Securities Company Pvt. Ltd.,400,408.0,163200.0,2025-09-23 11:41:39.999437
2025-09-23,53141,2025092304004354,UPCL,Vision Securities Pvt. Ltd,Imperial Securities Company Pvt. Ltd.,500,408.0,204000.0,2025-09-23 11:41:51.951129
2025-09-23,53140,2025092304004355,UPCL,Vision Securities Pvt. Ltd,Indira securities pvt. ltd,500,408.0,204000.0,2025-09-23 11:41:51.951399
2025-09-23,52955,2025092304004420,UPCL,Machhapuchchhre Securities Limited,Opal Securities Investment (PVT) Ltd.,500,409.0,204500.0,2025-09-23 11:42:26.146509
2025-09-23,52786,2025092304004456,UPCL,Shree Krishna Securities Ltd.,MILKY WAY SHARE BROKER COMPANY LTD ,1500,408.0,612000.0,2025-09-23 11:43:00.891795
2025-09-23,52506,2025092304004531,UPCL,Nepal Stock House (PVT) Ltd.,SHUBHAKAMANA SECURITIES PVT. LTD,95,407.0,38665.0,2025-09-23 11:44:09.393273
2025-09-23,52374,2025092304004563,UPCL,Dynamic Money Managers Securities Pvt. Ltd.,Dakshinkali Investment & Securities Pvt. Ltd.,100,407.8,40780.0,2025-09-23 11:44:50.037808
2025-09-23,52295,2025092304004588,UPCL,Vision Securities Pvt. Ltd,Dakshinkali Investment & Securities Pvt. Ltd.,900,407.8,367020.0,2025-09-23 11:45:05.793342
2025-09-23,52294,2025092304004589,UPCL,Vision Securities Pvt. Ltd,Sri Hari Securities Pvt. Ltd.,1000,407.9,407900.0,2025-09-23 11:45:05.793615
2025-09-23,52274,2025092304004590,UPCL,Vision Securities Pvt. Ltd,Naasa Securities Co. Ltd.,100,407.9,40790.0,2025-09-23 11:45:10.347865
2025-09-23,52206,2025092304004608,UPCL,Dipshikha Dhitopatra Karobar Co. Pvt Ltd.,Opal Securities Investment (PVT) Ltd.,200,407.5,81500.0,2025-09-23 11:45:28.051232
2025-09-23,52205,2025092304004609,UPCL,Oxford Securities Pvt. Ltd.,Opal Securities Investment (PVT) Ltd.,500,407.1,203550.0,2025-09-23 11:45:28.051504
2025-09-23,52204,2025092304004610,UPCL,Vision Securities Pvt. Ltd,Opal Securities Investment (PVT) Ltd.,500,407.0,203500.0,2025-09-23 11:45:28.051607
2025-09-23,52203,2025092304004611,UPCL,Market Securities & Exchange (PVT) Ltd.,Opal Securities Investment (PVT) Ltd.,100,407.0,40700.0,2025-09-23 11:45:28.051705
2025-09-23,52202,2025092304004612,UPCL,Naasa Securities Co. Ltd.,Opal Securities Investment (PVT) Ltd.,13,407.0,5291.0,2025-09-23 11:45:28.051799
2025-09-23,52166,2025092304004620,UPCL,Pragyan Securities (PVT) Ltd.,Opal Securities Investment (PVT) Ltd.,500,407.0,203500.0,2025-09-23 11:45:35.889014
2025-09-23,52123,2025092304004624,UPCL,Shree Krishna Securities Ltd.,Dakshinkali Investment & Securities Pvt. Ltd.,1000,406.2,406200.0,2025-09-23 11:45:46.671205
2025-09-23,52061,2025092304004632,UPCL,Capital Hub P. Ltd,Opal Securities Investment (PVT) Ltd.,3187,407.0,1297109.0,2025-09-23 11:46:06.458979
2025-09-23,52039,2025092304004637,UPCL,Capital Hub P. Ltd,Secured Securities Ltd.,807,407.0,328449.0,2025-09-23 11:46:12.149378
2025-09-23,51729,2025092304004726,UPCL,Deevyaa Securities & Stock House Pvt. Ltd,Aryatara Investment & Securities,50,407.6,20380.0,2025-09-23 11:47:33.663308
2025-09-23,51728,2025092304004727,UPCL,Deevyaa Securities & Stock House Pvt. Ltd,Naasa Securities Co. Ltd.,950,408.0,387600.0,2025-09-23 11:47:33.663577
2025-09-23,51723,2025092304004730,UPCL,Midas Stock Broking Company Private Limited,Naasa Securities Co. Ltd.,286,408.0,116688.0,2025-09-23 11:47:36.257620
2025-09-23,51664,2025092304004756,UPCL,Malla & Malla Stock Broking Company Pvt. Limited,Naasa Securities Co. Ltd.,100,408.0,40800.0,2025-09-23 11:47:50.840721
2025-09-23,51590,2025092304004781,UPCL,Naasa Securities Co. Ltd.,Naasa Securities Co. Ltd.,600,408.0,244800.0,2025-09-23 11:48:09.852236
2025-09-23,51577,2025092304004788,UPCL,Deevyaa Securities & Stock House Pvt. Ltd,Naasa Securities Co. Ltd.,64,408.0,26112.0,2025-09-23 11:48:11.402991
2025-09-23,51361,2025092304004867,UPCL,Shree Krishna Securities Ltd.,Opal Securities Investment (PVT) Ltd.,160,409.0,65440.0,2025-09-23 11:48:53.666094
2025-09-23,51216,2025092304004890,UPCL,Midas Stock Broking Company Private Limited,Opal Securities Investment (PVT) Ltd.,1000,409.0,409000.0,2025-09-23 11:49:33.115634
2025-09-23,51167,2025092304004900,UPCL,Asian Securities Private Ltd.,Opal Securities Investment (PVT) Ltd.,500,409.0,204500.0,2025-09-23 11:49:44.334233
2025-09-23,51098,2025092304004915,UPCL,Sewa Securities Pvt. Ltd.,Opal Securities Investment (PVT) Ltd.,24,409.0,9816.0,2025-09-23 11:50:00.603999
2025-09-23,51065,2025092304004920,UPCL,Sumeru Securities Pvt. Ltd.,Opal Securities Investment (PVT) Ltd.,150,409.0,61350.0,2025-09-23 11:50:14.446260
2025-09-23,51059,2025092304004922,UPCL,Online Securities Pvt. Ltd.,Trishakti Securities Public Limited,100,408.5,40850.0,2025-09-23 11:50:15.478499
2025-09-23,50918,2025092304004961,UPCL,Trisul Securities & Invt. Ltd.,Opal Securities Investment (PVT) Ltd.,200,409.0,81800.0,2025-09-23 11:50:53.619630
2025-09-23,50894,2025092304004966,UPCL,Machhapuchchhre Securities Limited,Opal Securities Investment (PVT) Ltd.,500,409.0,204500.0,2025-09-23 11:51:03.025252
2025-09-23,50817,2025092304004989,UPCL,Midas Stock Broking Company Private Limited,Opal Securities Investment (PVT) Ltd.,500,409.0,204500.0,2025-09-23 11:51:24.019748
2025-09-23,50800,2025092304004991,UPCL,Naasa Securities Co. Ltd.,Opal Securities Investment (PVT) Ltd.,340,409.0,139060.0,2025-09-23 11:51:27.194166
2025-09-23,50799,2025092304004992,UPCL,Naasa Securities Co. Ltd.,Deevyaa Securities & Stock House Pvt. Ltd,20,409.0,8180.0,2025-09-23 11:51:27.194461
2025-09-23,50798,2025092304004993,UPCL,Naasa Securities Co. Ltd.,Roadshow securities limited,500,410.0,205000.0,2025-09-23 11:51:27.194576
2025-09-23,50797,2025092304004994,UPCL,Naasa Securities Co. Ltd.,Agrawal Securities (PVT) Ltd.,500,410.0,205000.0,2025-09-23 11:51:27.194699
2025-09-23,50713,2025092304005017,UPCL,Neev Securities Pvt. Ltd.,Aryatara Investment & Securities,500,410.5,205250.0,2025-09-23 11:51:47.869680
2025-09-23,50712,2025092304005018,UPCL,Neev Securities Pvt. Ltd.,MILKY WAY SHARE BROKER COMPANY LTD ,500,410.8,205400.0,2025-09-23 11:51:47.869788
2025-09-23,50711,2025092304005019,UPCL,Neev Securities Pvt. Ltd.,MILKY WAY SHARE BROKER COMPANY LTD ,500,410.9,205450.0,2025-09-23 11:51:47.869859
2025-09-23,50710,2025092304005020,UPCL,Neev Securities Pvt. Ltd.,Sani Securities Company Ltd.,500,411.0,205500.0,2025-09-23 11:51:47.869940
2025-09-23,50591,2025092304005038,UPCL,Neev Securities Pvt. Ltd.,Sani Securities Company Ltd.,412,411.0,169332.0,2025-09-23 11:52:17.369651
2025-09-23,50590,2025092304005039,UPCL,Neev Securities Pvt. Ltd.,Oxford Securities Pvt. Ltd.,247,411.0,101517.0,2025-09-23 11:52:17.369774
2025-09-23,50589,2025092304005040,UPCL,Neev Securities Pvt. Ltd.,Aryatara Investment & Securities,20,411.0,8220.0,2025-09-23 11:52:17.369849
2025-09-23,50588,2025092304005041,UPCL,Neev Securities Pvt. Ltd.,Vision Securities Pvt. Ltd,500,411.0,205500.0,2025-09-23 11:52:17.369923
2025-09-23,50587,2025092304005042,UPCL,Neev Securities Pvt. Ltd.,Roadshow securities limited,500,411.0,205500.0,2025-09-23 11:52:17.369993
2025-09-23,50586,2025092304005043,UPCL,Neev Securities Pvt. Ltd.,Naasa Securities Co. Ltd.,54,411.0,22194.0,2025-09-23 11:52:17.370066
2025-09-23,50585,2025092304005044,UPCL,Neev Securities Pvt. Ltd.,Aryatara Investment & Securities,100,411.0,41100.0,2025-09-23 11:52:17.370138
2025-09-23,50584,2025092304005045,UPCL,Neev Securities Pvt. Ltd.,Sumeru Securities Pvt. Ltd.,167,411.0,68637.0,2025-09-23 11:52:17.370212
2025-09-23,50542,2025092304005057,UPCL,South Asian Bulls Pvt. Ltd.,Sumeru Securities Pvt. Ltd.,133,411.0,54663.0,2025-09-23 11:52:30.118646
2025-09-23,50541,2025092304005058,UPCL,South Asian Bulls Pvt. Ltd.,Aryatara Investment & Securities,167,411.0,68637.0,2025-09-23 11:52:30.118920
2025-09-23,50511,2025092304005067,UPCL,Naasa Securities Co. Ltd.,Investment Management Nepal Pvt. Ltd.,500,410.0,205000.0,2025-09-23 11:52:38.595191
2025-09-23,50158,2025092304005138,UPCL,Sundhara Securities Limited,Investment Management Nepal Pvt. Ltd.,22,410.0,9020.0,2025-09-23 11:54:06.501909
2025-09-23,49379,2025092304005348,UPCL,Sani Securities Company Ltd.,Shree Krishna Securities Ltd.,220,409.9,90178.0,2025-09-23 11:56:56.731182
2025-09-23,49378,2025092304005349,UPCL,Sani Securities Company Ltd.,Investment Management Nepal Pvt. Ltd.,280,410.0,114800.0,2025-09-23 11:56:56.731262
2025-09-23,49371,2025092304005351,UPCL,Sumeru Securities Pvt. Ltd.,Investment Management Nepal Pvt. Ltd.,45,410.0,18450.0,2025-09-23 11:56:57.993728
2025-09-23,49365,2025092304005352,UPCL,Shree Krishna Securities Ltd.,Premier Securities Company Ltd.,95,409.0,38855.0,2025-09-23 11:57:01.573565
2025-09-23,49363,2025092304005353,UPCL,Kumari Securities Private Limited,Premier Securities Company Ltd.,500,409.0,204500.0,2025-09-23 11:57:01.923871
2025-09-23,49362,2025092304005354,UPCL,Market Securities & Exchange (PVT) Ltd.,Premier Securities Company Ltd.,200,409.0,81800.0,2025-09-23 11:57:01.924021
2025-09-23,49341,2025092304005357,UPCL,Premier Securities Company Ltd.,Investment Management Nepal Pvt. Ltd.,10,410.0,4100.0,2025-09-23 11:57:07.854047
2025-09-23,49323,2025092304005367,UPCL,Naasa Securities Co. Ltd.,Investment Management Nepal Pvt. Ltd.,100,410.0,41000.0,2025-09-23 11:57:11.237491
2025-09-23,49210,2025092304005395,UPCL,Oxford Securities Pvt. Ltd.,Investment Management Nepal Pvt. Ltd.,43,410.0,17630.0,2025-09-23 11:57:31.774740
2025-09-23,49209,2025092304005396,UPCL,Oxford Securities Pvt. Ltd.,Roadshow securities limited,957,410.0,392370.0,2025-09-23 11:57:31.774996
2025-09-23,49098,2025092304005410,UPCL,Online Securities Pvt. Ltd.,Roadshow securities limited,43,410.0,17630.0,2025-09-23 11:57:51.382071
2025-09-23,49097,2025092304005411,UPCL,Online Securities Pvt. Ltd.,Aryatara Investment & Securities,33,410.0,13530.0,2025-09-23 11:57:51.382368
2025-09-23,48971,2025092304005433,UPCL,Malla & Malla Stock Broking Company Pvt. Limited,Aryatara Investment & Securities,10,411.0,4110.0,2025-09-23 11:58:11.538391
2025-09-23,48970,2025092304005434,UPCL,Malla & Malla Stock Broking Company Pvt. Limited,Roadshow securities limited,190,411.0,78090.0,2025-09-23 11:58:11.538906
2025-09-23,48838,2025092304005460,UPCL,INDEX SECURITIES LIMITED,South Asian Bulls Pvt. Ltd.,10,410.9,4109.0,2025-09-23 11:58:41.494327
2025-09-23,48634,2025092304005505,UPCL,Investment Management Nepal Pvt. Ltd.,Primo Securities (PVT) Ltd.,10,410.8,4108.0,2025-09-23 11:59:30.293823
2025-09-23,48619,2025092304005507,UPCL,Vision Securities Pvt. Ltd,Naasa Securities Co. Ltd.,35,410.0,14350.0,2025-09-23 11:59:32.224618
2025-09-23,48473,2025092304005550,UPCL,Sundhara Securities Limited,Naasa Securities Co. Ltd.,65,410.0,26650.0,2025-09-23 12:00:06.026615
2025-09-23,48404,2025092304005566,UPCL,Machhapuchchhre Securities Limited,Midas Stock Broking Company Private Limited,500,410.7,205350.0,2025-09-23 12:00:23.272582
2025-09-23,48222,2025092304005584,UPCL,Online Securities Pvt. Ltd.,Midas Stock Broking Company Private Limited,350,410.7,143745.0,2025-09-23 12:00:50.725659
2025-09-23,48216,2025092304005585,UPCL,Sundhara Securities Limited,Himalayan Brokerage Company Limited,125,410.0,51250.0,2025-09-23 12:00:51.893131
2025-09-23,48215,2025092304005586,UPCL,Siprabi Securities Pvt. Ltd.,Himalayan Brokerage Company Limited,240,410.0,98400.0,2025-09-23 12:00:51.893438
2025-09-23,48214,2025092304005587,UPCL,Online Securities Pvt. Ltd.,Himalayan Brokerage Company Limited,300,409.2,122760.0,2025-09-23 12:00:51.893552
2025-09-23,48213,2025092304005588,UPCL,South Asian Bulls Pvt. Ltd.,Himalayan Brokerage Company Limited,488,409.1,199640.8,2025-09-23 12:00:51.893660
2025-09-23,48212,2025092304005589,UPCL,Imperial Securities Company Pvt. Ltd.,Himalayan Brokerage Company Limited,30,409.1,12273.0,2025-09-23 12:00:51.893766
2025-09-23,48211,2025092304005590,UPCL,Linch Stock Market Ltd.,Himalayan Brokerage Company Limited,200,409.1,81820.0,2025-09-23 12:00:51.893875
2025-09-23,48210,2025092304005591,UPCL,Market Securities & Exchange (PVT) Ltd.,Himalayan Brokerage Company Limited,117,409.0,47853.0,2025-09-23 12:00:51.893985
2025-09-23,48136,2025092304005610,UPCL,Online Securities Pvt. Ltd.,Midas Stock Broking Company Private Limited,27,410.7,11088.9,2025-09-23 12:01:13.194783
2025-09-23,48025,2025092304005628,UPCL,Siprabi Securities Pvt. Ltd.,Midas Stock Broking Company Private Limited,50,410.7,20535.0,2025-09-23 12:01:40.069521
2025-09-23,48022,2025092304005629,UPCL,Naasa Securities Co. Ltd.,Shree Krishna Securities Ltd.,100,410.0,41000.0,2025-09-23 12:01:41.136523
2025-09-23,48008,2025092304005631,UPCL,Premier Securities Company Ltd.,Midas Stock Broking Company Private Limited,12,410.7,4928.4,2025-09-23 12:01:43.600583
2025-09-23,47975,2025092304005644,UPCL,Premier Securities Company Ltd.,Opal Securities Investment (PVT) Ltd.,50,410.0,20500.0,2025-09-23 12:01:52.680075
2025-09-23,47945,2025092304005650,UPCL,Midas Stock Broking Company Private Limited,Dynamic Money Managers Securities Pvt. Ltd.,900,409.1,368190.0,2025-09-23 12:02:05.456401
2025-09-23,47852,2025092304005660,UPCL,Miyo Securities Pvt Ltd,Sharepro Securities Private Limited,480,409.9,196752.0,2025-09-23 12:02:19.468828
2025-09-23,47851,2025092304005661,UPCL,Miyo Securities Pvt Ltd,Opal Securities Investment (PVT) Ltd.,4470,410.0,1832700.0,2025-09-23 12:02:19.469389
2025-09-23,47609,2025092304005706,UPCL,Thrive Brokerage House Pvt. Ltd,Property Wiard Limited,100,409.2,40920.0,2025-09-23 12:03:21.174046
2025-09-23,47573,2025092304005719,UPCL,Market Securities & Exchange (PVT) Ltd.,Global IME Securities Limited,90,409.9,36891.0,2025-09-23 12:03:28.005032
2025-09-23,47572,2025092304005720,UPCL,Market Securities & Exchange (PVT) Ltd.,Opal Securities Investment (PVT) Ltd.,480,410.0,196800.0,2025-09-23 12:03:28.005628
2025-09-23,47550,2025092304005728,UPCL,Market Securities & Exchange (PVT) Ltd.,Market Securities & Exchange (PVT) Ltd.,94,410.0,38540.0,2025-09-23 12:03:34.461761
2025-09-23,47501,2025092304005748,UPCL,Market Securities & Exchange (PVT) Ltd.,Midas Stock Broking Company Private Limited,19,410.0,7790.0,2025-09-23 12:03:48.303345
2025-09-23,47500,2025092304005749,UPCL,Naasa Securities Co. Ltd.,Midas Stock Broking Company Private Limited,20,410.0,8200.0,2025-09-23 12:03:48.303644
2025-09-23,47421,2025092304005770,UPCL,Kumari Securities Private Limited,Midas Stock Broking Company Private Limited,61,409.2,24961.2,2025-09-23 12:04:09.470886
2025-09-23,47369,2025092304005779,UPCL,Midas Stock Broking Company Private Limited,South Asian Bulls Pvt. Ltd.,490,410.6,201194.0,2025-09-23 12:04:21.980939
2025-09-23,47368,2025092304005780,UPCL,Midas Stock Broking Company Private Limited,Midas Stock Broking Company Private Limited,61,410.7,25052.7,2025-09-23 12:04:21.981245
2025-09-23,47367,2025092304005781,UPCL,Midas Stock Broking Company Private Limited,Roadshow securities limited,509,410.7,209046.3,2025-09-23 12:04:21.981380
2025-09-23,47366,2025092304005782,UPCL,Midas Stock Broking Company Private Limited,Primo Securities (PVT) Ltd.,340,410.8,139672.0,2025-09-23 12:04:21.981491
2025-09-23,47130,2025092304005833,UPCL,Midas Stock Broking Company Private Limited,Global IME Securities Limited,10,410.7,4107.0,2025-09-23 12:05:18.846564
2025-09-23,47129,2025092304005834,UPCL,Midas Stock Broking Company Private Limited,Primo Securities (PVT) Ltd.,18,410.8,7394.4,2025-09-23 12:05:18.846880
2025-09-23,47128,2025092304005835,UPCL,Sewa Securities Pvt. Ltd.,Primo Securities (PVT) Ltd.,200,410.8,82160.0,2025-09-23 12:05:19.082909
2025-09-23,46714,2025092304005979,UPCL,Aryatara Investment & Securities,Property Wiard Limited,100,410.0,41000.0,2025-09-23 12:06:34.816345
2025-09-23,46687,2025092304005989,UPCL,Aryatara Investment & Securities,Blue Chip Securities Ltd,54,410.0,22140.0,2025-09-23 12:06:37.527610
2025-09-23,46635,2025092304005992,UPCL,Aryatara Investment & Securities,Aakashbhairab Securities Ltd.,846,410.0,346860.0,2025-09-23 12:06:47.689441
2025-09-23,46634,2025092304005993,UPCL,Market Securities & Exchange (PVT) Ltd.,Aakashbhairab Securities Ltd.,24,410.0,9840.0,2025-09-23 12:06:47.689742
2025-09-23,46633,2025092304005994,UPCL,Secured Securities Ltd.,Aakashbhairab Securities Ltd.,130,410.0,53300.0,2025-09-23 12:06:47.689857
2025-09-23,46547,2025092304006022,UPCL,Secured Securities Ltd.,Arun Securities (PVT) Ltd.,100,410.0,41000.0,2025-09-23 12:07:00.267055
2025-09-23,46526,2025092304006026,UPCL,Secured Securities Ltd.,Market Securities & Exchange (PVT) Ltd.,100,410.0,41000.0,2025-09-23 12:07:03.304935
2025-09-23,46328,2025092304006076,UPCL,Secured Securities Ltd.,Arun Securities (PVT) Ltd.,100,410.0,41000.0,2025-09-23 12:07:41.883531
2025-09-23,46011,2025092304006137,UPCL,Creative Securities Pvt Ltd,Global IME Securities Limited,26,410.6,10675.6,2025-09-23 12:08:42.806103
2025-09-23,46010,2025092304006138,UPCL,Creative Securities Pvt Ltd,Property Wiard Limited,24,410.7,9856.8,2025-09-23 12:08:42.806437
2025-09-23,45938,2025092304006187,UPCL,Global IME Securities Limited,Property Wiard Limited,50,410.7,20535.0,2025-09-23 12:08:49.016381
2025-09-23,45885,2025092304006206,UPCL,Secured Securities Ltd.,Nepal Investment And Securities Trading Private Limited,50,410.0,20500.0,2025-09-23 12:09:00.616289
2025-09-23,45884,2025092304006207,UPCL,Sundhara Securities Limited,Nepal Investment And Securities Trading Private Limited,100,410.0,41000.0,2025-09-23 12:09:00.616634
2025-09-23,45883,2025092304006208,UPCL,Naasa Securities Co. Ltd.,Nepal Investment And Securities Trading Private Limited,15,410.0,6150.0,2025-09-23 12:09:00.616755
2025-09-23,45882,2025092304006209,UPCL,Investment Management Nepal Pvt. Ltd.,Nepal Investment And Securities Trading Private Limited,100,410.0,41000.0,2025-09-23 12:09:00.616872
2025-09-23,45702,2025092304006245,UPCL,Nagarik Stock Dealer ,Nepal Stock House (PVT) Ltd.,200,409.6,81920.0,2025-09-23 12:09:46.268300
2025-09-23,45701,2025092304006246,UPCL,Aryatara Investment & Securities,Nepal Stock House (PVT) Ltd.,200,409.5,81900.0,2025-09-23 12:09:46.268620
2025-09-23,45641,2025092304006262,UPCL,Imperial Securities Company Pvt. Ltd.,Nepal Stock House (PVT) Ltd.,220,409.2,90024.0,2025-09-23 12:10:02.164393
2025-09-23,45640,2025092304006263,UPCL,Opal Securities Investment (PVT) Ltd.,Nepal Stock House (PVT) Ltd.,30,409.2,12276.0,2025-09-23 12:10:02.164741
2025-09-23,45575,2025092304006288,UPCL,Kumari Securities Private Limited,Nepal Investment And Securities Trading Private Limited,290,410.0,118900.0,2025-09-23 12:10:21.691290
2025-09-23,45435,2025092304006321,UPCL,Opal Securities Investment (PVT) Ltd.,Opal Securities Investment (PVT) Ltd.,40,409.2,16368.0,2025-09-23 12:10:50.096226
2025-09-23,45434,2025092304006322,UPCL,Capital Max Securities Ltd,Opal Securities Investment (PVT) Ltd.,2000,409.2,818400.0,2025-09-23 12:10:50.096511
2025-09-23,45433,2025092304006323,UPCL,Vision Securities Pvt. Ltd,Opal Securities Investment (PVT) Ltd.,100,409.1,40910.0,2025-09-23 12:10:50.096631
2025-09-23,45432,2025092304006324,UPCL,Capital Hub P. Ltd,Opal Securities Investment (PVT) Ltd.,2438,409.1,997385.8,2025-09-23 12:10:50.096744
2025-09-23,45431,2025092304006325,UPCL,Naasa Securities Co. Ltd.,Opal Securities Investment (PVT) Ltd.,422,409.0,172598.0,2025-09-23 12:10:50.096862
2025-09-23,45421,2025092304006326,UPCL,Naasa Securities Co. Ltd.,Opal Securities Investment (PVT) Ltd.,1000,409.0,409000.0,2025-09-23 12:10:53.943326
2025-09-23,45376,2025092304006340,UPCL,Naasa Securities Co. Ltd.,Opal Securities Investment (PVT) Ltd.,578,409.0,236402.0,2025-09-23 12:11:04.084808
2025-09-23,45375,2025092304006341,UPCL,KALASH STOCK MARKET PVT. LTD.,Opal Securities Investment (PVT) Ltd.,1000,409.0,409000.0,2025-09-23 12:11:04.085110
2025-09-23,45374,2025092304006342,UPCL,Linch Stock Market Ltd.,Opal Securities Investment (PVT) Ltd.,20,409.0,8180.0,2025-09-23 12:11:04.085236
2025-09-23,45270,2025092304006377,UPCL,Deevyaa Securities & Stock House Pvt. Ltd,Nepal Investment And Securities Trading Private Limited,60,410.0,24600.0,2025-09-23 12:11:34.620249
2025-09-23,45017,2025092304006441,UPCL,Global IME Securities Limited,Nepal Investment And Securities Trading Private Limited,110,410.0,45100.0,2025-09-23 12:12:29.149218
2025-09-23,44992,2025092304006447,UPCL,Naasa Securities Co. Ltd.,Nepal Investment And Securities Trading Private Limited,25,410.0,10250.0,2025-09-23 12:12:32.770716
2025-09-23,44742,2025092304006521,UPCL,Nagarik Stock Dealer ,Aakashbhairab Securities Ltd.,200,409.1,81820.0,2025-09-23 12:13:23.429635
2025-09-23,44741,2025092304006522,UPCL,Siprabi Securities Pvt. Ltd.,Aakashbhairab Securities Ltd.,100,409.0,40900.0,2025-09-23 12:13:23.429906
2025-09-23,44740,2025092304006523,UPCL,Online Securities Pvt. Ltd.,Aakashbhairab Securities Ltd.,1700,409.0,695300.0,2025-09-23 12:13:23.430032
2025-09-23,44528,2025092304006582,UPCL,Premier Securities Company Ltd.,Global IME Securities Limited,100,409.8,40980.0,2025-09-23 12:14:04.423793
2025-09-23,44527,2025092304006583,UPCL,Premier Securities Company Ltd.,Ashutosh Brokerage & Securities (PVT) Ltd.,460,409.9,188554.0,2025-09-23 12:14:04.424137
2025-09-23,44526,2025092304006584,UPCL,Premier Securities Company Ltd.,Nepal Investment And Securities Trading Private Limited,250,410.0,102500.0,2025-09-23 12:14:04.424261
2025-09-23,44525,2025092304006585,UPCL,Premier Securities Company Ltd.,Roadshow securities limited,190,410.0,77900.0,2025-09-23 12:14:04.424388
2025-09-23,44198,2025092304006684,UPCL,Online Securities Pvt. Ltd.,Kumari Securities Private Limited,85,409.0,34765.0,2025-09-23 12:15:22.809063
2025-09-23,44149,2025092304006694,UPCL,Imperial Securities Company Pvt. Ltd.,Global IME Securities Limited,200,409.9,81980.0,2025-09-23 12:15:32.247894
2025-09-23,43739,2025092304006783,UPCL,Nagarik Stock Dealer ,Vision Securities Pvt. Ltd,555,409.5,227272.5,2025-09-23 12:17:16.963735
2025-09-23,43512,2025092304006825,UPCL,Dipshikha Dhitopatra Karobar Co. Pvt Ltd.,Vision Securities Pvt. Ltd,132,409.5,54054.0,2025-09-23 12:18:02.851469
2025-09-23,43436,2025092304006849,UPCL,Imperial Securities Company Pvt. Ltd.,Vision Securities Pvt. Ltd,50,409.5,20475.0,2025-09-23 12:18:24.874646
2025-09-23,43418,2025092304006855,UPCL,Citizens Share Broker Limited,Vision Securities Pvt. Ltd,263,409.5,107698.5,2025-09-23 12:18:27.049117
2025-09-23,43417,2025092304006856,UPCL,Citizens Share Broker Limited,Premier Securities Company Ltd.,10,409.5,4095.0,2025-09-23 12:18:27.049741
2025-09-23,43416,2025092304006857,UPCL,Citizens Share Broker Limited,Roadshow securities limited,310,410.0,127100.0,2025-09-23 12:18:27.050122
2025-09-23,43415,2025092304006858,UPCL,Citizens Share Broker Limited,Premier Securities Company Ltd.,79,410.0,32390.0,2025-09-23 12:18:27.050511
2025-09-23,43414,2025092304006859,UPCL,Citizens Share Broker Limited,Nepal Investment And Securities Trading Private Limited,338,410.0,138580.0,2025-09-23 12:18:27.050905
2025-09-23,43407,2025092304006862,UPCL,Online Securities Pvt. Ltd.,Nepal Investment And Securities Trading Private Limited,440,410.0,180400.0,2025-09-23 12:18:29.217737
2025-09-23,42948,2025092304006953,UPCL,Nagarik Stock Dealer ,Sumeru Securities Pvt. Ltd.,100,409.6,40960.0,2025-09-23 12:20:07.919843
2025-09-23,42568,2025092304007057,UPCL,Sani Securities Company Ltd.,Global IME Securities Limited,100,409.9,40990.0,2025-09-23 12:21:24.632294
2025-09-23,42520,2025092304007069,UPCL,Sweta Securities Private Limited,Dakshinkali Investment & Securities Pvt. Ltd.,221,409.5,90499.5,2025-09-23 12:21:34.680040
2025-09-23,42411,2025092304007098,UPCL,Imperial Securities Company Pvt. Ltd.,Dakshinkali Investment & Securities Pvt. Ltd.,62,409.5,25389.0,2025-09-23 12:21:50.974025
2025-09-23,42355,2025092304007114,UPCL,Nepal Stock House (PVT) Ltd.,Dakshinkali Investment & Securities Pvt. Ltd.,200,409.5,81900.0,2025-09-23 12:22:00.852620
2025-09-23,42351,2025092304007116,UPCL,Citizens Share Broker Limited,Dakshinkali Investment & Securities Pvt. Ltd.,517,409.5,211711.5,2025-09-23 12:22:01.794542
2025-09-23,42350,2025092304007117,UPCL,Citizens Share Broker Limited,Premier Securities Company Ltd.,299,409.9,122560.1,2025-09-23 12:22:01.795131
2025-09-23,42307,2025092304007132,UPCL,Citizens Share Broker Limited,Bhrikuti Stock Broking Co. Pvt. Ltd.,184,409.9,75421.6,2025-09-23 12:22:12.582431
2025-09-23,42306,2025092304007133,UPCL,Premier Securities Company Ltd.,Bhrikuti Stock Broking Co. Pvt. Ltd.,250,409.2,102300.0,2025-09-23 12:22:12.582780
2025-09-23,42305,2025092304007134,UPCL,Shree Krishna Securities Ltd.,Bhrikuti Stock Broking Co. Pvt. Ltd.,150,409.1,61365.0,2025-09-23 12:22:12.582914
2025-09-23,42304,2025092304007135,UPCL,Citizens Share Broker Limited,Bhrikuti Stock Broking Co. Pvt. Ltd.,504,409.1,206186.4,2025-09-23 12:22:12.583063
2025-09-23,42296,2025092304007137,UPCL,Citizens Share Broker Limited,Dynamic Money Managers Securities Pvt. Ltd.,496,409.1,202913.6,2025-09-23 12:22:14.004078
2025-09-23,42295,2025092304007138,UPCL,Online Securities Pvt. Ltd.,Dynamic Money Managers Securities Pvt. Ltd.,115,409.0,47035.0,2025-09-23 12:22:14.004439
2025-09-23,42294,2025092304007139,UPCL,Sweta Securities Private Limited,Dynamic Money Managers Securities Pvt. Ltd.,11,409.0,4499.0,2025-09-23 12:22:14.004581
2025-09-23,42293,2025092304007140,UPCL,Sani Securities Company Ltd.,Dynamic Money Managers Securities Pvt. Ltd.,12,409.0,4908.0,2025-09-23 12:22:14.004711
2025-09-23,42292,2025092304007141,UPCL,Capital Max Securities Ltd,Dynamic Money Managers Securities Pvt. Ltd.,2000,409.0,818000.0,2025-09-23 12:22:14.004837
2025-09-23,42291,2025092304007142,UPCL,ABC Securities Private Limited,Dynamic Money Managers Securities Pvt. Ltd.,100,409.0,40900.0,2025-09-23 12:22:14.004988
2025-09-23,42290,2025092304007143,UPCL,Sumeru Securities Pvt. Ltd.,Dynamic Money Managers Securities Pvt. Ltd.,40,409.0,16360.0,2025-09-23 12:22:14.005123
2025-09-23,42289,2025092304007144,UPCL,Vision Securities Pvt. Ltd,Dynamic Money Managers Securities Pvt. Ltd.,120,409.0,49080.0,2025-09-23 12:22:14.005248
2025-09-23,42288,2025092304007145,UPCL,Nagarik Stock Dealer ,Dynamic Money Managers Securities Pvt. Ltd.,55,409.0,22495.0,2025-09-23 12:22:14.005392
2025-09-23,42287,2025092304007146,UPCL,Premier Securities Company Ltd.,Dynamic Money Managers Securities Pvt. Ltd.,200,409.0,81800.0,2025-09-23 12:22:14.005520
2025-09-23,42286,2025092304007147,UPCL,Agrawal Securities (PVT) Ltd.,Dynamic Money Managers Securities Pvt. Ltd.,10,409.0,4090.0,2025-09-23 12:22:14.005656
2025-09-23,42285,2025092304007148,UPCL,Imperial Securities Company Pvt. Ltd.,Dynamic Money Managers Securities Pvt. Ltd.,100,409.0,40900.0,2025-09-23 12:22:14.005784
2025-09-23,42271,2025092304007151,UPCL,Online Securities Pvt. Ltd.,Dynamic Money Managers Securities Pvt. Ltd.,100,409.0,40900.0,2025-09-23 12:22:20.142702
2025-09-23,42086,2025092304007199,UPCL,Thrive Brokerage House Pvt. Ltd,Online Securities Pvt. Ltd.,500,408.8,204400.0,2025-09-23 12:22:53.913948
2025-09-23,42085,2025092304007200,UPCL,Naasa Securities Co. Ltd.,Online Securities Pvt. Ltd.,500,408.8,204400.0,2025-09-23 12:22:53.914303
2025-09-23,42004,2025092304007216,UPCL,Capital Max Securities Ltd,Investment Management Nepal Pvt. Ltd.,120,408.8,49056.0,2025-09-23 12:23:10.501069
2025-09-23,42003,2025092304007217,UPCL,Capital Max Securities Ltd,Global IME Securities Limited,200,408.9,81780.0,2025-09-23 12:23:10.501377
2025-09-23,42002,2025092304007218,UPCL,Capital Max Securities Ltd,Dynamic Money Managers Securities Pvt. Ltd.,1641,409.0,671169.0,2025-09-23 12:23:10.501505
2025-09-23,42001,2025092304007219,UPCL,Capital Max Securities Ltd,Sewa Securities Pvt. Ltd.,5000,409.0,2045000.0,2025-09-23 12:23:10.501630
2025-09-23,41770,2025092304007278,UPCL,Dipshikha Dhitopatra Karobar Co. Pvt Ltd.,Nepal Investment And Securities Trading Private Limited,222,410.0,91020.0,2025-09-23 12:24:11.618067
2025-09-23,41769,2025092304007279,UPCL,Dipshikha Dhitopatra Karobar Co. Pvt Ltd.,Kohinoor Investment & Securities Pvt. Ltd.,54,410.0,22140.0,2025-09-23 12:24:11.618419
2025-09-23,41768,2025092304007280,UPCL,Dipshikha Dhitopatra Karobar Co. Pvt Ltd.,Ashutosh Brokerage & Securities (PVT) Ltd.,64,410.0,26240.0,2025-09-23 12:24:11.618601
2025-09-23,41705,2025092304007296,UPCL,Naasa Securities Co. Ltd.,Ashutosh Brokerage & Securities (PVT) Ltd.,436,410.0,178760.0,2025-09-23 12:24:23.877057
2025-09-23,41704,2025092304007297,UPCL,Naasa Securities Co. Ltd.,Imperial Securities Company Pvt. Ltd.,204,410.0,83640.0,2025-09-23 12:24:23.877353
2025-09-23,41414,2025092304007364,UPCL,Vision Securities Pvt. Ltd,Neev Securities Pvt. Ltd.,380,409.9,155762.0,2025-09-23 12:25:37.575247
2025-09-23,41355,2025092304007371,UPCL,J.F. Securites (PVT) Ltd.,Neev Securities Pvt. Ltd.,100,409.9,40990.0,2025-09-23 12:25:45.792609
2025-09-23,41313,2025092304007376,UPCL,Machhapuchchhre Securities Limited,SUN SECURITIES PVT LTD,250,409.1,102275.0,2025-09-23 12:25:56.742879
2025-09-23,41282,2025092304007383,UPCL,Naasa Securities Co. Ltd.,Sri Hari Securities Pvt. Ltd.,3,410.0,1230.0,2025-09-23 12:26:07.895684
2025-09-23,41245,2025092304007386,UPCL,Sumeru Securities Pvt. Ltd.,Neev Securities Pvt. Ltd.,100,409.9,40990.0,2025-09-23 12:26:18.422473
2025-09-23,41237,2025092304007392,UPCL,Machhapuchchhre Securities Limited,Sundhara Securities Limited,20,409.1,8182.0,2025-09-23 12:26:20.135915
2025-09-23,41083,2025092304007415,UPCL,Naasa Securities Co. Ltd.,SHUBHAKAMANA SECURITIES PVT. LTD,100,409.8,40980.0,2025-09-23 12:26:58.570083
2025-09-23,41082,2025092304007416,UPCL,Naasa Securities Co. Ltd.,Neev Securities Pvt. Ltd.,220,409.9,90178.0,2025-09-23 12:26:58.570430
2025-09-23,41014,2025092304007428,UPCL,Naasa Securities Co. Ltd.,ABC Securities Private Limited,500,409.9,204950.0,2025-09-23 12:27:19.953934
2025-09-23,40979,2025092304007437,UPCL,Naasa Securities Co. Ltd.,Primo Securities (PVT) Ltd.,180,409.9,73782.0,2025-09-23 12:27:33.184044
2025-09-23,40954,2025092304007442,UPCL,Stoxkarts Securities Limited,Global IME Securities Limited,100,409.8,40980.0,2025-09-23 12:27:42.063851
2025-09-23,40817,2025092304007468,UPCL,Machhapuchchhre Securities Limited,South Asian Bulls Pvt. Ltd.,230,409.1,94093.0,2025-09-23 12:28:24.075326
2025-09-23,40816,2025092304007469,UPCL,Vision Securities Pvt. Ltd,South Asian Bulls Pvt. Ltd.,10,409.1,4091.0,2025-09-23 12:28:24.075648
2025-09-23,40815,2025092304007470,UPCL,Capital Max Securities Ltd,South Asian Bulls Pvt. Ltd.,39,409.0,15951.0,2025-09-23 12:28:24.075781
2025-09-23,40809,2025092304007472,UPCL,Stoxkarts Securities Limited,South Asian Bulls Pvt. Ltd.,200,409.0,81800.0,2025-09-23 12:28:26.041091
2025-09-23,40689,2025092304007512,UPCL,Secured Securities Ltd.,Global IME Securities Limited,50,409.8,20490.0,2025-09-23 12:28:58.269080
2025-09-23,40658,2025092304007518,UPCL,Aryatara Investment & Securities,Global IME Securities Limited,50,409.8,20490.0,2025-09-23 12:29:11.489435
2025-09-23,40657,2025092304007519,UPCL,Aryatara Investment & Securities,Imperial Securities Company Pvt. Ltd.,100,409.8,40980.0,2025-09-23 12:29:11.490093
2025-09-23,40656,2025092304007520,UPCL,Aryatara Investment & Securities,Primo Securities (PVT) Ltd.,350,409.9,143465.0,2025-09-23 12:29:11.490595
2025-09-23,40651,2025092304007522,UPCL,Siprabi Securities Pvt. Ltd.,Oxford Securities Pvt. Ltd.,10,409.0,4090.0,2025-09-23 12:29:13.599917
2025-09-23,40490,2025092304007583,UPCL,Naasa Securities Co. Ltd.,Oxford Securities Pvt. Ltd.,40,409.0,16360.0,2025-09-23 12:29:54.949521
2025-09-23,40489,2025092304007584,UPCL,Naasa Securities Co. Ltd.,KALASH STOCK MARKET PVT. LTD.,140,409.0,57260.0,2025-09-23 12:29:54.950107
2025-09-23,40322,2025092304007621,UPCL,Naasa Securities Co. Ltd.,South Asian Bulls Pvt. Ltd.,820,409.0,335380.0,2025-09-23 12:30:29.395674
2025-09-23,40246,2025092304007636,UPCL,Sani Securities Company Ltd.,Stoxkarts Securities Limited,34,408.7,13895.8,2025-09-23 12:30:50.400967
2025-09-23,40245,2025092304007637,UPCL,South Asian Bulls Pvt. Ltd.,Stoxkarts Securities Limited,200,408.6,81720.0,2025-09-23 12:30:50.401078
2025-09-23,40244,2025092304007638,UPCL,Naasa Securities Co. Ltd.,Stoxkarts Securities Limited,20,408.6,8172.0,2025-09-23 12:30:50.401158
2025-09-23,40243,2025092304007639,UPCL,Trisul Securities & Invt. Ltd.,Stoxkarts Securities Limited,300,408.3,122490.0,2025-09-23 12:30:50.401239
2025-09-23,40242,2025092304007640,UPCL,Thrive Brokerage House Pvt. Ltd,Stoxkarts Securities Limited,146,408.2,59597.2,2025-09-23 12:30:50.401346
2025-09-23,39561,2025092304007793,UPCL,Market Securities & Exchange (PVT) Ltd.,Nepal Investment And Securities Trading Private Limited,12,408.5,4902.0,2025-09-23 12:33:23.550563
2025-09-23,39560,2025092304007794,UPCL,Kohinoor Investment & Securities Pvt. Ltd.,Nepal Investment And Securities Trading Private Limited,15,408.5,6127.5,2025-09-23 12:33:23.550875
2025-09-23,39559,2025092304007795,UPCL,Capital Max Securities Ltd,Nepal Investment And Securities Trading Private Limited,1973,408.5,805970.5,2025-09-23 12:33:23.551013
2025-09-23,39330,2025092304007862,UPCL,Sundhara Securities Limited,Dynamic Money Managers Securities Pvt. Ltd.,100,409.0,40900.0,2025-09-23 12:34:15.835771
2025-09-23,39329,2025092304007863,UPCL,Dipshikha Dhitopatra Karobar Co. Pvt Ltd.,Dynamic Money Managers Securities Pvt. Ltd.,500,408.6,204300.0,2025-09-23 12:34:15.836147
2025-09-23,39328,2025092304007864,UPCL,Capital Max Securities Ltd,Dynamic Money Managers Securities Pvt. Ltd.,27,408.5,11029.5,2025-09-23 12:34:15.836309
2025-09-23,39327,2025092304007865,UPCL,Naasa Securities Co. Ltd.,Dynamic Money Managers Securities Pvt. Ltd.,250,408.5,102125.0,2025-09-23 12:34:15.836457
2025-09-23,39326,2025092304007866,UPCL,Trishakti Securities Public Limited,Dynamic Money Managers Securities Pvt. Ltd.,200,408.5,81700.0,2025-09-23 12:34:15.836597
2025-09-23,39325,2025092304007867,UPCL,Dipshikha Dhitopatra Karobar Co. Pvt Ltd.,Dynamic Money Managers Securities Pvt. Ltd.,500,408.4,204200.0,2025-09-23 12:34:15.836769
2025-09-23,39324,2025092304007868,UPCL,MILKY WAY SHARE BROKER COMPANY LTD ,Dynamic Money Managers Securities Pvt. Ltd.,423,408.4,172753.2,2025-09-23 12:34:15.836913
2025-09-23,38954,2025092304007964,UPCL,Vision Securities Pvt. Ltd,Kumari Securities Private Limited,50,409.0,20450.0,2025-09-23 12:36:00.238208
2025-09-23,38953,2025092304007965,UPCL,Vision Securities Pvt. Ltd,Kohinoor Investment & Securities Pvt. Ltd.,94,409.0,38446.0,2025-09-23 12:36:00.238980
2025-09-23,38903,2025092304007981,UPCL,Vision Securities Pvt. Ltd,South Asian Bulls Pvt. Ltd.,500,409.0,204500.0,2025-09-23 12:36:08.018647
2025-09-23,38870,2025092304007992,UPCL,Vision Securities Pvt. Ltd,South Asian Bulls Pvt. Ltd.,1356,409.0,554604.0,2025-09-23 12:36:18.484270
2025-09-23,38869,2025092304007993,UPCL,Siprabi Securities Pvt. Ltd.,South Asian Bulls Pvt. Ltd.,90,409.0,36810.0,2025-09-23 12:36:18.484658
2025-09-23,38865,2025092304007994,UPCL,Imperial Securities Company Pvt. Ltd.,Dynamic Money Managers Securities Pvt. Ltd.,1000,408.5,408500.0,2025-09-23 12:36:19.997589
2025-09-23,38864,2025092304007995,UPCL,Naasa Securities Co. Ltd.,Dynamic Money Managers Securities Pvt. Ltd.,124,408.4,50641.6,2025-09-23 12:36:19.997914
2025-09-23,38863,2025092304007996,UPCL,MILKY WAY SHARE BROKER COMPANY LTD ,Dynamic Money Managers Securities Pvt. Ltd.,1269,408.4,518259.6,2025-09-23 12:36:19.998049
2025-09-23,38862,2025092304007997,UPCL,Capital Max Securities Ltd,Dynamic Money Managers Securities Pvt. Ltd.,2000,408.3,816600.0,2025-09-23 12:36:19.998187
2025-09-23,38861,2025092304007998,UPCL,Citizens Share Broker Limited,Dynamic Money Managers Securities Pvt. Ltd.,607,408.3,247838.1,2025-09-23 12:36:19.998360
2025-09-23,38759,2025092304008024,UPCL,Sani Securities Company Ltd.,South Asian Bulls Pvt. Ltd.,150,409.0,61350.0,2025-09-23 12:36:47.014383
2025-09-23,38330,2025092304008140,UPCL,Linch Stock Market Ltd.,South Asian Bulls Pvt. Ltd.,50,408.4,20420.0,2025-09-23 12:38:19.311563
2025-09-23,38329,2025092304008141,UPCL,Citizens Share Broker Limited,South Asian Bulls Pvt. Ltd.,393,408.3,160461.9,2025-09-23 12:38:19.311916
2025-09-23,38328,2025092304008142,UPCL,Capital Max Securities Ltd,South Asian Bulls Pvt. Ltd.,1169,408.3,477302.7,2025-09-23 12:38:19.312056
2025-09-23,38288,2025092304008150,UPCL,Capital Max Securities Ltd,South Asian Bulls Pvt. Ltd.,831,408.3,339297.3,2025-09-23 12:38:35.210327
2025-09-23,38287,2025092304008151,UPCL,Thrive Brokerage House Pvt. Ltd,South Asian Bulls Pvt. Ltd.,854,408.2,348602.8,2025-09-23 12:38:35.210714
2025-09-23,38286,2025092304008152,UPCL,Kohinoor Investment & Securities Pvt. Ltd.,South Asian Bulls Pvt. Ltd.,16,408.2,6531.2,2025-09-23 12:38:35.210890
2025-09-23,38152,2025092304008177,UPCL,Ashutosh Brokerage & Securities (PVT) Ltd.,Dakshinkali Investment & Securities Pvt. Ltd.,500,408.3,204150.0,2025-09-23 12:39:07.483561
2025-09-23,38151,2025092304008178,UPCL,Ashutosh Brokerage & Securities (PVT) Ltd.,Dakshinkali Investment & Securities Pvt. Ltd.,500,408.3,204150.0,2025-09-23 12:39:07.484245
2025-09-23,38150,2025092304008179,UPCL,Kohinoor Investment & Securities Pvt. Ltd.,Dakshinkali Investment & Securities Pvt. Ltd.,984,408.2,401668.8,2025-09-23 12:39:07.484667
2025-09-23,38149,2025092304008180,UPCL,Dipshikha Dhitopatra Karobar Co. Pvt Ltd.,Dakshinkali Investment & Securities Pvt. Ltd.,500,408.1,204050.0,2025-09-23 12:39:07.485042
2025-09-23,38148,2025092304008181,UPCL,Shree Krishna Securities Ltd.,Dakshinkali Investment & Securities Pvt. Ltd.,716,408.1,292199.6,2025-09-23 12:39:07.485442
2025-09-23,38017,2025092304008213,UPCL,Ashutosh Brokerage & Securities (PVT) Ltd.,Nepal Stock House (PVT) Ltd.,500,408.2,204100.0,2025-09-23 12:39:32.460683
2025-09-23,38016,2025092304008214,UPCL,Shree Krishna Securities Ltd.,Nepal Stock House (PVT) Ltd.,284,408.1,115900.4,2025-09-23 12:39:32.461119
2025-09-23,38015,2025092304008215,UPCL,Imperial Securities Company Pvt. Ltd.,Nepal Stock House (PVT) Ltd.,130,408.1,53053.0,2025-09-23 12:39:32.461273
2025-09-23,38014,2025092304008216,UPCL,Kohinoor Investment & Securities Pvt. Ltd.,Nepal Stock House (PVT) Ltd.,86,408.1,35096.6,2025-09-23 12:39:32.461422
2025-09-23,37815,2025092304008262,UPCL,Sweta Securities Private Limited,Deevyaa Securities & Stock House Pvt. Ltd,100,408.9,40890.0,2025-09-23 12:40:15.558582
2025-09-23,37550,2025092304008318,UPCL,Pragyan Securities (PVT) Ltd.,Online Securities Pvt. Ltd.,12,409.0,4908.0,2025-09-23 12:41:09.956027
2025-09-23,37465,2025092304008330,UPCL,Naasa Securities Co. Ltd.,R.B.B. Securities Company Ltd,35,409.0,14315.0,2025-09-23 12:41:18.805485
2025-09-23,37397,2025092304008346,UPCL,Sweta Securities Private Limited,Trishakti Securities Public Limited,20,408.3,8166.0,2025-09-23 12:41:34.936598
2025-09-23,37396,2025092304008347,UPCL,Ashutosh Brokerage & Securities (PVT) Ltd.,Trishakti Securities Public Limited,500,408.2,204100.0,2025-09-23 12:41:34.936940
2025-09-23,37395,2025092304008348,UPCL,MILKY WAY SHARE BROKER COMPANY LTD ,Trishakti Securities Public Limited,500,408.2,204100.0,2025-09-23 12:41:34.937083
2025-09-23,37394,2025092304008349,UPCL,Kohinoor Investment & Securities Pvt. Ltd.,Trishakti Securities Public Limited,914,408.1,373003.4,2025-09-23 12:41:34.937218
2025-09-23,37393,2025092304008350,UPCL,Capital Max Securities Ltd,Trishakti Securities Public Limited,3000,408.1,1224300.0,2025-09-23 12:41:34.937403
2025-09-23,37392,2025092304008351,UPCL,Deevyaa Securities & Stock House Pvt. Ltd,Trishakti Securities Public Limited,436,408.0,177888.0,2025-09-23 12:41:34.937540
2025-09-23,37391,2025092304008352,UPCL,Sani Securities Company Ltd.,Trishakti Securities Public Limited,15,408.0,6120.0,2025-09-23 12:41:34.937677
2025-09-23,37390,2025092304008353,UPCL,Vision Securities Pvt. Ltd,Trishakti Securities Public Limited,100,408.0,40800.0,2025-09-23 12:41:34.937828
2025-09-23,37389,2025092304008354,UPCL,Naasa Securities Co. Ltd.,Trishakti Securities Public Limited,1200,408.0,489600.0,2025-09-23 12:41:34.937955
2025-09-23,37388,2025092304008355,UPCL,Naasa Securities Co. Ltd.,Trishakti Securities Public Limited,110,408.0,44880.0,2025-09-23 12:41:34.938099
2025-09-23,37387,2025092304008356,UPCL,Himalayan Brokerage Company Limited,Trishakti Securities Public Limited,436,408.0,177888.0,2025-09-23 12:41:34.938231
2025-09-23,37386,2025092304008357,UPCL,Imperial Securities Company Pvt. Ltd.,Trishakti Securities Public Limited,100,408.0,40800.0,2025-09-23 12:41:34.938377
2025-09-23,37385,2025092304008358,UPCL,Himalayan Brokerage Company Limited,Trishakti Securities Public Limited,569,408.0,232152.0,2025-09-23 12:41:34.938504
2025-09-23,37271,2025092304008380,UPCL,Himalayan Brokerage Company Limited,Citizens Share Broker Limited,37,408.0,15096.0,2025-09-23 12:41:53.240747
2025-09-23,37270,2025092304008381,UPCL,Himalayan Brokerage Company Limited,Citizens Share Broker Limited,296,408.0,120768.0,2025-09-23 12:41:53.241096
2025-09-23,37203,2025092304008413,UPCL,Himalayan Brokerage Company Limited,Global IME Securities Limited,189,408.0,77112.0,2025-09-23 12:42:01.232812
2025-09-23,37202,2025092304008414,UPCL,Himalayan Brokerage Company Limited,Global IME Securities Limited,121,408.0,49368.0,2025-09-23 12:42:01.233132
2025-09-23,37201,2025092304008415,UPCL,Himalayan Brokerage Company Limited,Global IME Securities Limited,242,408.0,98736.0,2025-09-23 12:42:01.233268
2025-09-23,37200,2025092304008416,UPCL,Himalayan Brokerage Company Limited,Global IME Securities Limited,606,408.0,247248.0,2025-09-23 12:42:01.233408
2025-09-23,37199,2025092304008417,UPCL,Himalayan Brokerage Company Limited,Global IME Securities Limited,342,408.0,139536.0,2025-09-23 12:42:01.233536
2025-09-23,37170,2025092304008432,UPCL,Himalayan Brokerage Company Limited,BHOLE GANESH SECURITIES LTD,143,408.0,58344.0,2025-09-23 12:42:05.219247
2025-09-23,37169,2025092304008433,UPCL,Himalayan Brokerage Company Limited,BHOLE GANESH SECURITIES LTD,242,408.0,98736.0,2025-09-23 12:42:05.219886
2025-09-23,37168,2025092304008434,UPCL,Himalayan Brokerage Company Limited,BHOLE GANESH SECURITIES LTD,242,408.0,98736.0,2025-09-23 12:42:05.220287
2025-09-23,37167,2025092304008435,UPCL,Premier Securities Company Ltd.,BHOLE GANESH SECURITIES LTD,90,408.0,36720.0,2025-09-23 12:42:05.220689
2025-09-23,37166,2025092304008436,UPCL,Sani Securities Company Ltd.,BHOLE GANESH SECURITIES LTD,200,408.0,81600.0,2025-09-23 12:42:05.221083
2025-09-23,37165,2025092304008437,UPCL,Aryatara Investment & Securities,BHOLE GANESH SECURITIES LTD,83,408.0,33864.0,2025-09-23 12:42:05.221487
2025-09-23,37144,2025092304008448,UPCL,Aryatara Investment & Securities,Citizens Share Broker Limited,10,408.0,4080.0,2025-09-23 12:42:09.958001
2025-09-23,37046,2025092304008467,UPCL,Aryatara Investment & Securities,BHOLE GANESH SECURITIES LTD,82,408.0,33456.0,2025-09-23 12:42:31.584935
2025-09-23,37045,2025092304008468,UPCL,Kumari Securities Private Limited,BHOLE GANESH SECURITIES LTD,92,408.0,37536.0,2025-09-23 12:42:31.585686
2025-09-23,37044,2025092304008469,UPCL,Kumari Securities Private Limited,BHOLE GANESH SECURITIES LTD,92,408.0,37536.0,2025-09-23 12:42:31.586064
2025-09-23,37043,2025092304008470,UPCL,Naasa Securities Co. Ltd.,BHOLE GANESH SECURITIES LTD,34,408.0,13872.0,2025-09-23 12:42:31.586526
2025-09-23,37001,2025092304008492,UPCL,Naasa Securities Co. Ltd.,R.B.B. Securities Company Ltd,165,408.0,67320.0,2025-09-23 12:42:41.900179
2025-09-23,36955,2025092304008503,UPCL,Naasa Securities Co. Ltd.,Magnet Securities and Investment Company Private Limited,83,408.0,33864.0,2025-09-23 12:42:49.329944
2025-09-23,36954,2025092304008504,UPCL,Imperial Securities Company Pvt. Ltd.,Magnet Securities and Investment Company Private Limited,17,408.0,6936.0,2025-09-23 12:42:49.330326
2025-09-23,36744,2025092304008570,UPCL,Imperial Securities Company Pvt. Ltd.,Sewa Securities Pvt. Ltd.,483,408.0,197064.0,2025-09-23 12:43:34.766557
2025-09-23,36743,2025092304008571,UPCL,Online Securities Pvt. Ltd.,Sewa Securities Pvt. Ltd.,20,408.0,8160.0,2025-09-23 12:43:34.766906
2025-09-23,36742,2025092304008572,UPCL,MILKY WAY SHARE BROKER COMPANY LTD ,Sewa Securities Pvt. Ltd.,1475,408.0,601800.0,2025-09-23 12:43:34.767040
2025-09-23,36525,2025092304008645,UPCL,Himalayan Brokerage Company Limited,Neev Securities Pvt. Ltd.,242,407.6,98639.2,2025-09-23 12:44:16.332777
2025-09-23,36507,2025092304008648,UPCL,S.P.S.A. Securities Limited,Neev Securities Pvt. Ltd.,25,407.6,10190.0,2025-09-23 12:44:18.720399
2025-09-23,36500,2025092304008651,UPCL,Nepal Investment And Securities Trading Private Limited,Nepal Investment And Securities Trading Private Limited,1000,407.4,407400.0,2025-09-23 12:44:21.502608
2025-09-23,36473,2025092304008657,UPCL,Nepal Investment And Securities Trading Private Limited,Neev Securities Pvt. Ltd.,733,407.4,298624.2,2025-09-23 12:44:28.282453
2025-09-23,36445,2025092304008672,UPCL,Nepal Investment And Securities Trading Private Limited,Indira securities pvt. ltd,10,407.4,4074.0,2025-09-23 12:44:35.958301
2025-09-23,36437,2025092304008675,UPCL,Nepal Investment And Securities Trading Private Limited,Deevyaa Securities & Stock House Pvt. Ltd,100,407.4,40740.0,2025-09-23 12:44:37.725768
2025-09-23,36379,2025092304008692,UPCL,Aryatara Investment & Securities,Sewa Securities Pvt. Ltd.,20,408.0,8160.0,2025-09-23 12:44:55.260564
2025-09-23,36216,2025092304008749,UPCL,Sharepro Securities Private Limited,Naasa Securities Co. Ltd.,20,407.7,8154.0,2025-09-23 12:45:23.070755
2025-09-23,36195,2025092304008757,UPCL,Sweta Securities Private Limited,SHUBHAKAMANA SECURITIES PVT. LTD,100,408.0,40800.0,2025-09-23 12:45:27.789809
2025-09-23,35643,2025092304008927,UPCL,Deevyaa Securities & Stock House Pvt. Ltd,SHUBHAKAMANA SECURITIES PVT. LTD,70,408.0,28560.0,2025-09-23 12:47:34.961459
2025-09-23,35642,2025092304008928,UPCL,Deevyaa Securities & Stock House Pvt. Ltd,SUN SECURITIES PVT LTD,280,408.0,114240.0,2025-09-23 12:47:34.962148
2025-09-23,35454,2025092304008980,UPCL,Dynamic Money Managers Securities Pvt. Ltd.,SUN SECURITIES PVT LTD,20,408.0,8160.0,2025-09-23 12:48:11.444010
2025-09-23,35319,2025092304009015,UPCL,Global IME Securities Limited,Sani Securities Company Ltd.,40,408.5,16340.0,2025-09-23 12:49:01.832669
2025-09-23,34911,2025092304009133,UPCL,Deevyaa Securities & Stock House Pvt. Ltd,Sani Securities Company Ltd.,115,408.5,46977.5,2025-09-23 12:51:09.934002
2025-09-23,34773,2025092304009173,UPCL,Vision Securities Pvt. Ltd,Dakshinkali Investment & Securities Pvt. Ltd.,150,408.8,61320.0,2025-09-23 12:51:45.652661
2025-09-23,34739,2025092304009184,UPCL,J.F. Securites (PVT) Ltd.,Naasa Securities Co. Ltd.,15,408.1,6121.5,2025-09-23 12:52:01.858416
2025-09-23,34655,2025092304009199,UPCL,Swarna Laxmi Securities Pvt. Ltd.,Dakshinkali Investment & Securities Pvt. Ltd.,100,408.8,40880.0,2025-09-23 12:52:34.652256
2025-09-23,34555,2025092304009238,UPCL,Naasa Securities Co. Ltd.,Dakshinkali Investment & Securities Pvt. Ltd.,10,408.8,4088.0,2025-09-23 12:52:57.975718
2025-09-23,34126,2025092304009326,UPCL,Stoxkarts Securities Limited,Dakshinkali Investment & Securities Pvt. Ltd.,240,408.8,98112.0,2025-09-23 12:55:01.623538
2025-09-23,33759,2025092304009416,UPCL,Shree Krishna Securities Ltd.,Online Securities Pvt. Ltd.,108,408.9,44161.2,2025-09-23 12:57:03.112414
2025-09-23,33758,2025092304009417,UPCL,Shree Krishna Securities Ltd.,Citizens Share Broker Limited,500,409.0,204500.0,2025-09-23 12:57:03.113059
2025-09-23,33757,2025092304009418,UPCL,Shree Krishna Securities Ltd.,Dakshinkali Investment & Securities Pvt. Ltd.,217,409.0,88753.0,2025-09-23 12:57:03.113584
2025-09-23,33756,2025092304009419,UPCL,Shree Krishna Securities Ltd.,Neev Securities Pvt. Ltd.,384,409.0,157056.0,2025-09-23 12:57:03.114020
2025-09-23,33673,2025092304009430,UPCL,Naasa Securities Co. Ltd.,Neev Securities Pvt. Ltd.,20,409.0,8180.0,2025-09-23 12:57:30.726027
2025-09-23,33646,2025092304009436,UPCL,Shree Krishna Securities Ltd.,Neev Securities Pvt. Ltd.,500,409.0,204500.0,2025-09-23 12:57:40.157278
2025-09-23,33642,2025092304009437,UPCL,Online Securities Pvt. Ltd.,Neev Securities Pvt. Ltd.,96,409.0,39264.0,2025-09-23 12:57:41.253061
2025-09-23,33641,2025092304009438,UPCL,Online Securities Pvt. Ltd.,Roadshow securities limited,310,409.0,126790.0,2025-09-23 12:57:41.253742
2025-09-23,33449,2025092304009519,UPCL,Naasa Securities Co. Ltd.,Aryatara Investment & Securities,10,409.6,4096.0,2025-09-23 12:58:37.081621
2025-09-23,33448,2025092304009520,UPCL,Naasa Securities Co. Ltd.,Primo Securities (PVT) Ltd.,70,409.6,28672.0,2025-09-23 12:58:37.082369
2025-09-23,33245,2025092304009555,UPCL,Dakshinkali Investment & Securities Pvt. Ltd.,Naasa Securities Co. Ltd.,25,409.5,10237.5,2025-09-23 12:59:36.950394
2025-09-23,32979,2025092304009597,UPCL,Naasa Securities Co. Ltd.,Naasa Securities Co. Ltd.,50,409.5,20475.0,2025-09-23 13:01:14.466743
2025-09-23,32974,2025092304009598,UPCL,Sharepro Securities Private Limited,Naasa Securities Co. Ltd.,150,409.5,61425.0,2025-09-23 13:01:15.596354
2025-09-23,32933,2025092304009604,UPCL,Premier Securities Company Ltd.,Naasa Securities Co. Ltd.,25,409.5,10237.5,2025-09-23 13:01:24.150285
2025-09-23,32829,2025092304009634,UPCL,Vision Securities Pvt. Ltd,Primo Securities (PVT) Ltd.,200,409.6,81920.0,2025-09-23 13:01:55.603828
2025-09-23,32764,2025092304009648,UPCL,Aryatara Investment & Securities,Primo Securities (PVT) Ltd.,200,409.6,81920.0,2025-09-23 13:02:17.905787
2025-09-23,32758,2025092304009651,UPCL,Agrawal Securities (PVT) Ltd.,Primo Securities (PVT) Ltd.,30,409.6,12288.0,2025-09-23 13:02:18.983914
2025-09-23,32654,2025092304009694,UPCL,Sharepro Securities Private Limited,Roadshow securities limited,80,409.7,32776.0,2025-09-23 13:02:52.247059
2025-09-23,32572,2025092304009707,UPCL,Naasa Securities Co. Ltd.,Roadshow securities limited,50,409.7,20485.0,2025-09-23 13:03:07.424956
2025-09-23,32526,2025092304009713,UPCL,Imperial Securities Company Pvt. Ltd.,Roadshow securities limited,170,409.7,69649.0,2025-09-23 13:03:21.066848
2025-09-23,32525,2025092304009714,UPCL,Imperial Securities Company Pvt. Ltd.,Primo Securities (PVT) Ltd.,330,409.9,135267.0,2025-09-23 13:03:21.067193
2025-09-23,32490,2025092304009721,UPCL,Agrawal Securities (PVT) Ltd.,Aakashbhairab Securities Ltd.,555,409.6,227328.0,2025-09-23 13:03:34.571434
2025-09-23,32489,2025092304009722,UPCL,Premier Securities Company Ltd.,Aakashbhairab Securities Ltd.,25,409.5,10237.5,2025-09-23 13:03:34.571755
2025-09-23,32488,2025092304009723,UPCL,Online Securities Pvt. Ltd.,Aakashbhairab Securities Ltd.,594,409.0,242946.0,2025-09-23 13:03:34.571898
2025-09-23,32487,2025092304009724,UPCL,Sumeru Securities Pvt. Ltd.,Aakashbhairab Securities Ltd.,200,409.0,81800.0,2025-09-23 13:03:34.572037
2025-09-23,32486,2025092304009725,UPCL,Agrawal Securities (PVT) Ltd.,Aakashbhairab Securities Ltd.,450,409.0,184050.0,2025-09-23 13:03:34.572174
2025-09-23,32477,2025092304009727,UPCL,Online Securities Pvt. Ltd.,Aakashbhairab Securities Ltd.,176,409.0,71984.0,2025-09-23 13:03:36.452893
2025-09-23,32476,2025092304009728,UPCL,Online Securities Pvt. Ltd.,Primo Securities (PVT) Ltd.,70,409.9,28693.0,2025-09-23 13:03:36.453236
2025-09-23,31897,2025092304009832,UPCL,APPLE SECURITIES PRIVATE LIMITED,Sumeru Securities Pvt. Ltd.,250,409.5,102375.0,2025-09-23 13:06:14.770898
2025-09-23,31854,2025092304009837,UPCL,Naasa Securities Co. Ltd.,Sumeru Securities Pvt. Ltd.,10,409.5,4095.0,2025-09-23 13:06:28.486076
2025-09-23,31630,2025092304009864,UPCL,Naasa Securities Co. Ltd.,Sumeru Securities Pvt. Ltd.,20,409.1,8182.0,2025-09-23 13:07:24.993429
2025-09-23,31629,2025092304009865,UPCL,Linch Stock Market Ltd.,Sumeru Securities Pvt. Ltd.,20,409.0,8180.0,2025-09-23 13:07:24.993772
2025-09-23,31345,2025092304009918,UPCL,Online Securities Pvt. Ltd.,Nabil Stock Dealer Ltd.,350,409.5,143325.0,2025-09-23 13:08:55.449557
2025-09-23,31136,2025092304009973,UPCL,Vision Securities Pvt. Ltd,Hatemalo Financial Services Private Limited,700,408.7,286090.0,2025-09-23 13:09:48.234951
2025-09-23,31135,2025092304009974,UPCL,Agrawal Securities (PVT) Ltd.,Hatemalo Financial Services Private Limited,300,408.7,122610.0,2025-09-23 13:09:48.235030
2025-09-23,30960,2025092304010009,UPCL,Nepal Stock House (PVT) Ltd.,Sumeru Securities Pvt. Ltd.,5,407.0,2035.0,2025-09-23 13:10:38.615192
2025-09-23,30918,2025092304010021,UPCL,Naasa Securities Co. Ltd.,Sumeru Securities Pvt. Ltd.,1,401.0,401.0,2025-09-23 13:10:54.657431
2025-09-23,30847,2025092304010031,UPCL,Stoxkarts Securities Limited,Opal Securities Investment (PVT) Ltd.,50,408.8,20440.0,2025-09-23 13:11:15.420235
2025-09-23,30823,2025092304010034,UPCL,Kohinoor Investment & Securities Pvt. Ltd.,Nabil Stock Dealer Ltd.,150,409.5,61425.0,2025-09-23 13:11:22.190623
