Date,S.N.,Contract ID,Symbol,Buyer Broker,Seller Broker,quantity,rate,amount,transaction_time
2025-07-14,72568,2025071404000016,AKPL,J.F. Securites (PVT) Ltd.,Bhrikuti Stock Broking Co. Pvt. Ltd.,10,258.0,2580.0,2025-07-14 10:46:00.041448
2025-07-14,70101,2025071404000885,AKPL,Imperial Securities Company Pvt. Ltd.,Pragyan Securities (PVT) Ltd.,22,253.5,5577.0,2025-07-14 11:07:57.221020
2025-07-14,70100,2025071404000886,AKPL,Bhrikuti Stock Broking Co. Pvt. Ltd.,Pragyan Securities (PVT) Ltd.,10,253.1,2531.0,2025-07-14 11:07:57.221136
2025-07-14,70099,2025071404000887,AKPL,Imperial Securities Company Pvt. Ltd.,Pragyan Securities (PVT) Ltd.,20,253.0,5060.0,2025-07-14 11:07:57.221182
2025-07-14,70098,2025071404000888,AKPL,Online Securities Pvt. Ltd.,Pragyan Securities (PVT) Ltd.,148,253.0,37444.0,2025-07-14 11:07:57.221230
2025-07-14,69443,2025071404001045,AKPL,Online Securities Pvt. Ltd.,Ashutosh Brokerage & Securities (PVT) Ltd.,12,253.1,3037.2,2025-07-14 11:10:20.447770
2025-07-14,68612,2025071404001292,AKPL,Nepal Stock House (PVT) Ltd.,Stoxkarts Securities Limited,200,255.5,51100.0,2025-07-14 11:13:09.623544
2025-07-14,68300,2025071404001410,AKPL,J.F. Securites (PVT) Ltd.,Stoxkarts Securities Limited,25,255.5,6387.5,2025-07-14 11:13:59.570298
2025-07-14,67302,2025071404001640,AKPL,Naasa Securities Co. Ltd.,Stoxkarts Securities Limited,25,255.5,6387.5,2025-07-14 11:17:16.695191
2025-07-14,67301,2025071404001641,AKPL,Naasa Securities Co. Ltd.,Sri Hari Securities Pvt. Ltd.,190,255.9,48621.0,2025-07-14 11:17:16.695389
2025-07-14,67300,2025071404001642,AKPL,Naasa Securities Co. Ltd.,Kohinoor Investment & Securities Pvt. Ltd.,35,256.0,8960.0,2025-07-14 11:17:16.695455
2025-07-14,66677,2025071404001809,AKPL,Siprabi Securities Pvt. Ltd.,Kohinoor Investment & Securities Pvt. Ltd.,300,256.0,76800.0,2025-07-14 11:19:38.864530
2025-07-14,66437,2025071404001856,AKPL,Siprabi Securities Pvt. Ltd.,Sri Hari Securities Pvt. Ltd.,10,255.5,2555.0,2025-07-14 11:20:17.039243
2025-07-14,66041,2025071404001952,AKPL,Secured Securities Ltd.,Dipshikha Dhitopatra Karobar Co. Pvt Ltd.,20,255.9,5118.0,2025-07-14 11:21:39.434944
2025-07-14,65456,2025071404002124,AKPL,Secured Securities Ltd.,Cristal Kanchanjanga Securites Pvt. Ltd.,200,255.9,51180.0,2025-07-14 11:23:24.671711
2025-07-14,65394,2025071404002149,AKPL,Secured Securities Ltd.,Sani Securities Company Ltd.,573,255.9,146630.7,2025-07-14 11:23:31.897612
2025-07-14,65369,2025071404002152,AKPL,Secured Securities Ltd.,Investment Management Nepal Pvt. Ltd.,207,255.9,52971.3,2025-07-14 11:23:36.568218
2025-07-14,65368,2025071404002153,AKPL,Siprabi Securities Pvt. Ltd.,Investment Management Nepal Pvt. Ltd.,190,255.5,48545.0,2025-07-14 11:23:36.568414
2025-07-14,65367,2025071404002154,AKPL,Dipshikha Dhitopatra Karobar Co. Pvt Ltd.,Investment Management Nepal Pvt. Ltd.,103,255.0,26265.0,2025-07-14 11:23:36.568503
2025-07-14,65150,2025071404002202,AKPL,Dipshikha Dhitopatra Karobar Co. Pvt Ltd.,Naasa Securities Co. Ltd.,140,255.0,35700.0,2025-07-14 11:24:25.709398
2025-07-14,64755,2025071404002268,AKPL,Machhapuchchhre Securities Limited,Kohinoor Investment & Securities Pvt. Ltd.,10,256.0,2560.0,2025-07-14 11:25:28.927159
2025-07-14,64745,2025071404002273,AKPL,Dipshikha Dhitopatra Karobar Co. Pvt Ltd.,Deevyaa Securities & Stock House Pvt. Ltd,500,255.0,127500.0,2025-07-14 11:25:31.033732
2025-07-14,64722,2025071404002278,AKPL,Dipshikha Dhitopatra Karobar Co. Pvt Ltd.,Imperial Securities Company Pvt. Ltd.,257,255.0,65535.0,2025-07-14 11:25:36.235877
2025-07-14,64690,2025071404002284,AKPL,Miyo Securities Pvt Ltd,Imperial Securities Company Pvt. Ltd.,243,255.0,61965.0,2025-07-14 11:25:42.159552
2025-07-14,64689,2025071404002285,AKPL,Miyo Securities Pvt Ltd,Kohinoor Investment & Securities Pvt. Ltd.,110,256.0,28160.0,2025-07-14 11:25:42.159996
2025-07-14,64688,2025071404002286,AKPL,Miyo Securities Pvt Ltd,Trisul Securities & Invt. Ltd.,530,256.0,135680.0,2025-07-14 11:25:42.160332
2025-07-14,64687,2025071404002287,AKPL,Miyo Securities Pvt Ltd,Primo Securities (PVT) Ltd.,28,256.0,7168.0,2025-07-14 11:25:42.160643
2025-07-14,64686,2025071404002288,AKPL,Miyo Securities Pvt Ltd,Swarna Laxmi Securities Pvt. Ltd.,417,256.0,106752.0,2025-07-14 11:25:42.160930
2025-07-14,63220,2025071404002606,AKPL,Midas Stock Broking Company Private Limited,Nepal Stock House (PVT) Ltd.,100,254.0,25400.0,2025-07-14 11:29:56.649605
2025-07-14,63219,2025071404002607,AKPL,Imperial Securities Company Pvt. Ltd.,Nepal Stock House (PVT) Ltd.,300,254.0,76200.0,2025-07-14 11:29:56.649842
2025-07-14,63218,2025071404002608,AKPL,Cristal Kanchanjanga Securites Pvt. Ltd.,Nepal Stock House (PVT) Ltd.,100,254.0,25400.0,2025-07-14 11:29:56.649917
2025-07-14,63217,2025071404002609,AKPL,Opal Securities Investment (PVT) Ltd.,Nepal Stock House (PVT) Ltd.,236,253.5,59826.0,2025-07-14 11:29:56.649987
2025-07-14,63216,2025071404002610,AKPL,Imperial Securities Company Pvt. Ltd.,Nepal Stock House (PVT) Ltd.,64,253.5,16224.0,2025-07-14 11:29:56.650054
2025-07-14,62166,2025071404002890,AKPL,Machhapuchchhre Securities Limited,Investment Management Nepal Pvt. Ltd.,10,254.9,2549.0,2025-07-14 11:32:54.135864
2025-07-14,61977,2025071404002970,AKPL,Naasa Securities Co. Ltd.,Vision Securities Pvt. Ltd,92,254.0,23368.0,2025-07-14 11:33:24.957056
2025-07-14,61756,2025071404003035,AKPL,Machhapuchchhre Securities Limited,Investment Management Nepal Pvt. Ltd.,10,254.9,2549.0,2025-07-14 11:34:04.325325
2025-07-14,61646,2025071404003071,AKPL,Imperial Securities Company Pvt. Ltd.,Aryatara Investment & Securities,12,253.5,3042.0,2025-07-14 11:34:24.376709
2025-07-14,61353,2025071404003147,AKPL,Imperial Securities Company Pvt. Ltd.,Online Securities Pvt. Ltd.,124,253.5,31434.0,2025-07-14 11:35:15.498625
2025-07-14,61352,2025071404003148,AKPL,Online Securities Pvt. Ltd.,Online Securities Pvt. Ltd.,88,253.1,22272.8,2025-07-14 11:35:15.498835
2025-07-14,61351,2025071404003149,AKPL,Naasa Securities Co. Ltd.,Online Securities Pvt. Ltd.,100,253.1,25310.0,2025-07-14 11:35:15.498924
2025-07-14,61350,2025071404003150,AKPL,Siprabi Securities Pvt. Ltd.,Online Securities Pvt. Ltd.,200,253.1,50620.0,2025-07-14 11:35:15.499136
2025-07-14,61349,2025071404003151,AKPL,Siprabi Securities Pvt. Ltd.,Online Securities Pvt. Ltd.,800,253.1,202480.0,2025-07-14 11:35:15.499217
2025-07-14,61348,2025071404003152,AKPL,Online Securities Pvt. Ltd.,Online Securities Pvt. Ltd.,227,253.0,57431.0,2025-07-14 11:35:15.499286
2025-07-14,61347,2025071404003153,AKPL,Dakshinkali Investment & Securities Pvt. Ltd.,Online Securities Pvt. Ltd.,40,253.0,10120.0,2025-07-14 11:35:15.499366
2025-07-14,61346,2025071404003154,AKPL,Imperial Securities Company Pvt. Ltd.,Online Securities Pvt. Ltd.,500,253.0,126500.0,2025-07-14 11:35:15.499433
2025-07-14,61345,2025071404003155,AKPL,Sumeru Securities Pvt. Ltd.,Online Securities Pvt. Ltd.,20,253.0,5060.0,2025-07-14 11:35:15.499500
2025-07-14,61064,2025071404003232,AKPL,Kohinoor Investment & Securities Pvt. Ltd.,Dynamic Money Managers Securities Pvt. Ltd.,200,253.1,50620.0,2025-07-14 11:36:06.705137
2025-07-14,61030,2025071404003238,AKPL,Imperial Securities Company Pvt. Ltd.,Dynamic Money Managers Securities Pvt. Ltd.,500,253.1,126550.0,2025-07-14 11:36:14.751537
2025-07-14,60998,2025071404003243,AKPL,Naasa Securities Co. Ltd.,Dynamic Money Managers Securities Pvt. Ltd.,265,253.1,67071.5,2025-07-14 11:36:22.199794
2025-07-14,60905,2025071404003252,AKPL,Kohinoor Investment & Securities Pvt. Ltd.,Dynamic Money Managers Securities Pvt. Ltd.,35,253.1,8858.5,2025-07-14 11:36:39.242807
2025-07-14,60865,2025071404003259,AKPL,Kohinoor Investment & Securities Pvt. Ltd.,SUN SECURITIES PVT LTD,65,253.1,16451.5,2025-07-14 11:36:45.249178
2025-07-14,60864,2025071404003260,AKPL,Oxford Securities Pvt. Ltd.,SUN SECURITIES PVT LTD,500,253.0,126500.0,2025-07-14 11:36:45.249377
2025-07-14,60863,2025071404003261,AKPL,Online Securities Pvt. Ltd.,SUN SECURITIES PVT LTD,500,253.0,126500.0,2025-07-14 11:36:45.249450
2025-07-14,60862,2025071404003262,AKPL,Online Securities Pvt. Ltd.,SUN SECURITIES PVT LTD,50,253.0,12650.0,2025-07-14 11:36:45.249518
2025-07-14,60861,2025071404003263,AKPL,Vision Securities Pvt. Ltd,SUN SECURITIES PVT LTD,300,253.0,75900.0,2025-07-14 11:36:45.249586
2025-07-14,60860,2025071404003264,AKPL,Sweta Securities Private Limited,SUN SECURITIES PVT LTD,500,253.0,126500.0,2025-07-14 11:36:45.249662
2025-07-14,60859,2025071404003265,AKPL,Online Securities Pvt. Ltd.,SUN SECURITIES PVT LTD,285,253.0,72105.0,2025-07-14 11:36:45.249735
2025-07-14,60602,2025071404003355,AKPL,Himalayan Brokerage Company Limited,Primo Securities (PVT) Ltd.,16,253.0,4048.0,2025-07-14 11:37:31.330553
2025-07-14,60034,2025071404003532,AKPL,Himalayan Brokerage Company Limited,Primo Securities (PVT) Ltd.,16,253.0,4048.0,2025-07-14 11:39:09.738712
2025-07-14,59741,2025071404003595,AKPL,Himalayan Brokerage Company Limited,Trisul Securities & Invt. Ltd.,16,253.0,4048.0,2025-07-14 11:40:03.236001
2025-07-14,59441,2025071404003676,AKPL,Himalayan Brokerage Company Limited,Stoxkarts Securities Limited,160,253.0,40480.0,2025-07-14 11:41:06.563385
2025-07-14,59366,2025071404003697,AKPL,Himalayan Brokerage Company Limited,Secured Securities Ltd.,25,253.0,6325.0,2025-07-14 11:41:21.240382
2025-07-14,59312,2025071404003707,AKPL,Himalayan Brokerage Company Limited,Cristal Kanchanjanga Securites Pvt. Ltd.,239,253.0,60467.0,2025-07-14 11:41:27.258745
2025-07-14,59311,2025071404003708,AKPL,Thrive Brokerage House Pvt. Ltd,Cristal Kanchanjanga Securites Pvt. Ltd.,150,253.0,37950.0,2025-07-14 11:41:27.258974
2025-07-14,59310,2025071404003709,AKPL,Naasa Securities Co. Ltd.,Cristal Kanchanjanga Securites Pvt. Ltd.,20,253.0,5060.0,2025-07-14 11:41:27.259051
2025-07-14,59309,2025071404003710,AKPL,Malla & Malla Stock Broking Company Pvt. Limited,Cristal Kanchanjanga Securites Pvt. Ltd.,10,253.0,2530.0,2025-07-14 11:41:27.259133
2025-07-14,59308,2025071404003711,AKPL,Imperial Securities Company Pvt. Ltd.,Cristal Kanchanjanga Securites Pvt. Ltd.,100,253.0,25300.0,2025-07-14 11:41:27.259237
2025-07-14,59307,2025071404003712,AKPL,Trisul Securities & Invt. Ltd.,Cristal Kanchanjanga Securites Pvt. Ltd.,1500,252.9,379350.0,2025-07-14 11:41:27.259335
2025-07-14,59306,2025071404003713,AKPL,Online Securities Pvt. Ltd.,Cristal Kanchanjanga Securites Pvt. Ltd.,500,252.9,126450.0,2025-07-14 11:41:27.259415
2025-07-14,58737,2025071404003865,AKPL,Siprabi Securities Pvt. Ltd.,Cristal Kanchanjanga Securites Pvt. Ltd.,200,252.9,50580.0,2025-07-14 11:43:00.683776
2025-07-14,58646,2025071404003885,AKPL,Miyo Securities Pvt Ltd,Cristal Kanchanjanga Securites Pvt. Ltd.,281,252.9,71064.9,2025-07-14 11:43:19.174142
2025-07-14,58049,2025071404004031,AKPL,Miyo Securities Pvt Ltd,NIMB Stock Markets Limited,63,254.0,16002.0,2025-07-14 11:44:58.432335
2025-07-14,57831,2025071404004088,AKPL,Linch Stock Market Ltd.,Cristal Kanchanjanga Securites Pvt. Ltd.,1000,253.0,253000.0,2025-07-14 11:45:42.188601
2025-07-14,57140,2025071404004248,AKPL,Machhapuchchhre Securities Limited,NIMB Stock Markets Limited,10,254.0,2540.0,2025-07-14 11:47:46.490516
2025-07-14,57114,2025071404004262,AKPL,Online Securities Pvt. Ltd.,Naasa Securities Co. Ltd.,13,253.0,3289.0,2025-07-14 11:47:50.599067
2025-07-14,57113,2025071404004263,AKPL,Kohinoor Investment & Securities Pvt. Ltd.,Naasa Securities Co. Ltd.,100,253.0,25300.0,2025-07-14 11:47:50.599294
2025-07-14,56994,2025071404004286,AKPL,Imperial Securities Company Pvt. Ltd.,Naasa Securities Co. Ltd.,50,253.0,12650.0,2025-07-14 11:48:09.507517
2025-07-14,56808,2025071404004323,AKPL,Vision Securities Pvt. Ltd,Naasa Securities Co. Ltd.,100,253.0,25300.0,2025-07-14 11:48:32.591222
2025-07-14,56791,2025071404004331,AKPL,Swarna Laxmi Securities Pvt. Ltd.,Investment Management Nepal Pvt. Ltd.,480,252.5,121200.0,2025-07-14 11:48:38.562056
2025-07-14,56657,2025071404004362,AKPL,Swarna Laxmi Securities Pvt. Ltd.,Naasa Securities Co. Ltd.,20,252.5,5050.0,2025-07-14 11:49:08.234140
2025-07-14,56548,2025071404004390,AKPL,Bhrikuti Stock Broking Co. Pvt. Ltd.,Naasa Securities Co. Ltd.,20,252.1,5042.0,2025-07-14 11:49:32.986688
2025-07-14,56547,2025071404004391,AKPL,Hatemalo Financial Services Private Limited,Naasa Securities Co. Ltd.,360,252.1,90756.0,2025-07-14 11:49:32.986924
2025-07-14,55857,2025071404004530,AKPL,Hatemalo Financial Services Private Limited,Siprabi Securities Pvt. Ltd.,10,252.5,2525.0,2025-07-14 11:51:53.908548
2025-07-14,55856,2025071404004531,AKPL,Hatemalo Financial Services Private Limited,Naasa Securities Co. Ltd.,500,252.5,126250.0,2025-07-14 11:51:53.909005
2025-07-14,55762,2025071404004556,AKPL,Machhapuchchhre Securities Limited,NIMB Stock Markets Limited,10,254.0,2540.0,2025-07-14 11:52:17.243817
2025-07-14,55576,2025071404004609,AKPL,Hatemalo Financial Services Private Limited,Roadshow securities limited,130,252.6,32838.0,2025-07-14 11:53:00.260256
2025-07-14,55575,2025071404004610,AKPL,ABC Securities Private Limited,Roadshow securities limited,200,252.2,50440.0,2025-07-14 11:53:00.260310
2025-07-14,55574,2025071404004611,AKPL,Asian Securities Private Ltd.,Roadshow securities limited,100,252.0,25200.0,2025-07-14 11:53:00.260341
2025-07-14,55573,2025071404004612,AKPL,Secured Securities Ltd.,Roadshow securities limited,400,252.0,100800.0,2025-07-14 11:53:00.260364
2025-07-14,55572,2025071404004613,AKPL,South Asian Bulls Pvt. Ltd.,Roadshow securities limited,275,252.0,69300.0,2025-07-14 11:53:00.260387
2025-07-14,55571,2025071404004614,AKPL,Primo Securities (PVT) Ltd.,Roadshow securities limited,50,252.0,12600.0,2025-07-14 11:53:00.260416
2025-07-14,55570,2025071404004615,AKPL,Malla & Malla Stock Broking Company Pvt. Limited,Roadshow securities limited,200,252.0,50400.0,2025-07-14 11:53:00.260436
2025-07-14,55569,2025071404004616,AKPL,Bhrikuti Stock Broking Co. Pvt. Ltd.,Roadshow securities limited,100,252.0,25200.0,2025-07-14 11:53:00.260457
2025-07-14,55568,2025071404004617,AKPL,Asian Securities Private Ltd.,Roadshow securities limited,500,252.0,126000.0,2025-07-14 11:53:00.260479
2025-07-14,55567,2025071404004618,AKPL,Vision Securities Pvt. Ltd,Roadshow securities limited,1000,252.0,252000.0,2025-07-14 11:53:00.260500
2025-07-14,55566,2025071404004619,AKPL,Imperial Securities Company Pvt. Ltd.,Roadshow securities limited,20,252.0,5040.0,2025-07-14 11:53:00.260521
2025-07-14,55565,2025071404004620,AKPL,Linch Stock Market Ltd.,Roadshow securities limited,1000,252.0,252000.0,2025-07-14 11:53:00.260543
2025-07-14,55564,2025071404004621,AKPL,Swarna Laxmi Securities Pvt. Ltd.,Roadshow securities limited,500,252.0,126000.0,2025-07-14 11:53:00.260564
2025-07-14,55563,2025071404004622,AKPL,Imperial Securities Company Pvt. Ltd.,Roadshow securities limited,500,251.9,125950.0,2025-07-14 11:53:00.260587
2025-07-14,55562,2025071404004623,AKPL,Creative Securities Pvt Ltd,Roadshow securities limited,300,251.5,75450.0,2025-07-14 11:53:00.260612
2025-07-14,55561,2025071404004624,AKPL,Aryatara Investment & Securities,Roadshow securities limited,785,251.5,197427.5,2025-07-14 11:53:00.260632
2025-07-14,55560,2025071404004625,AKPL,Opal Securities Investment (PVT) Ltd.,Roadshow securities limited,30,251.5,7545.0,2025-07-14 11:53:00.260654
2025-07-14,55559,2025071404004626,AKPL,Sumeru Securities Pvt. Ltd.,Roadshow securities limited,10,251.5,2515.0,2025-07-14 11:53:00.260707
2025-07-14,54239,2025071404004925,AKPL,Deevyaa Securities & Stock House Pvt. Ltd,Siprabi Securities Pvt. Ltd.,500,253.0,126500.0,2025-07-14 11:56:58.505801
2025-07-14,54212,2025071404004936,AKPL,Dynamic Money Managers Securities Pvt. Ltd.,Siprabi Securities Pvt. Ltd.,500,253.0,126500.0,2025-07-14 11:57:02.633666
2025-07-14,54211,2025071404004937,AKPL,Dynamic Money Managers Securities Pvt. Ltd.,NIMB Stock Markets Limited,318,254.0,80772.0,2025-07-14 11:57:02.634092
2025-07-14,54210,2025071404004938,AKPL,Dynamic Money Managers Securities Pvt. Ltd.,Asian Securities Private Ltd.,1000,254.0,254000.0,2025-07-14 11:57:02.634413
2025-07-14,54209,2025071404004939,AKPL,Dynamic Money Managers Securities Pvt. Ltd.,Global IME Securities Limited,182,254.0,46228.0,2025-07-14 11:57:02.634678
2025-07-14,54163,2025071404004946,AKPL,Naasa Securities Co. Ltd.,Global IME Securities Limited,10,254.0,2540.0,2025-07-14 11:57:08.208285
2025-07-14,54002,2025071404004986,AKPL,Trisul Securities & Invt. Ltd.,Global IME Securities Limited,150,254.0,38100.0,2025-07-14 11:57:36.390630
2025-07-14,53819,2025071404005025,AKPL,Naasa Securities Co. Ltd.,Global IME Securities Limited,10,254.0,2540.0,2025-07-14 11:58:10.490617
2025-07-14,53766,2025071404005032,AKPL,Primo Securities (PVT) Ltd.,Global IME Securities Limited,20,254.0,5080.0,2025-07-14 11:58:16.755194
2025-07-14,53348,2025071404005144,AKPL,Secured Securities Ltd.,Imperial Securities Company Pvt. Ltd.,500,253.1,126550.0,2025-07-14 11:59:31.885445
2025-07-14,53221,2025071404005193,AKPL,Dynamic Money Managers Securities Pvt. Ltd.,Global IME Securities Limited,428,254.0,108712.0,2025-07-14 11:59:58.106200
2025-07-14,53220,2025071404005194,AKPL,Dynamic Money Managers Securities Pvt. Ltd.,Dakshinkali Investment & Securities Pvt. Ltd.,72,254.0,18288.0,2025-07-14 11:59:58.106474
2025-07-14,53196,2025071404005206,AKPL,Neev Securities Pvt. Ltd.,Stoxkarts Securities Limited,100,253.2,25320.0,2025-07-14 12:00:01.745275
2025-07-14,53195,2025071404005207,AKPL,Agrawal Securities (PVT) Ltd.,Stoxkarts Securities Limited,200,253.0,50600.0,2025-07-14 12:00:01.745373
2025-07-14,53194,2025071404005208,AKPL,Siprabi Securities Pvt. Ltd.,Stoxkarts Securities Limited,400,253.0,101200.0,2025-07-14 12:00:01.745403
2025-07-14,53058,2025071404005261,AKPL,Siprabi Securities Pvt. Ltd.,Thrive Brokerage House Pvt. Ltd,100,253.0,25300.0,2025-07-14 12:00:33.911069
2025-07-14,53057,2025071404005262,AKPL,Secured Securities Ltd.,Thrive Brokerage House Pvt. Ltd,600,253.0,151800.0,2025-07-14 12:00:33.911300
2025-07-14,53024,2025071404005274,AKPL,Machhapuchchhre Securities Limited,Dakshinkali Investment & Securities Pvt. Ltd.,10,254.0,2540.0,2025-07-14 12:00:42.002185
2025-07-14,52294,2025071404005535,AKPL,Market Securities & Exchange (PVT) Ltd.,Thrive Brokerage House Pvt. Ltd,10,254.7,2547.0,2025-07-14 12:03:20.024786
2025-07-14,52142,2025071404005577,AKPL,Pragyan Securities (PVT) Ltd.,Thrive Brokerage House Pvt. Ltd,290,254.7,73863.0,2025-07-14 12:03:54.703988
2025-07-14,52141,2025071404005578,AKPL,Pragyan Securities (PVT) Ltd.,Secured Securities Ltd.,140,254.7,35658.0,2025-07-14 12:03:54.704475
2025-07-14,51763,2025071404005695,AKPL,Linch Stock Market Ltd.,Thrive Brokerage House Pvt. Ltd,150,254.0,38100.0,2025-07-14 12:05:36.085147
2025-07-14,51761,2025071404005697,AKPL,Sri Hari Securities Pvt. Ltd.,Thrive Brokerage House Pvt. Ltd,100,254.0,25400.0,2025-07-14 12:05:36.599478
2025-07-14,51730,2025071404005705,AKPL,Online Securities Pvt. Ltd.,Thrive Brokerage House Pvt. Ltd,250,254.0,63500.0,2025-07-14 12:05:45.503026
2025-07-14,51729,2025071404005706,AKPL,Online Securities Pvt. Ltd.,Secured Securities Ltd.,130,254.7,33111.0,2025-07-14 12:05:45.503270
2025-07-14,51644,2025071404005719,AKPL,Online Securities Pvt. Ltd.,Thrive Brokerage House Pvt. Ltd,120,254.7,30564.0,2025-07-14 12:06:04.229243
2025-07-14,51433,2025071404005791,AKPL,Sani Securities Company Ltd.,Thrive Brokerage House Pvt. Ltd,100,254.7,25470.0,2025-07-14 12:06:44.986861
2025-07-14,51295,2025071404005831,AKPL,Sani Securities Company Ltd.,Thrive Brokerage House Pvt. Ltd,200,254.7,50940.0,2025-07-14 12:07:13.215111
2025-07-14,51133,2025071404005887,AKPL,Sunrise Securities Limited,Thrive Brokerage House Pvt. Ltd,80,253.6,20288.0,2025-07-14 12:07:49.629371
2025-07-14,50884,2025071404005957,AKPL,Machhapuchchhre Securities Limited,Nagarik Stock Dealer ,10,254.5,2545.0,2025-07-14 12:08:58.948159
2025-07-14,50812,2025071404005973,AKPL,Sunrise Securities Limited,Nagarik Stock Dealer ,490,253.6,124264.0,2025-07-14 12:09:19.052660
2025-07-14,50554,2025071404006040,AKPL,South Asian Bulls Pvt. Ltd.,Nagarik Stock Dealer ,100,253.7,25370.0,2025-07-14 12:10:18.258590
2025-07-14,50499,2025071404006059,AKPL,Machhapuchchhre Securities Limited,Imperial Securities Company Pvt. Ltd.,10,254.6,2546.0,2025-07-14 12:10:33.204505
2025-07-14,50404,2025071404006095,AKPL,Sunrise Securities Limited,Sri Hari Securities Pvt. Ltd.,165,253.6,41844.0,2025-07-14 12:10:55.127529
2025-07-14,50357,2025071404006110,AKPL,Machhapuchchhre Securities Limited,Imperial Securities Company Pvt. Ltd.,10,254.6,2546.0,2025-07-14 12:11:11.298475
2025-07-14,50326,2025071404006118,AKPL,Sunrise Securities Limited,Miyo Securities Pvt Ltd,1265,253.6,320804.0,2025-07-14 12:11:13.941595
2025-07-14,50325,2025071404006119,AKPL,Dakshinkali Investment & Securities Pvt. Ltd.,Miyo Securities Pvt Ltd,10,253.6,2536.0,2025-07-14 12:11:13.941888
2025-07-14,49924,2025071404006213,AKPL,Vision Securities Pvt. Ltd,Oxford Securities Pvt. Ltd.,60,254.0,15240.0,2025-07-14 12:12:50.376095
2025-07-14,49617,2025071404006282,AKPL,Machhapuchchhre Securities Limited,Imperial Securities Company Pvt. Ltd.,10,254.6,2546.0,2025-07-14 12:14:09.798234
2025-07-14,49472,2025071404006322,AKPL,Vision Securities Pvt. Ltd,Market Securities & Exchange (PVT) Ltd.,200,254.0,50800.0,2025-07-14 12:14:53.844683
2025-07-14,49459,2025071404006327,AKPL,Vision Securities Pvt. Ltd,Miyo Securities Pvt Ltd,240,254.0,60960.0,2025-07-14 12:14:57.539572
2025-07-14,49365,2025071404006348,AKPL,Opal Securities Investment (PVT) Ltd.,Miyo Securities Pvt Ltd,200,254.0,50800.0,2025-07-14 12:15:26.331865
2025-07-14,48998,2025071404006454,AKPL,Shree Krishna Securities Ltd.,Secured Securities Ltd.,488,254.5,124196.0,2025-07-14 12:17:01.301645
2025-07-14,48896,2025071404006494,AKPL,Opal Securities Investment (PVT) Ltd.,Imperial Securities Company Pvt. Ltd.,700,254.6,178220.0,2025-07-14 12:17:19.865011
2025-07-14,48637,2025071404006552,AKPL,Shree Krishna Securities Ltd.,K.B.L. Securities Limited ,512,254.5,130304.0,2025-07-14 12:18:26.798692
2025-07-14,48636,2025071404006553,AKPL,Cristal Kanchanjanga Securites Pvt. Ltd.,K.B.L. Securities Limited ,1000,254.0,254000.0,2025-07-14 12:18:26.799204
2025-07-14,48635,2025071404006554,AKPL,Vision Securities Pvt. Ltd,K.B.L. Securities Limited ,1000,253.5,253500.0,2025-07-14 12:18:26.799537
2025-07-14,48634,2025071404006555,AKPL,Malla & Malla Stock Broking Company Pvt. Limited,K.B.L. Securities Limited ,50,253.5,12675.0,2025-07-14 12:18:26.799859
2025-07-14,48633,2025071404006556,AKPL,Cristal Kanchanjanga Securites Pvt. Ltd.,K.B.L. Securities Limited ,688,253.2,174201.6,2025-07-14 12:18:26.800170
2025-07-14,48532,2025071404006588,AKPL,Machhapuchchhre Securities Limited,Dipshikha Dhitopatra Karobar Co. Pvt Ltd.,10,254.5,2545.0,2025-07-14 12:18:50.517187
2025-07-14,48295,2025071404006636,AKPL,Asian Securities Private Ltd.,Dipshikha Dhitopatra Karobar Co. Pvt Ltd.,140,254.5,35630.0,2025-07-14 12:19:59.191298
2025-07-14,48080,2025071404006707,AKPL,Asian Securities Private Ltd.,Imperial Securities Company Pvt. Ltd.,270,254.6,68742.0,2025-07-14 12:20:58.570329
2025-07-14,47940,2025071404006739,AKPL,Cristal Kanchanjanga Securites Pvt. Ltd.,Sundhara Securities Limited,312,253.2,78998.4,2025-07-14 12:21:37.497419
2025-07-14,47939,2025071404006740,AKPL,Beni Securities Pvt.Ltd.,Sundhara Securities Limited,50,253.2,12660.0,2025-07-14 12:21:37.497709
2025-07-14,47938,2025071404006741,AKPL,Dakshinkali Investment & Securities Pvt. Ltd.,Sundhara Securities Limited,10,253.2,2532.0,2025-07-14 12:21:37.497814
2025-07-14,47937,2025071404006742,AKPL,Imperial Securities Company Pvt. Ltd.,Sundhara Securities Limited,40,253.2,10128.0,2025-07-14 12:21:37.497923
2025-07-14,47936,2025071404006743,AKPL,Shree Krishna Securities Ltd.,Sundhara Securities Limited,1000,253.2,253200.0,2025-07-14 12:21:37.498027
2025-07-14,47935,2025071404006744,AKPL,Primo Securities (PVT) Ltd.,Sundhara Securities Limited,500,253.1,126550.0,2025-07-14 12:21:37.498131
2025-07-14,47934,2025071404006745,AKPL,INDEX SECURITIES LIMITED,Sundhara Securities Limited,788,253.0,199364.0,2025-07-14 12:21:37.498246
2025-07-14,47811,2025071404006786,AKPL,Machhapuchchhre Securities Limited,Malla & Malla Stock Broking Company Pvt. Limited,10,255.0,2550.0,2025-07-14 12:22:05.033654
2025-07-14,47612,2025071404006855,AKPL,Asian Securities Private Ltd.,Dipshikha Dhitopatra Karobar Co. Pvt Ltd.,10,254.9,2549.0,2025-07-14 12:23:10.234696
2025-07-14,47532,2025071404006880,AKPL,Asian Securities Private Ltd.,Malla & Malla Stock Broking Company Pvt. Limited,80,255.0,20400.0,2025-07-14 12:23:25.361165
2025-07-14,47057,2025071404007090,AKPL,Asian Securities Private Ltd.,Shree Krishna Securities Ltd.,2450,254.5,623525.0,2025-07-14 12:25:24.281793
2025-07-14,47056,2025071404007091,AKPL,Opal Securities Investment (PVT) Ltd.,Naasa Securities Co. Ltd.,70,254.0,17780.0,2025-07-14 12:25:24.370523
2025-07-14,46457,2025071404007300,AKPL,Machhapuchchhre Securities Limited,Malla & Malla Stock Broking Company Pvt. Limited,10,255.0,2550.0,2025-07-14 12:28:11.977824
2025-07-14,46264,2025071404007355,AKPL,Imperial Securities Company Pvt. Ltd.,Online Securities Pvt. Ltd.,20,255.0,5100.0,2025-07-14 12:29:07.022507
2025-07-14,45515,2025071404007586,AKPL,Malla & Malla Stock Broking Company Pvt. Limited,Miyo Securities Pvt Ltd,100,254.1,25410.0,2025-07-14 12:32:54.500253
2025-07-14,45514,2025071404007587,AKPL,Aryatara Investment & Securities,Miyo Securities Pvt Ltd,400,254.1,101640.0,2025-07-14 12:32:54.500609
2025-07-14,45387,2025071404007630,AKPL,Machhapuchchhre Securities Limited,Vision Securities Pvt. Ltd,10,255.0,2550.0,2025-07-14 12:33:26.776989
2025-07-14,45130,2025071404007676,AKPL,Shree Krishna Securities Ltd.,Prabhu Stock Market Limited,1000,254.5,254500.0,2025-07-14 12:34:27.545231
2025-07-14,45079,2025071404007701,AKPL,Asian Securities Private Ltd.,Vision Securities Pvt. Ltd,290,255.0,73950.0,2025-07-14 12:34:50.867455
2025-07-14,45078,2025071404007702,AKPL,Asian Securities Private Ltd.,Thrive Brokerage House Pvt. Ltd,2000,255.0,510000.0,2025-07-14 12:34:50.868161
2025-07-14,45077,2025071404007703,AKPL,Asian Securities Private Ltd.,Midas Stock Broking Company Private Limited,2710,255.0,691050.0,2025-07-14 12:34:50.868744
2025-07-14,44821,2025071404007797,AKPL,Asian Securities Private Ltd.,Midas Stock Broking Company Private Limited,1290,255.0,328950.0,2025-07-14 12:35:51.125695
2025-07-14,44820,2025071404007798,AKPL,Asian Securities Private Ltd.,Creative Securities Pvt Ltd,1000,255.0,255000.0,2025-07-14 12:35:51.125979
2025-07-14,44309,2025071404007942,AKPL,Secured Securities Ltd.,Miyo Securities Pvt Ltd,300,255.0,76500.0,2025-07-14 12:38:02.317931
2025-07-14,44027,2025071404007999,AKPL,Machhapuchchhre Securities Limited,Swarna Laxmi Securities Pvt. Ltd.,10,256.0,2560.0,2025-07-14 12:39:15.719746
2025-07-14,43850,2025071404008057,AKPL,South Asian Bulls Pvt. Ltd.,Sajilo Broker Limited,500,255.0,127500.0,2025-07-14 12:40:10.311633
2025-07-14,43542,2025071404008138,AKPL,South Asian Bulls Pvt. Ltd.,J.F. Securites (PVT) Ltd.,50,255.0,12750.0,2025-07-14 12:41:21.565480
2025-07-14,43421,2025071404008188,AKPL,Machhapuchchhre Securities Limited,Dipshikha Dhitopatra Karobar Co. Pvt Ltd.,10,255.9,2559.0,2025-07-14 12:41:54.143087
2025-07-14,42147,2025071404008649,AKPL,Trishakti Securities Public Limited,Cristal Kanchanjanga Securites Pvt. Ltd.,70,255.9,17913.0,2025-07-14 12:47:58.882562
2025-07-14,41664,2025071404008831,AKPL,Trisul Securities & Invt. Ltd.,Cristal Kanchanjanga Securites Pvt. Ltd.,30,255.9,7677.0,2025-07-14 12:50:15.179572
2025-07-14,41663,2025071404008832,AKPL,Trisul Securities & Invt. Ltd.,Asian Securities Private Ltd.,970,255.9,248223.0,2025-07-14 12:50:15.179680
2025-07-14,41632,2025071404008839,AKPL,Trishakti Securities Public Limited,Asian Securities Private Ltd.,30,255.9,7677.0,2025-07-14 12:50:20.748818
2025-07-14,41193,2025071404008964,AKPL,Aryatara Investment & Securities,Miyo Securities Pvt Ltd,10,255.9,2559.0,2025-07-14 12:52:20.099981
2025-07-14,41144,2025071404008971,AKPL,Cristal Kanchanjanga Securites Pvt. Ltd.,Miyo Securities Pvt Ltd,100,255.9,25590.0,2025-07-14 12:52:27.610504
2025-07-14,41064,2025071404008993,AKPL,Aryatara Investment & Securities,Miyo Securities Pvt Ltd,90,255.9,23031.0,2025-07-14 12:52:52.386484
2025-07-14,41063,2025071404008994,AKPL,Aryatara Investment & Securities,Thrive Brokerage House Pvt. Ltd,200,255.9,51180.0,2025-07-14 12:52:52.386787
2025-07-14,41062,2025071404008995,AKPL,Aryatara Investment & Securities,Swarna Laxmi Securities Pvt. Ltd.,705,256.0,180480.0,2025-07-14 12:52:52.386920
2025-07-14,40987,2025071404009018,AKPL,Imperial Securities Company Pvt. Ltd.,Oxford Securities Pvt. Ltd.,170,255.6,43452.0,2025-07-14 12:53:06.644001
2025-07-14,40985,2025071404009019,AKPL,South Asian Bulls Pvt. Ltd.,Oxford Securities Pvt. Ltd.,30,255.6,7668.0,2025-07-14 12:53:08.232107
2025-07-14,40759,2025071404009109,AKPL,Shree Krishna Securities Ltd.,Agrawal Securities (PVT) Ltd.,100,255.9,25590.0,2025-07-14 12:53:58.344581
2025-07-14,40758,2025071404009110,AKPL,Shree Krishna Securities Ltd.,Swarna Laxmi Securities Pvt. Ltd.,368,256.0,94208.0,2025-07-14 12:53:58.344918
2025-07-14,40757,2025071404009111,AKPL,Shree Krishna Securities Ltd.,Malla & Malla Stock Broking Company Pvt. Limited,100,256.0,25600.0,2025-07-14 12:53:58.345054
2025-07-14,40756,2025071404009112,AKPL,Shree Krishna Securities Ltd.,Sweta Securities Private Limited,432,256.0,110592.0,2025-07-14 12:53:58.345183
2025-07-14,40742,2025071404009124,AKPL,ABC Securities Private Limited,Sweta Securities Private Limited,500,256.0,128000.0,2025-07-14 12:54:02.465921
2025-07-14,40732,2025071404009126,AKPL,Shree Krishna Securities Ltd.,Sweta Securities Private Limited,450,256.0,115200.0,2025-07-14 12:54:09.392890
2025-07-14,40713,2025071404009132,AKPL,Siprabi Securities Pvt. Ltd.,Sweta Securities Private Limited,218,256.0,55808.0,2025-07-14 12:54:16.724955
2025-07-14,40712,2025071404009133,AKPL,Siprabi Securities Pvt. Ltd.,Premier Securities Company Ltd.,200,256.0,51200.0,2025-07-14 12:54:16.725248
2025-07-14,40711,2025071404009134,AKPL,Siprabi Securities Pvt. Ltd.,Swarna Laxmi Securities Pvt. Ltd.,82,256.0,20992.0,2025-07-14 12:54:16.725395
2025-07-14,40437,2025071404009224,AKPL,South Asian Bulls Pvt. Ltd.,Oxford Securities Pvt. Ltd.,100,255.7,25570.0,2025-07-14 12:55:07.322132
2025-07-14,40338,2025071404009243,AKPL,South Asian Bulls Pvt. Ltd.,Malla & Malla Stock Broking Company Pvt. Limited,450,255.8,115110.0,2025-07-14 12:55:33.325143
2025-07-14,40337,2025071404009244,AKPL,South Asian Bulls Pvt. Ltd.,Malla & Malla Stock Broking Company Pvt. Limited,300,255.7,76710.0,2025-07-14 12:55:33.325449
2025-07-14,40164,2025071404009301,AKPL,Shree Krishna Securities Ltd.,Shree Krishna Securities Ltd.,7,256.0,1792.0,2025-07-14 12:56:13.888861
2025-07-14,40103,2025071404009320,AKPL,South Asian Bulls Pvt. Ltd.,Dipshikha Dhitopatra Karobar Co. Pvt Ltd.,10,255.7,2557.0,2025-07-14 12:56:27.265363
2025-07-14,40084,2025071404009328,AKPL,South Asian Bulls Pvt. Ltd.,Oxford Securities Pvt. Ltd.,60,255.7,15342.0,2025-07-14 12:56:32.874516
2025-07-14,40034,2025071404009351,AKPL,South Asian Bulls Pvt. Ltd.,Oxford Securities Pvt. Ltd.,40,255.7,10228.0,2025-07-14 12:56:45.357689
2025-07-14,39497,2025071404009525,AKPL,Trishakti Securities Public Limited,Dynamic Money Managers Securities Pvt. Ltd.,10,255.7,2557.0,2025-07-14 12:58:41.980693
2025-07-14,39496,2025071404009526,AKPL,Dakshinkali Investment & Securities Pvt. Ltd.,Dynamic Money Managers Securities Pvt. Ltd.,200,255.2,51040.0,2025-07-14 12:58:41.980827
2025-07-14,39495,2025071404009527,AKPL,Naasa Securities Co. Ltd.,Dynamic Money Managers Securities Pvt. Ltd.,40,255.1,10204.0,2025-07-14 12:58:41.980914
2025-07-14,39494,2025071404009528,AKPL,Creative Securities Pvt Ltd,Dynamic Money Managers Securities Pvt. Ltd.,50,255.0,12750.0,2025-07-14 12:58:41.980998
2025-07-14,39493,2025071404009529,AKPL,Secured Securities Ltd.,Dynamic Money Managers Securities Pvt. Ltd.,500,255.0,127500.0,2025-07-14 12:58:41.981077
2025-07-14,39492,2025071404009530,AKPL,Kumari Securities Private Limited,Dynamic Money Managers Securities Pvt. Ltd.,200,255.0,51000.0,2025-07-14 12:58:41.981142
2025-07-14,39162,2025071404009602,AKPL,Infinity Securities Limited,Swarna Laxmi Securities Pvt. Ltd.,1418,256.0,363008.0,2025-07-14 13:00:11.363391
2025-07-14,39161,2025071404009603,AKPL,Infinity Securities Limited,Thrive Brokerage House Pvt. Ltd,82,256.0,20992.0,2025-07-14 13:00:11.363958
2025-07-14,38566,2025071404009802,AKPL,Vision Securities Pvt. Ltd,Dynamic Money Managers Securities Pvt. Ltd.,18,256.0,4608.0,2025-07-14 13:03:19.916644
2025-07-14,38565,2025071404009803,AKPL,Ashutosh Brokerage & Securities (PVT) Ltd.,Dynamic Money Managers Securities Pvt. Ltd.,482,255.3,123054.6,2025-07-14 13:03:19.916679
2025-07-14,38022,2025071404009998,AKPL,Ashutosh Brokerage & Securities (PVT) Ltd.,Naasa Securities Co. Ltd.,50,255.3,12765.0,2025-07-14 13:05:40.831878
2025-07-14,37350,2025071404010227,AKPL,Naasa Securities Co. Ltd.,Primo Securities (PVT) Ltd.,100,255.5,25550.0,2025-07-14 13:09:09.806638
2025-07-14,37079,2025071404010330,AKPL,Infinity Securities Limited,Premier Securities Company Ltd.,200,256.0,51200.0,2025-07-14 13:10:24.426903
2025-07-14,36994,2025071404010344,AKPL,Dakshinkali Investment & Securities Pvt. Ltd.,Bhrikuti Stock Broking Co. Pvt. Ltd.,100,256.2,25620.0,2025-07-14 13:10:43.419956
2025-07-14,36445,2025071404010556,AKPL,Infinity Securities Limited,Kohinoor Investment & Securities Pvt. Ltd.,1000,256.0,256000.0,2025-07-14 13:13:21.201973
2025-07-14,35874,2025071404010740,AKPL,J.F. Securites (PVT) Ltd.,Bhrikuti Stock Broking Co. Pvt. Ltd.,190,256.2,48678.0,2025-07-14 13:16:10.032460
2025-07-14,35873,2025071404010741,AKPL,J.F. Securites (PVT) Ltd.,Thrive Brokerage House Pvt. Ltd,18,256.2,4611.6,2025-07-14 13:16:10.032876
2025-07-14,35838,2025071404010751,AKPL,Sani Securities Company Ltd.,South Asian Bulls Pvt. Ltd.,390,256.5,100035.0,2025-07-14 13:16:24.572721
2025-07-14,35241,2025071404010962,AKPL,J.F. Securites (PVT) Ltd.,Market Securities & Exchange (PVT) Ltd.,42,256.3,10764.6,2025-07-14 13:18:54.452101
2025-07-14,35240,2025071404010963,AKPL,Infinity Securities Limited,Market Securities & Exchange (PVT) Ltd.,158,256.0,40448.0,2025-07-14 13:18:54.452850
2025-07-14,35239,2025071404010964,AKPL,Dipshikha Dhitopatra Karobar Co. Pvt Ltd.,South Asian Bulls Pvt. Ltd.,110,256.5,28215.0,2025-07-14 13:18:55.668157
2025-07-14,34757,2025071404011079,AKPL,Dipshikha Dhitopatra Karobar Co. Pvt Ltd.,Aryatara Investment & Securities,140,256.5,35910.0,2025-07-14 13:20:29.545431
2025-07-14,34218,2025071404011227,AKPL,Infinity Securities Limited,Naasa Securities Co. Ltd.,100,256.0,25600.0,2025-07-14 13:22:56.688265
2025-07-14,34042,2025071404011268,AKPL,Infinity Securities Limited,Primo Securities (PVT) Ltd.,100,256.0,25600.0,2025-07-14 13:23:51.211681
2025-07-14,33902,2025071404011304,AKPL,Infinity Securities Limited,Naasa Securities Co. Ltd.,200,256.0,51200.0,2025-07-14 13:24:30.817087
2025-07-14,33819,2025071404011331,AKPL,Infinity Securities Limited,Cristal Kanchanjanga Securites Pvt. Ltd.,100,256.0,25600.0,2025-07-14 13:24:52.388573
2025-07-14,33777,2025071404011347,AKPL,Infinity Securities Limited,Opal Securities Investment (PVT) Ltd.,842,256.0,215552.0,2025-07-14 13:25:07.086310
2025-07-14,33776,2025071404011348,AKPL,Online Securities Pvt. Ltd.,Opal Securities Investment (PVT) Ltd.,50,256.0,12800.0,2025-07-14 13:25:07.087028
2025-07-14,33775,2025071404011349,AKPL,Online Securities Pvt. Ltd.,Opal Securities Investment (PVT) Ltd.,145,256.0,37120.0,2025-07-14 13:25:07.087473
2025-07-14,33774,2025071404011350,AKPL,South Asian Bulls Pvt. Ltd.,Opal Securities Investment (PVT) Ltd.,463,256.0,118528.0,2025-07-14 13:25:07.087995
2025-07-14,33736,2025071404011363,AKPL,South Asian Bulls Pvt. Ltd.,K.B.L. Securities Limited ,37,256.0,9472.0,2025-07-14 13:25:18.828956
2025-07-14,33535,2025071404011428,AKPL,Aryatara Investment & Securities,K.B.L. Securities Limited ,13,256.0,3328.0,2025-07-14 13:26:03.260281
2025-07-14,32947,2025071404011675,AKPL,Linch Stock Market Ltd.,Aryatara Investment & Securities,10,256.5,2565.0,2025-07-14 13:28:07.801043
2025-07-14,32415,2025071404011857,AKPL,Aryatara Investment & Securities,Stoxkarts Securities Limited,14,256.0,3584.0,2025-07-14 13:30:09.472457
2025-07-14,31828,2025071404012049,AKPL,Aryatara Investment & Securities,Citizens Share Broker Limited,73,256.0,18688.0,2025-07-14 13:32:33.279278
2025-07-14,31827,2025071404012050,AKPL,Bhrikuti Stock Broking Co. Pvt. Ltd.,Citizens Share Broker Limited,100,256.0,25600.0,2025-07-14 13:32:33.279649
2025-07-14,31826,2025071404012051,AKPL,Naasa Securities Co. Ltd.,Citizens Share Broker Limited,50,255.5,12775.0,2025-07-14 13:32:33.279802
2025-07-14,31825,2025071404012052,AKPL,Sani Securities Company Ltd.,Citizens Share Broker Limited,250,255.5,63875.0,2025-07-14 13:32:33.279955
2025-07-14,31824,2025071404012053,AKPL,Ashutosh Brokerage & Securities (PVT) Ltd.,Citizens Share Broker Limited,468,255.3,119480.4,2025-07-14 13:32:33.280107
2025-07-14,31823,2025071404012054,AKPL,Thrive Brokerage House Pvt. Ltd,Citizens Share Broker Limited,59,255.3,15062.7,2025-07-14 13:32:33.280258
2025-07-14,31630,2025071404012102,AKPL,Linch Stock Market Ltd.,Opal Securities Investment (PVT) Ltd.,20,255.2,5104.0,2025-07-14 13:33:25.332902
2025-07-14,31629,2025071404012103,AKPL,Sani Securities Company Ltd.,Opal Securities Investment (PVT) Ltd.,1500,255.1,382650.0,2025-07-14 13:33:25.333621
2025-07-14,31628,2025071404012104,AKPL,Capital Hub P. Ltd,Opal Securities Investment (PVT) Ltd.,100,255.1,25510.0,2025-07-14 13:33:25.334068
2025-07-14,31627,2025071404012105,AKPL,Kumari Securities Private Limited,Opal Securities Investment (PVT) Ltd.,100,255.0,25500.0,2025-07-14 13:33:25.334510
2025-07-14,31626,2025071404012106,AKPL,Trishakti Securities Public Limited,Opal Securities Investment (PVT) Ltd.,20,255.0,5100.0,2025-07-14 13:33:25.334942
2025-07-14,31625,2025071404012107,AKPL,Dipshikha Dhitopatra Karobar Co. Pvt Ltd.,Opal Securities Investment (PVT) Ltd.,10,255.0,2550.0,2025-07-14 13:33:25.335386
2025-07-14,31624,2025071404012108,AKPL,Agrawal Securities (PVT) Ltd.,Opal Securities Investment (PVT) Ltd.,100,255.0,25500.0,2025-07-14 13:33:25.335813
2025-07-14,31623,2025071404012109,AKPL,Naasa Securities Co. Ltd.,Opal Securities Investment (PVT) Ltd.,100,255.0,25500.0,2025-07-14 13:33:25.336240
2025-07-14,31622,2025071404012110,AKPL,Deevyaa Securities & Stock House Pvt. Ltd,Opal Securities Investment (PVT) Ltd.,1000,255.0,255000.0,2025-07-14 13:33:25.336688
2025-07-14,31621,2025071404012111,AKPL,Indira securities pvt. ltd,Opal Securities Investment (PVT) Ltd.,100,255.0,25500.0,2025-07-14 13:33:25.337113
2025-07-14,31620,2025071404012112,AKPL,Creative Securities Pvt Ltd,Opal Securities Investment (PVT) Ltd.,50,255.0,12750.0,2025-07-14 13:33:25.337547
2025-07-14,31619,2025071404012113,AKPL,Deevyaa Securities & Stock House Pvt. Ltd,Opal Securities Investment (PVT) Ltd.,1000,255.0,255000.0,2025-07-14 13:33:25.337972
2025-07-14,31618,2025071404012114,AKPL,Siprabi Securities Pvt. Ltd.,Opal Securities Investment (PVT) Ltd.,100,255.0,25500.0,2025-07-14 13:33:25.338406
2025-07-14,31617,2025071404012115,AKPL,Aryatara Investment & Securities,Opal Securities Investment (PVT) Ltd.,1000,255.0,255000.0,2025-07-14 13:33:25.338832
2025-07-14,31616,2025071404012116,AKPL,Sundhara Securities Limited,Opal Securities Investment (PVT) Ltd.,800,255.0,204000.0,2025-07-14 13:33:25.339264
2025-07-14,31133,2025071404012297,AKPL,Thrive Brokerage House Pvt. Ltd,Trishakti Securities Public Limited,19,255.2,4848.8,2025-07-14 13:35:16.877476
2025-07-14,31020,2025071404012328,AKPL,Dakshinkali Investment & Securities Pvt. Ltd.,Naasa Securities Co. Ltd.,500,256.4,128200.0,2025-07-14 13:35:30.295675
2025-07-14,31017,2025071404012330,AKPL,Sundhara Securities Limited,South Asian Bulls Pvt. Ltd.,400,255.0,102000.0,2025-07-14 13:35:31.336967
2025-07-14,31016,2025071404012331,AKPL,Aryatara Investment & Securities,South Asian Bulls Pvt. Ltd.,500,255.0,127500.0,2025-07-14 13:35:31.337645
2025-07-14,31015,2025071404012332,AKPL,Online Securities Pvt. Ltd.,South Asian Bulls Pvt. Ltd.,100,255.0,25500.0,2025-07-14 13:35:31.338097
2025-07-14,30423,2025071404012550,AKPL,Online Securities Pvt. Ltd.,Naasa Securities Co. Ltd.,75,255.0,19125.0,2025-07-14 13:37:47.396483
2025-07-14,30206,2025071404012610,AKPL,Machhapuchchhre Securities Limited,Naasa Securities Co. Ltd.,10,256.4,2564.0,2025-07-14 13:38:29.413457
2025-07-14,29637,2025071404012788,AKPL,Bhrikuti Stock Broking Co. Pvt. Ltd.,Naasa Securities Co. Ltd.,100,256.0,25600.0,2025-07-14 13:40:48.794560
2025-07-14,29332,2025071404012871,AKPL,Online Securities Pvt. Ltd.,NIMB Stock Markets Limited,325,255.0,82875.0,2025-07-14 13:42:01.149205
2025-07-14,29331,2025071404012872,AKPL,Creative Securities Pvt Ltd,NIMB Stock Markets Limited,50,255.0,12750.0,2025-07-14 13:42:01.149617
2025-07-14,29330,2025071404012873,AKPL,Trisul Securities & Invt. Ltd.,NIMB Stock Markets Limited,500,255.0,127500.0,2025-07-14 13:42:01.149770
2025-07-14,29329,2025071404012874,AKPL,Stoxkarts Securities Limited,NIMB Stock Markets Limited,50,255.0,12750.0,2025-07-14 13:42:01.149915
2025-07-14,29328,2025071404012875,AKPL,Capital Max Securities Ltd,NIMB Stock Markets Limited,500,255.0,127500.0,2025-07-14 13:42:01.150061
2025-07-14,29327,2025071404012876,AKPL,Capital Hub P. Ltd,NIMB Stock Markets Limited,200,254.1,50820.0,2025-07-14 13:42:01.150210
2025-07-14,29326,2025071404012877,AKPL,Deevyaa Securities & Stock House Pvt. Ltd,NIMB Stock Markets Limited,375,254.1,95287.5,2025-07-14 13:42:01.150359
2025-07-14,29234,2025071404012901,AKPL,Machhapuchchhre Securities Limited,Naasa Securities Co. Ltd.,10,256.0,2560.0,2025-07-14 13:42:24.099036
2025-07-14,29166,2025071404012914,AKPL,Blue Chip Securities Ltd,Asian Securities Private Ltd.,500,254.3,127150.0,2025-07-14 13:42:37.683130
2025-07-14,28842,2025071404013032,AKPL,Machhapuchchhre Securities Limited,Investment Management Nepal Pvt. Ltd.,10,255.0,2550.0,2025-07-14 13:43:46.336310
2025-07-14,28816,2025071404013047,AKPL,Blue Chip Securities Ltd,Imperial Securities Company Pvt. Ltd.,500,254.6,127300.0,2025-07-14 13:44:00.746093
2025-07-14,28789,2025071404013061,AKPL,Blue Chip Securities Ltd,Premier Securities Company Ltd.,91,254.5,23159.5,2025-07-14 13:44:08.990575
2025-07-14,28729,2025071404013075,AKPL,Blue Chip Securities Ltd,Imperial Securities Company Pvt. Ltd.,300,254.6,76380.0,2025-07-14 13:44:28.341729
2025-07-14,28471,2025071404013126,AKPL,Naasa Securities Co. Ltd.,Investment Management Nepal Pvt. Ltd.,10,255.0,2550.0,2025-07-14 13:45:21.608346
2025-07-14,28404,2025071404013151,AKPL,Dipshikha Dhitopatra Karobar Co. Pvt Ltd.,Siprabi Securities Pvt. Ltd.,33,254.7,8405.1,2025-07-14 13:45:43.113964
2025-07-14,28139,2025071404013223,AKPL,Deevyaa Securities & Stock House Pvt. Ltd,Investment Management Nepal Pvt. Ltd.,70,255.0,17850.0,2025-07-14 13:46:56.198488
2025-07-14,28138,2025071404013224,AKPL,Deevyaa Securities & Stock House Pvt. Ltd,Linch Stock Market Ltd.,495,255.0,126225.0,2025-07-14 13:46:56.199198
2025-07-14,28137,2025071404013225,AKPL,Deevyaa Securities & Stock House Pvt. Ltd,Agrawal Securities (PVT) Ltd.,95,255.0,24225.0,2025-07-14 13:46:56.199662
2025-07-14,27727,2025071404013351,AKPL,Sagarmatha Securities Private Limited,NIMB Stock Markets Limited,1000,255.9,255900.0,2025-07-14 13:48:55.227574
2025-07-14,27609,2025071404013389,AKPL,Dipshikha Dhitopatra Karobar Co. Pvt Ltd.,Naasa Securities Co. Ltd.,380,255.0,96900.0,2025-07-14 13:49:31.078343
2025-07-14,27263,2025071404013482,AKPL,Machhapuchchhre Securities Limited,NIMB Stock Markets Limited,10,255.9,2559.0,2025-07-14 13:51:20.562290
2025-07-14,26901,2025071404013604,AKPL,Dipshikha Dhitopatra Karobar Co. Pvt Ltd.,Pragyan Securities (PVT) Ltd.,120,255.0,30600.0,2025-07-14 13:52:54.432933
2025-07-14,26851,2025071404013620,AKPL,South Asian Bulls Pvt. Ltd.,Pragyan Securities (PVT) Ltd.,10,255.0,2550.0,2025-07-14 13:53:05.243481
2025-07-14,26240,2025071404013788,AKPL,Vision Securities Pvt. Ltd,Pragyan Securities (PVT) Ltd.,70,255.0,17850.0,2025-07-14 13:55:54.248416
2025-07-14,26239,2025071404013789,AKPL,Vision Securities Pvt. Ltd,Indira securities pvt. ltd,500,255.0,127500.0,2025-07-14 13:55:54.249284
2025-07-14,26238,2025071404013790,AKPL,Vision Securities Pvt. Ltd,Trademow Securities Private Limited,430,255.0,109650.0,2025-07-14 13:55:54.249905
2025-07-14,25826,2025071404013940,AKPL,Sri Hari Securities Pvt. Ltd.,Trademow Securities Private Limited,500,255.0,127500.0,2025-07-14 13:57:36.477524
2025-07-14,25711,2025071404013967,AKPL,Machhapuchchhre Securities Limited,Citizens Share Broker Limited,30,254.8,7644.0,2025-07-14 13:58:01.161931
2025-07-14,25710,2025071404013968,AKPL,Dipshikha Dhitopatra Karobar Co. Pvt Ltd.,Citizens Share Broker Limited,67,254.7,17064.9,2025-07-14 13:58:01.162668
2025-07-14,25709,2025071404013969,AKPL,Blue Chip Securities Ltd,Citizens Share Broker Limited,409,254.5,104090.5,2025-07-14 13:58:01.163133
2025-07-14,25708,2025071404013970,AKPL,Blue Chip Securities Ltd,Citizens Share Broker Limited,500,254.4,127200.0,2025-07-14 13:58:01.163604
2025-07-14,25707,2025071404013971,AKPL,Blue Chip Securities Ltd,Citizens Share Broker Limited,494,254.3,125624.2,2025-07-14 13:58:01.163942
2025-07-14,25492,2025071404014020,AKPL,Machhapuchchhre Securities Limited,Trademow Securities Private Limited,10,255.0,2550.0,2025-07-14 13:58:54.757538
2025-07-14,25474,2025071404014021,AKPL,Blue Chip Securities Ltd,Hatemalo Financial Services Private Limited,500,254.2,127100.0,2025-07-14 13:58:57.775013
2025-07-14,25473,2025071404014022,AKPL,Thrive Brokerage House Pvt. Ltd,Hatemalo Financial Services Private Limited,1000,254.2,254200.0,2025-07-14 13:58:57.775408
2025-07-14,25472,2025071404014023,AKPL,Deevyaa Securities & Stock House Pvt. Ltd,Hatemalo Financial Services Private Limited,1315,254.1,334141.5,2025-07-14 13:58:57.775564
2025-07-14,25439,2025071404014036,AKPL,Machhapuchchhre Securities Limited,Trademow Securities Private Limited,10,255.0,2550.0,2025-07-14 13:59:10.804561
2025-07-14,24621,2025071404014251,AKPL,ABC Securities Private Limited,Trademow Securities Private Limited,50,255.0,12750.0,2025-07-14 14:02:37.580257
2025-07-14,24620,2025071404014252,AKPL,ABC Securities Private Limited,NIMB Stock Markets Limited,1490,255.0,379950.0,2025-07-14 14:02:37.580948
2025-07-14,24619,2025071404014253,AKPL,ABC Securities Private Limited,Dipshikha Dhitopatra Karobar Co. Pvt Ltd.,50,255.0,12750.0,2025-07-14 14:02:37.581421
2025-07-14,24433,2025071404014306,AKPL,Machhapuchchhre Securities Limited,Naasa Securities Co. Ltd.,10,255.9,2559.0,2025-07-14 14:03:20.517627
2025-07-14,24279,2025071404014340,AKPL,Malla & Malla Stock Broking Company Pvt. Limited,Naasa Securities Co. Ltd.,81,255.9,20727.9,2025-07-14 14:04:11.296812
2025-07-14,24278,2025071404014341,AKPL,Malla & Malla Stock Broking Company Pvt. Limited,Sundhara Securities Limited,100,255.9,25590.0,2025-07-14 14:04:11.297209
2025-07-14,24271,2025071404014342,AKPL,Malla & Malla Stock Broking Company Pvt. Limited,Naasa Securities Co. Ltd.,19,255.9,4862.1,2025-07-14 14:04:13.827965
2025-07-14,24270,2025071404014343,AKPL,ABC Securities Private Limited,Naasa Securities Co. Ltd.,221,255.0,56355.0,2025-07-14 14:04:13.828739
2025-07-14,24224,2025071404014355,AKPL,Machhapuchchhre Securities Limited,Dipshikha Dhitopatra Karobar Co. Pvt Ltd.,10,256.0,2560.0,2025-07-14 14:04:24.692259
2025-07-14,24127,2025071404014379,AKPL,Kohinoor Investment & Securities Pvt. Ltd.,Nepal Stock House (PVT) Ltd.,31,255.1,7908.1,2025-07-14 14:04:42.511421
2025-07-14,23513,2025071404014584,AKPL,Kohinoor Investment & Securities Pvt. Ltd.,Machhapuchchhre Securities Limited,29,255.1,7397.9,2025-07-14 14:07:10.138217
2025-07-14,23512,2025071404014585,AKPL,Kumari Securities Private Limited,Machhapuchchhre Securities Limited,20,255.1,5102.0,2025-07-14 14:07:10.138941
2025-07-14,23511,2025071404014586,AKPL,ABC Securities Private Limited,Machhapuchchhre Securities Limited,451,255.0,115005.0,2025-07-14 14:07:10.139434
2025-07-14,23324,2025071404014633,AKPL,ABC Securities Private Limited,Sipla Securities Private Limited,1130,255.0,288150.0,2025-07-14 14:07:49.473171
2025-07-14,22952,2025071404014734,AKPL,Machhapuchchhre Securities Limited,Citizens Share Broker Limited,10,255.9,2559.0,2025-07-14 14:09:19.913904
2025-07-14,22931,2025071404014740,AKPL,Blue Chip Securities Ltd,Online Securities Pvt. Ltd.,12,255.2,3062.4,2025-07-14 14:09:24.951165
2025-07-14,22883,2025071404014764,AKPL,Blue Chip Securities Ltd,Sani Securities Company Ltd.,488,255.2,124537.6,2025-07-14 14:09:40.624943
2025-07-14,22882,2025071404014765,AKPL,Blue Chip Securities Ltd,Sani Securities Company Ltd.,500,255.1,127550.0,2025-07-14 14:09:40.625653
2025-07-14,22881,2025071404014766,AKPL,Linch Stock Market Ltd.,Sani Securities Company Ltd.,1012,255.1,258161.2,2025-07-14 14:09:40.626130
2025-07-14,22845,2025071404014784,AKPL,Machhapuchchhre Securities Limited,Citizens Share Broker Limited,10,255.9,2559.0,2025-07-14 14:09:48.999280
2025-07-14,20627,2025071404015481,AKPL,Siprabi Securities Pvt. Ltd.,ABC Securities Private Limited,20,255.5,5110.0,2025-07-14 14:18:40.561121
2025-07-14,20557,2025071404015506,AKPL,Sumeru Securities Pvt. Ltd.,ABC Securities Private Limited,51,255.5,13030.5,2025-07-14 14:19:00.696639
2025-07-14,19896,2025071404015665,AKPL,Linch Stock Market Ltd.,ABC Securities Private Limited,929,255.1,236987.9,2025-07-14 14:21:04.907383
2025-07-14,18952,2025071404015943,AKPL,Linch Stock Market Ltd.,Naasa Securities Co. Ltd.,990,255.1,252549.0,2025-07-14 14:24:06.042320
2025-07-14,18829,2025071404015982,AKPL,Dipshikha Dhitopatra Karobar Co. Pvt Ltd.,Citizens Share Broker Limited,15,255.1,3826.5,2025-07-14 14:24:28.883903
2025-07-14,18828,2025071404015983,AKPL,Primo Securities (PVT) Ltd.,Citizens Share Broker Limited,104,255.1,26530.4,2025-07-14 14:24:28.884291
2025-07-14,18827,2025071404015984,AKPL,Sewa Securities Pvt. Ltd.,Citizens Share Broker Limited,881,255.1,224743.1,2025-07-14 14:24:28.884458
2025-07-14,18625,2025071404016044,AKPL,KALASH STOCK MARKET PVT. LTD.,Creative Securities Pvt Ltd,300,255.4,76620.0,2025-07-14 14:25:00.836165
2025-07-14,18422,2025071404016113,AKPL,Sewa Securities Pvt. Ltd.,Naasa Securities Co. Ltd.,24,255.1,6122.4,2025-07-14 14:25:37.880642
2025-07-14,18365,2025071404016122,AKPL,Sewa Securities Pvt. Ltd.,N.M.B. SECURITIES LIMITED,395,255.1,100764.5,2025-07-14 14:25:45.174877
2025-07-14,18364,2025071404016123,AKPL,Capital Max Securities Ltd,N.M.B. SECURITIES LIMITED,95,255.0,24225.0,2025-07-14 14:25:45.175241
2025-07-14,18189,2025071404016189,AKPL,Capital Max Securities Ltd,Citizens Share Broker Limited,500,255.0,127500.0,2025-07-14 14:26:27.212880
2025-07-14,18104,2025071404016212,AKPL,Capital Max Securities Ltd,Creative Securities Pvt Ltd,405,255.0,103275.0,2025-07-14 14:26:43.085063
2025-07-14,18103,2025071404016213,AKPL,Sri Hari Securities Pvt. Ltd.,Creative Securities Pvt Ltd,150,255.0,38250.0,2025-07-14 14:26:43.085483
2025-07-14,18102,2025071404016214,AKPL,Online Securities Pvt. Ltd.,Creative Securities Pvt Ltd,120,255.0,30600.0,2025-07-14 14:26:43.085641
2025-07-14,18101,2025071404016215,AKPL,ABC Securities Private Limited,Creative Securities Pvt Ltd,25,255.0,6375.0,2025-07-14 14:26:43.085797
2025-07-14,18028,2025071404016236,AKPL,Machhapuchchhre Securities Limited,Dynamic Money Managers Securities Pvt. Ltd.,10,255.5,2555.0,2025-07-14 14:26:54.849900
2025-07-14,17023,2025071404016529,AKPL,ABC Securities Private Limited,Online Securities Pvt. Ltd.,740,255.0,188700.0,2025-07-14 14:29:52.887380
2025-07-14,16934,2025071404016573,AKPL,Machhapuchchhre Securities Limited,Dynamic Money Managers Securities Pvt. Ltd.,10,255.5,2555.0,2025-07-14 14:30:06.390384
2025-07-14,16820,2025071404016617,AKPL,Trisul Securities & Invt. Ltd.,Dynamic Money Managers Securities Pvt. Ltd.,440,255.5,112420.0,2025-07-14 14:30:26.059991
2025-07-14,16819,2025071404016618,AKPL,Trisul Securities & Invt. Ltd.,Dipshikha Dhitopatra Karobar Co. Pvt Ltd.,60,255.5,15330.0,2025-07-14 14:30:26.060365
2025-07-14,16783,2025071404016622,AKPL,Trisul Securities & Invt. Ltd.,Dipshikha Dhitopatra Karobar Co. Pvt Ltd.,30,255.5,7665.0,2025-07-14 14:30:31.101173
2025-07-14,16782,2025071404016623,AKPL,Trisul Securities & Invt. Ltd.,Nepal Investment And Securities Trading Private Limited,100,255.5,25550.0,2025-07-14 14:30:31.101559
2025-07-14,15611,2025071404016956,AKPL,Trisul Securities & Invt. Ltd.,Imperial Securities Company Pvt. Ltd.,10,255.5,2555.0,2025-07-14 14:33:43.135715
2025-07-14,15610,2025071404016957,AKPL,Trisul Securities & Invt. Ltd.,Dipshikha Dhitopatra Karobar Co. Pvt Ltd.,200,255.5,51100.0,2025-07-14 14:33:43.366258
2025-07-14,15574,2025071404016969,AKPL,Trisul Securities & Invt. Ltd.,Primo Securities (PVT) Ltd.,160,255.5,40880.0,2025-07-14 14:33:46.990178
2025-07-14,15119,2025071404017111,AKPL,Cristal Kanchanjanga Securites Pvt. Ltd.,Neev Securities Pvt. Ltd.,100,255.1,25510.0,2025-07-14 14:34:38.356379
2025-07-14,14781,2025071404017193,AKPL,Cristal Kanchanjanga Securites Pvt. Ltd.,Primo Securities (PVT) Ltd.,100,255.1,25510.0,2025-07-14 14:35:17.477320
2025-07-14,14780,2025071404017194,AKPL,ABC Securities Private Limited,Primo Securities (PVT) Ltd.,1740,255.0,443700.0,2025-07-14 14:35:17.477685
2025-07-14,14329,2025071404017333,AKPL,Creative Securities Pvt Ltd,ABC Securities Private Limited,50,255.1,12755.0,2025-07-14 14:36:24.681634
2025-07-14,14328,2025071404017334,AKPL,ABC Securities Private Limited,ABC Securities Private Limited,103,255.0,26265.0,2025-07-14 14:36:24.682332
2025-07-14,14327,2025071404017335,AKPL,ABC Securities Private Limited,ABC Securities Private Limited,1347,255.0,343485.0,2025-07-14 14:36:24.682864
2025-07-14,14283,2025071404017343,AKPL,ABC Securities Private Limited,Citizens Share Broker Limited,500,255.0,127500.0,2025-07-14 14:36:34.837089
2025-07-14,14260,2025071404017345,AKPL,Aryatara Investment & Securities,Imperial Securities Company Pvt. Ltd.,10,255.4,2554.0,2025-07-14 14:36:37.371638
2025-07-14,14054,2025071404017429,AKPL,ABC Securities Private Limited,Opal Securities Investment (PVT) Ltd.,7500,255.0,1912500.0,2025-07-14 14:36:59.409745
2025-07-14,13944,2025071404017446,AKPL,ABC Securities Private Limited,Dynamic Money Managers Securities Pvt. Ltd.,153,255.0,39015.0,2025-07-14 14:37:16.313124
2025-07-14,13943,2025071404017447,AKPL,Creative Securities Pvt Ltd,Dynamic Money Managers Securities Pvt. Ltd.,50,255.0,12750.0,2025-07-14 14:37:16.313847
2025-07-14,13942,2025071404017448,AKPL,Sani Securities Company Ltd.,Dynamic Money Managers Securities Pvt. Ltd.,340,255.0,86700.0,2025-07-14 14:37:16.314337
2025-07-14,13941,2025071404017449,AKPL,Sani Securities Company Ltd.,Dynamic Money Managers Securities Pvt. Ltd.,200,255.0,51000.0,2025-07-14 14:37:16.314801
2025-07-14,13940,2025071404017450,AKPL,Siprabi Securities Pvt. Ltd.,Dynamic Money Managers Securities Pvt. Ltd.,57,255.0,14535.0,2025-07-14 14:37:16.315306
2025-07-14,13216,2025071404017681,AKPL,Siprabi Securities Pvt. Ltd.,Secured Securities Ltd.,300,255.0,76500.0,2025-07-14 14:39:22.035332
2025-07-14,12524,2025071404017878,AKPL,Siprabi Securities Pvt. Ltd.,Aryatara Investment & Securities,143,255.0,36465.0,2025-07-14 14:40:56.343571
2025-07-14,12297,2025071404017925,AKPL,Dakshinkali Investment & Securities Pvt. Ltd.,Vision Securities Pvt. Ltd,400,255.1,102040.0,2025-07-14 14:41:30.532952
2025-07-14,11979,2025071404018059,AKPL,J.F. Securites (PVT) Ltd.,ABC Securities Private Limited,50,255.2,12760.0,2025-07-14 14:42:18.351867
2025-07-14,11859,2025071404018114,AKPL,J.F. Securites (PVT) Ltd.,Primo Securities (PVT) Ltd.,360,255.2,91872.0,2025-07-14 14:42:28.888577
2025-07-14,11858,2025071404018115,AKPL,Dakshinkali Investment & Securities Pvt. Ltd.,Primo Securities (PVT) Ltd.,100,255.1,25510.0,2025-07-14 14:42:28.888940
2025-07-14,11857,2025071404018116,AKPL,Aryatara Investment & Securities,Primo Securities (PVT) Ltd.,100,255.0,25500.0,2025-07-14 14:42:28.889098
2025-07-14,11856,2025071404018117,AKPL,Imperial Securities Company Pvt. Ltd.,Primo Securities (PVT) Ltd.,500,255.0,127500.0,2025-07-14 14:42:28.889249
2025-07-14,11855,2025071404018118,AKPL,Arun Securities (PVT) Ltd.,Primo Securities (PVT) Ltd.,10,255.0,2550.0,2025-07-14 14:42:28.889421
2025-07-14,11854,2025071404018119,AKPL,Trishakti Securities Public Limited,Primo Securities (PVT) Ltd.,10,255.0,2550.0,2025-07-14 14:42:28.889607
2025-07-14,11853,2025071404018120,AKPL,Nepal Investment And Securities Trading Private Limited,Primo Securities (PVT) Ltd.,200,255.0,51000.0,2025-07-14 14:42:28.889776
2025-07-14,11440,2025071404018231,AKPL,Creative Securities Pvt Ltd,Sweta Securities Private Limited,50,254.3,12715.0,2025-07-14 14:43:24.915401
2025-07-14,11439,2025071404018232,AKPL,Blue Chip Securities Ltd,Sweta Securities Private Limited,506,254.3,128675.8,2025-07-14 14:43:24.915475
2025-07-14,11438,2025071404018233,AKPL,Sani Securities Company Ltd.,Sweta Securities Private Limited,120,254.2,30504.0,2025-07-14 14:43:24.915503
2025-07-14,11437,2025071404018234,AKPL,J.F. Securites (PVT) Ltd.,Sweta Securities Private Limited,324,254.1,82328.4,2025-07-14 14:43:24.915532
2025-07-14,10574,2025071404018434,AKPL,J.F. Securites (PVT) Ltd.,Magnet Securities and Investment Company Private Limited,26,254.1,6606.6,2025-07-14 14:45:06.979464
2025-07-14,10573,2025071404018435,AKPL,Opal Securities Investment (PVT) Ltd.,Magnet Securities and Investment Company Private Limited,174,254.0,44196.0,2025-07-14 14:45:06.980185
2025-07-14,10507,2025071404018452,AKPL,Opal Securities Investment (PVT) Ltd.,Primo Securities (PVT) Ltd.,256,254.0,65024.0,2025-07-14 14:45:16.776425
2025-07-14,10506,2025071404018453,AKPL,Trishakti Securities Public Limited,Primo Securities (PVT) Ltd.,10,254.0,2540.0,2025-07-14 14:45:16.777216
2025-07-14,10505,2025071404018454,AKPL,Deevyaa Securities & Stock House Pvt. Ltd,Primo Securities (PVT) Ltd.,1000,254.0,254000.0,2025-07-14 14:45:16.777935
2025-07-14,10504,2025071404018455,AKPL,Deevyaa Securities & Stock House Pvt. Ltd,Primo Securities (PVT) Ltd.,250,254.0,63500.0,2025-07-14 14:45:16.778603
2025-07-14,10503,2025071404018456,AKPL,Aryatara Investment & Securities,Primo Securities (PVT) Ltd.,50,254.0,12700.0,2025-07-14 14:45:16.779240
2025-07-14,10502,2025071404018457,AKPL,Cristal Kanchanjanga Securites Pvt. Ltd.,Primo Securities (PVT) Ltd.,100,254.0,25400.0,2025-07-14 14:45:16.779907
2025-07-14,10501,2025071404018458,AKPL,Dipshikha Dhitopatra Karobar Co. Pvt Ltd.,Primo Securities (PVT) Ltd.,500,254.0,127000.0,2025-07-14 14:45:16.780583
2025-07-14,10500,2025071404018459,AKPL,Sweta Securities Private Limited,Primo Securities (PVT) Ltd.,200,254.0,50800.0,2025-07-14 14:45:16.781251
2025-07-14,10499,2025071404018460,AKPL,Creative Securities Pvt Ltd,Primo Securities (PVT) Ltd.,50,254.0,12700.0,2025-07-14 14:45:16.781920
2025-07-14,10498,2025071404018461,AKPL,Dipshikha Dhitopatra Karobar Co. Pvt Ltd.,Primo Securities (PVT) Ltd.,200,254.0,50800.0,2025-07-14 14:45:16.782603
2025-07-14,10497,2025071404018462,AKPL,Nepal Stock House (PVT) Ltd.,Primo Securities (PVT) Ltd.,196,254.0,49784.0,2025-07-14 14:45:16.782836
2025-07-14,10496,2025071404018463,AKPL,Dipshikha Dhitopatra Karobar Co. Pvt Ltd.,Primo Securities (PVT) Ltd.,300,254.0,76200.0,2025-07-14 14:45:16.783019
2025-07-14,10495,2025071404018464,AKPL,Trishakti Securities Public Limited,Primo Securities (PVT) Ltd.,390,254.0,99060.0,2025-07-14 14:45:16.783162
2025-07-14,10393,2025071404018507,AKPL,Machhapuchchhre Securities Limited,Market Securities & Exchange (PVT) Ltd.,10,255.0,2550.0,2025-07-14 14:45:34.167577
2025-07-14,9689,2025071404018805,AKPL,Siprabi Securities Pvt. Ltd.,Imperial Securities Company Pvt. Ltd.,136,254.7,34639.2,2025-07-14 14:47:04.422420
2025-07-14,9330,2025071404018944,AKPL,Linch Stock Market Ltd.,Trisul Securities & Invt. Ltd.,590,254.4,150096.0,2025-07-14 14:47:54.889577
2025-07-14,9329,2025071404018945,AKPL,Linch Stock Market Ltd.,Imperial Securities Company Pvt. Ltd.,954,254.5,242793.0,2025-07-14 14:47:54.890289
2025-07-14,9328,2025071404018946,AKPL,Linch Stock Market Ltd.,Market Securities & Exchange (PVT) Ltd.,356,255.0,90780.0,2025-07-14 14:47:54.890951
2025-07-14,9285,2025071404018977,AKPL,Dakshinkali Investment & Securities Pvt. Ltd.,Dipshikha Dhitopatra Karobar Co. Pvt Ltd.,20,254.1,5082.0,2025-07-14 14:48:00.792417
2025-07-14,9284,2025071404018978,AKPL,Trishakti Securities Public Limited,Dipshikha Dhitopatra Karobar Co. Pvt Ltd.,110,254.0,27940.0,2025-07-14 14:48:00.792772
2025-07-14,9283,2025071404018979,AKPL,Aryatara Investment & Securities,Dipshikha Dhitopatra Karobar Co. Pvt Ltd.,100,254.0,25400.0,2025-07-14 14:48:00.792921
2025-07-14,9282,2025071404018980,AKPL,Secured Securities Ltd.,Dipshikha Dhitopatra Karobar Co. Pvt Ltd.,270,254.0,68580.0,2025-07-14 14:48:00.793068
2025-07-14,9157,2025071404019013,AKPL,Secured Securities Ltd.,K.B.L. Securities Limited ,75,254.0,19050.0,2025-07-14 14:48:17.344940
2025-07-14,9084,2025071404019050,AKPL,Secured Securities Ltd.,Dipshikha Dhitopatra Karobar Co. Pvt Ltd.,155,254.0,39370.0,2025-07-14 14:48:24.214484
2025-07-14,9083,2025071404019051,AKPL,Secured Securities Ltd.,Dipshikha Dhitopatra Karobar Co. Pvt Ltd.,270,254.0,68580.0,2025-07-14 14:48:24.215133
2025-07-14,9082,2025071404019052,AKPL,Siprabi Securities Pvt. Ltd.,Dipshikha Dhitopatra Karobar Co. Pvt Ltd.,75,254.0,19050.0,2025-07-14 14:48:24.215634
2025-07-14,9020,2025071404019088,AKPL,Naasa Securities Co. Ltd.,Market Securities & Exchange (PVT) Ltd.,164,255.0,41820.0,2025-07-14 14:48:33.770535
2025-07-14,9004,2025071404019091,AKPL,Siprabi Securities Pvt. Ltd.,Swarna Laxmi Securities Pvt. Ltd.,225,254.0,57150.0,2025-07-14 14:48:35.865191
2025-07-14,9003,2025071404019092,AKPL,Linch Stock Market Ltd.,Swarna Laxmi Securities Pvt. Ltd.,25,254.0,6350.0,2025-07-14 14:48:35.865236
2025-07-14,9002,2025071404019093,AKPL,Opal Securities Investment (PVT) Ltd.,Swarna Laxmi Securities Pvt. Ltd.,150,254.0,38100.0,2025-07-14 14:48:35.865262
2025-07-14,9001,2025071404019094,AKPL,Aryatara Investment & Securities,Swarna Laxmi Securities Pvt. Ltd.,50,253.7,12685.0,2025-07-14 14:48:35.865289
2025-07-14,9000,2025071404019095,AKPL,Premier Securities Company Ltd.,Swarna Laxmi Securities Pvt. Ltd.,34,253.6,8622.4,2025-07-14 14:48:35.865322
2025-07-14,8999,2025071404019096,AKPL,Deevyaa Securities & Stock House Pvt. Ltd,Swarna Laxmi Securities Pvt. Ltd.,16,253.5,4056.0,2025-07-14 14:48:35.865373
2025-07-14,8805,2025071404019153,AKPL,ABC Securities Private Limited,Market Securities & Exchange (PVT) Ltd.,470,255.0,119850.0,2025-07-14 14:48:58.332102
2025-07-14,8804,2025071404019154,AKPL,ABC Securities Private Limited,Oxford Securities Pvt. Ltd.,30,255.0,7650.0,2025-07-14 14:48:58.332441
2025-07-14,7650,2025071404019527,AKPL,Sri Hari Securities Pvt. Ltd.,Trademow Securities Private Limited,100,254.9,25490.0,2025-07-14 14:51:23.841278
2025-07-14,7353,2025071404019638,AKPL,Oxford Securities Pvt. Ltd.,Nepal Investment And Securities Trading Private Limited,45,254.0,11430.0,2025-07-14 14:51:57.373383
2025-07-14,7352,2025071404019639,AKPL,Dakshinkali Investment & Securities Pvt. Ltd.,Nepal Investment And Securities Trading Private Limited,10,254.0,2540.0,2025-07-14 14:51:57.373742
2025-07-14,7351,2025071404019640,AKPL,Midas Stock Broking Company Private Limited,Nepal Investment And Securities Trading Private Limited,110,254.0,27940.0,2025-07-14 14:51:57.373894
2025-07-14,6972,2025071404019843,AKPL,Linch Stock Market Ltd.,Nepal Investment And Securities Trading Private Limited,226,254.0,57404.0,2025-07-14 14:52:25.756160
2025-07-14,6971,2025071404019844,AKPL,Linch Stock Market Ltd.,Trademow Securities Private Limited,24,254.9,6117.6,2025-07-14 14:52:25.756487
2025-07-14,6670,2025071404019910,AKPL,Primo Securities (PVT) Ltd.,Cristal Kanchanjanga Securites Pvt. Ltd.,10,254.0,2540.0,2025-07-14 14:52:52.109917
2025-07-14,5421,2025071404020236,AKPL,Linch Stock Market Ltd.,Cristal Kanchanjanga Securites Pvt. Ltd.,30,254.0,7620.0,2025-07-14 14:54:51.173923
2025-07-14,5148,2025071404020339,AKPL,Sri Hari Securities Pvt. Ltd.,Cristal Kanchanjanga Securites Pvt. Ltd.,400,254.0,101600.0,2025-07-14 14:55:12.543286
2025-07-14,4871,2025071404020454,AKPL,Siprabi Securities Pvt. Ltd.,Aryatara Investment & Securities,100,253.7,25370.0,2025-07-14 14:55:36.351080
2025-07-14,4455,2025071404020580,AKPL,Ashutosh Brokerage & Securities (PVT) Ltd.,Primo Securities (PVT) Ltd.,200,253.7,50740.0,2025-07-14 14:56:16.880503
2025-07-14,4454,2025071404020581,AKPL,Sanima Securities Limited,Primo Securities (PVT) Ltd.,10,253.7,2537.0,2025-07-14 14:56:16.880824
2025-07-14,4453,2025071404020582,AKPL,Deevyaa Securities & Stock House Pvt. Ltd,Primo Securities (PVT) Ltd.,484,253.5,122694.0,2025-07-14 14:56:16.880988
2025-07-14,4452,2025071404020583,AKPL,Kumari Securities Private Limited,Primo Securities (PVT) Ltd.,500,253.5,126750.0,2025-07-14 14:56:16.881143
2025-07-14,4451,2025071404020584,AKPL,Bhrikuti Stock Broking Co. Pvt. Ltd.,Primo Securities (PVT) Ltd.,200,253.5,50700.0,2025-07-14 14:56:16.881294
2025-07-14,4450,2025071404020585,AKPL,Himalayan Brokerage Company Limited,Primo Securities (PVT) Ltd.,200,253.5,50700.0,2025-07-14 14:56:16.881447
2025-07-14,4449,2025071404020586,AKPL,Nepal Stock House (PVT) Ltd.,Primo Securities (PVT) Ltd.,100,253.3,25330.0,2025-07-14 14:56:16.881594
2025-07-14,4448,2025071404020587,AKPL,Deevyaa Securities & Stock House Pvt. Ltd,Primo Securities (PVT) Ltd.,1000,253.2,253200.0,2025-07-14 14:56:16.881745
2025-07-14,4447,2025071404020588,AKPL,Naasa Securities Co. Ltd.,Primo Securities (PVT) Ltd.,200,253.2,50640.0,2025-07-14 14:56:16.881894
2025-07-14,4446,2025071404020589,AKPL,Siprabi Securities Pvt. Ltd.,Primo Securities (PVT) Ltd.,106,253.2,26839.2,2025-07-14 14:56:16.882037
2025-07-14,3993,2025071404020700,AKPL,Linch Stock Market Ltd.,Cristal Kanchanjanga Securites Pvt. Ltd.,30,254.0,7620.0,2025-07-14 14:56:52.772607
2025-07-14,3274,2025071404020909,AKPL,Sani Securities Company Ltd.,Thrive Brokerage House Pvt. Ltd,200,253.9,50780.0,2025-07-14 14:57:47.248099
2025-07-14,3209,2025071404020919,AKPL,Sani Securities Company Ltd.,Thrive Brokerage House Pvt. Ltd,300,253.9,76170.0,2025-07-14 14:57:48.261249
2025-07-14,3062,2025071404020973,AKPL,Siprabi Securities Pvt. Ltd.,Oxford Securities Pvt. Ltd.,194,253.2,49120.8,2025-07-14 14:57:58.358256
2025-07-14,3061,2025071404020974,AKPL,Sumeru Securities Pvt. Ltd.,Oxford Securities Pvt. Ltd.,126,253.2,31903.2,2025-07-14 14:57:58.358600
2025-07-14,2676,2025071404021093,AKPL,Sumeru Securities Pvt. Ltd.,Sipla Securities Private Limited,400,253.2,101280.0,2025-07-14 14:58:20.931905
2025-07-14,2098,2025071404021251,AKPL,Magnet Securities and Investment Company Private Limited,Thrive Brokerage House Pvt. Ltd,600,253.9,152340.0,2025-07-14 14:58:46.806900
2025-07-14,2074,2025071404021261,AKPL,Sumeru Securities Pvt. Ltd.,Cristal Kanchanjanga Securites Pvt. Ltd.,1000,253.2,253200.0,2025-07-14 14:58:48.971772
2025-07-14,1956,2025071404021305,AKPL,Sumeru Securities Pvt. Ltd.,Trademow Securities Private Limited,474,253.2,120016.8,2025-07-14 14:58:55.342825
2025-07-14,1955,2025071404021306,AKPL,Naasa Securities Co. Ltd.,Trademow Securities Private Limited,70,253.2,17724.0,2025-07-14 14:58:55.343150
2025-07-14,1954,2025071404021307,AKPL,Linch Stock Market Ltd.,Trademow Securities Private Limited,100,253.2,25320.0,2025-07-14 14:58:55.343298
2025-07-14,1953,2025071404021308,AKPL,Trisul Securities & Invt. Ltd.,Trademow Securities Private Limited,200,253.2,50640.0,2025-07-14 14:58:55.343458
2025-07-14,1952,2025071404021309,AKPL,J.F. Securites (PVT) Ltd.,Trademow Securities Private Limited,32,253.2,8102.4,2025-07-14 14:58:55.343605
2025-07-14,1861,2025071404021328,AKPL,J.F. Securites (PVT) Ltd.,Cristal Kanchanjanga Securites Pvt. Ltd.,268,253.2,67857.6,2025-07-14 14:58:59.043220
2025-07-14,1860,2025071404021329,AKPL,Naasa Securities Co. Ltd.,Cristal Kanchanjanga Securites Pvt. Ltd.,200,253.1,50620.0,2025-07-14 14:58:59.043546
2025-07-14,1859,2025071404021330,AKPL,Opal Securities Investment (PVT) Ltd.,Cristal Kanchanjanga Securites Pvt. Ltd.,20,253.1,5062.0,2025-07-14 14:58:59.043701
2025-07-14,1858,2025071404021331,AKPL,INDEX SECURITIES LIMITED,Cristal Kanchanjanga Securites Pvt. Ltd.,1012,253.0,256036.0,2025-07-14 14:58:59.043841
2025-07-14,1672,2025071404021399,AKPL,INDEX SECURITIES LIMITED,Cristal Kanchanjanga Securites Pvt. Ltd.,200,253.0,50600.0,2025-07-14 14:59:09.126460
2025-07-14,1671,2025071404021400,AKPL,Secured Securities Ltd.,Cristal Kanchanjanga Securites Pvt. Ltd.,500,253.0,126500.0,2025-07-14 14:59:09.126797
2025-07-14,1670,2025071404021401,AKPL,Dynamic Money Managers Securities Pvt. Ltd.,Cristal Kanchanjanga Securites Pvt. Ltd.,100,253.0,25300.0,2025-07-14 14:59:09.126979
2025-07-14,1669,2025071404021402,AKPL,Aryatara Investment & Securities,Cristal Kanchanjanga Securites Pvt. Ltd.,50,253.0,12650.0,2025-07-14 14:59:09.127132
2025-07-14,1668,2025071404021403,AKPL,Capital Max Securities Ltd,Cristal Kanchanjanga Securites Pvt. Ltd.,49,253.0,12397.0,2025-07-14 14:59:09.127293
2025-07-14,1667,2025071404021404,AKPL,Kohinoor Investment & Securities Pvt. Ltd.,Cristal Kanchanjanga Securites Pvt. Ltd.,131,253.0,33143.0,2025-07-14 14:59:09.127449
2025-07-14,1270,2025071404021542,AKPL,Kohinoor Investment & Securities Pvt. Ltd.,Sri Hari Securities Pvt. Ltd.,580,253.0,146740.0,2025-07-14 14:59:22.579490
2025-07-14,1093,2025071404021607,AKPL,Siprabi Securities Pvt. Ltd.,Thrive Brokerage House Pvt. Ltd,25,253.9,6347.5,2025-07-14 14:59:28.055176
2025-07-14,1054,2025071404021611,AKPL,ABC Securities Private Limited,Thrive Brokerage House Pvt. Ltd,875,253.9,222162.5,2025-07-14 14:59:29.333630
2025-07-14,1053,2025071404021612,AKPL,ABC Securities Private Limited,Trademow Securities Private Limited,125,253.9,31737.5,2025-07-14 14:59:29.333939
2025-07-14,801,2025071404021698,AKPL,Bhrikuti Stock Broking Co. Pvt. Ltd.,Kumari Securities Private Limited,120,253.2,30384.0,2025-07-14 14:59:37.176098
2025-07-14,568,2025071404021789,AKPL,Aryatara Investment & Securities,Kumari Securities Private Limited,43,253.2,10887.6,2025-07-14 14:59:44.931181
2025-07-14,339,2025071404021858,AKPL,South Asian Bulls Pvt. Ltd.,Trademow Securities Private Limited,500,253.9,126950.0,2025-07-14 14:59:52.181284
