Date,S.N.,contract_id,symbol,buyer_broker,seller_broker,volume,price,amount,transaction_time
2025-07-14,70460,2025071404000772,API,Online Securities Pvt. Ltd.,Vision Securities Pvt. Ltd,500,292.5,146250.0,2025-07-14 11:06:45.806117
2025-07-14,70326,2025071404000813,API,Dakshinkali Investment & Securities Pvt. Ltd.,Vision Securities Pvt. Ltd,40,292.2,11688.0,2025-07-14 11:07:11.024778
2025-07-14,70325,2025071404000814,API,Vision Securities Pvt. Ltd,Vision Securities Pvt. Ltd,226,292.2,66037.2,2025-07-14 11:07:11.024975
2025-07-14,70167,2025071404000868,API,Vision Securities Pvt. Ltd,Oxford Securities Pvt. Ltd.,200,292.2,58440.0,2025-07-14 11:07:41.912940
2025-07-14,69851,2025071404000945,API,Naasa Securities Co. Ltd.,Siprabi Securities Pvt. Ltd.,20,292.5,5850.0,2025-07-14 11:08:52.754593
2025-07-14,69807,2025071404000954,API,Midas Stock Broking Company Private Limited,Siprabi Securities Pvt. Ltd.,80,292.5,23400.0,2025-07-14 11:09:05.148652
2025-07-14,69806,2025071404000955,API,Midas Stock Broking Company Private Limited,Sani Securities Company Ltd.,125,292.5,36562.5,2025-07-14 11:09:05.148752
2025-07-14,69544,2025071404001014,API,Imperial Securities Company Pvt. Ltd.,Sani Securities Company Ltd.,10,292.5,2925.0,2025-07-14 11:10:03.503221
2025-07-14,69293,2025071404001088,API,Naasa Securities Co. Ltd.,Sani Securities Company Ltd.,150,292.5,43875.0,2025-07-14 11:10:56.974720
2025-07-14,69169,2025071404001122,API,Imperial Securities Company Pvt. Ltd.,Sani Securities Company Ltd.,200,292.5,58500.0,2025-07-14 11:11:19.339072
2025-07-14,69103,2025071404001149,API,Trisul Securities & Invt. Ltd.,Sani Securities Company Ltd.,515,292.5,150637.5,2025-07-14 11:11:32.975162
2025-07-14,68349,2025071404001399,API,Sundhara Securities Limited,Thrive Brokerage House Pvt. Ltd,20,293.0,5860.0,2025-07-14 11:13:51.795959
2025-07-14,68267,2025071404001417,API,Trisul Securities & Invt. Ltd.,Thrive Brokerage House Pvt. Ltd,130,293.0,38090.0,2025-07-14 11:14:04.107852
2025-07-14,67932,2025071404001500,API,Trisul Securities & Invt. Ltd.,Trisul Securities & Invt. Ltd.,270,294.0,79380.0,2025-07-14 11:15:08.727830
2025-07-14,67795,2025071404001520,API,Neev Securities Pvt. Ltd.,Sundhara Securities Limited,50,293.5,14675.0,2025-07-14 11:15:34.267291
2025-07-14,67733,2025071404001534,API,Trisul Securities & Invt. Ltd.,Online Securities Pvt. Ltd.,137,293.5,40209.5,2025-07-14 11:15:48.588718
2025-07-14,67006,2025071404001730,API,Trisul Securities & Invt. Ltd.,Primo Securities (PVT) Ltd.,21,293.6,6165.6,2025-07-14 11:18:25.608338
2025-07-14,66903,2025071404001757,API,Trisul Securities & Invt. Ltd.,Aryatara Investment & Securities,11,293.6,3229.6,2025-07-14 11:18:45.392552
2025-07-14,66736,2025071404001794,API,Trisul Securities & Invt. Ltd.,Hatemalo Financial Services Private Limited,1316,293.6,386377.6,2025-07-14 11:19:25.509690
2025-07-14,66735,2025071404001795,API,Kumari Securities Private Limited,Hatemalo Financial Services Private Limited,500,293.5,146750.0,2025-07-14 11:19:25.510005
2025-07-14,66734,2025071404001796,API,Bhrikuti Stock Broking Co. Pvt. Ltd.,Hatemalo Financial Services Private Limited,30,293.5,8805.0,2025-07-14 11:19:25.510179
2025-07-14,66733,2025071404001797,API,Investment Management Nepal Pvt. Ltd.,Hatemalo Financial Services Private Limited,165,293.5,48427.5,2025-07-14 11:19:25.510354
2025-07-14,66692,2025071404001807,API,Naasa Securities Co. Ltd.,Hatemalo Financial Services Private Limited,69,293.5,20251.5,2025-07-14 11:19:33.363996
2025-07-14,66412,2025071404001860,API,Aryatara Investment & Securities,Hatemalo Financial Services Private Limited,11,293.5,3228.5,2025-07-14 11:20:23.390232
2025-07-14,66118,2025071404001941,API,Dipshikha Dhitopatra Karobar Co. Pvt Ltd.,Dipshikha Dhitopatra Karobar Co. Pvt Ltd.,200,293.0,58600.0,2025-07-14 11:21:18.364544
2025-07-14,66117,2025071404001942,API,ABC Securities Private Limited,Dipshikha Dhitopatra Karobar Co. Pvt Ltd.,200,293.0,58600.0,2025-07-14 11:21:18.364708
2025-07-14,65797,2025071404002010,API,Online Securities Pvt. Ltd.,Miyo Securities Pvt Ltd,400,292.6,117040.0,2025-07-14 11:22:28.469034
2025-07-14,65796,2025071404002011,API,Cristal Kanchanjanga Securites Pvt. Ltd.,Miyo Securities Pvt Ltd,150,292.5,43875.0,2025-07-14 11:22:28.469310
2025-07-14,65795,2025071404002012,API,Oxford Securities Pvt. Ltd.,Miyo Securities Pvt Ltd,90,292.5,26325.0,2025-07-14 11:22:28.469498
2025-07-14,65794,2025071404002013,API,Naasa Securities Co. Ltd.,Miyo Securities Pvt Ltd,100,292.5,29250.0,2025-07-14 11:22:28.469655
2025-07-14,65793,2025071404002014,API,Siprabi Securities Pvt. Ltd.,Miyo Securities Pvt Ltd,200,292.3,58460.0,2025-07-14 11:22:28.469847
2025-07-14,65792,2025071404002015,API,Vision Securities Pvt. Ltd,Miyo Securities Pvt Ltd,60,292.2,17532.0,2025-07-14 11:22:28.470007
2025-07-14,65727,2025071404002025,API,Vision Securities Pvt. Ltd,Miyo Securities Pvt Ltd,514,292.2,150190.8,2025-07-14 11:22:42.505219
2025-07-14,65726,2025071404002026,API,Linch Stock Market Ltd.,Miyo Securities Pvt Ltd,200,292.0,58400.0,2025-07-14 11:22:42.505530
2025-07-14,65725,2025071404002027,API,Thrive Brokerage House Pvt. Ltd,Miyo Securities Pvt Ltd,150,292.0,43800.0,2025-07-14 11:22:42.505698
2025-07-14,65724,2025071404002028,API,Online Securities Pvt. Ltd.,Miyo Securities Pvt Ltd,22,292.0,6424.0,2025-07-14 11:22:42.505859
2025-07-14,65723,2025071404002029,API,Cristal Kanchanjanga Securites Pvt. Ltd.,Miyo Securities Pvt Ltd,20,292.0,5840.0,2025-07-14 11:22:42.506017
2025-07-14,65722,2025071404002030,API,Naasa Securities Co. Ltd.,Miyo Securities Pvt Ltd,20,292.0,5840.0,2025-07-14 11:22:42.506182
2025-07-14,65721,2025071404002031,API,Siprabi Securities Pvt. Ltd.,Miyo Securities Pvt Ltd,74,292.0,21608.0,2025-07-14 11:22:42.506349
2025-07-14,65653,2025071404002042,API,Linch Stock Market Ltd.,Miyo Securities Pvt Ltd,250,292.1,73025.0,2025-07-14 11:22:56.545629
2025-07-14,65652,2025071404002043,API,Siprabi Securities Pvt. Ltd.,Miyo Securities Pvt Ltd,833,292.0,243236.0,2025-07-14 11:22:56.545838
2025-07-14,64936,2025071404002235,API,Premier Securities Company Ltd.,ABC Securities Private Limited,126,292.1,36804.6,2025-07-14 11:25:03.131646
2025-07-14,64593,2025071404002310,API,Premier Securities Company Ltd.,Asian Securities Private Ltd.,16,292.1,4673.6,2025-07-14 11:25:55.383502
2025-07-14,64562,2025071404002325,API,Imperial Securities Company Pvt. Ltd.,Dipshikha Dhitopatra Karobar Co. Pvt Ltd.,25,293.0,7325.0,2025-07-14 11:26:00.810178
2025-07-14,64372,2025071404002369,API,Premier Securities Company Ltd.,Naasa Securities Co. Ltd.,56,292.1,16357.6,2025-07-14 11:26:34.396230
2025-07-14,64137,2025071404002427,API,Vision Securities Pvt. Ltd,Dynamic Money Managers Securities Pvt. Ltd.,30,292.2,8766.0,2025-07-14 11:27:26.290305
2025-07-14,64136,2025071404002428,API,Premier Securities Company Ltd.,Dynamic Money Managers Securities Pvt. Ltd.,32,292.1,9347.2,2025-07-14 11:27:26.290646
2025-07-14,64135,2025071404002429,API,Kumari Securities Private Limited,Dynamic Money Managers Securities Pvt. Ltd.,938,292.1,273989.8,2025-07-14 11:27:26.290905
2025-07-14,63678,2025071404002517,API,Trademow Securities Private Limited,Dynamic Money Managers Securities Pvt. Ltd.,17,292.2,4967.4,2025-07-14 11:28:48.470352
2025-07-14,63629,2025071404002534,API,Sani Securities Company Ltd.,Online Securities Pvt. Ltd.,86,292.5,25155.0,2025-07-14 11:29:00.862225
2025-07-14,63628,2025071404002535,API,Trademow Securities Private Limited,Online Securities Pvt. Ltd.,123,292.2,35940.6,2025-07-14 11:29:00.862430
2025-07-14,63627,2025071404002536,API,Kumari Securities Private Limited,Online Securities Pvt. Ltd.,62,292.1,18110.2,2025-07-14 11:29:00.862497
2025-07-14,63626,2025071404002537,API,Imperial Securities Company Pvt. Ltd.,Online Securities Pvt. Ltd.,20,292.1,5842.0,2025-07-14 11:29:00.862586
2025-07-14,63625,2025071404002538,API,Siprabi Securities Pvt. Ltd.,Online Securities Pvt. Ltd.,293,292.0,85556.0,2025-07-14 11:29:00.862643
2025-07-14,63624,2025071404002539,API,Aakashbhairab Securities Ltd.,Online Securities Pvt. Ltd.,200,292.0,58400.0,2025-07-14 11:29:00.862705
2025-07-14,63623,2025071404002540,API,Siprabi Securities Pvt. Ltd.,Online Securities Pvt. Ltd.,100,292.0,29200.0,2025-07-14 11:29:00.862778
2025-07-14,63622,2025071404002541,API,Siprabi Securities Pvt. Ltd.,Online Securities Pvt. Ltd.,100,292.0,29200.0,2025-07-14 11:29:00.862855
2025-07-14,63481,2025071404002563,API,Sani Securities Company Ltd.,Online Securities Pvt. Ltd.,16,291.6,4665.6,2025-07-14 11:29:11.916115
2025-07-14,61251,2025071404003190,API,Sajilo Broker Limited,Online Securities Pvt. Ltd.,77,292.2,22499.4,2025-07-14 11:35:32.637515
2025-07-14,60809,2025071404003286,API,Sajilo Broker Limited,Naasa Securities Co. Ltd.,220,292.2,64284.0,2025-07-14 11:36:54.163172
2025-07-14,60411,2025071404003413,API,Dipshikha Dhitopatra Karobar Co. Pvt Ltd.,Naasa Securities Co. Ltd.,100,292.2,29220.0,2025-07-14 11:38:01.678030
2025-07-14,60410,2025071404003414,API,Trademow Securities Private Limited,Naasa Securities Co. Ltd.,30,292.1,8763.0,2025-07-14 11:38:01.678254
2025-07-14,60409,2025071404003415,API,Midas Stock Broking Company Private Limited,Naasa Securities Co. Ltd.,70,292.1,20447.0,2025-07-14 11:38:01.678344
2025-07-14,59970,2025071404003542,API,Sajilo Broker Limited,Primo Securities (PVT) Ltd.,56,291.7,16335.2,2025-07-14 11:39:20.796391
2025-07-14,59696,2025071404003619,API,Siprabi Securities Pvt. Ltd.,Dipshikha Dhitopatra Karobar Co. Pvt Ltd.,300,292.0,87600.0,2025-07-14 11:40:10.876246
2025-07-14,59672,2025071404003624,API,Dipshikha Dhitopatra Karobar Co. Pvt Ltd.,Dipshikha Dhitopatra Karobar Co. Pvt Ltd.,100,291.8,29180.0,2025-07-14 11:40:20.935682
2025-07-14,59671,2025071404003625,API,Kohinoor Investment & Securities Pvt. Ltd.,Dipshikha Dhitopatra Karobar Co. Pvt Ltd.,100,291.8,29180.0,2025-07-14 11:40:20.935876
2025-07-14,59670,2025071404003626,API,Sajilo Broker Limited,Dipshikha Dhitopatra Karobar Co. Pvt Ltd.,144,291.7,42004.8,2025-07-14 11:40:20.935945
2025-07-14,59669,2025071404003627,API,Sani Securities Company Ltd.,Dipshikha Dhitopatra Karobar Co. Pvt Ltd.,329,291.6,95936.4,2025-07-14 11:40:20.936014
2025-07-14,59668,2025071404003628,API,Midas Stock Broking Company Private Limited,Dipshikha Dhitopatra Karobar Co. Pvt Ltd.,1000,291.5,291500.0,2025-07-14 11:40:20.936086
2025-07-14,59667,2025071404003629,API,Online Securities Pvt. Ltd.,Dipshikha Dhitopatra Karobar Co. Pvt Ltd.,250,291.5,72875.0,2025-07-14 11:40:20.936166
2025-07-14,59369,2025071404003696,API,Opal Securities Investment (PVT) Ltd.,Naasa Securities Co. Ltd.,160,292.0,46720.0,2025-07-14 11:41:21.054014
2025-07-14,59293,2025071404003720,API,Dipshikha Dhitopatra Karobar Co. Pvt Ltd.,Naasa Securities Co. Ltd.,50,291.2,14560.0,2025-07-14 11:41:28.722111
2025-07-14,58189,2025071404003989,API,Sundhara Securities Limited,Naasa Securities Co. Ltd.,20,292.0,5840.0,2025-07-14 11:44:37.132702
2025-07-14,58188,2025071404003990,API,Sweta Securities Private Limited,Naasa Securities Co. Ltd.,200,292.0,58400.0,2025-07-14 11:44:37.132900
2025-07-14,58187,2025071404003991,API,Oxford Securities Pvt. Ltd.,Naasa Securities Co. Ltd.,100,291.3,29130.0,2025-07-14 11:44:37.132971
2025-07-14,58186,2025071404003992,API,Dipshikha Dhitopatra Karobar Co. Pvt Ltd.,Naasa Securities Co. Ltd.,50,291.2,14560.0,2025-07-14 11:44:37.133044
2025-07-14,58185,2025071404003993,API,Dakshinkali Investment & Securities Pvt. Ltd.,Naasa Securities Co. Ltd.,125,291.2,36400.0,2025-07-14 11:44:37.133115
2025-07-14,58184,2025071404003994,API,Asian Securities Private Ltd.,Naasa Securities Co. Ltd.,305,291.1,88785.5,2025-07-14 11:44:37.133185
2025-07-14,58173,2025071404003996,API,Asian Securities Private Ltd.,Sani Securities Company Ltd.,100,291.1,29110.0,2025-07-14 11:44:38.578299
2025-07-14,58072,2025071404004027,API,Naasa Securities Co. Ltd.,SUN SECURITIES PVT LTD,30,292.5,8775.0,2025-07-14 11:44:54.684219
2025-07-14,57206,2025071404004229,API,Oxford Securities Pvt. Ltd.,SUN SECURITIES PVT LTD,80,291.5,23320.0,2025-07-14 11:47:31.418190
2025-07-14,56724,2025071404004347,API,Opal Securities Investment (PVT) Ltd.,SUN SECURITIES PVT LTD,10,291.5,2915.0,2025-07-14 11:48:52.137417
2025-07-14,56161,2025071404004456,API,Sajilo Broker Limited,Asian Securities Private Ltd.,100,291.4,29140.0,2025-07-14 11:50:50.927112
2025-07-14,56160,2025071404004457,API,Opal Securities Investment (PVT) Ltd.,Asian Securities Private Ltd.,100,291.2,29120.0,2025-07-14 11:50:50.927590
2025-07-14,56159,2025071404004458,API,Premier Securities Company Ltd.,Asian Securities Private Ltd.,100,291.2,29120.0,2025-07-14 11:50:50.927978
2025-07-14,56158,2025071404004459,API,Sunrise Securities Limited,Asian Securities Private Ltd.,400,291.1,116440.0,2025-07-14 11:50:50.928339
2025-07-14,55972,2025071404004505,API,Thrive Brokerage House Pvt. Ltd,Naasa Securities Co. Ltd.,19,291.9,5546.1,2025-07-14 11:51:28.827726
2025-07-14,55683,2025071404004567,API,Sunrise Securities Limited,Asian Securities Private Ltd.,200,291.1,58220.0,2025-07-14 11:52:38.363804
2025-07-14,55649,2025071404004578,API,Dynamic Money Managers Securities Pvt. Ltd.,Naasa Securities Co. Ltd.,26,291.9,7589.4,2025-07-14 11:52:43.466709
2025-07-14,55058,2025071404004726,API,Oxford Securities Pvt. Ltd.,Naasa Securities Co. Ltd.,56,291.5,16324.0,2025-07-14 11:54:44.671356
2025-07-14,54941,2025071404004764,API,Oxford Securities Pvt. Ltd.,Asian Securities Private Ltd.,100,291.5,29150.0,2025-07-14 11:55:07.056977
2025-07-14,54462,2025071404004868,API,Oxford Securities Pvt. Ltd.,Naasa Securities Co. Ltd.,30,291.9,8757.0,2025-07-14 11:56:23.667859
2025-07-14,54364,2025071404004897,API,Imperial Securities Company Pvt. Ltd.,Naasa Securities Co. Ltd.,30,291.9,8757.0,2025-07-14 11:56:36.547492
2025-07-14,54176,2025071404004945,API,Asian Securities Private Ltd.,Dakshinkali Investment & Securities Pvt. Ltd.,90,291.7,26253.0,2025-07-14 11:57:06.945425
2025-07-14,54058,2025071404004970,API,Bhrikuti Stock Broking Co. Pvt. Ltd.,Naasa Securities Co. Ltd.,305,291.9,89029.5,2025-07-14 11:57:25.126490
2025-07-14,54057,2025071404004971,API,Bhrikuti Stock Broking Co. Pvt. Ltd.,Imperial Securities Company Pvt. Ltd.,695,292.0,202940.0,2025-07-14 11:57:25.126692
2025-07-14,53577,2025071404005066,API,Oxford Securities Pvt. Ltd.,Naasa Securities Co. Ltd.,10,291.9,2919.0,2025-07-14 11:58:53.473299
2025-07-14,53576,2025071404005067,API,Oxford Securities Pvt. Ltd.,Imperial Securities Company Pvt. Ltd.,20,292.0,5840.0,2025-07-14 11:58:53.473761
2025-07-14,53504,2025071404005096,API,Aryatara Investment & Securities,Imperial Securities Company Pvt. Ltd.,285,292.0,83220.0,2025-07-14 11:59:04.877864
2025-07-14,52955,2025071404005294,API,Aryatara Investment & Securities,Dipshikha Dhitopatra Karobar Co. Pvt Ltd.,577,292.8,168945.6,2025-07-14 12:00:58.843599
2025-07-14,52912,2025071404005300,API,Investment Management Nepal Pvt. Ltd.,Online Securities Pvt. Ltd.,52,292.9,15230.8,2025-07-14 12:01:07.707668
2025-07-14,52817,2025071404005332,API,Kumari Securities Private Limited,Dipshikha Dhitopatra Karobar Co. Pvt Ltd.,575,293.0,168475.0,2025-07-14 12:01:34.559857
2025-07-14,52816,2025071404005333,API,Kumari Securities Private Limited,Hatemalo Financial Services Private Limited,425,293.0,124525.0,2025-07-14 12:01:34.560278
2025-07-14,52789,2025071404005348,API,Aryatara Investment & Securities,Hatemalo Financial Services Private Limited,484,293.0,141812.0,2025-07-14 12:01:41.323709
2025-07-14,52788,2025071404005349,API,Aryatara Investment & Securities,Aryatara Investment & Securities,154,293.0,45122.0,2025-07-14 12:01:41.324131
2025-07-14,52743,2025071404005360,API,Primo Securities (PVT) Ltd.,Aryatara Investment & Securities,100,293.0,29300.0,2025-07-14 12:01:50.882260
2025-07-14,52582,2025071404005428,API,Miyo Securities Pvt Ltd,Malla & Malla Stock Broking Company Pvt. Limited,30,293.0,8790.0,2025-07-14 12:02:20.454724
2025-07-14,52541,2025071404005438,API,Linch Stock Market Ltd.,Malla & Malla Stock Broking Company Pvt. Limited,70,293.0,20510.0,2025-07-14 12:02:27.209553
2025-07-14,52540,2025071404005439,API,Linch Stock Market Ltd.,Nepal Investment And Securities Trading Private Limited,10,293.0,2930.0,2025-07-14 12:02:27.209821
2025-07-14,52539,2025071404005440,API,Linch Stock Market Ltd.,Ashutosh Brokerage & Securities (PVT) Ltd.,100,293.0,29300.0,2025-07-14 12:02:27.209913
2025-07-14,52538,2025071404005441,API,Linch Stock Market Ltd.,Dipshikha Dhitopatra Karobar Co. Pvt Ltd.,1000,293.0,293000.0,2025-07-14 12:02:27.210020
2025-07-14,52251,2025071404005538,API,Linch Stock Market Ltd.,Opal Securities Investment (PVT) Ltd.,35,293.0,10255.0,2025-07-14 12:03:30.135555
2025-07-14,51918,2025071404005632,API,Kalika Securities Pvt. Ltd.,Dipshikha Dhitopatra Karobar Co. Pvt Ltd.,100,293.9,29390.0,2025-07-14 12:04:55.413646
2025-07-14,51575,2025071404005743,API,Linch Stock Market Ltd.,Nabil Stock Dealer Ltd.,10,293.0,2930.0,2025-07-14 12:06:17.626753
2025-07-14,51564,2025071404005744,API,Linch Stock Market Ltd.,Dipshikha Dhitopatra Karobar Co. Pvt Ltd.,475,293.0,139175.0,2025-07-14 12:06:20.283241
2025-07-14,51563,2025071404005745,API,Premier Securities Company Ltd.,Dipshikha Dhitopatra Karobar Co. Pvt Ltd.,18,293.0,5274.0,2025-07-14 12:06:20.283718
2025-07-14,51562,2025071404005746,API,Premier Securities Company Ltd.,Dipshikha Dhitopatra Karobar Co. Pvt Ltd.,100,293.0,29300.0,2025-07-14 12:06:20.283987
2025-07-14,51561,2025071404005747,API,Investment Management Nepal Pvt. Ltd.,Dipshikha Dhitopatra Karobar Co. Pvt Ltd.,148,292.9,43349.2,2025-07-14 12:06:20.284255
2025-07-14,51560,2025071404005748,API,Linch Stock Market Ltd.,Dipshikha Dhitopatra Karobar Co. Pvt Ltd.,35,292.0,10220.0,2025-07-14 12:06:20.284546
2025-07-14,51559,2025071404005749,API,Linch Stock Market Ltd.,Dipshikha Dhitopatra Karobar Co. Pvt Ltd.,305,292.0,89060.0,2025-07-14 12:06:20.284807
2025-07-14,51558,2025071404005750,API,ABC Securities Private Limited,Dipshikha Dhitopatra Karobar Co. Pvt Ltd.,100,292.0,29200.0,2025-07-14 12:06:20.285065
2025-07-14,51557,2025071404005751,API,Cristal Kanchanjanga Securites Pvt. Ltd.,Dipshikha Dhitopatra Karobar Co. Pvt Ltd.,819,292.0,239148.0,2025-07-14 12:06:20.285354
2025-07-14,51420,2025071404005797,API,Sani Securities Company Ltd.,Dipshikha Dhitopatra Karobar Co. Pvt Ltd.,90,293.0,26370.0,2025-07-14 12:06:48.464814
2025-07-14,51419,2025071404005798,API,Secured Securities Ltd.,Dipshikha Dhitopatra Karobar Co. Pvt Ltd.,10,292.1,2921.0,2025-07-14 12:06:48.465145
2025-07-14,51418,2025071404005799,API,Cristal Kanchanjanga Securites Pvt. Ltd.,Dipshikha Dhitopatra Karobar Co. Pvt Ltd.,181,292.0,52852.0,2025-07-14 12:06:48.465250
2025-07-14,51417,2025071404005800,API,Asian Securities Private Ltd.,Dipshikha Dhitopatra Karobar Co. Pvt Ltd.,1419,292.0,414348.0,2025-07-14 12:06:48.465348
2025-07-14,51041,2025071404005908,API,Asian Securities Private Ltd.,Dipshikha Dhitopatra Karobar Co. Pvt Ltd.,81,292.0,23652.0,2025-07-14 12:08:17.035688
2025-07-14,51040,2025071404005909,API,Naasa Securities Co. Ltd.,Dipshikha Dhitopatra Karobar Co. Pvt Ltd.,419,292.0,122348.0,2025-07-14 12:08:17.035927
2025-07-14,50930,2025071404005946,API,Naasa Securities Co. Ltd.,Siprabi Securities Pvt. Ltd.,94,292.0,27448.0,2025-07-14 12:08:47.558042
2025-07-14,50929,2025071404005947,API,Online Securities Pvt. Ltd.,Siprabi Securities Pvt. Ltd.,51,292.0,14892.0,2025-07-14 12:08:47.558328
2025-07-14,50623,2025071404006016,API,Online Securities Pvt. Ltd.,Opal Securities Investment (PVT) Ltd.,10,292.0,2920.0,2025-07-14 12:10:01.897398
2025-07-14,49980,2025071404006199,API,Primo Securities (PVT) Ltd.,Dipshikha Dhitopatra Karobar Co. Pvt Ltd.,900,293.4,264060.0,2025-07-14 12:12:36.829890
2025-07-14,49979,2025071404006200,API,Primo Securities (PVT) Ltd.,Miyo Securities Pvt Ltd,600,293.5,176100.0,2025-07-14 12:12:36.830368
2025-07-14,48940,2025071404006480,API,Investment Management Nepal Pvt. Ltd.,Dipshikha Dhitopatra Karobar Co. Pvt Ltd.,1000,292.1,292100.0,2025-07-14 12:17:11.922773
2025-07-14,48939,2025071404006481,API,Online Securities Pvt. Ltd.,Dipshikha Dhitopatra Karobar Co. Pvt Ltd.,139,292.0,40588.0,2025-07-14 12:17:11.923043
2025-07-14,48938,2025071404006482,API,Asian Securities Private Ltd.,Dipshikha Dhitopatra Karobar Co. Pvt Ltd.,40,292.0,11680.0,2025-07-14 12:17:11.923143
2025-07-14,48937,2025071404006483,API,Naasa Securities Co. Ltd.,Dipshikha Dhitopatra Karobar Co. Pvt Ltd.,100,292.0,29200.0,2025-07-14 12:17:11.923276
2025-07-14,48936,2025071404006484,API,Thrive Brokerage House Pvt. Ltd,Dipshikha Dhitopatra Karobar Co. Pvt Ltd.,513,291.8,149693.4,2025-07-14 12:17:11.923388
2025-07-14,48934,2025071404006485,API,Trishakti Securities Public Limited,Aryatara Investment & Securities,15,293.0,4395.0,2025-07-14 12:17:13.151019
2025-07-14,48523,2025071404006589,API,Trishakti Securities Public Limited,Creative Securities Pvt Ltd,85,293.0,24905.0,2025-07-14 12:18:54.591260
2025-07-14,47732,2025071404006810,API,Cristal Kanchanjanga Securites Pvt. Ltd.,Siprabi Securities Pvt. Ltd.,10,292.0,2920.0,2025-07-14 12:22:33.921197
2025-07-14,47462,2025071404006904,API,Cristal Kanchanjanga Securites Pvt. Ltd.,Dipshikha Dhitopatra Karobar Co. Pvt Ltd.,190,292.0,55480.0,2025-07-14 12:23:46.959586
2025-07-14,47461,2025071404006905,API,Naasa Securities Co. Ltd.,Dipshikha Dhitopatra Karobar Co. Pvt Ltd.,100,292.0,29200.0,2025-07-14 12:23:46.960122
2025-07-14,47441,2025071404006907,API,Shree Krishna Securities Ltd.,Dipshikha Dhitopatra Karobar Co. Pvt Ltd.,700,292.0,204400.0,2025-07-14 12:23:55.057119
2025-07-14,47440,2025071404006908,API,Shree Krishna Securities Ltd.,Creative Securities Pvt Ltd,115,293.0,33695.0,2025-07-14 12:23:55.057180
2025-07-14,47439,2025071404006909,API,Shree Krishna Securities Ltd.,Imperial Securities Company Pvt. Ltd.,20,293.0,5860.0,2025-07-14 12:23:55.057205
2025-07-14,47438,2025071404006910,API,Shree Krishna Securities Ltd.,Siprabi Securities Pvt. Ltd.,85,293.8,24973.0,2025-07-14 12:23:55.057230
2025-07-14,47437,2025071404006911,API,Shree Krishna Securities Ltd.,Trisul Securities & Invt. Ltd.,230,294.0,67620.0,2025-07-14 12:23:55.057253
2025-07-14,47436,2025071404006912,API,Shree Krishna Securities Ltd.,Naasa Securities Co. Ltd.,100,294.0,29400.0,2025-07-14 12:23:55.057276
2025-07-14,47435,2025071404006913,API,Shree Krishna Securities Ltd.,Aryatara Investment & Securities,2500,294.0,735000.0,2025-07-14 12:23:55.057299
2025-07-14,47434,2025071404006914,API,Shree Krishna Securities Ltd.,Naasa Securities Co. Ltd.,20,294.0,5880.0,2025-07-14 12:23:55.057346
2025-07-14,47433,2025071404006915,API,Shree Krishna Securities Ltd.,Vision Securities Pvt. Ltd,11,294.9,3243.9,2025-07-14 12:23:55.057377
2025-07-14,47432,2025071404006916,API,Shree Krishna Securities Ltd.,Linch Stock Market Ltd.,100,295.0,29500.0,2025-07-14 12:23:55.057402
2025-07-14,47431,2025071404006917,API,Shree Krishna Securities Ltd.,Aryatara Investment & Securities,200,295.0,59000.0,2025-07-14 12:23:55.057424
2025-07-14,47430,2025071404006918,API,Shree Krishna Securities Ltd.,Imperial Securities Company Pvt. Ltd.,1100,295.0,324500.0,2025-07-14 12:23:55.057444
2025-07-14,47429,2025071404006919,API,Shree Krishna Securities Ltd.,Dipshikha Dhitopatra Karobar Co. Pvt Ltd.,10,295.0,2950.0,2025-07-14 12:23:55.057467
2025-07-14,47428,2025071404006920,API,Shree Krishna Securities Ltd.,Dipshikha Dhitopatra Karobar Co. Pvt Ltd.,23,295.0,6785.0,2025-07-14 12:23:55.057486
2025-07-14,47427,2025071404006921,API,Shree Krishna Securities Ltd.,Imperial Securities Company Pvt. Ltd.,1500,295.0,442500.0,2025-07-14 12:23:55.057510
2025-07-14,47426,2025071404006922,API,Shree Krishna Securities Ltd.,Investment Management Nepal Pvt. Ltd.,500,295.0,147500.0,2025-07-14 12:23:55.057531
2025-07-14,47425,2025071404006923,API,Shree Krishna Securities Ltd.,Malla & Malla Stock Broking Company Pvt. Limited,100,295.0,29500.0,2025-07-14 12:23:55.057552
2025-07-14,47424,2025071404006924,API,Shree Krishna Securities Ltd.,Sundhara Securities Limited,50,295.0,14750.0,2025-07-14 12:23:55.057589
2025-07-14,47423,2025071404006925,API,Shree Krishna Securities Ltd.,Dipshikha Dhitopatra Karobar Co. Pvt Ltd.,100,295.0,29500.0,2025-07-14 12:23:55.057611
2025-07-14,47422,2025071404006926,API,Shree Krishna Securities Ltd.,N.M.B. SECURITIES LIMITED,1010,295.0,297950.0,2025-07-14 12:23:55.057631
2025-07-14,47421,2025071404006927,API,Shree Krishna Securities Ltd.,Imperial Securities Company Pvt. Ltd.,42,295.0,12390.0,2025-07-14 12:23:55.057653
2025-07-14,47420,2025071404006928,API,Shree Krishna Securities Ltd.,Investment Management Nepal Pvt. Ltd.,887,295.1,261753.7,2025-07-14 12:23:55.057680
2025-07-14,47419,2025071404006929,API,Shree Krishna Securities Ltd.,Neev Securities Pvt. Ltd.,23,295.1,6787.3,2025-07-14 12:23:55.057719
2025-07-14,47418,2025071404006930,API,Shree Krishna Securities Ltd.,Nepal Stock House (PVT) Ltd.,504,295.2,148780.8,2025-07-14 12:23:55.057759
2025-07-14,47417,2025071404006931,API,Shree Krishna Securities Ltd.,Sanima Securities Limited,34,296.0,10064.0,2025-07-14 12:23:55.057791
2025-07-14,47416,2025071404006932,API,Shree Krishna Securities Ltd.,Malla & Malla Stock Broking Company Pvt. Limited,50,296.0,14800.0,2025-07-14 12:23:55.057821
2025-07-14,47415,2025071404006933,API,Shree Krishna Securities Ltd.,Agrawal Securities (PVT) Ltd.,500,297.0,148500.0,2025-07-14 12:23:55.057855
2025-07-14,47414,2025071404006934,API,Shree Krishna Securities Ltd.,Prabhu Stock Market Limited,1000,297.0,297000.0,2025-07-14 12:23:55.057882
2025-07-14,47413,2025071404006935,API,Shree Krishna Securities Ltd.,Kalika Securities Pvt. Ltd.,57,297.0,16929.0,2025-07-14 12:23:55.057929
2025-07-14,47412,2025071404006936,API,Shree Krishna Securities Ltd.,Arun Securities (PVT) Ltd.,66,297.0,19602.0,2025-07-14 12:23:55.057959
2025-07-14,47411,2025071404006937,API,Shree Krishna Securities Ltd.,Malla & Malla Stock Broking Company Pvt. Limited,100,297.0,29700.0,2025-07-14 12:23:55.058009
2025-07-14,47410,2025071404006938,API,Shree Krishna Securities Ltd.,Malla & Malla Stock Broking Company Pvt. Limited,111,297.0,32967.0,2025-07-14 12:23:55.058042
2025-07-14,47409,2025071404006939,API,Shree Krishna Securities Ltd.,Sweta Securities Private Limited,279,297.0,82863.0,2025-07-14 12:23:55.058067
2025-07-14,47408,2025071404006940,API,Shree Krishna Securities Ltd.,Imperial Securities Company Pvt. Ltd.,35,297.3,10405.5,2025-07-14 12:23:55.058088
2025-07-14,47407,2025071404006941,API,Shree Krishna Securities Ltd.,Trisul Securities & Invt. Ltd.,23,297.4,6840.2,2025-07-14 12:23:55.058113
2025-07-14,47406,2025071404006942,API,Shree Krishna Securities Ltd.,Oxford Securities Pvt. Ltd.,20,297.8,5956.0,2025-07-14 12:23:55.058137
2025-07-14,47405,2025071404006943,API,Shree Krishna Securities Ltd.,Investment Management Nepal Pvt. Ltd.,220,297.8,65516.0,2025-07-14 12:23:55.058158
2025-07-14,47404,2025071404006944,API,Shree Krishna Securities Ltd.,Sani Securities Company Ltd.,307,297.8,91424.6,2025-07-14 12:23:55.058182
2025-07-14,47403,2025071404006945,API,Shree Krishna Securities Ltd.,Naasa Securities Co. Ltd.,200,297.8,59560.0,2025-07-14 12:23:55.058205
2025-07-14,47402,2025071404006946,API,Shree Krishna Securities Ltd.,Naasa Securities Co. Ltd.,435,297.8,129543.0,2025-07-14 12:23:55.058227
2025-07-14,47401,2025071404006947,API,Shree Krishna Securities Ltd.,Kumari Securities Private Limited,100,297.8,29780.0,2025-07-14 12:23:55.058257
2025-07-14,47400,2025071404006948,API,Shree Krishna Securities Ltd.,Asian Securities Private Ltd.,30,297.8,8934.0,2025-07-14 12:23:55.058277
2025-07-14,47399,2025071404006949,API,Shree Krishna Securities Ltd.,Thrive Brokerage House Pvt. Ltd,500,297.8,148900.0,2025-07-14 12:23:55.058299
2025-07-14,47398,2025071404006950,API,Shree Krishna Securities Ltd.,Imperial Securities Company Pvt. Ltd.,300,297.8,89340.0,2025-07-14 12:23:55.058329
2025-07-14,47397,2025071404006951,API,Shree Krishna Securities Ltd.,Shree Krishna Securities Ltd.,75,297.9,22342.5,2025-07-14 12:23:55.058353
2025-07-14,47396,2025071404006952,API,Shree Krishna Securities Ltd.,Sani Securities Company Ltd.,200,298.0,59600.0,2025-07-14 12:23:55.058376
2025-07-14,47395,2025071404006953,API,Shree Krishna Securities Ltd.,Sumeru Securities Pvt. Ltd.,100,298.0,29800.0,2025-07-14 12:23:55.058397
2025-07-14,47394,2025071404006954,API,Shree Krishna Securities Ltd.,Ashutosh Brokerage & Securities (PVT) Ltd.,1900,298.0,566200.0,2025-07-14 12:23:55.058434
2025-07-14,47393,2025071404006955,API,Shree Krishna Securities Ltd.,Kohinoor Investment & Securities Pvt. Ltd.,500,298.0,149000.0,2025-07-14 12:23:55.058456
2025-07-14,47392,2025071404006956,API,Shree Krishna Securities Ltd.,Imperial Securities Company Pvt. Ltd.,1000,298.0,298000.0,2025-07-14 12:23:55.058480
2025-07-14,47391,2025071404006957,API,Shree Krishna Securities Ltd.,Nagarik Stock Dealer ,100,298.0,29800.0,2025-07-14 12:23:55.058502
2025-07-14,47390,2025071404006958,API,Shree Krishna Securities Ltd.,Siprabi Securities Pvt. Ltd.,10,298.0,2980.0,2025-07-14 12:23:55.058521
2025-07-14,47389,2025071404006959,API,Shree Krishna Securities Ltd.,Siprabi Securities Pvt. Ltd.,10,298.3,2983.0,2025-07-14 12:23:55.058543
2025-07-14,47388,2025071404006960,API,Shree Krishna Securities Ltd.,J.F. Securites (PVT) Ltd.,326,298.3,97245.8,2025-07-14 12:23:55.058563
2025-07-14,47387,2025071404006961,API,Shree Krishna Securities Ltd.,Nabil Stock Dealer Ltd.,1200,298.5,358200.0,2025-07-14 12:23:55.058587
2025-07-14,47386,2025071404006962,API,Shree Krishna Securities Ltd.,Premier Securities Company Ltd.,100,298.7,29870.0,2025-07-14 12:23:55.058625
2025-07-14,47385,2025071404006963,API,Shree Krishna Securities Ltd.,Agrawal Securities (PVT) Ltd.,2500,298.8,747000.0,2025-07-14 12:23:55.058650
2025-07-14,47384,2025071404006964,API,Shree Krishna Securities Ltd.,Ashutosh Brokerage & Securities (PVT) Ltd.,1000,298.8,298800.0,2025-07-14 12:23:55.058670
2025-07-14,47383,2025071404006965,API,Shree Krishna Securities Ltd.,South Asian Bulls Pvt. Ltd.,1000,298.8,298800.0,2025-07-14 12:23:55.058691
2025-07-14,47382,2025071404006966,API,Shree Krishna Securities Ltd.,Kumari Securities Private Limited,200,299.0,59800.0,2025-07-14 12:23:55.058717
2025-07-14,47381,2025071404006967,API,Shree Krishna Securities Ltd.,Siprabi Securities Pvt. Ltd.,700,299.0,209300.0,2025-07-14 12:23:55.058737
2025-07-14,47380,2025071404006968,API,Shree Krishna Securities Ltd.,Naasa Securities Co. Ltd.,1000,299.3,299300.0,2025-07-14 12:23:55.058767
2025-07-14,47379,2025071404006969,API,Shree Krishna Securities Ltd.,Cristal Kanchanjanga Securites Pvt. Ltd.,500,299.3,149650.0,2025-07-14 12:23:55.058796
2025-07-14,47378,2025071404006970,API,Shree Krishna Securities Ltd.,Aryatara Investment & Securities,30,299.3,8979.0,2025-07-14 12:23:55.058820
2025-07-14,47377,2025071404006971,API,Shree Krishna Securities Ltd.,Agrawal Securities (PVT) Ltd.,2500,299.3,748250.0,2025-07-14 12:23:55.058838
2025-07-14,47376,2025071404006972,API,Shree Krishna Securities Ltd.,Sundhara Securities Limited,687,299.3,205619.1,2025-07-14 12:23:55.058859
2025-07-14,47375,2025071404006973,API,Shree Krishna Securities Ltd.,Agrawal Securities (PVT) Ltd.,65,299.3,19454.5,2025-07-14 12:23:55.058878
2025-07-14,47301,2025071404007010,API,Ashutosh Brokerage & Securities (PVT) Ltd.,Sri Hari Securities Pvt. Ltd.,10,291.9,2919.0,2025-07-14 12:24:11.514046
2025-07-14,47102,2025071404007077,API,Shree Krishna Securities Ltd.,Dipshikha Dhitopatra Karobar Co. Pvt Ltd.,10,292.1,2921.0,2025-07-14 12:25:13.293092
2025-07-14,46896,2025071404007162,API,Naasa Securities Co. Ltd.,Investment Management Nepal Pvt. Ltd.,220,297.5,65450.0,2025-07-14 12:25:55.577478
2025-07-14,46777,2025071404007198,API,Naasa Securities Co. Ltd.,Primo Securities (PVT) Ltd.,510,299.2,152592.0,2025-07-14 12:26:35.885184
2025-07-14,46712,2025071404007204,API,Pragyan Securities (PVT) Ltd.,Sri Hari Securities Pvt. Ltd.,10,292.2,2922.0,2025-07-14 12:26:48.985172
2025-07-14,46622,2025071404007247,API,Linch Stock Market Ltd.,Dipshikha Dhitopatra Karobar Co. Pvt Ltd.,500,294.0,147000.0,2025-07-14 12:27:20.241426
2025-07-14,46533,2025071404007277,API,Linch Stock Market Ltd.,Sri Hari Securities Pvt. Ltd.,10,293.0,2930.0,2025-07-14 12:27:48.780041
2025-07-14,46071,2025071404007416,API,Linch Stock Market Ltd.,Dipshikha Dhitopatra Karobar Co. Pvt Ltd.,490,294.0,144060.0,2025-07-14 12:29:56.339242
2025-07-14,46020,2025071404007430,API,J.F. Securites (PVT) Ltd.,Dipshikha Dhitopatra Karobar Co. Pvt Ltd.,100,295.0,29500.0,2025-07-14 12:30:15.442525
2025-07-14,46019,2025071404007431,API,Sani Securities Company Ltd.,Dipshikha Dhitopatra Karobar Co. Pvt Ltd.,500,294.1,147050.0,2025-07-14 12:30:15.442967
2025-07-14,45494,2025071404007598,API,Vision Securities Pvt. Ltd,Capital Hub P. Ltd,350,294.0,102900.0,2025-07-14 12:33:00.409783
2025-07-14,45493,2025071404007599,API,Kohinoor Investment & Securities Pvt. Ltd.,Capital Hub P. Ltd,100,293.7,29370.0,2025-07-14 12:33:00.410172
2025-07-14,45492,2025071404007600,API,Oxford Securities Pvt. Ltd.,Capital Hub P. Ltd,1000,293.7,293700.0,2025-07-14 12:33:00.410341
2025-07-14,45491,2025071404007601,API,Ashutosh Brokerage & Securities (PVT) Ltd.,Capital Hub P. Ltd,500,293.6,146800.0,2025-07-14 12:33:00.410484
2025-07-14,45490,2025071404007602,API,Sani Securities Company Ltd.,Capital Hub P. Ltd,50,293.6,14680.0,2025-07-14 12:33:00.410637
2025-07-14,45359,2025071404007633,API,Sani Securities Company Ltd.,Kalika Securities Pvt. Ltd.,11,293.6,3229.6,2025-07-14 12:33:33.895784
2025-07-14,45091,2025071404007696,API,Naasa Securities Co. Ltd.,Sajilo Broker Limited,38,295.0,11210.0,2025-07-14 12:34:41.795413
2025-07-14,45089,2025071404007697,API,Shree Krishna Securities Ltd.,Shree Krishna Securities Ltd.,1000,294.1,294100.0,2025-07-14 12:34:45.201876
2025-07-14,45042,2025071404007713,API,Vision Securities Pvt. Ltd,Dipshikha Dhitopatra Karobar Co. Pvt Ltd.,1000,294.0,294000.0,2025-07-14 12:34:55.516765
2025-07-14,44999,2025071404007726,API,Aryatara Investment & Securities,Sajilo Broker Limited,62,295.0,18290.0,2025-07-14 12:35:05.598702
2025-07-14,44928,2025071404007753,API,Shree Krishna Securities Ltd.,Shree Krishna Securities Ltd.,898,296.0,265808.0,2025-07-14 12:35:26.338649
2025-07-14,44925,2025071404007754,API,Aryatara Investment & Securities,Dipshikha Dhitopatra Karobar Co. Pvt Ltd.,938,295.0,276710.0,2025-07-14 12:35:27.395021
2025-07-14,43862,2025071404008053,API,Naasa Securities Co. Ltd.,Dipshikha Dhitopatra Karobar Co. Pvt Ltd.,40,294.0,11760.0,2025-07-14 12:40:08.447635
2025-07-14,43642,2025071404008119,API,Investment Management Nepal Pvt. Ltd.,Deevyaa Securities & Stock House Pvt. Ltd,20,294.0,5880.0,2025-07-14 12:40:48.811858
2025-07-14,43552,2025071404008131,API,Investment Management Nepal Pvt. Ltd.,Dipshikha Dhitopatra Karobar Co. Pvt Ltd.,10,294.0,2940.0,2025-07-14 12:41:16.028418
2025-07-14,43551,2025071404008132,API,Sani Securities Company Ltd.,Dipshikha Dhitopatra Karobar Co. Pvt Ltd.,330,293.8,96954.0,2025-07-14 12:41:16.028914
2025-07-14,43550,2025071404008133,API,Secured Securities Ltd.,Dipshikha Dhitopatra Karobar Co. Pvt Ltd.,1000,293.7,293700.0,2025-07-14 12:41:16.029359
2025-07-14,43549,2025071404008134,API,Imperial Securities Company Pvt. Ltd.,Dipshikha Dhitopatra Karobar Co. Pvt Ltd.,20,293.7,5874.0,2025-07-14 12:41:16.029722
2025-07-14,43548,2025071404008135,API,Sani Securities Company Ltd.,Dipshikha Dhitopatra Karobar Co. Pvt Ltd.,140,293.6,41104.0,2025-07-14 12:41:16.030058
2025-07-14,43503,2025071404008151,API,Sani Securities Company Ltd.,Dipshikha Dhitopatra Karobar Co. Pvt Ltd.,99,293.6,29066.4,2025-07-14 12:41:42.172151
2025-07-14,43502,2025071404008152,API,Naasa Securities Co. Ltd.,Dipshikha Dhitopatra Karobar Co. Pvt Ltd.,100,293.6,29360.0,2025-07-14 12:41:42.172417
2025-07-14,43501,2025071404008153,API,Vision Securities Pvt. Ltd,Dipshikha Dhitopatra Karobar Co. Pvt Ltd.,500,293.6,146800.0,2025-07-14 12:41:42.172526
2025-07-14,43500,2025071404008154,API,Pragyan Securities (PVT) Ltd.,Dipshikha Dhitopatra Karobar Co. Pvt Ltd.,263,293.5,77190.5,2025-07-14 12:41:42.172629
2025-07-14,43379,2025071404008212,API,Pragyan Securities (PVT) Ltd.,SHUBHAKAMANA SECURITIES PVT. LTD,37,293.5,10859.5,2025-07-14 12:42:01.492298
2025-07-14,43378,2025071404008213,API,Creative Securities Pvt Ltd,SHUBHAKAMANA SECURITIES PVT. LTD,500,293.4,146700.0,2025-07-14 12:42:01.492599
2025-07-14,43377,2025071404008214,API,Naasa Securities Co. Ltd.,SHUBHAKAMANA SECURITIES PVT. LTD,1400,293.3,410620.0,2025-07-14 12:42:01.492718
2025-07-14,43376,2025071404008215,API,Sewa Securities Pvt. Ltd.,SHUBHAKAMANA SECURITIES PVT. LTD,100,293.2,29320.0,2025-07-14 12:42:01.492824
2025-07-14,43375,2025071404008216,API,Dipshikha Dhitopatra Karobar Co. Pvt Ltd.,SHUBHAKAMANA SECURITIES PVT. LTD,250,293.0,73250.0,2025-07-14 12:42:01.492933
2025-07-14,43374,2025071404008217,API,Creative Securities Pvt Ltd,SHUBHAKAMANA SECURITIES PVT. LTD,100,293.0,29300.0,2025-07-14 12:42:01.493038
2025-07-14,43373,2025071404008218,API,Dipshikha Dhitopatra Karobar Co. Pvt Ltd.,SHUBHAKAMANA SECURITIES PVT. LTD,210,293.0,61530.0,2025-07-14 12:42:01.493145
2025-07-14,43372,2025071404008219,API,Sajilo Broker Limited,SHUBHAKAMANA SECURITIES PVT. LTD,903,293.0,264579.0,2025-07-14 12:42:01.493265
2025-07-14,42329,2025071404008608,API,Thrive Brokerage House Pvt. Ltd,Midas Stock Broking Company Private Limited,17,293.1,4982.7,2025-07-14 12:47:08.709419
2025-07-14,42328,2025071404008609,API,Nabil Stock Dealer Ltd.,Midas Stock Broking Company Private Limited,200,293.1,58620.0,2025-07-14 12:47:08.709685
2025-07-14,42327,2025071404008610,API,Sajilo Broker Limited,Midas Stock Broking Company Private Limited,97,293.0,28421.0,2025-07-14 12:47:08.709796
2025-07-14,42326,2025071404008611,API,Trisul Securities & Invt. Ltd.,Midas Stock Broking Company Private Limited,10,293.0,2930.0,2025-07-14 12:47:08.709903
2025-07-14,42325,2025071404008612,API,Shree Krishna Securities Ltd.,Midas Stock Broking Company Private Limited,796,293.0,233228.0,2025-07-14 12:47:08.710010
2025-07-14,42154,2025071404008647,API,Vision Securities Pvt. Ltd,Dipshikha Dhitopatra Karobar Co. Pvt Ltd.,160,294.5,47120.0,2025-07-14 12:47:57.994549
2025-07-14,42101,2025071404008660,API,Shree Krishna Securities Ltd.,Sajilo Broker Limited,100,293.0,29300.0,2025-07-14 12:48:16.213912
2025-07-14,40958,2025071404009027,API,Online Securities Pvt. Ltd.,Vision Securities Pvt. Ltd,30,294.0,8820.0,2025-07-14 12:53:15.960441
2025-07-14,40861,2025071404009082,API,Shree Krishna Securities Ltd.,Dipshikha Dhitopatra Karobar Co. Pvt Ltd.,604,294.5,177878.0,2025-07-14 12:53:35.254269
2025-07-14,40809,2025071404009097,API,Shree Krishna Securities Ltd.,Dipshikha Dhitopatra Karobar Co. Pvt Ltd.,736,294.5,216752.0,2025-07-14 12:53:47.300150
2025-07-14,40808,2025071404009098,API,Shree Krishna Securities Ltd.,Market Securities & Exchange (PVT) Ltd.,500,294.9,147450.0,2025-07-14 12:53:47.300678
2025-07-14,40670,2025071404009159,API,Shree Krishna Securities Ltd.,Opal Securities Investment (PVT) Ltd.,38,295.0,11210.0,2025-07-14 12:54:22.444832
2025-07-14,40669,2025071404009160,API,Shree Krishna Securities Ltd.,Dipshikha Dhitopatra Karobar Co. Pvt Ltd.,226,295.0,66670.0,2025-07-14 12:54:22.445142
2025-07-14,40031,2025071404009354,API,Linch Stock Market Ltd.,ABC Securities Private Limited,50,294.9,14745.0,2025-07-14 12:56:47.151751
2025-07-14,38178,2025071404009947,API,Trishakti Securities Public Limited,Agrawal Securities (PVT) Ltd.,500,293.0,146500.0,2025-07-14 13:04:55.611340
2025-07-14,38177,2025071404009948,API,Sunrise Securities Limited,Agrawal Securities (PVT) Ltd.,5000,292.9,1464500.0,2025-07-14 13:04:55.611657
2025-07-14,37898,2025071404010044,API,Sunrise Securities Limited,Agrawal Securities (PVT) Ltd.,3604,293.0,1055972.0,2025-07-14 13:06:15.114642
2025-07-14,35799,2025071404010757,API,Premier Securities Company Ltd.,SHUBHAKAMANA SECURITIES PVT. LTD,50,293.1,14655.0,2025-07-14 13:16:35.492132
2025-07-14,35798,2025071404010758,API,Online Securities Pvt. Ltd.,SHUBHAKAMANA SECURITIES PVT. LTD,500,293.0,146500.0,2025-07-14 13:16:35.492493
2025-07-14,35797,2025071404010759,API,Imperial Securities Company Pvt. Ltd.,SHUBHAKAMANA SECURITIES PVT. LTD,500,293.0,146500.0,2025-07-14 13:16:35.492626
2025-07-14,35796,2025071404010760,API,Sri Hari Securities Pvt. Ltd.,SHUBHAKAMANA SECURITIES PVT. LTD,70,293.0,20510.0,2025-07-14 13:16:35.492753
2025-07-14,35795,2025071404010761,API,Imperial Securities Company Pvt. Ltd.,SHUBHAKAMANA SECURITIES PVT. LTD,500,292.9,146450.0,2025-07-14 13:16:35.492879
2025-07-14,35794,2025071404010762,API,Neev Securities Pvt. Ltd.,SHUBHAKAMANA SECURITIES PVT. LTD,380,292.8,111264.0,2025-07-14 13:16:35.493006
2025-07-14,35686,2025071404010793,API,Neev Securities Pvt. Ltd.,Dipshikha Dhitopatra Karobar Co. Pvt Ltd.,15,292.8,4392.0,2025-07-14 13:17:04.813375
2025-07-14,34666,2025071404011110,API,Imperial Securities Company Pvt. Ltd.,Siprabi Securities Pvt. Ltd.,30,293.0,8790.0,2025-07-14 13:21:00.867093
2025-07-14,34665,2025071404011111,API,Imperial Securities Company Pvt. Ltd.,Online Securities Pvt. Ltd.,52,293.0,15236.0,2025-07-14 13:21:00.867476
2025-07-14,33179,2025071404011558,API,Trishakti Securities Public Limited,Trisul Securities & Invt. Ltd.,45,294.0,13230.0,2025-07-14 13:27:22.792919
2025-07-14,33178,2025071404011559,API,Trishakti Securities Public Limited,Secured Securities Ltd.,300,294.7,88410.0,2025-07-14 13:27:22.793269
2025-07-14,33177,2025071404011560,API,Trishakti Securities Public Limited,Linch Stock Market Ltd.,100,294.8,29480.0,2025-07-14 13:27:22.793419
2025-07-14,32933,2025071404011680,API,Online Securities Pvt. Ltd.,Cristal Kanchanjanga Securites Pvt. Ltd.,10,294.9,2949.0,2025-07-14 13:28:13.610114
2025-07-14,32529,2025071404011838,API,Trishakti Securities Public Limited,Imperial Securities Company Pvt. Ltd.,55,294.8,16214.0,2025-07-14 13:29:35.257932
2025-07-14,32210,2025071404011931,API,Trademow Securities Private Limited,Imperial Securities Company Pvt. Ltd.,445,293.6,130652.0,2025-07-14 13:31:03.846517
2025-07-14,32053,2025071404011960,API,Trademow Securities Private Limited,Imperial Securities Company Pvt. Ltd.,1155,293.6,339108.0,2025-07-14 13:31:37.235042
2025-07-14,32049,2025071404011961,API,Siprabi Securities Pvt. Ltd.,K.B.L. Securities Limited ,500,293.5,146750.0,2025-07-14 13:31:38.132361
2025-07-14,32048,2025071404011962,API,Imperial Securities Company Pvt. Ltd.,K.B.L. Securities Limited ,1218,293.0,356874.0,2025-07-14 13:31:38.132695
2025-07-14,32047,2025071404011963,API,Imperial Securities Company Pvt. Ltd.,K.B.L. Securities Limited ,1000,293.0,293000.0,2025-07-14 13:31:38.132845
2025-07-14,32046,2025071404011964,API,Midas Stock Broking Company Private Limited,K.B.L. Securities Limited ,76,293.0,22268.0,2025-07-14 13:31:38.132992
2025-07-14,31474,2025071404012184,API,Neev Securities Pvt. Ltd.,Vision Securities Pvt. Ltd,105,292.8,30744.0,2025-07-14 13:33:56.239772
2025-07-14,31473,2025071404012185,API,Naasa Securities Co. Ltd.,Vision Securities Pvt. Ltd,100,292.8,29280.0,2025-07-14 13:33:56.239874
2025-07-14,31472,2025071404012186,API,Pragyan Securities (PVT) Ltd.,Vision Securities Pvt. Ltd,100,292.6,29260.0,2025-07-14 13:33:56.239954
2025-07-14,31471,2025071404012187,API,Naasa Securities Co. Ltd.,Vision Securities Pvt. Ltd,100,292.6,29260.0,2025-07-14 13:33:56.240050
2025-07-14,31470,2025071404012188,API,Pragyan Securities (PVT) Ltd.,Vision Securities Pvt. Ltd,100,292.6,29260.0,2025-07-14 13:33:56.240123
2025-07-14,31469,2025071404012189,API,ABC Securities Private Limited,Vision Securities Pvt. Ltd,200,292.6,58520.0,2025-07-14 13:33:56.240196
2025-07-14,31468,2025071404012190,API,Online Securities Pvt. Ltd.,Vision Securities Pvt. Ltd,80,292.5,23400.0,2025-07-14 13:33:56.240300
2025-07-14,31467,2025071404012191,API,Sumeru Securities Pvt. Ltd.,Vision Securities Pvt. Ltd,170,292.4,49708.0,2025-07-14 13:33:56.240402
2025-07-14,31466,2025071404012192,API,Kohinoor Investment & Securities Pvt. Ltd.,Vision Securities Pvt. Ltd,95,292.3,27768.5,2025-07-14 13:33:56.240499
2025-07-14,30666,2025071404012435,API,Dipshikha Dhitopatra Karobar Co. Pvt Ltd.,Dipshikha Dhitopatra Karobar Co. Pvt Ltd.,75,292.5,21937.5,2025-07-14 13:36:51.925556
2025-07-14,30445,2025071404012542,API,Dipshikha Dhitopatra Karobar Co. Pvt Ltd.,Sajilo Broker Limited,100,292.4,29240.0,2025-07-14 13:37:38.079253
2025-07-14,30444,2025071404012543,API,Sunrise Securities Limited,Sajilo Broker Limited,200,292.3,58460.0,2025-07-14 13:37:38.079378
2025-07-14,30312,2025071404012594,API,Sunrise Securities Limited,Naasa Securities Co. Ltd.,300,292.3,87690.0,2025-07-14 13:38:11.414333
2025-07-14,30171,2025071404012615,API,Sagarmatha Securities Private Limited,Dipshikha Dhitopatra Karobar Co. Pvt Ltd.,225,292.5,65812.5,2025-07-14 13:38:34.515167
2025-07-14,29688,2025071404012764,API,Sagarmatha Securities Private Limited,Kohinoor Investment & Securities Pvt. Ltd.,221,292.5,64642.5,2025-07-14 13:40:25.293655
2025-07-14,29397,2025071404012854,API,Sagarmatha Securities Private Limited,Vision Securities Pvt. Ltd,94,292.5,27495.0,2025-07-14 13:41:44.897906
2025-07-14,29232,2025071404012903,API,J.F. Securites (PVT) Ltd.,Vision Securities Pvt. Ltd,100,292.5,29250.0,2025-07-14 13:42:24.632061
2025-07-14,28931,2025071404013010,API,Sunrise Securities Limited,Vision Securities Pvt. Ltd,1500,292.5,438750.0,2025-07-14 13:43:27.911802
2025-07-14,28781,2025071404013063,API,Sunrise Securities Limited,Vision Securities Pvt. Ltd,4396,292.5,1285830.0,2025-07-14 13:44:11.025198
2025-07-14,28383,2025071404013153,API,Sunrise Securities Limited,Vision Securities Pvt. Ltd,5000,292.5,1462500.0,2025-07-14 13:45:48.256997
2025-07-14,28382,2025071404013154,API,Sani Securities Company Ltd.,Vision Securities Pvt. Ltd,300,292.2,87660.0,2025-07-14 13:45:48.324845
2025-07-14,28371,2025071404013160,API,Thrive Brokerage House Pvt. Ltd,K.B.L. Securities Limited ,500,292.1,146050.0,2025-07-14 13:45:52.418248
2025-07-14,28370,2025071404013161,API,Primo Securities (PVT) Ltd.,K.B.L. Securities Limited ,500,292.0,146000.0,2025-07-14 13:45:52.418615
2025-07-14,28369,2025071404013162,API,J.F. Securites (PVT) Ltd.,K.B.L. Securities Limited ,100,292.0,29200.0,2025-07-14 13:45:52.418755
2025-07-14,28368,2025071404013163,API,ABC Securities Private Limited,K.B.L. Securities Limited ,500,292.0,146000.0,2025-07-14 13:45:52.418891
2025-07-14,28367,2025071404013164,API,Opal Securities Investment (PVT) Ltd.,K.B.L. Securities Limited ,50,292.0,14600.0,2025-07-14 13:45:52.419050
2025-07-14,28366,2025071404013165,API,Linch Stock Market Ltd.,K.B.L. Securities Limited ,50,292.0,14600.0,2025-07-14 13:45:52.419191
2025-07-14,28365,2025071404013166,API,J.F. Securites (PVT) Ltd.,K.B.L. Securities Limited ,1000,292.0,292000.0,2025-07-14 13:45:52.419327
2025-07-14,28364,2025071404013167,API,Sweta Securities Private Limited,K.B.L. Securities Limited ,50,292.0,14600.0,2025-07-14 13:45:52.419464
2025-07-14,28363,2025071404013168,API,Cristal Kanchanjanga Securites Pvt. Ltd.,K.B.L. Securities Limited ,500,292.0,146000.0,2025-07-14 13:45:52.419609
2025-07-14,28362,2025071404013169,API,Capital Hub P. Ltd,K.B.L. Securities Limited ,200,292.0,58400.0,2025-07-14 13:45:52.419746
2025-07-14,28361,2025071404013170,API,Secured Securities Ltd.,K.B.L. Securities Limited ,500,292.0,146000.0,2025-07-14 13:45:52.419871
2025-07-14,28360,2025071404013171,API,South Asian Bulls Pvt. Ltd.,K.B.L. Securities Limited ,300,292.0,87600.0,2025-07-14 13:45:52.420010
2025-07-14,28359,2025071404013172,API,Dipshikha Dhitopatra Karobar Co. Pvt Ltd.,K.B.L. Securities Limited ,10,292.0,2920.0,2025-07-14 13:45:52.420150
2025-07-14,28358,2025071404013173,API,Siprabi Securities Pvt. Ltd.,K.B.L. Securities Limited ,10,292.0,2920.0,2025-07-14 13:45:52.420281
2025-07-14,28357,2025071404013174,API,Vision Securities Pvt. Ltd,K.B.L. Securities Limited ,50,292.0,14600.0,2025-07-14 13:45:52.420422
2025-07-14,28356,2025071404013175,API,Nepal Stock House (PVT) Ltd.,K.B.L. Securities Limited ,30,292.0,8760.0,2025-07-14 13:45:52.420551
2025-07-14,28355,2025071404013176,API,Dipshikha Dhitopatra Karobar Co. Pvt Ltd.,K.B.L. Securities Limited ,10,292.0,2920.0,2025-07-14 13:45:52.420680
2025-07-14,28354,2025071404013177,API,Sumeru Securities Pvt. Ltd.,K.B.L. Securities Limited ,100,292.0,29200.0,2025-07-14 13:45:52.420853
2025-07-14,28353,2025071404013178,API,Sewa Securities Pvt. Ltd.,K.B.L. Securities Limited ,300,292.0,87600.0,2025-07-14 13:45:52.420995
2025-07-14,28352,2025071404013179,API,Imperial Securities Company Pvt. Ltd.,K.B.L. Securities Limited ,500,292.0,146000.0,2025-07-14 13:45:52.421128
2025-07-14,28351,2025071404013180,API,Trishakti Securities Public Limited,K.B.L. Securities Limited ,1000,292.0,292000.0,2025-07-14 13:45:52.421324
2025-07-14,28350,2025071404013181,API,Trishakti Securities Public Limited,K.B.L. Securities Limited ,50,292.0,14600.0,2025-07-14 13:45:52.421484
2025-07-14,28349,2025071404013182,API,Sani Securities Company Ltd.,K.B.L. Securities Limited ,147,292.0,42924.0,2025-07-14 13:45:52.421634
2025-07-14,28348,2025071404013183,API,Siprabi Securities Pvt. Ltd.,K.B.L. Securities Limited ,50,292.0,14600.0,2025-07-14 13:45:52.421783
2025-07-14,28347,2025071404013184,API,Primo Securities (PVT) Ltd.,K.B.L. Securities Limited ,199,292.0,58108.0,2025-07-14 13:45:52.421974
2025-07-14,28288,2025071404013189,API,Naasa Securities Co. Ltd.,Premier Securities Company Ltd.,55,291.9,16054.5,2025-07-14 13:46:06.681036
2025-07-14,28034,2025071404013265,API,Naasa Securities Co. Ltd.,Naasa Securities Co. Ltd.,45,291.9,13135.5,2025-07-14 13:47:28.636651
2025-07-14,28033,2025071404013266,API,Sri Hari Securities Pvt. Ltd.,Naasa Securities Co. Ltd.,11,291.9,3210.9,2025-07-14 13:47:28.637004
2025-07-14,27628,2025071404013383,API,Shree Krishna Securities Ltd.,Vision Securities Pvt. Ltd,1370,292.0,400040.0,2025-07-14 13:49:25.002362
2025-07-14,27503,2025071404013427,API,Sri Hari Securities Pvt. Ltd.,Indira securities pvt. ltd,15,291.9,4378.5,2025-07-14 13:49:56.293154
2025-07-14,27395,2025071404013448,API,Malla & Malla Stock Broking Company Pvt. Limited,Vision Securities Pvt. Ltd,200,292.2,58440.0,2025-07-14 13:50:38.385162
2025-07-14,27302,2025071404013468,API,Naasa Securities Co. Ltd.,Sajilo Broker Limited,20,292.0,5840.0,2025-07-14 13:51:09.492766
2025-07-14,27301,2025071404013469,API,Sri Hari Securities Pvt. Ltd.,Sajilo Broker Limited,180,291.9,52542.0,2025-07-14 13:51:09.492844
2025-07-14,26946,2025071404013571,API,Agrawal Securities (PVT) Ltd.,Vision Securities Pvt. Ltd,32,292.0,9344.0,2025-07-14 13:52:44.574643
2025-07-14,26945,2025071404013572,API,Kumari Securities Private Limited,Vision Securities Pvt. Ltd,20,292.0,5840.0,2025-07-14 13:52:44.574968
2025-07-14,26944,2025071404013573,API,Sri Hari Securities Pvt. Ltd.,Vision Securities Pvt. Ltd,44,291.9,12843.6,2025-07-14 13:52:44.575109
2025-07-14,26943,2025071404013574,API,Asian Securities Private Ltd.,Vision Securities Pvt. Ltd,110,291.7,32087.0,2025-07-14 13:52:44.575243
2025-07-14,26942,2025071404013575,API,Naasa Securities Co. Ltd.,Vision Securities Pvt. Ltd,100,291.7,29170.0,2025-07-14 13:52:44.575383
2025-07-14,26941,2025071404013576,API,Oxford Securities Pvt. Ltd.,Vision Securities Pvt. Ltd,44,291.5,12826.0,2025-07-14 13:52:44.575521
2025-07-14,26940,2025071404013577,API,Property Wiard Limited,Vision Securities Pvt. Ltd,100,291.5,29150.0,2025-07-14 13:52:44.575648
2025-07-14,26939,2025071404013578,API,South Asian Bulls Pvt. Ltd.,Vision Securities Pvt. Ltd,200,291.5,58300.0,2025-07-14 13:52:44.575775
2025-07-14,26938,2025071404013579,API,Dipshikha Dhitopatra Karobar Co. Pvt Ltd.,Vision Securities Pvt. Ltd,100,291.5,29150.0,2025-07-14 13:52:44.575904
2025-07-14,26937,2025071404013580,API,Cristal Kanchanjanga Securites Pvt. Ltd.,Vision Securities Pvt. Ltd,20,291.5,5830.0,2025-07-14 13:52:44.576035
2025-07-14,26936,2025071404013581,API,Naasa Securities Co. Ltd.,Vision Securities Pvt. Ltd,230,291.5,67045.0,2025-07-14 13:52:44.576186
2025-07-14,26760,2025071404013638,API,Kohinoor Investment & Securities Pvt. Ltd.,Vision Securities Pvt. Ltd,35,292.2,10227.0,2025-07-14 13:53:29.296979
2025-07-14,26684,2025071404013657,API,Midas Stock Broking Company Private Limited,Vision Securities Pvt. Ltd,174,292.2,50842.8,2025-07-14 13:53:50.463419
2025-07-14,26401,2025071404013725,API,Siprabi Securities Pvt. Ltd.,Vision Securities Pvt. Ltd,50,292.2,14610.0,2025-07-14 13:55:08.877608
2025-07-14,26010,2025071404013884,API,Naasa Securities Co. Ltd.,Vision Securities Pvt. Ltd,25,292.2,7305.0,2025-07-14 13:56:51.024523
2025-07-14,25745,2025071404013953,API,Dakshinkali Investment & Securities Pvt. Ltd.,Vision Securities Pvt. Ltd,216,292.2,63115.2,2025-07-14 13:57:51.288080
2025-07-14,25744,2025071404013954,API,Dakshinkali Investment & Securities Pvt. Ltd.,Agrawal Securities (PVT) Ltd.,100,293.0,29300.0,2025-07-14 13:57:51.288446
2025-07-14,25743,2025071404013955,API,Dakshinkali Investment & Securities Pvt. Ltd.,Aryatara Investment & Securities,55,293.0,16115.0,2025-07-14 13:57:51.288591
2025-07-14,25742,2025071404013956,API,Dakshinkali Investment & Securities Pvt. Ltd.,Midas Stock Broking Company Private Limited,500,293.0,146500.0,2025-07-14 13:57:51.288730
2025-07-14,25741,2025071404013957,API,Dakshinkali Investment & Securities Pvt. Ltd.,Nagarik Stock Dealer ,900,294.0,264600.0,2025-07-14 13:57:51.288871
2025-07-14,25740,2025071404013958,API,Dakshinkali Investment & Securities Pvt. Ltd.,Naasa Securities Co. Ltd.,75,294.5,22087.5,2025-07-14 13:57:51.289014
2025-07-14,25739,2025071404013959,API,Dakshinkali Investment & Securities Pvt. Ltd.,Trishakti Securities Public Limited,5000,294.5,1472500.0,2025-07-14 13:57:51.289155
2025-07-14,25738,2025071404013960,API,Dakshinkali Investment & Securities Pvt. Ltd.,Secured Securities Ltd.,154,294.5,45353.0,2025-07-14 13:57:51.289299
2025-07-14,25365,2025071404014049,API,Naasa Securities Co. Ltd.,Hatemalo Financial Services Private Limited,50,293.0,14650.0,2025-07-14 13:59:26.855047
2025-07-14,25364,2025071404014050,API,Siprabi Securities Pvt. Ltd.,Hatemalo Financial Services Private Limited,200,292.0,58400.0,2025-07-14 13:59:26.855773
2025-07-14,25363,2025071404014051,API,Indira securities pvt. ltd,Hatemalo Financial Services Private Limited,500,292.0,146000.0,2025-07-14 13:59:26.856277
2025-07-14,25362,2025071404014052,API,Dipshikha Dhitopatra Karobar Co. Pvt Ltd.,Hatemalo Financial Services Private Limited,38,292.0,11096.0,2025-07-14 13:59:26.856793
2025-07-14,25361,2025071404014053,API,Ashutosh Brokerage & Securities (PVT) Ltd.,Hatemalo Financial Services Private Limited,90,291.6,26244.0,2025-07-14 13:59:26.857241
2025-07-14,25360,2025071404014054,API,Naasa Securities Co. Ltd.,Hatemalo Financial Services Private Limited,112,291.5,32648.0,2025-07-14 13:59:26.857714
2025-07-14,25359,2025071404014055,API,Naasa Securities Co. Ltd.,Hatemalo Financial Services Private Limited,130,291.4,37882.0,2025-07-14 13:59:26.858161
2025-07-14,25358,2025071404014056,API,South Asian Bulls Pvt. Ltd.,Hatemalo Financial Services Private Limited,30,291.3,8739.0,2025-07-14 13:59:26.858592
2025-07-14,25357,2025071404014057,API,Linch Stock Market Ltd.,Hatemalo Financial Services Private Limited,128,291.3,37286.4,2025-07-14 13:59:26.859002
2025-07-14,24534,2025071404014284,API,Asian Securities Private Ltd.,Premier Securities Company Ltd.,10,292.0,2920.0,2025-07-14 14:02:50.615046
2025-07-14,24475,2025071404014297,API,Premier Securities Company Ltd.,Secured Securities Ltd.,10,294.5,2945.0,2025-07-14 14:03:04.694169
2025-07-14,24320,2025071404014334,API,Sundhara Securities Limited,Online Securities Pvt. Ltd.,10,292.1,2921.0,2025-07-14 14:03:58.910600
2025-07-14,23662,2025071404014525,API,Dakshinkali Investment & Securities Pvt. Ltd.,Investment Management Nepal Pvt. Ltd.,18,293.0,5274.0,2025-07-14 14:06:29.630991
2025-07-14,23475,2025071404014592,API,Sri Hari Securities Pvt. Ltd.,Secured Securities Ltd.,10,294.3,2943.0,2025-07-14 14:07:18.054267
2025-07-14,22490,2025071404014854,API,Dakshinkali Investment & Securities Pvt. Ltd.,Imperial Securities Company Pvt. Ltd.,1545,293.0,452685.0,2025-07-14 14:10:58.449038
2025-07-14,22268,2025071404014956,API,Sri Hari Securities Pvt. Ltd.,Secured Securities Ltd.,10,293.9,2939.0,2025-07-14 14:11:40.389377
2025-07-14,22005,2025071404015021,API,Sunrise Securities Limited,Online Securities Pvt. Ltd.,100,293.1,29310.0,2025-07-14 14:12:35.327268
2025-07-14,22004,2025071404015022,API,Dakshinkali Investment & Securities Pvt. Ltd.,Online Securities Pvt. Ltd.,240,293.0,70320.0,2025-07-14 14:12:35.327668
2025-07-14,21972,2025071404015028,API,Sri Hari Securities Pvt. Ltd.,Secured Securities Ltd.,10,293.9,2939.0,2025-07-14 14:12:46.908363
2025-07-14,21731,2025071404015116,API,Aryatara Investment & Securities,Secured Securities Ltd.,170,293.9,49963.0,2025-07-14 14:13:46.535101
2025-07-14,21239,2025071404015303,API,Naasa Securities Co. Ltd.,Linch Stock Market Ltd.,165,294.0,48510.0,2025-07-14 14:16:06.941973
2025-07-14,20976,2025071404015376,API,Aryatara Investment & Securities,Secured Securities Ltd.,30,293.9,8817.0,2025-07-14 14:17:12.879127
2025-07-14,20881,2025071404015406,API,Himalayan Brokerage Company Limited,Secured Securities Ltd.,10,293.9,2939.0,2025-07-14 14:17:41.121134
2025-07-14,19603,2025071404015752,API,Dakshinkali Investment & Securities Pvt. Ltd.,Secured Securities Ltd.,10,293.0,2930.0,2025-07-14 14:21:59.763001
2025-07-14,19313,2025071404015822,API,Dipshikha Dhitopatra Karobar Co. Pvt Ltd.,Secured Securities Ltd.,70,293.9,20573.0,2025-07-14 14:22:53.702891
2025-07-14,19106,2025071404015892,API,Siprabi Securities Pvt. Ltd.,Secured Securities Ltd.,50,293.9,14695.0,2025-07-14 14:23:40.100218
2025-07-14,19011,2025071404015922,API,Dakshinkali Investment & Securities Pvt. Ltd.,Secured Securities Ltd.,73,293.5,21425.5,2025-07-14 14:23:57.274109
2025-07-14,19010,2025071404015923,API,Dakshinkali Investment & Securities Pvt. Ltd.,Secured Securities Ltd.,240,293.9,70536.0,2025-07-14 14:23:57.274459
2025-07-14,19009,2025071404015924,API,Dakshinkali Investment & Securities Pvt. Ltd.,Linch Stock Market Ltd.,285,294.0,83790.0,2025-07-14 14:23:57.274622
2025-07-14,19008,2025071404015925,API,Dakshinkali Investment & Securities Pvt. Ltd.,Imperial Securities Company Pvt. Ltd.,100,294.0,29400.0,2025-07-14 14:23:57.274775
2025-07-14,19007,2025071404015926,API,Dakshinkali Investment & Securities Pvt. Ltd.,Imperial Securities Company Pvt. Ltd.,160,294.0,47040.0,2025-07-14 14:23:57.274932
2025-07-14,18755,2025071404016004,API,Sri Hari Securities Pvt. Ltd.,J.F. Securites (PVT) Ltd.,10,294.4,2944.0,2025-07-14 14:24:38.086772
2025-07-14,18671,2025071404016021,API,Dakshinkali Investment & Securities Pvt. Ltd.,Creative Securities Pvt Ltd,800,294.0,235200.0,2025-07-14 14:24:50.567980
2025-07-14,18646,2025071404016027,API,Dakshinkali Investment & Securities Pvt. Ltd.,Secured Securities Ltd.,100,294.0,29400.0,2025-07-14 14:24:58.803254
2025-07-14,18616,2025071404016047,API,Dakshinkali Investment & Securities Pvt. Ltd.,Creative Securities Pvt Ltd,800,294.0,235200.0,2025-07-14 14:25:03.622264
2025-07-14,18612,2025071404016049,API,Sri Hari Securities Pvt. Ltd.,Naasa Securities Co. Ltd.,10,294.4,2944.0,2025-07-14 14:25:04.343289
2025-07-14,18523,2025071404016075,API,Dakshinkali Investment & Securities Pvt. Ltd.,Creative Securities Pvt Ltd,800,294.0,235200.0,2025-07-14 14:25:17.691504
2025-07-14,18468,2025071404016090,API,Dakshinkali Investment & Securities Pvt. Ltd.,Creative Securities Pvt Ltd,329,294.0,96726.0,2025-07-14 14:25:30.741924
2025-07-14,18245,2025071404016173,API,Online Securities Pvt. Ltd.,Elite Stock House Limited,300,293.0,87900.0,2025-07-14 14:26:16.888590
2025-07-14,18244,2025071404016174,API,Aryatara Investment & Securities,Creative Securities Pvt Ltd,20,294.0,5880.0,2025-07-14 14:26:16.903797
2025-07-14,17516,2025071404016375,API,Creative Securities Pvt Ltd,Deevyaa Securities & Stock House Pvt. Ltd,200,293.0,58600.0,2025-07-14 14:28:18.074990
2025-07-14,17515,2025071404016376,API,Trishakti Securities Public Limited,Deevyaa Securities & Stock House Pvt. Ltd,200,293.0,58600.0,2025-07-14 14:28:18.075670
2025-07-14,17514,2025071404016377,API,Deevyaa Securities & Stock House Pvt. Ltd,Deevyaa Securities & Stock House Pvt. Ltd,150,293.0,43950.0,2025-07-14 14:28:18.076375
2025-07-14,16947,2025071404016565,API,Secured Securities Ltd.,Naasa Securities Co. Ltd.,70,293.0,20510.0,2025-07-14 14:30:02.634036
2025-07-14,16901,2025071404016589,API,Secured Securities Ltd.,Linch Stock Market Ltd.,130,293.0,38090.0,2025-07-14 14:30:13.924974
2025-07-14,16853,2025071404016600,API,Dynamic Money Managers Securities Pvt. Ltd.,Linch Stock Market Ltd.,70,293.0,20510.0,2025-07-14 14:30:21.800700
2025-07-14,16825,2025071404016612,API,Dynamic Money Managers Securities Pvt. Ltd.,Deevyaa Securities & Stock House Pvt. Ltd,330,293.0,96690.0,2025-07-14 14:30:25.977694
2025-07-14,16824,2025071404016613,API,Himalayan Securities Limited,Deevyaa Securities & Stock House Pvt. Ltd,20,292.9,5858.0,2025-07-14 14:30:25.978076
2025-07-14,16823,2025071404016614,API,Sunrise Securities Limited,Deevyaa Securities & Stock House Pvt. Ltd,250,292.9,73225.0,2025-07-14 14:30:25.978237
2025-07-14,16822,2025071404016615,API,Sunrise Securities Limited,Deevyaa Securities & Stock House Pvt. Ltd,200,292.5,58500.0,2025-07-14 14:30:25.978402
2025-07-14,16821,2025071404016616,API,Sani Securities Company Ltd.,Deevyaa Securities & Stock House Pvt. Ltd,200,292.5,58500.0,2025-07-14 14:30:25.978571
2025-07-14,16781,2025071404016624,API,Sani Securities Company Ltd.,Linch Stock Market Ltd.,168,292.5,49140.0,2025-07-14 14:30:31.323684
2025-07-14,16256,2025071404016773,API,Asian Securities Private Ltd.,Imperial Securities Company Pvt. Ltd.,50,293.0,14650.0,2025-07-14 14:31:57.572280
2025-07-14,16170,2025071404016802,API,Opal Securities Investment (PVT) Ltd.,Imperial Securities Company Pvt. Ltd.,475,293.0,139175.0,2025-07-14 14:32:11.700466
2025-07-14,16059,2025071404016841,API,Opal Securities Investment (PVT) Ltd.,Naasa Securities Co. Ltd.,150,293.0,43950.0,2025-07-14 14:32:29.220263
2025-07-14,15981,2025071404016872,API,Opal Securities Investment (PVT) Ltd.,Midas Stock Broking Company Private Limited,12,293.0,3516.0,2025-07-14 14:32:43.508627
2025-07-14,15801,2025071404016915,API,Opal Securities Investment (PVT) Ltd.,Indira securities pvt. ltd,863,293.0,252859.0,2025-07-14 14:33:14.520459
2025-07-14,15800,2025071404016916,API,Opal Securities Investment (PVT) Ltd.,Indira securities pvt. ltd,300,293.0,87900.0,2025-07-14 14:33:14.520537
2025-07-14,15799,2025071404016917,API,Dakshinkali Investment & Securities Pvt. Ltd.,Indira securities pvt. ltd,97,292.6,28382.2,2025-07-14 14:33:14.520590
2025-07-14,15253,2025071404017075,API,Arun Securities (PVT) Ltd.,Nepal Stock House (PVT) Ltd.,190,293.0,55670.0,2025-07-14 14:34:24.201651
2025-07-14,15169,2025071404017100,API,Opal Securities Investment (PVT) Ltd.,Nepal Stock House (PVT) Ltd.,300,293.0,87900.0,2025-07-14 14:34:33.616988
2025-07-14,14946,2025071404017162,API,Machhapuchchhre Securities Limited,Nepal Stock House (PVT) Ltd.,50,293.0,14650.0,2025-07-14 14:35:02.178750
2025-07-14,14940,2025071404017166,API,Opal Securities Investment (PVT) Ltd.,Nepal Stock House (PVT) Ltd.,200,293.0,58600.0,2025-07-14 14:35:03.751116
2025-07-14,14741,2025071404017203,API,Dakshinkali Investment & Securities Pvt. Ltd.,Siprabi Securities Pvt. Ltd.,100,292.6,29260.0,2025-07-14 14:35:23.248748
2025-07-14,14571,2025071404017251,API,Arun Securities (PVT) Ltd.,Nepal Stock House (PVT) Ltd.,390,293.0,114270.0,2025-07-14 14:35:45.510142
2025-07-14,14533,2025071404017262,API,Dakshinkali Investment & Securities Pvt. Ltd.,Deevyaa Securities & Stock House Pvt. Ltd,1803,292.6,527557.8,2025-07-14 14:35:52.011580
2025-07-14,14532,2025071404017263,API,Kumari Securities Private Limited,Deevyaa Securities & Stock House Pvt. Ltd,50,292.6,14630.0,2025-07-14 14:35:52.012485
2025-07-14,14531,2025071404017264,API,Sani Securities Company Ltd.,Deevyaa Securities & Stock House Pvt. Ltd,532,292.5,155610.0,2025-07-14 14:35:52.013276
2025-07-14,14530,2025071404017265,API,Aryatara Investment & Securities,Deevyaa Securities & Stock House Pvt. Ltd,200,292.5,58500.0,2025-07-14 14:35:52.014067
2025-07-14,14529,2025071404017266,API,Premier Securities Company Ltd.,Deevyaa Securities & Stock House Pvt. Ltd,400,292.5,117000.0,2025-07-14 14:35:52.014887
2025-07-14,14528,2025071404017267,API,Dipshikha Dhitopatra Karobar Co. Pvt Ltd.,Deevyaa Securities & Stock House Pvt. Ltd,514,292.5,150345.0,2025-07-14 14:35:52.015692
2025-07-14,14433,2025071404017304,API,Vision Securities Pvt. Ltd,Deevyaa Securities & Stock House Pvt. Ltd,400,292.5,117000.0,2025-07-14 14:36:11.290781
2025-07-14,14403,2025071404017306,API,Machhapuchchhre Securities Limited,Deevyaa Securities & Stock House Pvt. Ltd,200,292.5,58500.0,2025-07-14 14:36:14.383035
2025-07-14,14359,2025071404017325,API,Machhapuchchhre Securities Limited,Deevyaa Securities & Stock House Pvt. Ltd,200,292.5,58500.0,2025-07-14 14:36:21.403435
2025-07-14,14188,2025071404017374,API,Vision Securities Pvt. Ltd,Deevyaa Securities & Stock House Pvt. Ltd,151,292.5,44167.5,2025-07-14 14:36:44.607909
2025-07-14,14187,2025071404017375,API,Vision Securities Pvt. Ltd,Nepal Stock House (PVT) Ltd.,249,293.0,72957.0,2025-07-14 14:36:44.608246
2025-07-14,14141,2025071404017409,API,Machhapuchchhre Securities Limited,Nepal Stock House (PVT) Ltd.,200,293.0,58600.0,2025-07-14 14:36:48.493517
2025-07-14,14049,2025071404017433,API,Machhapuchchhre Securities Limited,Nepal Stock House (PVT) Ltd.,200,293.0,58600.0,2025-07-14 14:37:00.531936
2025-07-14,13953,2025071404017442,API,Vision Securities Pvt. Ltd,Nepal Stock House (PVT) Ltd.,221,293.0,64753.0,2025-07-14 14:37:14.915764
2025-07-14,13863,2025071404017472,API,Machhapuchchhre Securities Limited,Creative Securities Pvt Ltd,251,294.0,73794.0,2025-07-14 14:37:27.620798
2025-07-14,13862,2025071404017473,API,Machhapuchchhre Securities Limited,Sundhara Securities Limited,10,294.0,2940.0,2025-07-14 14:37:27.620861
2025-07-14,13861,2025071404017474,API,Machhapuchchhre Securities Limited,Dipshikha Dhitopatra Karobar Co. Pvt Ltd.,70,294.0,20580.0,2025-07-14 14:37:27.620892
2025-07-14,13860,2025071404017475,API,Machhapuchchhre Securities Limited,Aryatara Investment & Securities,101,294.0,29694.0,2025-07-14 14:37:27.620918
2025-07-14,13859,2025071404017476,API,Machhapuchchhre Securities Limited,Naasa Securities Co. Ltd.,32,294.4,9420.8,2025-07-14 14:37:27.620959
2025-07-14,13858,2025071404017477,API,Machhapuchchhre Securities Limited,Trishakti Securities Public Limited,36,294.5,10602.0,2025-07-14 14:37:27.620993
2025-07-14,13810,2025071404017493,API,Machhapuchchhre Securities Limited,Trishakti Securities Public Limited,164,294.5,48298.0,2025-07-14 14:37:37.651274
2025-07-14,13809,2025071404017494,API,Machhapuchchhre Securities Limited,Cristal Kanchanjanga Securites Pvt. Ltd.,36,294.9,10616.4,2025-07-14 14:37:37.651401
2025-07-14,13793,2025071404017496,API,Vision Securities Pvt. Ltd,South Asian Bulls Pvt. Ltd.,94,293.0,27542.0,2025-07-14 14:37:39.229042
2025-07-14,13664,2025071404017544,API,Machhapuchchhre Securities Limited,Neev Securities Pvt. Ltd.,200,294.8,58960.0,2025-07-14 14:38:02.733817
2025-07-14,13507,2025071404017608,API,Machhapuchchhre Securities Limited,Neev Securities Pvt. Ltd.,200,294.8,58960.0,2025-07-14 14:38:34.831542
2025-07-14,13349,2025071404017641,API,Machhapuchchhre Securities Limited,Neev Securities Pvt. Ltd.,130,294.8,38324.0,2025-07-14 14:38:54.896915
2025-07-14,13348,2025071404017642,API,Machhapuchchhre Securities Limited,Creative Securities Pvt Ltd,70,294.8,20636.0,2025-07-14 14:38:54.897070
2025-07-14,13346,2025071404017643,API,Vision Securities Pvt. Ltd,Miyo Securities Pvt Ltd,35,293.0,10255.0,2025-07-14 14:38:55.326523
2025-07-14,13345,2025071404017644,API,Nabil Stock Dealer Ltd.,Miyo Securities Pvt Ltd,10,293.0,2930.0,2025-07-14 14:38:55.326599
2025-07-14,13344,2025071404017645,API,Bhrikuti Stock Broking Co. Pvt. Ltd.,Miyo Securities Pvt Ltd,300,293.0,87900.0,2025-07-14 14:38:55.326628
2025-07-14,13343,2025071404017646,API,Dipshikha Dhitopatra Karobar Co. Pvt Ltd.,Miyo Securities Pvt Ltd,100,292.2,29220.0,2025-07-14 14:38:55.326679
2025-07-14,13342,2025071404017647,API,Dynamic Money Managers Securities Pvt. Ltd.,Miyo Securities Pvt Ltd,29,292.2,8473.8,2025-07-14 14:38:55.326704
2025-07-14,13301,2025071404017661,API,Dynamic Money Managers Securities Pvt. Ltd.,Himalayan Securities Limited,171,292.2,49966.2,2025-07-14 14:39:04.151857
2025-07-14,13300,2025071404017662,API,Sundhara Securities Limited,Himalayan Securities Limited,40,292.1,11684.0,2025-07-14 14:39:04.152579
2025-07-14,13299,2025071404017663,API,Aryatara Investment & Securities,Himalayan Securities Limited,707,292.1,206514.7,2025-07-14 14:39:04.153047
2025-07-14,13123,2025071404017707,API,Machhapuchchhre Securities Limited,Sani Securities Company Ltd.,50,294.0,14700.0,2025-07-14 14:39:37.042990
2025-07-14,13114,2025071404017708,API,Sri Hari Securities Pvt. Ltd.,Sani Securities Company Ltd.,10,294.0,2940.0,2025-07-14 14:39:39.199802
2025-07-14,13040,2025071404017736,API,Machhapuchchhre Securities Limited,Online Securities Pvt. Ltd.,50,293.0,14650.0,2025-07-14 14:39:56.106679
2025-07-14,13007,2025071404017744,API,NIMB Stock Markets Limited,Online Securities Pvt. Ltd.,50,293.0,14650.0,2025-07-14 14:39:59.135699
2025-07-14,12927,2025071404017781,API,Machhapuchchhre Securities Limited,Sani Securities Company Ltd.,100,294.0,29400.0,2025-07-14 14:40:09.149110
2025-07-14,12750,2025071404017826,API,NIMB Stock Markets Limited,Naasa Securities Co. Ltd.,1450,293.0,424850.0,2025-07-14 14:40:33.130985
2025-07-14,12749,2025071404017827,API,Naasa Securities Co. Ltd.,Naasa Securities Co. Ltd.,20,293.0,5860.0,2025-07-14 14:40:33.131712
2025-07-14,12748,2025071404017828,API,NIMB Stock Markets Limited,Naasa Securities Co. Ltd.,600,293.0,175800.0,2025-07-14 14:40:33.132242
2025-07-14,12747,2025071404017829,API,Dipshikha Dhitopatra Karobar Co. Pvt Ltd.,Naasa Securities Co. Ltd.,100,292.2,29220.0,2025-07-14 14:40:33.132817
2025-07-14,12746,2025071404017830,API,Aryatara Investment & Securities,Naasa Securities Co. Ltd.,2293,292.1,669785.3,2025-07-14 14:40:33.133353
2025-07-14,12745,2025071404017831,API,Aryatara Investment & Securities,Naasa Securities Co. Ltd.,100,292.1,29210.0,2025-07-14 14:40:33.133882
2025-07-14,12744,2025071404017832,API,Asian Securities Private Ltd.,Naasa Securities Co. Ltd.,1990,292.0,581080.0,2025-07-14 14:40:33.134458
2025-07-14,12743,2025071404017833,API,Midas Stock Broking Company Private Limited,Naasa Securities Co. Ltd.,1360,292.0,397120.0,2025-07-14 14:40:33.134730
2025-07-14,12742,2025071404017834,API,Arun Securities (PVT) Ltd.,Naasa Securities Co. Ltd.,500,292.0,146000.0,2025-07-14 14:40:33.134894
2025-07-14,12741,2025071404017835,API,Dakshinkali Investment & Securities Pvt. Ltd.,Naasa Securities Co. Ltd.,1587,292.0,463404.0,2025-07-14 14:40:33.135048
2025-07-14,12645,2025071404017846,API,Machhapuchchhre Securities Limited,Sani Securities Company Ltd.,50,294.0,14700.0,2025-07-14 14:40:44.251393
2025-07-14,12317,2025071404017920,API,Sundhara Securities Limited,Sani Securities Company Ltd.,298,294.0,87612.0,2025-07-14 14:41:23.805153
2025-07-14,12316,2025071404017921,API,Sundhara Securities Limited,Asian Securities Private Ltd.,14,294.0,4116.0,2025-07-14 14:41:23.805527
2025-07-14,12308,2025071404017924,API,Machhapuchchhre Securities Limited,Creative Securities Pvt Ltd,50,294.8,14740.0,2025-07-14 14:41:27.370143
2025-07-14,12256,2025071404017936,API,Machhapuchchhre Securities Limited,Creative Securities Pvt Ltd,50,294.8,14740.0,2025-07-14 14:41:37.398986
2025-07-14,12132,2025071404017984,API,Machhapuchchhre Securities Limited,Creative Securities Pvt Ltd,30,294.8,8844.0,2025-07-14 14:41:54.452477
2025-07-14,12131,2025071404017985,API,Machhapuchchhre Securities Limited,Kohinoor Investment & Securities Pvt. Ltd.,70,294.9,20643.0,2025-07-14 14:41:54.452583
2025-07-14,11801,2025071404018143,API,Machhapuchchhre Securities Limited,Kohinoor Investment & Securities Pvt. Ltd.,50,294.9,14745.0,2025-07-14 14:42:38.572481
2025-07-14,11797,2025071404018146,API,Sundhara Securities Limited,J.F. Securites (PVT) Ltd.,638,294.0,187572.0,2025-07-14 14:42:39.727122
2025-07-14,11699,2025071404018169,API,Sundhara Securities Limited,Premier Securities Company Ltd.,50,294.0,14700.0,2025-07-14 14:42:52.164003
2025-07-14,11656,2025071404018173,API,Deevyaa Securities & Stock House Pvt. Ltd,Naasa Securities Co. Ltd.,24,293.1,7034.4,2025-07-14 14:42:57.777651
2025-07-14,11628,2025071404018183,API,Machhapuchchhre Securities Limited,Premier Securities Company Ltd.,160,294.0,47040.0,2025-07-14 14:43:02.669402
2025-07-14,11627,2025071404018184,API,Machhapuchchhre Securities Limited,Kohinoor Investment & Securities Pvt. Ltd.,40,294.9,11796.0,2025-07-14 14:43:02.669536
2025-07-14,11345,2025071404018253,API,Machhapuchchhre Securities Limited,Kohinoor Investment & Securities Pvt. Ltd.,200,294.9,58980.0,2025-07-14 14:43:38.817415
2025-07-14,10795,2025071404018387,API,Machhapuchchhre Securities Limited,Kohinoor Investment & Securities Pvt. Ltd.,100,294.9,29490.0,2025-07-14 14:44:44.022293
2025-07-14,10588,2025071404018425,API,Secured Securities Ltd.,Premier Securities Company Ltd.,20,294.0,5880.0,2025-07-14 14:45:03.023393
2025-07-14,10416,2025071404018498,API,Sri Hari Securities Pvt. Ltd.,Kohinoor Investment & Securities Pvt. Ltd.,10,294.9,2949.0,2025-07-14 14:45:29.567804
2025-07-14,10415,2025071404018499,API,Secured Securities Ltd.,Sweta Securities Private Limited,100,294.0,29400.0,2025-07-14 14:45:29.952667
2025-07-14,10211,2025071404018628,API,Machhapuchchhre Securities Limited,Sweta Securities Private Limited,40,294.8,11792.0,2025-07-14 14:45:52.224890
2025-07-14,10210,2025071404018629,API,Machhapuchchhre Securities Limited,Kohinoor Investment & Securities Pvt. Ltd.,60,294.9,17694.0,2025-07-14 14:45:52.225054
2025-07-14,9956,2025071404018729,API,Machhapuchchhre Securities Limited,Kohinoor Investment & Securities Pvt. Ltd.,100,294.9,29490.0,2025-07-14 14:46:26.321426
2025-07-14,9645,2025071404018818,API,Secured Securities Ltd.,Property Wiard Limited,80,294.0,23520.0,2025-07-14 14:47:12.105284
2025-07-14,9644,2025071404018819,API,Vision Securities Pvt. Ltd,Property Wiard Limited,50,294.0,14700.0,2025-07-14 14:47:12.105640
2025-07-14,9620,2025071404018825,API,Machhapuchchhre Securities Limited,Kohinoor Investment & Securities Pvt. Ltd.,200,294.9,58980.0,2025-07-14 14:47:15.468159
2025-07-14,9567,2025071404018851,API,Secured Securities Ltd.,Sajilo Broker Limited,500,294.0,147000.0,2025-07-14 14:47:21.431166
2025-07-14,9482,2025071404018888,API,Secured Securities Ltd.,Dipshikha Dhitopatra Karobar Co. Pvt Ltd.,105,294.0,30870.0,2025-07-14 14:47:33.458738
2025-07-14,9461,2025071404018903,API,Secured Securities Ltd.,Vision Securities Pvt. Ltd,35,294.0,10290.0,2025-07-14 14:47:35.898479
2025-07-14,9407,2025071404018923,API,Machhapuchchhre Securities Limited,Kohinoor Investment & Securities Pvt. Ltd.,100,294.9,29490.0,2025-07-14 14:47:43.555813
2025-07-14,9237,2025071404018994,API,Machhapuchchhre Securities Limited,Kohinoor Investment & Securities Pvt. Ltd.,200,294.9,58980.0,2025-07-14 14:48:06.627113
2025-07-14,8852,2025071404019143,API,Machhapuchchhre Securities Limited,Kohinoor Investment & Securities Pvt. Ltd.,200,294.9,58980.0,2025-07-14 14:48:50.766051
2025-07-14,8674,2025071404019189,API,Machhapuchchhre Securities Limited,Kohinoor Investment & Securities Pvt. Ltd.,170,294.9,50133.0,2025-07-14 14:49:15.846995
2025-07-14,8673,2025071404019190,API,Machhapuchchhre Securities Limited,ABC Securities Private Limited,30,294.9,8847.0,2025-07-14 14:49:15.847093
2025-07-14,8452,2025071404019260,API,Machhapuchchhre Securities Limited,ABC Securities Private Limited,20,294.9,5898.0,2025-07-14 14:49:44.944392
2025-07-14,8451,2025071404019261,API,Machhapuchchhre Securities Limited,Nabil Stock Dealer Ltd.,180,294.9,53082.0,2025-07-14 14:49:44.944459
2025-07-14,8320,2025071404019287,API,Secured Securities Ltd.,Bhrikuti Stock Broking Co. Pvt. Ltd.,1360,294.0,399840.0,2025-07-14 14:50:03.247858
2025-07-14,8319,2025071404019288,API,Secured Securities Ltd.,Bhrikuti Stock Broking Co. Pvt. Ltd.,720,294.0,211680.0,2025-07-14 14:50:03.248229
2025-07-14,8318,2025071404019289,API,South Asian Bulls Pvt. Ltd.,Bhrikuti Stock Broking Co. Pvt. Ltd.,30,294.0,8820.0,2025-07-14 14:50:03.248400
2025-07-14,8317,2025071404019290,API,Deevyaa Securities & Stock House Pvt. Ltd,Bhrikuti Stock Broking Co. Pvt. Ltd.,467,293.1,136877.7,2025-07-14 14:50:03.248560
2025-07-14,8207,2025071404019316,API,Aryatara Investment & Securities,Linch Stock Market Ltd.,100,294.0,29400.0,2025-07-14 14:50:14.982190
2025-07-14,8202,2025071404019318,API,Machhapuchchhre Securities Limited,Nabil Stock Dealer Ltd.,320,294.9,94368.0,2025-07-14 14:50:16.038600
2025-07-14,8201,2025071404019319,API,Machhapuchchhre Securities Limited,Imperial Securities Company Pvt. Ltd.,180,294.9,53082.0,2025-07-14 14:50:16.038666
2025-07-14,8092,2025071404019378,API,Machhapuchchhre Securities Limited,Imperial Securities Company Pvt. Ltd.,200,294.9,58980.0,2025-07-14 14:50:29.083345
2025-07-14,7944,2025071404019434,API,Machhapuchchhre Securities Limited,Siprabi Securities Pvt. Ltd.,100,294.0,29400.0,2025-07-14 14:50:49.152470
2025-07-14,7895,2025071404019450,API,Machhapuchchhre Securities Limited,Siprabi Securities Pvt. Ltd.,100,294.0,29400.0,2025-07-14 14:50:57.178474
2025-07-14,7809,2025071404019471,API,Aryatara Investment & Securities,Siprabi Securities Pvt. Ltd.,100,294.0,29400.0,2025-07-14 14:51:06.212290
2025-07-14,7798,2025071404019475,API,Thrive Brokerage House Pvt. Ltd,Siprabi Securities Pvt. Ltd.,50,294.0,14700.0,2025-07-14 14:51:08.399156
2025-07-14,7718,2025071404019503,API,Machhapuchchhre Securities Limited,Siprabi Securities Pvt. Ltd.,91,294.0,26754.0,2025-07-14 14:51:16.258391
2025-07-14,7717,2025071404019504,API,Machhapuchchhre Securities Limited,Shree Krishna Securities Ltd.,109,294.8,32133.2,2025-07-14 14:51:16.258541
2025-07-14,7596,2025071404019536,API,Secured Securities Ltd.,Premier Securities Company Ltd.,10,294.0,2940.0,2025-07-14 14:51:30.168024
2025-07-14,7484,2025071404019586,API,Secured Securities Ltd.,Vision Securities Pvt. Ltd,190,294.0,55860.0,2025-07-14 14:51:46.151080
2025-07-14,7483,2025071404019587,API,Vision Securities Pvt. Ltd,Vision Securities Pvt. Ltd,20,294.0,5880.0,2025-07-14 14:51:46.151438
2025-07-14,7482,2025071404019588,API,Machhapuchchhre Securities Limited,Vision Securities Pvt. Ltd,60,294.0,17640.0,2025-07-14 14:51:46.341512
2025-07-14,7314,2025071404019658,API,Kumari Securities Private Limited,Vision Securities Pvt. Ltd,25,294.0,7350.0,2025-07-14 14:52:02.649553
2025-07-14,7312,2025071404019659,API,Secured Securities Ltd.,Vision Securities Pvt. Ltd,105,294.0,30870.0,2025-07-14 14:52:03.164657
2025-07-14,7311,2025071404019660,API,Secured Securities Ltd.,Property Wiard Limited,95,294.0,27930.0,2025-07-14 14:52:03.165013
2025-07-14,7118,2025071404019809,API,Machhapuchchhre Securities Limited,Property Wiard Limited,95,294.0,27930.0,2025-07-14 14:52:11.421586
2025-07-14,7117,2025071404019810,API,Machhapuchchhre Securities Limited,Shree Krishna Securities Ltd.,105,294.8,30954.0,2025-07-14 14:52:11.421649
2025-07-14,6904,2025071404019857,API,Machhapuchchhre Securities Limited,Shree Krishna Securities Ltd.,50,294.8,14740.0,2025-07-14 14:52:33.510948
2025-07-14,6627,2025071404019924,API,Dynamic Money Managers Securities Pvt. Ltd.,Property Wiard Limited,200,294.0,58800.0,2025-07-14 14:52:59.101216
2025-07-14,6519,2025071404019962,API,Machhapuchchhre Securities Limited,Prabhu Stock Market Limited,50,294.7,14735.0,2025-07-14 14:53:10.620269
2025-07-14,6185,2025071404020016,API,Machhapuchchhre Securities Limited,Vision Securities Pvt. Ltd,100,294.0,29400.0,2025-07-14 14:53:40.705305
2025-07-14,6184,2025071404020017,API,Machhapuchchhre Securities Limited,Shree Krishna Securities Ltd.,100,294.6,29460.0,2025-07-14 14:53:40.705349
2025-07-14,6111,2025071404020045,API,Machhapuchchhre Securities Limited,Shree Krishna Securities Ltd.,200,294.6,58920.0,2025-07-14 14:53:49.734800
2025-07-14,5596,2025071404020178,API,Bhrikuti Stock Broking Co. Pvt. Ltd.,Property Wiard Limited,10,294.0,2940.0,2025-07-14 14:54:36.363231
2025-07-14,5423,2025071404020234,API,Machhapuchchhre Securities Limited,Shree Krishna Securities Ltd.,150,294.6,44190.0,2025-07-14 14:54:50.923146
2025-07-14,5110,2025071404020351,API,Machhapuchchhre Securities Limited,Shree Krishna Securities Ltd.,150,294.6,44190.0,2025-07-14 14:55:17.008994
2025-07-14,4883,2025071404020448,API,Vision Securities Pvt. Ltd,Shree Krishna Securities Ltd.,126,294.6,37119.6,2025-07-14 14:55:34.258150
2025-07-14,4882,2025071404020449,API,Vision Securities Pvt. Ltd,Vision Securities Pvt. Ltd,374,294.6,110180.4,2025-07-14 14:55:34.258538
2025-07-14,4688,2025071404020495,API,Machhapuchchhre Securities Limited,Vision Securities Pvt. Ltd,100,294.6,29460.0,2025-07-14 14:55:55.113373
2025-07-14,4408,2025071404020600,API,Machhapuchchhre Securities Limited,Vision Securities Pvt. Ltd,50,294.6,14730.0,2025-07-14 14:56:19.198214
2025-07-14,4141,2025071404020672,API,Sumeru Securities Pvt. Ltd.,Property Wiard Limited,15,294.0,4410.0,2025-07-14 14:56:41.753009
2025-07-14,3907,2025071404020717,API,Machhapuchchhre Securities Limited,Primo Securities (PVT) Ltd.,200,294.5,58900.0,2025-07-14 14:57:00.320124
2025-07-14,3787,2025071404020754,API,Sri Hari Securities Pvt. Ltd.,Vision Securities Pvt. Ltd,10,294.6,2946.0,2025-07-14 14:57:09.486525
2025-07-14,3542,2025071404020831,API,Machhapuchchhre Securities Limited,Vision Securities Pvt. Ltd,66,294.6,19443.6,2025-07-14 14:57:26.407330
2025-07-14,3541,2025071404020832,API,Machhapuchchhre Securities Limited,Premier Securities Company Ltd.,10,294.6,2946.0,2025-07-14 14:57:26.407365
2025-07-14,3540,2025071404020833,API,Machhapuchchhre Securities Limited,Dipshikha Dhitopatra Karobar Co. Pvt Ltd.,24,294.6,7070.4,2025-07-14 14:57:26.407387
2025-07-14,3422,2025071404020873,API,Machhapuchchhre Securities Limited,Dipshikha Dhitopatra Karobar Co. Pvt Ltd.,176,294.6,51849.6,2025-07-14 14:57:35.438635
2025-07-14,3421,2025071404020874,API,Machhapuchchhre Securities Limited,Prabhu Stock Market Limited,24,294.7,7072.8,2025-07-14 14:57:35.438714
2025-07-14,3060,2025071404020975,API,Machhapuchchhre Securities Limited,KALASH STOCK MARKET PVT. LTD.,20,294.0,5880.0,2025-07-14 14:57:58.510781
2025-07-14,2936,2025071404021008,API,Machhapuchchhre Securities Limited,KALASH STOCK MARKET PVT. LTD.,100,294.0,29400.0,2025-07-14 14:58:06.534057
2025-07-14,2862,2025071404021036,API,Opal Securities Investment (PVT) Ltd.,Vision Securities Pvt. Ltd,50,293.5,14675.0,2025-07-14 14:58:10.861633
2025-07-14,2861,2025071404021037,API,Sewa Securities Pvt. Ltd.,Vision Securities Pvt. Ltd,50,293.2,14660.0,2025-07-14 14:58:10.861988
2025-07-14,2789,2025071404021054,API,Machhapuchchhre Securities Limited,KALASH STOCK MARKET PVT. LTD.,100,294.0,29400.0,2025-07-14 14:58:14.560531
2025-07-14,2777,2025071404021059,API,Oxford Securities Pvt. Ltd.,KALASH STOCK MARKET PVT. LTD.,10,294.0,2940.0,2025-07-14 14:58:15.550089
2025-07-14,2770,2025071404021062,API,Sewa Securities Pvt. Ltd.,Primo Securities (PVT) Ltd.,502,293.2,147186.4,2025-07-14 14:58:15.662117
2025-07-14,2765,2025071404021063,API,Dynamic Money Managers Securities Pvt. Ltd.,KALASH STOCK MARKET PVT. LTD.,370,294.0,108780.0,2025-07-14 14:58:15.789599
2025-07-14,2764,2025071404021064,API,Dynamic Money Managers Securities Pvt. Ltd.,Premier Securities Company Ltd.,10,294.0,2940.0,2025-07-14 14:58:15.789998
2025-07-14,2651,2025071404021102,API,Dynamic Money Managers Securities Pvt. Ltd.,Deevyaa Securities & Stock House Pvt. Ltd,20,294.0,5880.0,2025-07-14 14:58:22.683415
2025-07-14,2490,2025071404021144,API,Machhapuchchhre Securities Limited,Deevyaa Securities & Stock House Pvt. Ltd,200,294.0,58800.0,2025-07-14 14:58:32.653715
2025-07-14,2431,2025071404021161,API,Sani Securities Company Ltd.,Deevyaa Securities & Stock House Pvt. Ltd,280,294.0,82320.0,2025-07-14 14:58:36.106829
2025-07-14,2430,2025071404021162,API,Sani Securities Company Ltd.,Sumeru Securities Pvt. Ltd.,800,294.0,235200.0,2025-07-14 14:58:36.107156
2025-07-14,2194,2025071404021231,API,Sani Securities Company Ltd.,KALASH STOCK MARKET PVT. LTD.,420,294.0,123480.0,2025-07-14 14:58:42.693464
2025-07-14,2193,2025071404021232,API,Ashutosh Brokerage & Securities (PVT) Ltd.,KALASH STOCK MARKET PVT. LTD.,10,293.5,2935.0,2025-07-14 14:58:42.694172
2025-07-14,2192,2025071404021233,API,Sewa Securities Pvt. Ltd.,KALASH STOCK MARKET PVT. LTD.,70,293.2,20524.0,2025-07-14 14:58:42.694703
2025-07-14,2013,2025071404021293,API,Capital Max Securities Ltd,Oxford Securities Pvt. Ltd.,50,294.0,14700.0,2025-07-14 14:58:52.881539
2025-07-14,2012,2025071404021294,API,Sewa Securities Pvt. Ltd.,Oxford Securities Pvt. Ltd.,155,293.2,45446.0,2025-07-14 14:58:52.881625
2025-07-14,1739,2025071404021378,API,Linch Stock Market Ltd.,NIMB Stock Markets Limited,100,293.3,29330.0,2025-07-14 14:59:05.514143
2025-07-14,1267,2025071404021544,API,Imperial Securities Company Pvt. Ltd.,Dipshikha Dhitopatra Karobar Co. Pvt Ltd.,22,294.0,6468.0,2025-07-14 14:59:22.821788
2025-07-14,959,2025071404021628,API,Citizens Share Broker Limited,Trademow Securities Private Limited,100,293.9,29390.0,2025-07-14 14:59:31.790991
2025-07-14,572,2025071404021787,API,Sani Securities Company Ltd.,Trademow Securities Private Limited,180,293.9,52902.0,2025-07-14 14:59:44.598200
2025-07-14,427,2025071404021842,API,Dynamic Money Managers Securities Pvt. Ltd.,Trademow Securities Private Limited,70,293.9,20573.0,2025-07-14 14:59:49.617941
