Date,S.N.,contract_id,symbol,buyer_broker,seller_broker,volume,price,amount,transaction_time
2025-07-14,72030,2025071403000057,CFCL,Naasa Securities Co. Ltd.,ABC Securities Private Limited,50,546.0,27300.0,2025-07-14 11:02:04.427609
2025-07-14,72029,2025071403000058,CFCL,Trishakti Securities Public Limited,ABC Securities Private Limited,285,541.0,154185.0,2025-07-14 11:02:04.427731
2025-07-14,71512,2025071403000110,CFCL,Imperial Securities Company Pvt. Ltd.,Premier Securities Company Ltd.,76,550.0,41800.0,2025-07-14 11:03:48.295652
2025-07-14,71343,2025071403000137,CFCL,Himalayan Brokerage Company Limited,Premier Securities Company Ltd.,24,550.0,13200.0,2025-07-14 11:04:15.560629
2025-07-14,71342,2025071403000138,CFCL,Himalayan Brokerage Company Limited,Online Securities Pvt. Ltd.,176,556.0,97856.0,2025-07-14 11:04:15.560667
2025-07-14,68642,2025071403000453,CFCL,MILKY WAY SHARE BROKER COMPANY LTD ,Online Securities Pvt. Ltd.,24,545.0,13080.0,2025-07-14 11:13:02.516259
2025-07-14,68519,2025071403000467,CFCL,Dipshikha Dhitopatra Karobar Co. Pvt Ltd.,Naasa Securities Co. Ltd.,32,548.0,17536.0,2025-07-14 11:13:22.275770
2025-07-14,68518,2025071403000468,CFCL,Dipshikha Dhitopatra Karobar Co. Pvt Ltd.,Sani Securities Company Ltd.,48,548.0,26304.0,2025-07-14 11:13:22.275873
2025-07-14,68357,2025071403000488,CFCL,Naasa Securities Co. Ltd.,Kohinoor Investment & Securities Pvt. Ltd.,50,549.8,27490.0,2025-07-14 11:13:49.681422
2025-07-14,68197,2025071403000509,CFCL,Naasa Securities Co. Ltd.,Premier Securities Company Ltd.,35,549.9,19246.5,2025-07-14 11:14:17.117084
2025-07-14,68196,2025071403000510,CFCL,Naasa Securities Co. Ltd.,Premier Securities Company Ltd.,57,549.9,31344.3,2025-07-14 11:14:17.117222
2025-07-14,67892,2025071403000540,CFCL,Nabil Stock Dealer Ltd.,Kohinoor Investment & Securities Pvt. Ltd.,100,548.0,54800.0,2025-07-14 11:15:15.618747
2025-07-14,67891,2025071403000541,CFCL,Nabil Stock Dealer Ltd.,Online Securities Pvt. Ltd.,178,549.9,97882.2,2025-07-14 11:15:15.618852
2025-07-14,67890,2025071403000542,CFCL,Nabil Stock Dealer Ltd.,ABC Securities Private Limited,50,550.0,27500.0,2025-07-14 11:15:15.618900
2025-07-14,67889,2025071403000543,CFCL,Nabil Stock Dealer Ltd.,Sani Securities Company Ltd.,100,553.9,55390.0,2025-07-14 11:15:15.618945
2025-07-14,67888,2025071403000544,CFCL,Nabil Stock Dealer Ltd.,South Asian Bulls Pvt. Ltd.,22,554.0,12188.0,2025-07-14 11:15:15.618987
2025-07-14,67887,2025071403000545,CFCL,Nabil Stock Dealer Ltd.,Midas Stock Broking Company Private Limited,50,554.0,27700.0,2025-07-14 11:15:15.619056
2025-07-14,65491,2025071403000931,CFCL,Aakashbhairab Securities Ltd.,Aryatara Investment & Securities,90,545.9,49131.0,2025-07-14 11:23:18.045301
2025-07-14,64030,2025071403001168,CFCL,Aakashbhairab Securities Ltd.,Sani Securities Company Ltd.,50,545.9,27295.0,2025-07-14 11:27:50.036393
2025-07-14,63657,2025071403001222,CFCL,Aakashbhairab Securities Ltd.,Kumari Securities Private Limited,60,545.9,32754.0,2025-07-14 11:28:55.503512
2025-07-14,63656,2025071403001223,CFCL,MILKY WAY SHARE BROKER COMPANY LTD ,Kumari Securities Private Limited,40,545.0,21800.0,2025-07-14 11:28:55.503870
2025-07-14,63380,2025071403001260,CFCL,Sri Hari Securities Pvt. Ltd.,Online Securities Pvt. Ltd.,70,546.0,38220.0,2025-07-14 11:29:27.078571
2025-07-14,63333,2025071403001280,CFCL,Sri Hari Securities Pvt. Ltd.,Online Securities Pvt. Ltd.,20,546.0,10920.0,2025-07-14 11:29:36.123264
2025-07-14,63332,2025071403001281,CFCL,MILKY WAY SHARE BROKER COMPANY LTD ,Online Securities Pvt. Ltd.,236,545.0,128620.0,2025-07-14 11:29:36.123382
2025-07-14,63331,2025071403001282,CFCL,Linch Stock Market Ltd.,Online Securities Pvt. Ltd.,20,545.0,10900.0,2025-07-14 11:29:36.123439
2025-07-14,62571,2025071403001416,CFCL,Linch Stock Market Ltd.,Sweta Securities Private Limited,20,543.0,10860.0,2025-07-14 11:31:48.869766
2025-07-14,62570,2025071403001417,CFCL,Trishakti Securities Public Limited,Sweta Securities Private Limited,415,541.0,224515.0,2025-07-14 11:31:48.869917
2025-07-14,62069,2025071403001492,CFCL,Asian Securities Private Ltd.,Sweta Securities Private Limited,65,541.0,35165.0,2025-07-14 11:33:11.336466
2025-07-14,59014,2025071403002133,CFCL,Premier Securities Company Ltd.,ABC Securities Private Limited,11,540.2,5942.2,2025-07-14 11:42:20.687135
2025-07-14,59013,2025071403002134,CFCL,Asian Securities Private Ltd.,ABC Securities Private Limited,445,540.1,240344.5,2025-07-14 11:42:20.687202
2025-07-14,59012,2025071403002135,CFCL,Dipshikha Dhitopatra Karobar Co. Pvt Ltd.,ABC Securities Private Limited,30,540.1,16203.0,2025-07-14 11:42:20.687233
2025-07-14,59011,2025071403002136,CFCL,South Asian Bulls Pvt. Ltd.,ABC Securities Private Limited,14,540.0,7560.0,2025-07-14 11:42:20.687257
2025-07-14,58583,2025071403002228,CFCL,South Asian Bulls Pvt. Ltd.,Imperial Securities Company Pvt. Ltd.,16,540.0,8640.0,2025-07-14 11:43:23.811225
2025-07-14,58582,2025071403002229,CFCL,Midas Stock Broking Company Private Limited,Imperial Securities Company Pvt. Ltd.,50,540.0,27000.0,2025-07-14 11:43:23.811479
2025-07-14,58151,2025071403002320,CFCL,Premier Securities Company Ltd.,Sewa Securities Pvt. Ltd.,15,536.1,8041.5,2025-07-14 11:44:41.757264
2025-07-14,58150,2025071403002321,CFCL,Asian Securities Private Ltd.,Sewa Securities Pvt. Ltd.,35,536.0,18760.0,2025-07-14 11:44:41.757396
2025-07-14,55430,2025071403002821,CFCL,Asian Securities Private Ltd.,Imperial Securities Company Pvt. Ltd.,10,540.0,5400.0,2025-07-14 11:53:26.592905
2025-07-14,54275,2025071403003000,CFCL,Asian Securities Private Ltd.,Linch Stock Market Ltd.,100,544.0,54400.0,2025-07-14 11:56:50.652270
2025-07-14,54151,2025071403003036,CFCL,ABC Securities Private Limited,Online Securities Pvt. Ltd.,24,545.0,13080.0,2025-07-14 11:57:09.501479
2025-07-14,54150,2025071403003037,CFCL,ABC Securities Private Limited,Online Securities Pvt. Ltd.,50,545.0,27250.0,2025-07-14 11:57:09.501625
2025-07-14,54049,2025071403003049,CFCL,Asian Securities Private Ltd.,Vision Securities Pvt. Ltd,60,546.5,32790.0,2025-07-14 11:57:27.813830
2025-07-14,54048,2025071403003050,CFCL,Asian Securities Private Ltd.,Dakshinkali Investment & Securities Pvt. Ltd.,200,546.7,109340.0,2025-07-14 11:57:27.814096
2025-07-14,51794,2025071403003418,CFCL,SHUBHAKAMANA SECURITIES PVT. LTD,Oxford Securities Pvt. Ltd.,107,545.3,58347.1,2025-07-14 12:05:26.970571
2025-07-14,50807,2025071403003592,CFCL,Dipshikha Dhitopatra Karobar Co. Pvt Ltd.,Online Securities Pvt. Ltd.,255,545.2,139026.0,2025-07-14 12:09:21.603561
2025-07-14,50729,2025071403003608,CFCL,Dipshikha Dhitopatra Karobar Co. Pvt Ltd.,Agrawal Securities (PVT) Ltd.,400,545.2,218080.0,2025-07-14 12:09:37.470428
2025-07-14,50543,2025071403003646,CFCL,Dipshikha Dhitopatra Karobar Co. Pvt Ltd.,Premier Securities Company Ltd.,40,545.2,21808.0,2025-07-14 12:10:21.511423
2025-07-14,49292,2025071403003905,CFCL,Dipshikha Dhitopatra Karobar Co. Pvt Ltd.,Vision Securities Pvt. Ltd,100,545.2,54520.0,2025-07-14 12:15:46.293346
2025-07-14,48313,2025071403004072,CFCL,Dipshikha Dhitopatra Karobar Co. Pvt Ltd.,Sani Securities Company Ltd.,260,545.2,141752.0,2025-07-14 12:19:54.705292
2025-07-14,48312,2025071403004073,CFCL,Aryatara Investment & Securities,Sani Securities Company Ltd.,50,545.2,27260.0,2025-07-14 12:19:54.705577
2025-07-14,48311,2025071403004074,CFCL,Premier Securities Company Ltd.,Sani Securities Company Ltd.,400,545.2,218080.0,2025-07-14 12:19:54.705821
2025-07-14,48063,2025071403004102,CFCL,ABC Securities Private Limited,Sani Securities Company Ltd.,290,545.0,158050.0,2025-07-14 12:21:04.303110
2025-07-14,45354,2025071403004532,CFCL,Asian Securities Private Ltd.,Naasa Securities Co. Ltd.,10,546.0,5460.0,2025-07-14 12:33:34.831441
2025-07-14,43198,2025071403004872,CFCL,Imperial Securities Company Pvt. Ltd.,Trishakti Securities Public Limited,15,546.0,8190.0,2025-07-14 12:42:56.759074
2025-07-14,42982,2025071403004899,CFCL,Asian Securities Private Ltd.,Trishakti Securities Public Limited,80,546.0,43680.0,2025-07-14 12:44:03.144652
2025-07-14,40993,2025071403005243,CFCL,Asian Securities Private Ltd.,Malla & Malla Stock Broking Company Pvt. Limited,100,547.0,54700.0,2025-07-14 12:53:05.054108
2025-07-14,39378,2025071403005457,CFCL,Sumeru Securities Pvt. Ltd.,Dakshinkali Investment & Securities Pvt. Ltd.,10,547.0,5470.0,2025-07-14 12:59:09.860098
2025-07-14,39377,2025071403005458,CFCL,Sumeru Securities Pvt. Ltd.,Cristal Kanchanjanga Securites Pvt. Ltd.,200,547.5,109500.0,2025-07-14 12:59:09.860266
2025-07-14,39304,2025071403005488,CFCL,Sani Securities Company Ltd.,Linch Stock Market Ltd.,20,548.0,10960.0,2025-07-14 12:59:33.511434
2025-07-14,39303,2025071403005489,CFCL,Sani Securities Company Ltd.,Capital Max Securities Ltd,100,548.0,54800.0,2025-07-14 12:59:33.511698
2025-07-14,39047,2025071403005527,CFCL,ABC Securities Private Limited,South Asian Bulls Pvt. Ltd.,20,548.9,10978.0,2025-07-14 13:00:49.806222
2025-07-14,39046,2025071403005528,CFCL,ABC Securities Private Limited,Aryatara Investment & Securities,192,549.0,105408.0,2025-07-14 13:00:49.806365
2025-07-14,38886,2025071403005558,CFCL,Asian Securities Private Ltd.,Sweta Securities Private Limited,32,549.9,17596.8,2025-07-14 13:01:47.372389
2025-07-14,38885,2025071403005559,CFCL,Asian Securities Private Ltd.,Arun Securities (PVT) Ltd.,20,550.0,11000.0,2025-07-14 13:01:47.372693
2025-07-14,38884,2025071403005560,CFCL,Asian Securities Private Ltd.,Online Securities Pvt. Ltd.,50,550.0,27500.0,2025-07-14 13:01:47.372907
2025-07-14,38883,2025071403005561,CFCL,Asian Securities Private Ltd.,Creative Securities Pvt Ltd,10,550.0,5500.0,2025-07-14 13:01:47.373207
2025-07-14,38882,2025071403005562,CFCL,Asian Securities Private Ltd.,Sajilo Broker Limited,50,550.0,27500.0,2025-07-14 13:01:47.373469
2025-07-14,38881,2025071403005563,CFCL,Asian Securities Private Ltd.,Agrawal Securities (PVT) Ltd.,100,550.0,55000.0,2025-07-14 13:01:47.373681
2025-07-14,38880,2025071403005564,CFCL,Asian Securities Private Ltd.,Sumeru Securities Pvt. Ltd.,238,550.0,130900.0,2025-07-14 13:01:47.374002
2025-07-14,38640,2025071403005607,CFCL,Sumeru Securities Pvt. Ltd.,Sumeru Securities Pvt. Ltd.,90,550.0,49500.0,2025-07-14 13:03:02.245835
2025-07-14,38373,2025071403005628,CFCL,Asian Securities Private Ltd.,Sumeru Securities Pvt. Ltd.,115,550.0,63250.0,2025-07-14 13:04:01.197307
2025-07-14,37988,2025071403005691,CFCL,ABC Securities Private Limited,S.P.S.A. Securities Limited,1003,549.0,550647.0,2025-07-14 13:05:54.032001
2025-07-14,37952,2025071403005699,CFCL,SHUBHAKAMANA SECURITIES PVT. LTD,Sumeru Securities Pvt. Ltd.,57,550.0,31350.0,2025-07-14 13:06:04.776524
2025-07-14,37951,2025071403005700,CFCL,SHUBHAKAMANA SECURITIES PVT. LTD,ABC Securities Private Limited,50,550.0,27500.0,2025-07-14 13:06:04.776662
2025-07-14,37950,2025071403005701,CFCL,SHUBHAKAMANA SECURITIES PVT. LTD,Kohinoor Investment & Securities Pvt. Ltd.,225,550.0,123750.0,2025-07-14 13:06:04.776719
2025-07-14,37736,2025071403005746,CFCL,ABC Securities Private Limited,Vision Securities Pvt. Ltd,145,550.0,79750.0,2025-07-14 13:07:21.127039
2025-07-14,37680,2025071403005755,CFCL,Asian Securities Private Ltd.,Naasa Securities Co. Ltd.,300,551.0,165300.0,2025-07-14 13:07:42.476287
2025-07-14,37436,2025071403005810,CFCL,SHUBHAKAMANA SECURITIES PVT. LTD,Creative Securities Pvt Ltd,10,551.0,5510.0,2025-07-14 13:08:46.193772
2025-07-14,37435,2025071403005811,CFCL,SHUBHAKAMANA SECURITIES PVT. LTD,Creative Securities Pvt Ltd,20,552.0,11040.0,2025-07-14 13:08:46.193944
2025-07-14,37434,2025071403005812,CFCL,SHUBHAKAMANA SECURITIES PVT. LTD,Ashutosh Brokerage & Securities (PVT) Ltd.,20,552.0,11040.0,2025-07-14 13:08:46.194003
2025-07-14,37433,2025071403005813,CFCL,SHUBHAKAMANA SECURITIES PVT. LTD,Naasa Securities Co. Ltd.,14,553.0,7742.0,2025-07-14 13:08:46.194077
2025-07-14,37432,2025071403005814,CFCL,SHUBHAKAMANA SECURITIES PVT. LTD,Online Securities Pvt. Ltd.,25,553.9,13847.5,2025-07-14 13:08:46.194135
2025-07-14,37431,2025071403005815,CFCL,SHUBHAKAMANA SECURITIES PVT. LTD,Midas Stock Broking Company Private Limited,50,554.0,27700.0,2025-07-14 13:08:46.194191
2025-07-14,37430,2025071403005816,CFCL,SHUBHAKAMANA SECURITIES PVT. LTD,Creative Securities Pvt Ltd,20,554.0,11080.0,2025-07-14 13:08:46.194250
2025-07-14,37429,2025071403005817,CFCL,SHUBHAKAMANA SECURITIES PVT. LTD,Dynamic Money Managers Securities Pvt. Ltd.,300,554.0,166200.0,2025-07-14 13:08:46.194325
2025-07-14,37428,2025071403005818,CFCL,SHUBHAKAMANA SECURITIES PVT. LTD,Dipshikha Dhitopatra Karobar Co. Pvt Ltd.,25,554.0,13850.0,2025-07-14 13:08:46.194390
2025-07-14,37427,2025071403005819,CFCL,SHUBHAKAMANA SECURITIES PVT. LTD,Infinity Securities Limited,100,554.0,55400.0,2025-07-14 13:08:46.194447
2025-07-14,37426,2025071403005820,CFCL,SHUBHAKAMANA SECURITIES PVT. LTD,ABC Securities Private Limited,292,554.0,161768.0,2025-07-14 13:08:46.194502
2025-07-14,37271,2025071403005838,CFCL,Sani Securities Company Ltd.,Nepal Investment And Securities Trading Private Limited,500,550.6,275300.0,2025-07-14 13:09:31.871992
2025-07-14,37067,2025071403005895,CFCL,SHUBHAKAMANA SECURITIES PVT. LTD,Agrawal Securities (PVT) Ltd.,124,550.3,68237.2,2025-07-14 13:10:27.795563
2025-07-14,37066,2025071403005896,CFCL,Sani Securities Company Ltd.,Agrawal Securities (PVT) Ltd.,176,550.2,96835.2,2025-07-14 13:10:27.795714
2025-07-14,36072,2025071403006036,CFCL,ABC Securities Private Limited,Cristal Kanchanjanga Securites Pvt. Ltd.,25,551.9,13797.5,2025-07-14 13:15:04.999629
2025-07-14,36071,2025071403006037,CFCL,ABC Securities Private Limited,South Asian Bulls Pvt. Ltd.,20,552.0,11040.0,2025-07-14 13:15:04.999761
2025-07-14,36070,2025071403006038,CFCL,ABC Securities Private Limited,Miyo Securities Pvt Ltd,200,552.0,110400.0,2025-07-14 13:15:04.999815
2025-07-14,35993,2025071403006066,CFCL,ABC Securities Private Limited,ABC Securities Private Limited,50,552.0,27600.0,2025-07-14 13:15:28.179186
2025-07-14,35558,2025071403006144,CFCL,Dipshikha Dhitopatra Karobar Co. Pvt Ltd.,Creative Securities Pvt Ltd,10,553.0,5530.0,2025-07-14 13:17:25.966337
2025-07-14,35182,2025071403006197,CFCL,Sani Securities Company Ltd.,Creative Securities Pvt Ltd,10,554.0,5540.0,2025-07-14 13:19:11.663414
2025-07-14,35181,2025071403006198,CFCL,Sani Securities Company Ltd.,Thrive Brokerage House Pvt. Ltd,30,554.0,16620.0,2025-07-14 13:19:11.663551
2025-07-14,35180,2025071403006199,CFCL,Sani Securities Company Ltd.,Online Securities Pvt. Ltd.,10,554.7,5547.0,2025-07-14 13:19:11.663616
2025-07-14,35179,2025071403006200,CFCL,Sani Securities Company Ltd.,Premier Securities Company Ltd.,25,554.8,13870.0,2025-07-14 13:19:11.663675
2025-07-14,35178,2025071403006201,CFCL,Sani Securities Company Ltd.,Sani Securities Company Ltd.,30,554.9,16647.0,2025-07-14 13:19:11.663729
2025-07-14,35177,2025071403006202,CFCL,Sani Securities Company Ltd.,Capital Max Securities Ltd,700,554.9,388430.0,2025-07-14 13:19:11.663784
2025-07-14,35176,2025071403006203,CFCL,Sani Securities Company Ltd.,Naasa Securities Co. Ltd.,10,554.9,5549.0,2025-07-14 13:19:11.663836
2025-07-14,35166,2025071403006204,CFCL,Sani Securities Company Ltd.,Online Securities Pvt. Ltd.,10,554.9,5549.0,2025-07-14 13:19:16.507702
2025-07-14,35100,2025071403006234,CFCL,Dipshikha Dhitopatra Karobar Co. Pvt Ltd.,Trisul Securities & Invt. Ltd.,50,555.0,27750.0,2025-07-14 13:19:28.901433
2025-07-14,35076,2025071403006240,CFCL,ABC Securities Private Limited,Trisul Securities & Invt. Ltd.,450,555.0,249750.0,2025-07-14 13:19:35.475713
2025-07-14,35075,2025071403006241,CFCL,ABC Securities Private Limited,Dipshikha Dhitopatra Karobar Co. Pvt Ltd.,25,555.0,13875.0,2025-07-14 13:19:35.475838
2025-07-14,35074,2025071403006242,CFCL,ABC Securities Private Limited,Primo Securities (PVT) Ltd.,133,555.0,73815.0,2025-07-14 13:19:35.475894
2025-07-14,35073,2025071403006243,CFCL,ABC Securities Private Limited,Kumari Securities Private Limited,200,555.0,111000.0,2025-07-14 13:19:35.475946
2025-07-14,35072,2025071403006244,CFCL,ABC Securities Private Limited,Imperial Securities Company Pvt. Ltd.,600,555.0,333000.0,2025-07-14 13:19:35.475995
2025-07-14,35071,2025071403006245,CFCL,ABC Securities Private Limited,Sundhara Securities Limited,215,555.0,119325.0,2025-07-14 13:19:35.476056
2025-07-14,35070,2025071403006246,CFCL,ABC Securities Private Limited,Sweta Securities Private Limited,20,555.0,11100.0,2025-07-14 13:19:35.476106
2025-07-14,35069,2025071403006247,CFCL,ABC Securities Private Limited,Cristal Kanchanjanga Securites Pvt. Ltd.,50,555.0,27750.0,2025-07-14 13:19:35.476154
2025-07-14,35068,2025071403006248,CFCL,ABC Securities Private Limited,Sani Securities Company Ltd.,50,555.0,27750.0,2025-07-14 13:19:35.476217
2025-07-14,35067,2025071403006249,CFCL,ABC Securities Private Limited,Nepal Investment And Securities Trading Private Limited,200,555.9,111180.0,2025-07-14 13:19:35.476264
2025-07-14,35066,2025071403006250,CFCL,ABC Securities Private Limited,Sewa Securities Pvt. Ltd.,500,556.0,278000.0,2025-07-14 13:19:35.476316
2025-07-14,35065,2025071403006251,CFCL,ABC Securities Private Limited,Imperial Securities Company Pvt. Ltd.,420,556.0,233520.0,2025-07-14 13:19:35.476382
2025-07-14,35064,2025071403006252,CFCL,ABC Securities Private Limited,Creative Securities Pvt Ltd,50,556.0,27800.0,2025-07-14 13:19:35.476433
2025-07-14,35063,2025071403006253,CFCL,ABC Securities Private Limited,Oxford Securities Pvt. Ltd.,237,556.0,131772.0,2025-07-14 13:19:35.476478
2025-07-14,35062,2025071403006254,CFCL,ABC Securities Private Limited,Asian Securities Private Ltd.,200,556.0,111200.0,2025-07-14 13:19:35.476524
2025-07-14,35061,2025071403006255,CFCL,ABC Securities Private Limited,Premier Securities Company Ltd.,199,556.0,110644.0,2025-07-14 13:19:35.476571
2025-07-14,35060,2025071403006256,CFCL,ABC Securities Private Limited,Oxford Securities Pvt. Ltd.,20,556.0,11120.0,2025-07-14 13:19:35.476617
2025-07-14,35059,2025071403006257,CFCL,ABC Securities Private Limited,Naasa Securities Co. Ltd.,100,556.0,55600.0,2025-07-14 13:19:35.476663
2025-07-14,35058,2025071403006258,CFCL,ABC Securities Private Limited,Naasa Securities Co. Ltd.,100,556.0,55600.0,2025-07-14 13:19:35.476708
2025-07-14,35057,2025071403006259,CFCL,ABC Securities Private Limited,Sri Hari Securities Pvt. Ltd.,850,556.0,472600.0,2025-07-14 13:19:35.476789
2025-07-14,35056,2025071403006260,CFCL,ABC Securities Private Limited,Dipshikha Dhitopatra Karobar Co. Pvt Ltd.,30,556.0,16680.0,2025-07-14 13:19:35.476842
2025-07-14,35055,2025071403006261,CFCL,ABC Securities Private Limited,Shree Krishna Securities Ltd.,300,556.0,166800.0,2025-07-14 13:19:35.476886
2025-07-14,35054,2025071403006262,CFCL,ABC Securities Private Limited,Creative Securities Pvt Ltd,101,556.0,56156.0,2025-07-14 13:19:35.476929
2025-07-14,35053,2025071403006263,CFCL,ABC Securities Private Limited,Dipshikha Dhitopatra Karobar Co. Pvt Ltd.,270,556.0,150120.0,2025-07-14 13:19:35.476973
2025-07-14,35052,2025071403006264,CFCL,ABC Securities Private Limited,Dakshinkali Investment & Securities Pvt. Ltd.,100,556.0,55600.0,2025-07-14 13:19:35.477015
2025-07-14,34919,2025071403006301,CFCL,ABC Securities Private Limited,Sri Hari Securities Pvt. Ltd.,800,557.0,445600.0,2025-07-14 13:20:01.695443
2025-07-14,34828,2025071403006317,CFCL,Asian Securities Private Ltd.,Sri Hari Securities Pvt. Ltd.,10,557.6,5576.0,2025-07-14 13:20:19.603137
2025-07-14,34827,2025071403006318,CFCL,Asian Securities Private Ltd.,Sundhara Securities Limited,100,558.0,55800.0,2025-07-14 13:20:19.603271
2025-07-14,34826,2025071403006319,CFCL,Asian Securities Private Ltd.,Dipshikha Dhitopatra Karobar Co. Pvt Ltd.,30,559.0,16770.0,2025-07-14 13:20:19.603317
2025-07-14,34825,2025071403006320,CFCL,Asian Securities Private Ltd.,Siprabi Securities Pvt. Ltd.,50,559.0,27950.0,2025-07-14 13:20:19.603413
2025-07-14,34824,2025071403006321,CFCL,Asian Securities Private Ltd.,Premier Securities Company Ltd.,35,559.9,19596.5,2025-07-14 13:20:19.603464
2025-07-14,34823,2025071403006322,CFCL,Asian Securities Private Ltd.,Bhrikuti Stock Broking Co. Pvt. Ltd.,200,559.9,111980.0,2025-07-14 13:20:19.603507
2025-07-14,34822,2025071403006323,CFCL,Asian Securities Private Ltd.,Agrawal Securities (PVT) Ltd.,100,560.0,56000.0,2025-07-14 13:20:19.603550
2025-07-14,34821,2025071403006324,CFCL,Asian Securities Private Ltd.,Secured Securities Ltd.,28,560.0,15680.0,2025-07-14 13:20:19.603592
2025-07-14,34820,2025071403006325,CFCL,Asian Securities Private Ltd.,Dipshikha Dhitopatra Karobar Co. Pvt Ltd.,50,560.0,28000.0,2025-07-14 13:20:19.603633
2025-07-14,34819,2025071403006326,CFCL,Asian Securities Private Ltd.,S.P.S.A. Securities Limited,200,560.0,112000.0,2025-07-14 13:20:19.603674
2025-07-14,34818,2025071403006327,CFCL,Asian Securities Private Ltd.,Naasa Securities Co. Ltd.,70,560.0,39200.0,2025-07-14 13:20:19.603714
2025-07-14,34817,2025071403006328,CFCL,Asian Securities Private Ltd.,Trisul Securities & Invt. Ltd.,127,560.0,71120.0,2025-07-14 13:20:19.603755
2025-07-14,34772,2025071403006333,CFCL,Linch Stock Market Ltd.,Trisul Securities & Invt. Ltd.,173,560.0,96880.0,2025-07-14 13:20:26.665771
2025-07-14,34771,2025071403006334,CFCL,Linch Stock Market Ltd.,Nepal Stock House (PVT) Ltd.,200,560.0,112000.0,2025-07-14 13:20:26.665899
2025-07-14,34770,2025071403006335,CFCL,Linch Stock Market Ltd.,Magnet Securities and Investment Company Private Limited,100,560.0,56000.0,2025-07-14 13:20:26.665944
2025-07-14,34769,2025071403006336,CFCL,Linch Stock Market Ltd.,Online Securities Pvt. Ltd.,10,560.0,5600.0,2025-07-14 13:20:26.665983
2025-07-14,34725,2025071403006346,CFCL,Linch Stock Market Ltd.,Trishakti Securities Public Limited,17,560.0,9520.0,2025-07-14 13:20:39.019167
2025-07-14,34653,2025071403006362,CFCL,Dipshikha Dhitopatra Karobar Co. Pvt Ltd.,Linch Stock Market Ltd.,200,561.0,112200.0,2025-07-14 13:21:04.192888
2025-07-14,34515,2025071403006386,CFCL,Dipshikha Dhitopatra Karobar Co. Pvt Ltd.,ABC Securities Private Limited,50,561.0,28050.0,2025-07-14 13:21:41.598615
2025-07-14,34514,2025071403006387,CFCL,Sani Securities Company Ltd.,Sweta Securities Private Limited,250,563.0,140750.0,2025-07-14 13:21:42.054600
2025-07-14,34513,2025071403006388,CFCL,Sani Securities Company Ltd.,Swarna Laxmi Securities Pvt. Ltd.,100,564.0,56400.0,2025-07-14 13:21:42.054798
2025-07-14,34512,2025071403006389,CFCL,Sani Securities Company Ltd.,Primo Securities (PVT) Ltd.,50,564.0,28200.0,2025-07-14 13:21:42.054924
2025-07-14,34511,2025071403006390,CFCL,Sani Securities Company Ltd.,Dynamic Money Managers Securities Pvt. Ltd.,99,565.0,55935.0,2025-07-14 13:21:42.055082
2025-07-14,34019,2025071403006491,CFCL,Dipshikha Dhitopatra Karobar Co. Pvt Ltd.,Sundhara Securities Limited,244,561.0,136884.0,2025-07-14 13:23:59.731869
2025-07-14,34010,2025071403006492,CFCL,Agrawal Securities (PVT) Ltd.,Premier Securities Company Ltd.,300,561.0,168300.0,2025-07-14 13:24:02.965107
2025-07-14,34009,2025071403006493,CFCL,Naasa Securities Co. Ltd.,Premier Securities Company Ltd.,30,561.0,16830.0,2025-07-14 13:24:02.965264
2025-07-14,33484,2025071403006608,CFCL,Neev Securities Pvt. Ltd.,Premier Securities Company Ltd.,20,558.5,11170.0,2025-07-14 13:26:13.636367
2025-07-14,33409,2025071403006619,CFCL,Aakashbhairab Securities Ltd.,Dipshikha Dhitopatra Karobar Co. Pvt Ltd.,50,560.0,28000.0,2025-07-14 13:26:36.016943
2025-07-14,33408,2025071403006620,CFCL,Aakashbhairab Securities Ltd.,Premier Securities Company Ltd.,170,561.0,95370.0,2025-07-14 13:26:36.017072
2025-07-14,33407,2025071403006621,CFCL,Aakashbhairab Securities Ltd.,Dynamic Money Managers Securities Pvt. Ltd.,200,561.0,112200.0,2025-07-14 13:26:36.017127
2025-07-14,33406,2025071403006622,CFCL,Aakashbhairab Securities Ltd.,Nagarik Stock Dealer ,150,561.0,84150.0,2025-07-14 13:26:36.017180
2025-07-14,33363,2025071403006633,CFCL,Sharepro Securities Private Limited,Sri Hari Securities Pvt. Ltd.,50,560.0,28000.0,2025-07-14 13:26:47.060597
2025-07-14,33362,2025071403006634,CFCL,Agrawal Securities (PVT) Ltd.,Sri Hari Securities Pvt. Ltd.,150,558.0,83700.0,2025-07-14 13:26:47.060822
2025-07-14,33294,2025071403006646,CFCL,Aakashbhairab Securities Ltd.,Naasa Securities Co. Ltd.,389,561.0,218229.0,2025-07-14 13:27:02.085568
2025-07-14,32996,2025071403006683,CFCL,Aakashbhairab Securities Ltd.,Imperial Securities Company Pvt. Ltd.,11,561.0,6171.0,2025-07-14 13:27:55.142257
2025-07-14,32552,2025071403006779,CFCL,Vision Securities Pvt. Ltd,Agrawal Securities (PVT) Ltd.,10,561.0,5610.0,2025-07-14 13:29:26.966202
2025-07-14,32528,2025071403006781,CFCL,Aryatara Investment & Securities,Secured Securities Ltd.,50,558.1,27905.0,2025-07-14 13:29:35.609172
2025-07-14,32527,2025071403006782,CFCL,Agrawal Securities (PVT) Ltd.,Secured Securities Ltd.,150,558.0,83700.0,2025-07-14 13:29:35.609304
2025-07-14,32423,2025071403006801,CFCL,Sumeru Securities Pvt. Ltd.,Imperial Securities Company Pvt. Ltd.,39,557.1,21726.9,2025-07-14 13:30:08.151235
2025-07-14,32227,2025071403006835,CFCL,Sani Securities Company Ltd.,Secured Securities Ltd.,186,558.0,103788.0,2025-07-14 13:30:58.822721
2025-07-14,32226,2025071403006836,CFCL,Sani Securities Company Ltd.,Agrawal Securities (PVT) Ltd.,100,558.0,55800.0,2025-07-14 13:30:58.822868
2025-07-14,31899,2025071403006895,CFCL,Sumeru Securities Pvt. Ltd.,Aryatara Investment & Securities,61,557.1,33983.1,2025-07-14 13:32:14.863409
2025-07-14,31898,2025071403006896,CFCL,ABC Securities Private Limited,Aryatara Investment & Securities,139,557.0,77423.0,2025-07-14 13:32:14.863680
2025-07-14,31853,2025071403006914,CFCL,ABC Securities Private Limited,Aryatara Investment & Securities,400,557.0,222800.0,2025-07-14 13:32:27.955850
2025-07-14,31796,2025071403006933,CFCL,ABC Securities Private Limited,ABC Securities Private Limited,1000,557.0,557000.0,2025-07-14 13:32:43.171675
2025-07-14,31743,2025071403006955,CFCL,ABC Securities Private Limited,Imperial Securities Company Pvt. Ltd.,50,557.0,27850.0,2025-07-14 13:32:55.178176
2025-07-14,31671,2025071403006966,CFCL,ABC Securities Private Limited,ABC Securities Private Limited,150,557.0,83550.0,2025-07-14 13:33:14.432128
2025-07-14,31651,2025071403006967,CFCL,ABC Securities Private Limited,Agrawal Securities (PVT) Ltd.,500,557.0,278500.0,2025-07-14 13:33:19.610594
2025-07-14,31443,2025071403007000,CFCL,ABC Securities Private Limited,Linch Stock Market Ltd.,100,557.0,55700.0,2025-07-14 13:34:00.352418
2025-07-14,31373,2025071403007021,CFCL,ABC Securities Private Limited,Aryatara Investment & Securities,582,557.0,324174.0,2025-07-14 13:34:20.004181
2025-07-14,31277,2025071403007041,CFCL,ABC Securities Private Limited,Vision Securities Pvt. Ltd,49,557.0,27293.0,2025-07-14 13:34:42.585963
2025-07-14,31276,2025071403007042,CFCL,Thrive Brokerage House Pvt. Ltd,Vision Securities Pvt. Ltd,50,557.0,27850.0,2025-07-14 13:34:42.586240
2025-07-14,31275,2025071403007043,CFCL,Premier Securities Company Ltd.,Vision Securities Pvt. Ltd,100,557.0,55700.0,2025-07-14 13:34:42.586449
2025-07-14,31120,2025071403007076,CFCL,ABC Securities Private Limited,ABC Securities Private Limited,500,556.0,278000.0,2025-07-14 13:35:19.532617
2025-07-14,31024,2025071403007096,CFCL,ABC Securities Private Limited,Sagarmatha Securities Private Limited,1000,556.0,556000.0,2025-07-14 13:35:28.753692
2025-07-14,31022,2025071403007097,CFCL,ABC Securities Private Limited,SUN SECURITIES PVT LTD,300,556.0,166800.0,2025-07-14 13:35:29.666983
2025-07-14,30937,2025071403007112,CFCL,ABC Securities Private Limited,Dipshikha Dhitopatra Karobar Co. Pvt Ltd.,50,556.0,27800.0,2025-07-14 13:35:49.397538
2025-07-14,30916,2025071403007113,CFCL,ABC Securities Private Limited,ABC Securities Private Limited,33,556.0,18348.0,2025-07-14 13:35:54.802189
2025-07-14,30828,2025071403007148,CFCL,ABC Securities Private Limited,Premier Securities Company Ltd.,100,556.0,55600.0,2025-07-14 13:36:18.082552
2025-07-14,30384,2025071403007251,CFCL,J.F. Securites (PVT) Ltd.,Vision Securities Pvt. Ltd,51,557.0,28407.0,2025-07-14 13:37:57.875053
2025-07-14,30383,2025071403007252,CFCL,J.F. Securites (PVT) Ltd.,Naasa Securities Co. Ltd.,90,557.0,50130.0,2025-07-14 13:37:57.875201
2025-07-14,30382,2025071403007253,CFCL,J.F. Securites (PVT) Ltd.,Creative Securities Pvt Ltd,10,557.0,5570.0,2025-07-14 13:37:57.875281
2025-07-14,30381,2025071403007254,CFCL,J.F. Securites (PVT) Ltd.,Sri Hari Securities Pvt. Ltd.,189,557.0,105273.0,2025-07-14 13:37:57.875359
2025-07-14,30142,2025071403007315,CFCL,J.F. Securites (PVT) Ltd.,Trishakti Securities Public Limited,60,557.0,33420.0,2025-07-14 13:38:41.277046
2025-07-14,29904,2025071403007356,CFCL,ABC Securities Private Limited,Sewa Securities Pvt. Ltd.,105,556.0,58380.0,2025-07-14 13:39:23.942445
2025-07-14,29671,2025071403007400,CFCL,Asian Securities Private Ltd.,Sani Securities Company Ltd.,200,556.1,111220.0,2025-07-14 13:40:31.157262
2025-07-14,29645,2025071403007406,CFCL,Asian Securities Private Ltd.,J.F. Securites (PVT) Ltd.,50,556.1,27805.0,2025-07-14 13:40:45.162665
2025-07-14,29393,2025071403007457,CFCL,Asian Securities Private Ltd.,ABC Securities Private Limited,110,556.1,61171.0,2025-07-14 13:41:45.741932
2025-07-14,28412,2025071403007656,CFCL,Imperial Securities Company Pvt. Ltd.,Premier Securities Company Ltd.,25,557.0,13925.0,2025-07-14 13:45:41.760658
2025-07-14,28330,2025071403007669,CFCL,Asian Securities Private Ltd.,Trishakti Securities Public Limited,140,556.1,77854.0,2025-07-14 13:45:57.784096
2025-07-14,28329,2025071403007670,CFCL,Capital Max Securities Ltd,Trishakti Securities Public Limited,90,556.1,50049.0,2025-07-14 13:45:57.784234
2025-07-14,28229,2025071403007695,CFCL,ABC Securities Private Limited,Arun Securities (PVT) Ltd.,1000,556.0,556000.0,2025-07-14 13:46:29.438124
2025-07-14,28145,2025071403007706,CFCL,ABC Securities Private Limited,Trishakti Securities Public Limited,469,556.0,260764.0,2025-07-14 13:46:52.129365
2025-07-14,27984,2025071403007745,CFCL,ABC Securities Private Limited,Online Securities Pvt. Ltd.,200,556.0,111200.0,2025-07-14 13:47:44.169111
2025-07-14,27888,2025071403007764,CFCL,ABC Securities Private Limited,Premier Securities Company Ltd.,175,556.0,97300.0,2025-07-14 13:48:18.452930
2025-07-14,27851,2025071403007769,CFCL,Imperial Securities Company Pvt. Ltd.,Creative Securities Pvt Ltd,10,557.0,5570.0,2025-07-14 13:48:28.577118
2025-07-14,27545,2025071403007820,CFCL,Kohinoor Investment & Securities Pvt. Ltd.,Creative Securities Pvt Ltd,10,558.0,5580.0,2025-07-14 13:49:47.162167
2025-07-14,27544,2025071403007821,CFCL,Kohinoor Investment & Securities Pvt. Ltd.,Capital Max Securities Ltd,90,558.0,50220.0,2025-07-14 13:49:47.162322
2025-07-14,26995,2025071403007938,CFCL,ABC Securities Private Limited,Online Securities Pvt. Ltd.,500,556.0,278000.0,2025-07-14 13:52:33.718705
2025-07-14,26812,2025071403007975,CFCL,ABC Securities Private Limited,Nabil Stock Dealer Ltd.,980,556.0,544880.0,2025-07-14 13:53:16.317062
2025-07-14,26811,2025071403007976,CFCL,Pragyan Securities (PVT) Ltd.,Nabil Stock Dealer Ltd.,15,556.0,8340.0,2025-07-14 13:53:16.317353
2025-07-14,26810,2025071403007977,CFCL,Dipshikha Dhitopatra Karobar Co. Pvt Ltd.,Nabil Stock Dealer Ltd.,45,556.0,25020.0,2025-07-14 13:53:16.317524
2025-07-14,26573,2025071403008013,CFCL,Dipshikha Dhitopatra Karobar Co. Pvt Ltd.,Online Securities Pvt. Ltd.,50,556.0,27800.0,2025-07-14 13:54:21.644804
2025-07-14,26417,2025071403008036,CFCL,Dipshikha Dhitopatra Karobar Co. Pvt Ltd.,Linch Stock Market Ltd.,50,556.0,27800.0,2025-07-14 13:55:05.431809
2025-07-14,25948,2025071403008123,CFCL,Dipshikha Dhitopatra Karobar Co. Pvt Ltd.,South Asian Bulls Pvt. Ltd.,30,556.0,16680.0,2025-07-14 13:57:07.156905
2025-07-14,25895,2025071403008136,CFCL,Dipshikha Dhitopatra Karobar Co. Pvt Ltd.,Naasa Securities Co. Ltd.,125,556.0,69500.0,2025-07-14 13:57:25.299234
2025-07-14,25894,2025071403008137,CFCL,Nepal Investment And Securities Trading Private Limited,Naasa Securities Co. Ltd.,100,556.0,55600.0,2025-07-14 13:57:25.299436
2025-07-14,25773,2025071403008158,CFCL,SUN SECURITIES PVT LTD,Asian Securities Private Ltd.,100,555.0,55500.0,2025-07-14 13:57:42.887477
2025-07-14,25184,2025071403008247,CFCL,SUN SECURITIES PVT LTD,Trishakti Securities Public Limited,100,555.0,55500.0,2025-07-14 14:00:16.657318
2025-07-14,25115,2025071403008258,CFCL,Vision Securities Pvt. Ltd,ABC Securities Private Limited,15,552.0,8280.0,2025-07-14 14:00:41.468827
2025-07-14,25114,2025071403008259,CFCL,Aryatara Investment & Securities,ABC Securities Private Limited,50,551.1,27555.0,2025-07-14 14:00:41.468898
2025-07-14,25113,2025071403008260,CFCL,Agrawal Securities (PVT) Ltd.,ABC Securities Private Limited,400,551.0,220400.0,2025-07-14 14:00:41.468931
2025-07-14,25112,2025071403008261,CFCL,Secured Securities Ltd.,ABC Securities Private Limited,535,551.0,294785.0,2025-07-14 14:00:41.469000
2025-07-14,24963,2025071403008315,CFCL,Secured Securities Ltd.,Sagarmatha Securities Private Limited,155,551.0,85405.0,2025-07-14 14:01:05.225765
2025-07-14,23653,2025071403008600,CFCL,Secured Securities Ltd.,Sipla Securities Private Limited,600,551.0,330600.0,2025-07-14 14:06:33.287572
2025-07-14,21596,2025071403008964,CFCL,Vision Securities Pvt. Ltd,Nagarik Stock Dealer ,350,551.2,192920.0,2025-07-14 14:14:36.632002
2025-07-14,21595,2025071403008965,CFCL,Nabil Stock Dealer Ltd.,Nagarik Stock Dealer ,650,551.1,358215.0,2025-07-14 14:14:36.632346
2025-07-14,21356,2025071403009004,CFCL,Nabil Stock Dealer Ltd.,Nagarik Stock Dealer ,350,551.1,192885.0,2025-07-14 14:15:41.812180
2025-07-14,20558,2025071403009158,CFCL,Linch Stock Market Ltd.,APPLE SECURITIES PRIVATE LIMITED,100,551.1,55110.0,2025-07-14 14:18:59.887219
2025-07-14,20529,2025071403009160,CFCL,Secured Securities Ltd.,Kohinoor Investment & Securities Pvt. Ltd.,20,552.0,11040.0,2025-07-14 14:19:02.172277
2025-07-14,20528,2025071403009161,CFCL,Secured Securities Ltd.,Primo Securities (PVT) Ltd.,150,553.0,82950.0,2025-07-14 14:19:02.172591
2025-07-14,20527,2025071403009162,CFCL,Secured Securities Ltd.,Nagarik Stock Dealer ,1000,553.0,553000.0,2025-07-14 14:19:02.172801
2025-07-14,20526,2025071403009163,CFCL,Secured Securities Ltd.,Trishakti Securities Public Limited,150,553.0,82950.0,2025-07-14 14:19:02.172979
2025-07-14,20127,2025071403009260,CFCL,Ashutosh Brokerage & Securities (PVT) Ltd.,Bhrikuti Stock Broking Co. Pvt. Ltd.,10,553.0,5530.0,2025-07-14 14:20:22.600776
2025-07-14,19437,2025071403009411,CFCL,Naasa Securities Co. Ltd.,Sharepro Securities Private Limited,10,552.0,5520.0,2025-07-14 14:22:34.867906
2025-07-14,19182,2025071403009468,CFCL,Linch Stock Market Ltd.,Nepal Stock House (PVT) Ltd.,80,550.1,44008.0,2025-07-14 14:23:26.070974
2025-07-14,19181,2025071403009469,CFCL,Secured Securities Ltd.,Nepal Stock House (PVT) Ltd.,420,550.0,231000.0,2025-07-14 14:23:26.071106
2025-07-14,18212,2025071403009665,CFCL,Trishakti Securities Public Limited,Naasa Securities Co. Ltd.,1000,551.0,551000.0,2025-07-14 14:26:22.952520
2025-07-14,18211,2025071403009666,CFCL,Secured Securities Ltd.,Naasa Securities Co. Ltd.,1010,550.0,555500.0,2025-07-14 14:26:22.952885
2025-07-14,17447,2025071403009779,CFCL,Secured Securities Ltd.,Pragyan Securities (PVT) Ltd.,250,550.0,137500.0,2025-07-14 14:28:30.374124
2025-07-14,16810,2025071403009881,CFCL,Secured Securities Ltd.,Aryatara Investment & Securities,60,550.0,33000.0,2025-07-14 14:30:27.894086
2025-07-14,16579,2025071403009923,CFCL,Secured Securities Ltd.,Asian Securities Private Ltd.,100,550.0,55000.0,2025-07-14 14:31:07.185888
2025-07-14,15002,2025071403010217,CFCL,Secured Securities Ltd.,Sagarmatha Securities Private Limited,100,550.0,55000.0,2025-07-14 14:34:50.645305
2025-07-14,14196,2025071403010348,CFCL,Secured Securities Ltd.,Sani Securities Company Ltd.,200,550.0,110000.0,2025-07-14 14:36:43.901976
2025-07-14,14082,2025071403010373,CFCL,Secured Securities Ltd.,Asian Securities Private Ltd.,15,550.0,8250.0,2025-07-14 14:36:56.778108
2025-07-14,13996,2025071403010428,CFCL,Secured Securities Ltd.,Asian Securities Private Ltd.,35,550.0,19250.0,2025-07-14 14:37:03.822097
2025-07-14,13286,2025071403010558,CFCL,Sumeru Securities Pvt. Ltd.,Asian Securities Private Ltd.,15,550.0,8250.0,2025-07-14 14:39:08.577642
2025-07-14,13285,2025071403010559,CFCL,Sumeru Securities Pvt. Ltd.,Infinity Securities Limited,85,550.0,46750.0,2025-07-14 14:39:08.577827
2025-07-14,11772,2025071403010880,CFCL,Imperial Securities Company Pvt. Ltd.,ABC Securities Private Limited,10,548.0,5480.0,2025-07-14 14:42:44.601339
2025-07-14,11771,2025071403010881,CFCL,Primo Securities (PVT) Ltd.,ABC Securities Private Limited,90,548.0,49320.0,2025-07-14 14:42:44.601638
2025-07-14,11701,2025071403010893,CFCL,Primo Securities (PVT) Ltd.,Vision Securities Pvt. Ltd,100,548.0,54800.0,2025-07-14 14:42:51.449272
2025-07-14,10862,2025071403011114,CFCL,Sweta Securities Private Limited,Infinity Securities Limited,15,550.0,8250.0,2025-07-14 14:44:36.501725
2025-07-14,10861,2025071403011115,CFCL,Sweta Securities Private Limited,Dipshikha Dhitopatra Karobar Co. Pvt Ltd.,250,550.0,137500.0,2025-07-14 14:44:36.502048
2025-07-14,10860,2025071403011116,CFCL,Sweta Securities Private Limited,Dipshikha Dhitopatra Karobar Co. Pvt Ltd.,100,550.0,55000.0,2025-07-14 14:44:36.502234
2025-07-14,10859,2025071403011117,CFCL,Sweta Securities Private Limited,Vision Securities Pvt. Ltd,85,550.0,46750.0,2025-07-14 14:44:36.502415
2025-07-14,9737,2025071403011311,CFCL,Imperial Securities Company Pvt. Ltd.,Vision Securities Pvt. Ltd,10,550.0,5500.0,2025-07-14 14:46:55.229244
2025-07-14,9384,2025071403011357,CFCL,Sweta Securities Private Limited,Kohinoor Investment & Securities Pvt. Ltd.,50,550.0,27500.0,2025-07-14 14:47:46.650174
2025-07-14,7584,2025071403011750,CFCL,Primo Securities (PVT) Ltd.,Midas Stock Broking Company Private Limited,60,548.0,32880.0,2025-07-14 14:51:32.789463
2025-07-14,7583,2025071403011751,CFCL,Neev Securities Pvt. Ltd.,Midas Stock Broking Company Private Limited,10,548.0,5480.0,2025-07-14 14:51:32.789689
2025-07-14,6844,2025071403011839,CFCL,Dipshikha Dhitopatra Karobar Co. Pvt Ltd.,Dipshikha Dhitopatra Karobar Co. Pvt Ltd.,10,546.0,5460.0,2025-07-14 14:52:36.140946
2025-07-14,6843,2025071403011840,CFCL,Imperial Securities Company Pvt. Ltd.,Dipshikha Dhitopatra Karobar Co. Pvt Ltd.,10,546.0,5460.0,2025-07-14 14:52:36.141135
2025-07-14,6842,2025071403011841,CFCL,S.P.S.A. Securities Limited,Dipshikha Dhitopatra Karobar Co. Pvt Ltd.,440,545.5,240020.0,2025-07-14 14:52:36.141218
2025-07-14,6841,2025071403011842,CFCL,Naasa Securities Co. Ltd.,Dipshikha Dhitopatra Karobar Co. Pvt Ltd.,40,545.1,21804.0,2025-07-14 14:52:36.141279
2025-07-14,4360,2025071403012343,CFCL,Naasa Securities Co. Ltd.,Capital Hub P. Ltd,40,545.1,21804.0,2025-07-14 14:56:23.845779
2025-07-14,2561,2025071403012639,CFCL,MILKY WAY SHARE BROKER COMPANY LTD ,Imperial Securities Company Pvt. Ltd.,100,545.1,54510.0,2025-07-14 14:58:28.541520
2025-07-14,2560,2025071403012640,CFCL,Premier Securities Company Ltd.,Imperial Securities Company Pvt. Ltd.,100,545.1,54510.0,2025-07-14 14:58:28.541845
2025-07-14,2559,2025071403012641,CFCL,Market Securities & Exchange (PVT) Ltd.,Imperial Securities Company Pvt. Ltd.,50,545.0,27250.0,2025-07-14 14:58:28.542072
2025-07-14,1408,2025071403012913,CFCL,Agrawal Securities (PVT) Ltd.,Imperial Securities Company Pvt. Ltd.,107,545.0,58315.0,2025-07-14 14:59:17.990644
2025-07-14,1407,2025071403012914,CFCL,Agrawal Securities (PVT) Ltd.,Sani Securities Company Ltd.,193,545.0,105185.0,2025-07-14 14:59:17.990799
2025-07-14,1284,2025071403012922,CFCL,ABC Securities Private Limited,Imperial Securities Company Pvt. Ltd.,50,544.0,27200.0,2025-07-14 14:59:21.800356
2025-07-14,625,2025071403013072,CFCL,S.P.S.A. Securities Limited,Sani Securities Company Ltd.,160,545.0,87200.0,2025-07-14 14:59:43.327600
2025-07-14,555,2025071403013081,CFCL,Kumari Securities Private Limited,Sani Securities Company Ltd.,647,545.0,352615.0,2025-07-14 14:59:45.563657
2025-07-14,375,2025071403013114,CFCL,K.B.L. Securities Limited ,Linch Stock Market Ltd.,10,549.0,5490.0,2025-07-14 14:59:51.558913
