Date,S.N.,Contract ID,Symbol,Buyer Broker,Seller Broker,volume,rate,amount,transaction_time
2025-07-14,72594,2025071401000002,EBL,Sani Securities Company Ltd.,Himalayan Brokerage Company Limited,50,700.0,35000.0,2025-07-14 10:46:00.019438
2025-07-14,72593,2025071401000003,EBL,Online Securities Pvt. Ltd.,Himalayan Brokerage Company Limited,20,700.0,14000.0,2025-07-14 10:46:00.019472
2025-07-14,72076,2025071401000225,EBL,Opal Securities Investment (PVT) Ltd.,Dipshikha Dhitopatra Karobar Co. Pvt Ltd.,30,690.0,20700.0,2025-07-14 11:01:52.977203
2025-07-14,71486,2025071401000500,EBL,Malla & Malla Stock Broking Company Pvt. Limited,Linch Stock Market Ltd.,25,690.1,17252.5,2025-07-14 11:03:53.690507
2025-07-14,71455,2025071401000518,EBL,Malla & Malla Stock Broking Company Pvt. Limited,K.B.L. Securities Limited ,270,690.1,186327.0,2025-07-14 11:03:58.800684
2025-07-14,70640,2025071401000891,EBL,Sani Securities Company Ltd.,Pragyan Securities (PVT) Ltd.,10,695.0,6950.0,2025-07-14 11:06:12.172298
2025-07-14,70570,2025071401000925,EBL,Dipshikha Dhitopatra Karobar Co. Pvt Ltd.,Himalayan Brokerage Company Limited,500,691.0,345500.0,2025-07-14 11:06:24.017001
2025-07-14,70569,2025071401000926,EBL,Linch Stock Market Ltd.,Himalayan Brokerage Company Limited,200,691.0,138200.0,2025-07-14 11:06:24.017182
2025-07-14,70568,2025071401000927,EBL,Infinity Securities Limited,Himalayan Brokerage Company Limited,30,691.0,20730.0,2025-07-14 11:06:24.017302
2025-07-14,69518,2025071401001470,EBL,Magnet Securities and Investment Company Private Limited,Pragyan Securities (PVT) Ltd.,190,695.0,132050.0,2025-07-14 11:10:09.629079
2025-07-14,69517,2025071401001471,EBL,Magnet Securities and Investment Company Private Limited,Sri Hari Securities Pvt. Ltd.,12,695.0,8340.0,2025-07-14 11:10:09.629248
2025-07-14,69516,2025071401001472,EBL,Magnet Securities and Investment Company Private Limited,Capital Max Securities Ltd,32,695.0,22240.0,2025-07-14 11:10:09.629364
2025-07-14,69515,2025071401001473,EBL,Magnet Securities and Investment Company Private Limited,Sundhara Securities Limited,106,695.0,73670.0,2025-07-14 11:10:09.629559
2025-07-14,69209,2025071401001617,EBL,Vision Securities Pvt. Ltd,K.B.L. Securities Limited ,250,692.0,173000.0,2025-07-14 11:11:11.421815
2025-07-14,68983,2025071401001728,EBL,Capital Max Securities Ltd,K.B.L. Securities Limited ,100,699.0,69900.0,2025-07-14 11:11:59.845509
2025-07-14,68708,2025071401001862,EBL,Nabil Stock Dealer Ltd.,Dipshikha Dhitopatra Karobar Co. Pvt Ltd.,30,698.0,20940.0,2025-07-14 11:12:51.223210
2025-07-14,68693,2025071401001872,EBL,Bhrikuti Stock Broking Co. Pvt. Ltd.,Dipshikha Dhitopatra Karobar Co. Pvt Ltd.,45,698.0,31410.0,2025-07-14 11:12:53.719172
2025-07-14,67897,2025071401002253,EBL,Vision Securities Pvt. Ltd,Sundhara Securities Limited,430,694.1,298463.0,2025-07-14 11:15:14.154543
2025-07-14,67478,2025071401002419,EBL,Deevyaa Securities & Stock House Pvt. Ltd,Aryatara Investment & Securities,100,695.0,69500.0,2025-07-14 11:16:40.358114
2025-07-14,67477,2025071401002420,EBL,Vision Securities Pvt. Ltd,Aryatara Investment & Securities,10,695.0,6950.0,2025-07-14 11:16:40.358397
2025-07-14,67476,2025071401002421,EBL,J.F. Securites (PVT) Ltd.,Aryatara Investment & Securities,150,695.0,104250.0,2025-07-14 11:16:40.358566
2025-07-14,67346,2025071401002471,EBL,Premier Securities Company Ltd.,Imperial Securities Company Pvt. Ltd.,50,697.0,34850.0,2025-07-14 11:17:07.331139
2025-07-14,66572,2025071401002840,EBL,Bhrikuti Stock Broking Co. Pvt. Ltd.,Imperial Securities Company Pvt. Ltd.,10,697.0,6970.0,2025-07-14 11:19:53.593433
2025-07-14,66302,2025071401002965,EBL,ABC Securities Private Limited,Imperial Securities Company Pvt. Ltd.,10,697.0,6970.0,2025-07-14 11:20:43.127517
2025-07-14,66086,2025071401003066,EBL,Magnet Securities and Investment Company Private Limited,Primo Securities (PVT) Ltd.,100,695.0,69500.0,2025-07-14 11:21:24.493210
2025-07-14,65914,2025071401003138,EBL,Oxford Securities Pvt. Ltd.,Indira securities pvt. ltd,200,695.0,139000.0,2025-07-14 11:22:03.936809
2025-07-14,65913,2025071401003139,EBL,J.F. Securites (PVT) Ltd.,Indira securities pvt. ltd,100,695.0,69500.0,2025-07-14 11:22:03.937104
2025-07-14,65677,2025071401003258,EBL,Malla & Malla Stock Broking Company Pvt. Limited,Aryatara Investment & Securities,11,694.3,7637.3,2025-07-14 11:22:51.333436
2025-07-14,65487,2025071401003325,EBL,Siprabi Securities Pvt. Ltd.,Nepal Stock House (PVT) Ltd.,10,695.0,6950.0,2025-07-14 11:23:18.356249
2025-07-14,65360,2025071401003375,EBL,Malla & Malla Stock Broking Company Pvt. Limited,Dynamic Money Managers Securities Pvt. Ltd.,694,694.3,481844.2,2025-07-14 11:23:41.062076
2025-07-14,65359,2025071401003376,EBL,ABC Securities Private Limited,Dynamic Money Managers Securities Pvt. Ltd.,100,694.2,69420.0,2025-07-14 11:23:41.062223
2025-07-14,65358,2025071401003377,EBL,Malla & Malla Stock Broking Company Pvt. Limited,Dynamic Money Managers Securities Pvt. Ltd.,1000,694.2,694200.0,2025-07-14 11:23:41.062295
2025-07-14,65357,2025071401003378,EBL,Vision Securities Pvt. Ltd,Dynamic Money Managers Securities Pvt. Ltd.,1070,694.1,742687.0,2025-07-14 11:23:41.062354
2025-07-14,65356,2025071401003379,EBL,Thrive Brokerage House Pvt. Ltd,Dynamic Money Managers Securities Pvt. Ltd.,1000,694.1,694100.0,2025-07-14 11:23:41.062413
2025-07-14,65355,2025071401003380,EBL,Vision Securities Pvt. Ltd,Dynamic Money Managers Securities Pvt. Ltd.,100,694.1,69410.0,2025-07-14 11:23:41.062469
2025-07-14,65354,2025071401003381,EBL,Sharepro Securities Private Limited,Dynamic Money Managers Securities Pvt. Ltd.,3260,694.1,2262766.0,2025-07-14 11:23:41.062524
2025-07-14,64665,2025071401003694,EBL,Sharepro Securities Private Limited,Primo Securities (PVT) Ltd.,350,694.1,242935.0,2025-07-14 11:25:43.827151
2025-07-14,64355,2025071401003844,EBL,Sharepro Securities Private Limited,Indira securities pvt. ltd,50,694.1,34705.0,2025-07-14 11:26:35.654103
2025-07-14,64273,2025071401003890,EBL,Sani Securities Company Ltd.,Nepal Stock House (PVT) Ltd.,10,695.0,6950.0,2025-07-14 11:26:54.387201
2025-07-14,63958,2025071401004042,EBL,Siprabi Securities Pvt. Ltd.,Imperial Securities Company Pvt. Ltd.,50,694.2,34710.0,2025-07-14 11:28:04.420387
2025-07-14,63957,2025071401004043,EBL,Sharepro Securities Private Limited,Imperial Securities Company Pvt. Ltd.,30,694.1,20823.0,2025-07-14 11:28:04.420560
2025-07-14,63469,2025071401004321,EBL,Sharepro Securities Private Limited,Dakshinkali Investment & Securities Pvt. Ltd.,100,694.1,69410.0,2025-07-14 11:29:12.950488
2025-07-14,62129,2025071401004871,EBL,Infinity Securities Limited,Nepal Stock House (PVT) Ltd.,65,695.0,45175.0,2025-07-14 11:33:01.037329
2025-07-14,61728,2025071401005014,EBL,Sharepro Securities Private Limited,KALASH STOCK MARKET PVT. LTD.,1210,694.1,839861.0,2025-07-14 11:34:11.401427
2025-07-14,61727,2025071401005015,EBL,Deevyaa Securities & Stock House Pvt. Ltd,KALASH STOCK MARKET PVT. LTD.,1000,694.1,694100.0,2025-07-14 11:34:11.401626
2025-07-14,61660,2025071401005038,EBL,Capital Hub P. Ltd,Aryatara Investment & Securities,100,694.0,69400.0,2025-07-14 11:34:22.361301
2025-07-14,61510,2025071401005101,EBL,Capital Hub P. Ltd,KALASH STOCK MARKET PVT. LTD.,400,694.0,277600.0,2025-07-14 11:34:41.475839
2025-07-14,61509,2025071401005102,EBL,Capital Hub P. Ltd,KALASH STOCK MARKET PVT. LTD.,500,694.0,347000.0,2025-07-14 11:34:41.475985
2025-07-14,61508,2025071401005103,EBL,Online Securities Pvt. Ltd.,KALASH STOCK MARKET PVT. LTD.,500,694.0,347000.0,2025-07-14 11:34:41.476056
2025-07-14,61264,2025071401005192,EBL,Kalika Securities Pvt. Ltd.,Dynamic Money Managers Securities Pvt. Ltd.,30,693.0,20790.0,2025-07-14 11:35:30.882223
2025-07-14,61212,2025071401005210,EBL,Sweta Securities Private Limited,Dynamic Money Managers Securities Pvt. Ltd.,50,693.0,34650.0,2025-07-14 11:35:39.498287
2025-07-14,61181,2025071401005224,EBL,Aakashbhairab Securities Ltd.,Dynamic Money Managers Securities Pvt. Ltd.,500,692.5,346250.0,2025-07-14 11:35:42.896724
2025-07-14,61180,2025071401005225,EBL,Malla & Malla Stock Broking Company Pvt. Limited,Dynamic Money Managers Securities Pvt. Ltd.,200,692.2,138440.0,2025-07-14 11:35:42.897010
2025-07-14,61055,2025071401005269,EBL,Malla & Malla Stock Broking Company Pvt. Limited,Sani Securities Company Ltd.,800,692.2,553760.0,2025-07-14 11:36:09.730095
2025-07-14,61003,2025071401005290,EBL,Vision Securities Pvt. Ltd,Shree Krishna Securities Ltd.,500,692.0,346000.0,2025-07-14 11:36:20.250105
2025-07-14,61001,2025071401005292,EBL,Vision Securities Pvt. Ltd,Agrawal Securities (PVT) Ltd.,33,692.0,22836.0,2025-07-14 11:36:20.930054
2025-07-14,60957,2025071401005310,EBL,Vision Securities Pvt. Ltd,Sani Securities Company Ltd.,755,692.0,522460.0,2025-07-14 11:36:30.953147
2025-07-14,60954,2025071401005312,EBL,Vision Securities Pvt. Ltd,INDEX SECURITIES LIMITED,550,692.0,380600.0,2025-07-14 11:36:32.481240
2025-07-14,60950,2025071401005313,EBL,Vision Securities Pvt. Ltd,Pragyan Securities (PVT) Ltd.,450,692.0,311400.0,2025-07-14 11:36:34.259809
2025-07-14,60874,2025071401005350,EBL,Vision Securities Pvt. Ltd,Siprabi Securities Pvt. Ltd.,30,692.0,20760.0,2025-07-14 11:36:43.228425
2025-07-14,60837,2025071401005364,EBL,Vision Securities Pvt. Ltd,Siprabi Securities Pvt. Ltd.,12,692.0,8304.0,2025-07-14 11:36:49.286533
2025-07-14,60816,2025071401005374,EBL,Vision Securities Pvt. Ltd,Kalika Securities Pvt. Ltd.,420,692.0,290640.0,2025-07-14 11:36:53.285663
2025-07-14,60815,2025071401005375,EBL,Vision Securities Pvt. Ltd,Kalika Securities Pvt. Ltd.,500,692.0,346000.0,2025-07-14 11:36:53.285951
2025-07-14,60752,2025071401005392,EBL,Magnet Securities and Investment Company Private Limited,KALASH STOCK MARKET PVT. LTD.,60,691.3,41478.0,2025-07-14 11:37:08.886366
2025-07-14,60751,2025071401005393,EBL,Asian Securities Private Ltd.,KALASH STOCK MARKET PVT. LTD.,100,691.3,69130.0,2025-07-14 11:37:08.886468
2025-07-14,60750,2025071401005394,EBL,Cristal Kanchanjanga Securites Pvt. Ltd.,KALASH STOCK MARKET PVT. LTD.,11,691.0,7601.0,2025-07-14 11:37:08.886500
2025-07-14,60749,2025071401005395,EBL,Thrive Brokerage House Pvt. Ltd,KALASH STOCK MARKET PVT. LTD.,206,690.2,142181.2,2025-07-14 11:37:08.886523
2025-07-14,60748,2025071401005396,EBL,Deevyaa Securities & Stock House Pvt. Ltd,KALASH STOCK MARKET PVT. LTD.,100,690.2,69020.0,2025-07-14 11:37:08.886543
2025-07-14,60747,2025071401005397,EBL,Siprabi Securities Pvt. Ltd.,KALASH STOCK MARKET PVT. LTD.,300,690.1,207030.0,2025-07-14 11:37:08.886566
2025-07-14,60746,2025071401005398,EBL,Vision Securities Pvt. Ltd,KALASH STOCK MARKET PVT. LTD.,2000,690.1,1380200.0,2025-07-14 11:37:08.886591
2025-07-14,60745,2025071401005399,EBL,Sewa Securities Pvt. Ltd.,KALASH STOCK MARKET PVT. LTD.,500,690.1,345050.0,2025-07-14 11:37:08.886614
2025-07-14,60744,2025071401005400,EBL,Opal Securities Investment (PVT) Ltd.,KALASH STOCK MARKET PVT. LTD.,170,690.0,117300.0,2025-07-14 11:37:08.886634
2025-07-14,60743,2025071401005401,EBL,South Asian Bulls Pvt. Ltd.,KALASH STOCK MARKET PVT. LTD.,20,690.0,13800.0,2025-07-14 11:37:08.886658
2025-07-14,60742,2025071401005402,EBL,Naasa Securities Co. Ltd.,KALASH STOCK MARKET PVT. LTD.,123,690.0,84870.0,2025-07-14 11:37:08.886680
2025-07-14,60488,2025071401005487,EBL,Vision Securities Pvt. Ltd,Naasa Securities Co. Ltd.,20,691.0,13820.0,2025-07-14 11:37:50.825050
2025-07-14,60066,2025071401005621,EBL,Vision Securities Pvt. Ltd,Sani Securities Company Ltd.,480,691.0,331680.0,2025-07-14 11:39:04.985658
2025-07-14,60065,2025071401005622,EBL,Naasa Securities Co. Ltd.,Sani Securities Company Ltd.,20,690.0,13800.0,2025-07-14 11:39:04.985834
2025-07-14,59993,2025071401005643,EBL,Vision Securities Pvt. Ltd,Opal Securities Investment (PVT) Ltd.,100,690.0,69000.0,2025-07-14 11:39:16.169915
2025-07-14,59992,2025071401005644,EBL,Sani Securities Company Ltd.,Opal Securities Investment (PVT) Ltd.,50,690.0,34500.0,2025-07-14 11:39:16.170238
2025-07-14,59991,2025071401005645,EBL,Imperial Securities Company Pvt. Ltd.,Opal Securities Investment (PVT) Ltd.,200,690.0,138000.0,2025-07-14 11:39:16.170418
2025-07-14,59990,2025071401005646,EBL,Vision Securities Pvt. Ltd,Opal Securities Investment (PVT) Ltd.,100,690.0,69000.0,2025-07-14 11:39:16.170614
2025-07-14,59989,2025071401005647,EBL,Midas Stock Broking Company Private Limited,Opal Securities Investment (PVT) Ltd.,20,690.0,13800.0,2025-07-14 11:39:16.170785
2025-07-14,59988,2025071401005648,EBL,Vision Securities Pvt. Ltd,Opal Securities Investment (PVT) Ltd.,2000,689.2,1378400.0,2025-07-14 11:39:16.170961
2025-07-14,59987,2025071401005649,EBL,Himalayan Securities Limited,Opal Securities Investment (PVT) Ltd.,2000,689.1,1378200.0,2025-07-14 11:39:16.171141
2025-07-14,59826,2025071401005708,EBL,Sri Hari Securities Pvt. Ltd.,Midas Stock Broking Company Private Limited,10,688.1,6881.0,2025-07-14 11:39:48.703832
2025-07-14,59343,2025071401005912,EBL,Sri Hari Securities Pvt. Ltd.,Premier Securities Company Ltd.,200,688.1,137620.0,2025-07-14 11:41:23.735475
2025-07-14,58890,2025071401006095,EBL,KALASH STOCK MARKET PVT. LTD.,Naasa Securities Co. Ltd.,50,690.0,34500.0,2025-07-14 11:42:39.789299
2025-07-14,58784,2025071401006162,EBL,Sri Hari Securities Pvt. Ltd.,South Asian Bulls Pvt. Ltd.,30,688.1,20643.0,2025-07-14 11:42:51.065755
2025-07-14,58261,2025071401006389,EBL,Sri Hari Securities Pvt. Ltd.,Kumari Securities Private Limited,50,688.1,34405.0,2025-07-14 11:44:24.945821
2025-07-14,58260,2025071401006390,EBL,Dipshikha Dhitopatra Karobar Co. Pvt Ltd.,Kumari Securities Private Limited,50,688.1,34405.0,2025-07-14 11:44:24.945976
2025-07-14,58182,2025071401006418,EBL,Online Securities Pvt. Ltd.,SUN SECURITIES PVT LTD,20,688.0,13760.0,2025-07-14 11:44:37.803260
2025-07-14,58132,2025071401006426,EBL,Online Securities Pvt. Ltd.,Shree Krishna Securities Ltd.,60,688.0,41280.0,2025-07-14 11:44:42.948186
2025-07-14,58131,2025071401006427,EBL,Sani Securities Company Ltd.,Shree Krishna Securities Ltd.,50,688.0,34400.0,2025-07-14 11:44:42.948346
2025-07-14,58019,2025071401006480,EBL,Sani Securities Company Ltd.,Oxford Securities Pvt. Ltd.,10,688.0,6880.0,2025-07-14 11:45:06.095809
2025-07-14,58018,2025071401006481,EBL,pahiinvestment,Oxford Securities Pvt. Ltd.,20,688.0,13760.0,2025-07-14 11:45:06.095972
2025-07-14,58017,2025071401006482,EBL,Sri Hari Securities Pvt. Ltd.,Oxford Securities Pvt. Ltd.,170,688.0,116960.0,2025-07-14 11:45:06.096060
2025-07-14,58013,2025071401006484,EBL,KALASH STOCK MARKET PVT. LTD.,Vision Securities Pvt. Ltd,110,689.0,75790.0,2025-07-14 11:45:08.231100
2025-07-14,58012,2025071401006485,EBL,KALASH STOCK MARKET PVT. LTD.,Imperial Securities Company Pvt. Ltd.,10,689.0,6890.0,2025-07-14 11:45:08.231265
2025-07-14,58011,2025071401006486,EBL,KALASH STOCK MARKET PVT. LTD.,Siprabi Securities Pvt. Ltd.,250,689.0,172250.0,2025-07-14 11:45:08.231321
2025-07-14,57920,2025071401006536,EBL,KALASH STOCK MARKET PVT. LTD.,Kohinoor Investment & Securities Pvt. Ltd.,100,689.0,68900.0,2025-07-14 11:45:26.407931
2025-07-14,57785,2025071401006577,EBL,KALASH STOCK MARKET PVT. LTD.,Sri Hari Securities Pvt. Ltd.,10,689.0,6890.0,2025-07-14 11:45:51.387624
2025-07-14,57591,2025071401006665,EBL,KALASH STOCK MARKET PVT. LTD.,Agrawal Securities (PVT) Ltd.,70,689.0,48230.0,2025-07-14 11:46:27.404054
2025-07-14,57590,2025071401006666,EBL,KALASH STOCK MARKET PVT. LTD.,Agrawal Securities (PVT) Ltd.,300,689.0,206700.0,2025-07-14 11:46:27.404160
2025-07-14,57589,2025071401006667,EBL,Sri Hari Securities Pvt. Ltd.,Agrawal Securities (PVT) Ltd.,55,688.0,37840.0,2025-07-14 11:46:27.404187
2025-07-14,57287,2025071401006779,EBL,Sri Hari Securities Pvt. Ltd.,Sri Hari Securities Pvt. Ltd.,25,688.0,17200.0,2025-07-14 11:47:17.487033
2025-07-14,57221,2025071401006802,EBL,Magnet Securities and Investment Company Private Limited,Shree Krishna Securities Ltd.,500,686.0,343000.0,2025-07-14 11:47:29.227547
2025-07-14,57099,2025071401006850,EBL,Kumari Securities Private Limited,Investment Management Nepal Pvt. Ltd.,100,686.0,68600.0,2025-07-14 11:47:55.294734
2025-07-14,57019,2025071401006887,EBL,Premier Securities Company Ltd.,Investment Management Nepal Pvt. Ltd.,100,686.0,68600.0,2025-07-14 11:48:04.396299
2025-07-14,56865,2025071401006977,EBL,Premier Securities Company Ltd.,Sani Securities Company Ltd.,50,689.0,34450.0,2025-07-14 11:48:21.077018
2025-07-14,56684,2025071401007050,EBL,Siprabi Securities Pvt. Ltd.,Kalika Securities Pvt. Ltd.,80,688.0,55040.0,2025-07-14 11:49:00.491873
2025-07-14,56594,2025071401007085,EBL,Siprabi Securities Pvt. Ltd.,Shree Krishna Securities Ltd.,420,688.0,288960.0,2025-07-14 11:49:20.844455
2025-07-14,56593,2025071401007086,EBL,Himalayan Securities Limited,Shree Krishna Securities Ltd.,580,685.2,397416.0,2025-07-14 11:49:20.844730
2025-07-14,56384,2025071401007186,EBL,Sani Securities Company Ltd.,Sani Securities Company Ltd.,10,689.0,6890.0,2025-07-14 11:50:10.470907
2025-07-14,55713,2025071401007513,EBL,ABC Securities Private Limited,Sani Securities Company Ltd.,240,689.0,165360.0,2025-07-14 11:52:29.208340
2025-07-14,55712,2025071401007514,EBL,ABC Securities Private Limited,Trishakti Securities Public Limited,147,689.0,101283.0,2025-07-14 11:52:29.208660
2025-07-14,55711,2025071401007515,EBL,ABC Securities Private Limited,Naasa Securities Co. Ltd.,250,690.0,172500.0,2025-07-14 11:52:29.208852
2025-07-14,55710,2025071401007516,EBL,ABC Securities Private Limited,Aryatara Investment & Securities,40,690.0,27600.0,2025-07-14 11:52:29.209062
2025-07-14,55709,2025071401007517,EBL,ABC Securities Private Limited,Vision Securities Pvt. Ltd,67,690.0,46230.0,2025-07-14 11:52:29.209244
2025-07-14,55708,2025071401007518,EBL,ABC Securities Private Limited,Sani Securities Company Ltd.,100,690.0,69000.0,2025-07-14 11:52:29.209308
2025-07-14,55707,2025071401007519,EBL,ABC Securities Private Limited,Nepal Stock House (PVT) Ltd.,156,690.0,107640.0,2025-07-14 11:52:29.209370
2025-07-14,55201,2025071401007744,EBL,Naasa Securities Co. Ltd.,Deevyaa Securities & Stock House Pvt. Ltd,500,686.0,343000.0,2025-07-14 11:54:11.884158
2025-07-14,55168,2025071401007763,EBL,Dakshinkali Investment & Securities Pvt. Ltd.,Kohinoor Investment & Securities Pvt. Ltd.,176,686.1,120753.6,2025-07-14 11:54:22.088044
2025-07-14,54321,2025071401008169,EBL,Neev Securities Pvt. Ltd.,Sani Securities Company Ltd.,200,689.0,137800.0,2025-07-14 11:56:43.678416
2025-07-14,54025,2025071401008279,EBL,Nepal Stock House (PVT) Ltd.,Dipshikha Dhitopatra Karobar Co. Pvt Ltd.,48,689.0,33072.0,2025-07-14 11:57:32.475008
2025-07-14,54024,2025071401008280,EBL,Nepal Stock House (PVT) Ltd.,Linch Stock Market Ltd.,20,689.0,13780.0,2025-07-14 11:57:32.475254
2025-07-14,54023,2025071401008281,EBL,Nepal Stock House (PVT) Ltd.,Naasa Securities Co. Ltd.,800,689.9,551920.0,2025-07-14 11:57:32.475334
2025-07-14,54022,2025071401008282,EBL,Nepal Stock House (PVT) Ltd.,Nepal Stock House (PVT) Ltd.,632,690.0,436080.0,2025-07-14 11:57:32.475400
2025-07-14,53889,2025071401008343,EBL,Naasa Securities Co. Ltd.,Sani Securities Company Ltd.,20,686.6,13732.0,2025-07-14 11:57:56.772840
2025-07-14,53888,2025071401008344,EBL,Dakshinkali Investment & Securities Pvt. Ltd.,Sani Securities Company Ltd.,324,686.6,222458.4,2025-07-14 11:57:56.773228
2025-07-14,53887,2025071401008345,EBL,Sweta Securities Private Limited,Sani Securities Company Ltd.,100,686.5,68650.0,2025-07-14 11:57:56.773457
2025-07-14,53886,2025071401008346,EBL,J.F. Securites (PVT) Ltd.,Sani Securities Company Ltd.,10,686.2,6862.0,2025-07-14 11:57:56.773704
2025-07-14,53885,2025071401008347,EBL,Naasa Securities Co. Ltd.,Sani Securities Company Ltd.,10,686.0,6860.0,2025-07-14 11:57:56.773947
2025-07-14,53884,2025071401008348,EBL,Aryatara Investment & Securities,Sani Securities Company Ltd.,25,686.0,17150.0,2025-07-14 11:57:56.774191
2025-07-14,53883,2025071401008349,EBL,Naasa Securities Co. Ltd.,Sani Securities Company Ltd.,11,686.0,7546.0,2025-07-14 11:57:56.774375
2025-07-14,53856,2025071401008362,EBL,Naasa Securities Co. Ltd.,Sani Securities Company Ltd.,89,686.0,61054.0,2025-07-14 11:58:02.822650
2025-07-14,53855,2025071401008363,EBL,ABC Securities Private Limited,Sani Securities Company Ltd.,100,685.7,68570.0,2025-07-14 11:58:02.822818
2025-07-14,53854,2025071401008364,EBL,Malla & Malla Stock Broking Company Pvt. Limited,Sani Securities Company Ltd.,311,685.6,213221.6,2025-07-14 11:58:02.822888
2025-07-14,53658,2025071401008439,EBL,Agrawal Securities (PVT) Ltd.,Trishakti Securities Public Limited,265,686.0,181790.0,2025-07-14 11:58:38.543635
2025-07-14,53589,2025071401008464,EBL,Sharepro Securities Private Limited,Nepal Stock House (PVT) Ltd.,2802,690.0,1933380.0,2025-07-14 11:58:49.507435
2025-07-14,52997,2025071401008670,EBL,Thrive Brokerage House Pvt. Ltd,Dipshikha Dhitopatra Karobar Co. Pvt Ltd.,58,692.0,40136.0,2025-07-14 12:00:51.965336
2025-07-14,52914,2025071401008719,EBL,Vision Securities Pvt. Ltd,Sani Securities Company Ltd.,482,690.0,332580.0,2025-07-14 12:01:07.004047
2025-07-14,52809,2025071401008762,EBL,Imperial Securities Company Pvt. Ltd.,Bhrikuti Stock Broking Co. Pvt. Ltd.,250,691.0,172750.0,2025-07-14 12:01:36.795850
2025-07-14,52731,2025071401008795,EBL,Imperial Securities Company Pvt. Ltd.,Trisul Securities & Invt. Ltd.,50,691.0,34550.0,2025-07-14 12:01:52.250043
2025-07-14,51881,2025071401009125,EBL,Kumari Securities Private Limited,Sani Securities Company Ltd.,165,690.6,113949.0,2025-07-14 12:05:09.079542
2025-07-14,51624,2025071401009237,EBL,Investment Management Nepal Pvt. Ltd.,Premier Securities Company Ltd.,100,691.0,69100.0,2025-07-14 12:06:06.906789
2025-07-14,51609,2025071401009243,EBL,Kumari Securities Private Limited,Dynamic Money Managers Securities Pvt. Ltd.,135,690.6,93231.0,2025-07-14 12:06:12.559612
2025-07-14,51608,2025071401009244,EBL,Naasa Securities Co. Ltd.,Dynamic Money Managers Securities Pvt. Ltd.,20,690.6,13812.0,2025-07-14 12:06:12.559836
2025-07-14,51607,2025071401009245,EBL,Asian Securities Private Ltd.,Dynamic Money Managers Securities Pvt. Ltd.,500,690.5,345250.0,2025-07-14 12:06:12.559921
2025-07-14,51606,2025071401009246,EBL,Vision Securities Pvt. Ltd,Dynamic Money Managers Securities Pvt. Ltd.,1340,690.0,924600.0,2025-07-14 12:06:12.559993
2025-07-14,51396,2025071401009314,EBL,Vision Securities Pvt. Ltd,Midas Stock Broking Company Private Limited,178,690.0,122820.0,2025-07-14 12:06:52.508197
2025-07-14,51395,2025071401009315,EBL,Thrive Brokerage House Pvt. Ltd,Midas Stock Broking Company Private Limited,22,690.0,15180.0,2025-07-14 12:06:52.508641
2025-07-14,51316,2025071401009366,EBL,Thrive Brokerage House Pvt. Ltd,Himalayan Brokerage Company Limited,53,690.0,36570.0,2025-07-14 12:07:08.054458
2025-07-14,51315,2025071401009367,EBL,Trishakti Securities Public Limited,Himalayan Brokerage Company Limited,447,690.0,308430.0,2025-07-14 12:07:08.054805
2025-07-14,51308,2025071401009373,EBL,Trishakti Securities Public Limited,Shree Krishna Securities Ltd.,253,690.0,174570.0,2025-07-14 12:07:09.741875
2025-07-14,51307,2025071401009374,EBL,ABC Securities Private Limited,Shree Krishna Securities Ltd.,100,690.0,69000.0,2025-07-14 12:07:09.742112
2025-07-14,51306,2025071401009375,EBL,Nepal Investment And Securities Trading Private Limited,Shree Krishna Securities Ltd.,100,690.0,69000.0,2025-07-14 12:07:09.742200
2025-07-14,51278,2025071401009384,EBL,Deevyaa Securities & Stock House Pvt. Ltd,Shree Krishna Securities Ltd.,10,690.0,6900.0,2025-07-14 12:07:18.638978
2025-07-14,51196,2025071401009411,EBL,Cristal Kanchanjanga Securites Pvt. Ltd.,Shree Krishna Securities Ltd.,37,690.0,25530.0,2025-07-14 12:07:35.530945
2025-07-14,50917,2025071401009522,EBL,Cristal Kanchanjanga Securites Pvt. Ltd.,Dynamic Money Managers Securities Pvt. Ltd.,10,690.0,6900.0,2025-07-14 12:08:50.217457
2025-07-14,50916,2025071401009523,EBL,Opal Securities Investment (PVT) Ltd.,Dynamic Money Managers Securities Pvt. Ltd.,10,690.0,6900.0,2025-07-14 12:08:50.217637
2025-07-14,50865,2025071401009552,EBL,Agrawal Securities (PVT) Ltd.,Dynamic Money Managers Securities Pvt. Ltd.,280,689.0,192920.0,2025-07-14 12:09:05.793648
2025-07-14,50841,2025071401009567,EBL,Agrawal Securities (PVT) Ltd.,Sani Securities Company Ltd.,201,689.0,138489.0,2025-07-14 12:09:12.392081
2025-07-14,50818,2025071401009572,EBL,Nepal Stock House (PVT) Ltd.,Primo Securities (PVT) Ltd.,10,690.0,6900.0,2025-07-14 12:09:16.364059
2025-07-14,50751,2025071401009607,EBL,Cristal Kanchanjanga Securites Pvt. Ltd.,Primo Securities (PVT) Ltd.,10,690.0,6900.0,2025-07-14 12:09:32.979071
2025-07-14,50675,2025071401009643,EBL,Cristal Kanchanjanga Securites Pvt. Ltd.,Trisul Securities & Invt. Ltd.,70,690.0,48300.0,2025-07-14 12:09:52.308843
2025-07-14,50094,2025071401009866,EBL,Agrawal Securities (PVT) Ltd.,Secured Securities Ltd.,519,689.0,357591.0,2025-07-14 12:12:13.808500
2025-07-14,49830,2025071401009972,EBL,Naasa Securities Co. Ltd.,Trisul Securities & Invt. Ltd.,100,690.0,69000.0,2025-07-14 12:13:09.547756
2025-07-14,49015,2025071401010278,EBL,Trisul Securities & Invt. Ltd.,Dynamic Money Managers Securities Pvt. Ltd.,20,688.0,13760.0,2025-07-14 12:16:56.406182
2025-07-14,49014,2025071401010279,EBL,Sani Securities Company Ltd.,Dynamic Money Managers Securities Pvt. Ltd.,20,687.1,13742.0,2025-07-14 12:16:56.406539
2025-07-14,49013,2025071401010280,EBL,Nepal Stock House (PVT) Ltd.,Dynamic Money Managers Securities Pvt. Ltd.,500,687.0,343500.0,2025-07-14 12:16:56.406780
2025-07-14,49012,2025071401010281,EBL,Agrawal Securities (PVT) Ltd.,Dynamic Money Managers Securities Pvt. Ltd.,1000,686.3,686300.0,2025-07-14 12:16:56.407008
2025-07-14,49011,2025071401010282,EBL,Malla & Malla Stock Broking Company Pvt. Limited,Dynamic Money Managers Securities Pvt. Ltd.,1689,686.2,1158991.8,2025-07-14 12:16:56.407253
2025-07-14,49010,2025071401010283,EBL,Himalayan Securities Limited,Dynamic Money Managers Securities Pvt. Ltd.,1000,686.1,686100.0,2025-07-14 12:16:56.407460
2025-07-14,49009,2025071401010284,EBL,Sundhara Securities Limited,Dynamic Money Managers Securities Pvt. Ltd.,300,686.0,205800.0,2025-07-14 12:16:56.407684
2025-07-14,49008,2025071401010285,EBL,Dynamic Money Managers Securities Pvt. Ltd.,Dynamic Money Managers Securities Pvt. Ltd.,300,685.5,205650.0,2025-07-14 12:16:56.407928
2025-07-14,49007,2025071401010286,EBL,Trisul Securities & Invt. Ltd.,Dynamic Money Managers Securities Pvt. Ltd.,100,685.5,68550.0,2025-07-14 12:16:56.408169
2025-07-14,49006,2025071401010287,EBL,Agrawal Securities (PVT) Ltd.,Dynamic Money Managers Securities Pvt. Ltd.,3000,685.3,2055900.0,2025-07-14 12:16:56.408386
2025-07-14,49005,2025071401010288,EBL,Himalayan Securities Limited,Dynamic Money Managers Securities Pvt. Ltd.,420,685.2,287784.0,2025-07-14 12:16:56.408598
2025-07-14,49004,2025071401010289,EBL,Deevyaa Securities & Stock House Pvt. Ltd,Dynamic Money Managers Securities Pvt. Ltd.,100,685.2,68520.0,2025-07-14 12:16:56.408828
2025-07-14,49003,2025071401010290,EBL,Himalayan Securities Limited,Dynamic Money Managers Securities Pvt. Ltd.,101,685.1,69195.1,2025-07-14 12:16:56.409145
2025-07-14,48793,2025071401010376,EBL,Naasa Securities Co. Ltd.,Dynamic Money Managers Securities Pvt. Ltd.,20,685.2,13704.0,2025-07-14 12:17:40.830089
2025-07-14,48792,2025071401010377,EBL,Himalayan Securities Limited,Dynamic Money Managers Securities Pvt. Ltd.,1899,685.1,1301004.9,2025-07-14 12:17:40.830540
2025-07-14,48791,2025071401010378,EBL,Nepal Investment And Securities Trading Private Limited,Dynamic Money Managers Securities Pvt. Ltd.,100,685.1,68510.0,2025-07-14 12:17:40.830771
2025-07-14,48790,2025071401010379,EBL,Malla & Malla Stock Broking Company Pvt. Limited,Dynamic Money Managers Securities Pvt. Ltd.,100,685.1,68510.0,2025-07-14 12:17:40.831013
2025-07-14,48789,2025071401010380,EBL,Aryatara Investment & Securities,Dynamic Money Managers Securities Pvt. Ltd.,10,685.0,6850.0,2025-07-14 12:17:40.831641
2025-07-14,48788,2025071401010381,EBL,Aryatara Investment & Securities,Dynamic Money Managers Securities Pvt. Ltd.,100,685.0,68500.0,2025-07-14 12:17:40.832190
2025-07-14,48787,2025071401010382,EBL,Vision Securities Pvt. Ltd,Dynamic Money Managers Securities Pvt. Ltd.,90,685.0,61650.0,2025-07-14 12:17:40.832529
2025-07-14,48786,2025071401010383,EBL,J.F. Securites (PVT) Ltd.,Dynamic Money Managers Securities Pvt. Ltd.,10,685.0,6850.0,2025-07-14 12:17:40.832956
2025-07-14,48785,2025071401010384,EBL,Aryatara Investment & Securities,Dynamic Money Managers Securities Pvt. Ltd.,120,685.0,82200.0,2025-07-14 12:17:40.833406
2025-07-14,48784,2025071401010385,EBL,Aryatara Investment & Securities,Dynamic Money Managers Securities Pvt. Ltd.,250,685.0,171250.0,2025-07-14 12:17:40.833789
2025-07-14,48783,2025071401010386,EBL,Nepal Stock House (PVT) Ltd.,Dynamic Money Managers Securities Pvt. Ltd.,85,685.0,58225.0,2025-07-14 12:17:40.834133
2025-07-14,48782,2025071401010387,EBL,Ashutosh Brokerage & Securities (PVT) Ltd.,Dynamic Money Managers Securities Pvt. Ltd.,100,685.0,68500.0,2025-07-14 12:17:40.834718
2025-07-14,48781,2025071401010388,EBL,Naasa Securities Co. Ltd.,Dynamic Money Managers Securities Pvt. Ltd.,1450,685.0,993250.0,2025-07-14 12:17:40.835005
2025-07-14,48780,2025071401010389,EBL,Swarna Laxmi Securities Pvt. Ltd.,Dynamic Money Managers Securities Pvt. Ltd.,500,685.0,342500.0,2025-07-14 12:17:40.868421
2025-07-14,48533,2025071401010485,EBL,Kohinoor Investment & Securities Pvt. Ltd.,Dynamic Money Managers Securities Pvt. Ltd.,10,685.0,6850.0,2025-07-14 12:18:49.615792
2025-07-14,48524,2025071401010491,EBL,Naasa Securities Co. Ltd.,Dynamic Money Managers Securities Pvt. Ltd.,10,685.0,6850.0,2025-07-14 12:18:54.358497
2025-07-14,48428,2025071401010523,EBL,Thrive Brokerage House Pvt. Ltd,Dynamic Money Managers Securities Pvt. Ltd.,25,685.0,17125.0,2025-07-14 12:19:22.280525
2025-07-14,48416,2025071401010531,EBL,Naasa Securities Co. Ltd.,Secured Securities Ltd.,10,684.1,6841.0,2025-07-14 12:19:27.039977
2025-07-14,48415,2025071401010532,EBL,South Asian Bulls Pvt. Ltd.,Secured Securities Ltd.,20,684.0,13680.0,2025-07-14 12:19:27.040239
2025-07-14,48414,2025071401010533,EBL,Aryatara Investment & Securities,Secured Securities Ltd.,90,684.0,61560.0,2025-07-14 12:19:27.040342
2025-07-14,48330,2025071401010563,EBL,Cristal Kanchanjanga Securites Pvt. Ltd.,Dynamic Money Managers Securities Pvt. Ltd.,52,685.0,35620.0,2025-07-14 12:19:49.401672
2025-07-14,47929,2025071401010736,EBL,Naasa Securities Co. Ltd.,Investment Management Nepal Pvt. Ltd.,10,683.2,6832.0,2025-07-14 12:21:38.663205
2025-07-14,47928,2025071401010737,EBL,Oxford Securities Pvt. Ltd.,Investment Management Nepal Pvt. Ltd.,200,683.2,136640.0,2025-07-14 12:21:38.663455
2025-07-14,47927,2025071401010738,EBL,Agrawal Securities (PVT) Ltd.,Investment Management Nepal Pvt. Ltd.,2000,683.1,1366200.0,2025-07-14 12:21:38.663541
2025-07-14,47926,2025071401010739,EBL,Malla & Malla Stock Broking Company Pvt. Limited,Investment Management Nepal Pvt. Ltd.,20,683.0,13660.0,2025-07-14 12:21:38.663626
2025-07-14,47925,2025071401010740,EBL,Dynamic Money Managers Securities Pvt. Ltd.,Investment Management Nepal Pvt. Ltd.,300,682.2,204660.0,2025-07-14 12:21:38.663739
2025-07-14,47924,2025071401010741,EBL,Malla & Malla Stock Broking Company Pvt. Limited,Investment Management Nepal Pvt. Ltd.,2000,682.2,1364400.0,2025-07-14 12:21:38.663822
2025-07-14,47923,2025071401010742,EBL,Vision Securities Pvt. Ltd,Investment Management Nepal Pvt. Ltd.,470,682.0,320540.0,2025-07-14 12:21:38.663899
2025-07-14,47802,2025071401010784,EBL,Naasa Securities Co. Ltd.,Investment Management Nepal Pvt. Ltd.,10,682.1,6821.0,2025-07-14 12:22:06.810389
2025-07-14,47801,2025071401010785,EBL,Vision Securities Pvt. Ltd,Investment Management Nepal Pvt. Ltd.,190,682.0,129580.0,2025-07-14 12:22:06.810614
2025-07-14,47784,2025071401010789,EBL,Vision Securities Pvt. Ltd,Naasa Securities Co. Ltd.,73,682.0,49786.0,2025-07-14 12:22:16.459419
2025-07-14,47700,2025071401010821,EBL,Vision Securities Pvt. Ltd,Secured Securities Ltd.,267,682.0,182094.0,2025-07-14 12:22:45.191784
2025-07-14,47699,2025071401010822,EBL,Trisul Securities & Invt. Ltd.,Secured Securities Ltd.,14,682.0,9548.0,2025-07-14 12:22:45.192219
2025-07-14,47033,2025071401011013,EBL,Naasa Securities Co. Ltd.,Dynamic Money Managers Securities Pvt. Ltd.,50,685.0,34250.0,2025-07-14 12:25:32.381232
2025-07-14,46886,2025071401011040,EBL,Investment Management Nepal Pvt. Ltd.,Dynamic Money Managers Securities Pvt. Ltd.,10,685.0,6850.0,2025-07-14 12:25:57.834071
2025-07-14,46114,2025071401011274,EBL,Deevyaa Securities & Stock House Pvt. Ltd,Sani Securities Company Ltd.,86,685.3,58935.8,2025-07-14 12:29:47.645576
2025-07-14,45625,2025071401011454,EBL,Sani Securities Company Ltd.,Siprabi Securities Pvt. Ltd.,22,687.0,15114.0,2025-07-14 12:32:23.279850
2025-07-14,45197,2025071401011656,EBL,Vision Securities Pvt. Ltd,Agrawal Securities (PVT) Ltd.,10,689.8,6898.0,2025-07-14 12:34:10.135663
2025-07-14,44753,2025071401011773,EBL,Vision Securities Pvt. Ltd,Ashutosh Brokerage & Securities (PVT) Ltd.,11,689.8,7587.8,2025-07-14 12:36:06.153309
2025-07-14,44752,2025071401011774,EBL,Sani Securities Company Ltd.,Ashutosh Brokerage & Securities (PVT) Ltd.,29,687.0,19923.0,2025-07-14 12:36:06.153432
2025-07-14,43649,2025071401012185,EBL,Sani Securities Company Ltd.,Secured Securities Ltd.,100,687.0,68700.0,2025-07-14 12:40:46.333444
2025-07-14,42511,2025071401012532,EBL,Trisul Securities & Invt. Ltd.,Sweta Securities Private Limited,50,686.0,34300.0,2025-07-14 12:46:17.317717
2025-07-14,42510,2025071401012533,EBL,Sewa Securities Pvt. Ltd.,Sweta Securities Private Limited,20,685.4,13708.0,2025-07-14 12:46:17.317960
2025-07-14,42509,2025071401012534,EBL,Infinity Securities Limited,Sweta Securities Private Limited,70,685.3,47971.0,2025-07-14 12:46:17.318087
2025-07-14,41472,2025071401012929,EBL,Stoxkarts Securities Limited,ABC Securities Private Limited,50,686.5,34325.0,2025-07-14 12:50:59.804670
2025-07-14,41471,2025071401012930,EBL,Kumari Securities Private Limited,ABC Securities Private Limited,200,686.0,137200.0,2025-07-14 12:50:59.805070
2025-07-14,41470,2025071401012931,EBL,Infinity Securities Limited,ABC Securities Private Limited,30,685.3,20559.0,2025-07-14 12:50:59.805319
2025-07-14,41469,2025071401012932,EBL,Oxford Securities Pvt. Ltd.,ABC Securities Private Limited,200,685.2,137040.0,2025-07-14 12:50:59.805556
2025-07-14,41468,2025071401012933,EBL,Secured Securities Ltd.,ABC Securities Private Limited,70,685.0,47950.0,2025-07-14 12:50:59.805785
2025-07-14,40723,2025071401013203,EBL,Secured Securities Ltd.,Naasa Securities Co. Ltd.,160,685.0,109600.0,2025-07-14 12:54:13.838760
2025-07-14,39148,2025071401013718,EBL,Secured Securities Ltd.,Sweta Securities Private Limited,30,685.0,20550.0,2025-07-14 13:00:16.982303
2025-07-14,38818,2025071401013844,EBL,ABC Securities Private Limited,Secured Securities Ltd.,70,686.0,48020.0,2025-07-14 13:02:07.325864
2025-07-14,38817,2025071401013845,EBL,SUN SECURITIES PVT LTD,Secured Securities Ltd.,300,686.0,205800.0,2025-07-14 13:02:07.326283
2025-07-14,38816,2025071401013846,EBL,Deevyaa Securities & Stock House Pvt. Ltd,Secured Securities Ltd.,100,686.0,68600.0,2025-07-14 13:02:07.326548
2025-07-14,38598,2025071401013902,EBL,Secured Securities Ltd.,Dynamic Money Managers Securities Pvt. Ltd.,40,685.0,27400.0,2025-07-14 13:03:10.832599
2025-07-14,38597,2025071401013903,EBL,Naasa Securities Co. Ltd.,Dynamic Money Managers Securities Pvt. Ltd.,500,685.0,342500.0,2025-07-14 13:03:10.833064
2025-07-14,38596,2025071401013904,EBL,Naasa Securities Co. Ltd.,Dynamic Money Managers Securities Pvt. Ltd.,100,685.0,68500.0,2025-07-14 13:03:10.833328
2025-07-14,38595,2025071401013905,EBL,Naasa Securities Co. Ltd.,Dynamic Money Managers Securities Pvt. Ltd.,10,685.0,6850.0,2025-07-14 13:03:10.833566
2025-07-14,38594,2025071401013906,EBL,Deevyaa Securities & Stock House Pvt. Ltd,Dynamic Money Managers Securities Pvt. Ltd.,500,685.0,342500.0,2025-07-14 13:03:10.833828
2025-07-14,38593,2025071401013907,EBL,Sumeru Securities Pvt. Ltd.,Dynamic Money Managers Securities Pvt. Ltd.,100,685.0,68500.0,2025-07-14 13:03:10.834103
2025-07-14,38592,2025071401013908,EBL,Kumari Securities Private Limited,Dynamic Money Managers Securities Pvt. Ltd.,10,685.0,6850.0,2025-07-14 13:03:10.834362
2025-07-14,38345,2025071401013992,EBL,Naasa Securities Co. Ltd.,Kumari Securities Private Limited,50,686.0,34300.0,2025-07-14 13:04:14.294548
2025-07-14,37046,2025071401014374,EBL,Sundhara Securities Limited,Opal Securities Investment (PVT) Ltd.,100,684.1,68410.0,2025-07-14 13:10:35.990335
2025-07-14,37045,2025071401014375,EBL,Deevyaa Securities & Stock House Pvt. Ltd,Opal Securities Investment (PVT) Ltd.,100,684.1,68410.0,2025-07-14 13:10:35.990585
2025-07-14,37044,2025071401014376,EBL,Imperial Securities Company Pvt. Ltd.,Opal Securities Investment (PVT) Ltd.,100,684.0,68400.0,2025-07-14 13:10:35.990683
2025-07-14,37043,2025071401014377,EBL,Sri Hari Securities Pvt. Ltd.,Opal Securities Investment (PVT) Ltd.,30,684.0,20520.0,2025-07-14 13:10:35.990770
2025-07-14,37042,2025071401014378,EBL,Secured Securities Ltd.,Opal Securities Investment (PVT) Ltd.,500,684.0,342000.0,2025-07-14 13:10:35.990928
2025-07-14,37041,2025071401014379,EBL,Dynamic Money Managers Securities Pvt. Ltd.,Opal Securities Investment (PVT) Ltd.,1000,684.0,684000.0,2025-07-14 13:10:35.991032
2025-07-14,37040,2025071401014380,EBL,Premier Securities Company Ltd.,Opal Securities Investment (PVT) Ltd.,40,684.0,27360.0,2025-07-14 13:10:35.991129
2025-07-14,37039,2025071401014381,EBL,Trisul Securities & Invt. Ltd.,Opal Securities Investment (PVT) Ltd.,600,683.6,410160.0,2025-07-14 13:10:35.991223
2025-07-14,37038,2025071401014382,EBL,Dakshinkali Investment & Securities Pvt. Ltd.,Opal Securities Investment (PVT) Ltd.,500,683.5,341750.0,2025-07-14 13:10:35.991313
2025-07-14,37037,2025071401014383,EBL,Agrawal Securities (PVT) Ltd.,Opal Securities Investment (PVT) Ltd.,2000,683.5,1367000.0,2025-07-14 13:10:35.991399
2025-07-14,37036,2025071401014384,EBL,Kalika Securities Pvt. Ltd.,Opal Securities Investment (PVT) Ltd.,200,683.5,136700.0,2025-07-14 13:10:35.991507
2025-07-14,37035,2025071401014385,EBL,Sundhara Securities Limited,Opal Securities Investment (PVT) Ltd.,200,683.5,136700.0,2025-07-14 13:10:35.991615
2025-07-14,37034,2025071401014386,EBL,Kohinoor Investment & Securities Pvt. Ltd.,Opal Securities Investment (PVT) Ltd.,100,683.3,68330.0,2025-07-14 13:10:35.991730
2025-07-14,37033,2025071401014387,EBL,Kalika Securities Pvt. Ltd.,Opal Securities Investment (PVT) Ltd.,200,683.2,136640.0,2025-07-14 13:10:35.991814
2025-07-14,37032,2025071401014388,EBL,Deevyaa Securities & Stock House Pvt. Ltd,Opal Securities Investment (PVT) Ltd.,1000,683.2,683200.0,2025-07-14 13:10:35.991917
2025-07-14,37031,2025071401014389,EBL,ABC Securities Private Limited,Opal Securities Investment (PVT) Ltd.,300,683.1,204930.0,2025-07-14 13:10:35.992002
2025-07-14,37030,2025071401014390,EBL,Sani Securities Company Ltd.,Opal Securities Investment (PVT) Ltd.,10,683.0,6830.0,2025-07-14 13:10:35.992091
2025-07-14,37029,2025071401014391,EBL,Neev Securities Pvt. Ltd.,Opal Securities Investment (PVT) Ltd.,200,683.0,136600.0,2025-07-14 13:10:35.992172
2025-07-14,37028,2025071401014392,EBL,Sundhara Securities Limited,Opal Securities Investment (PVT) Ltd.,300,683.0,204900.0,2025-07-14 13:10:35.992272
2025-07-14,36722,2025071401014509,EBL,Malla & Malla Stock Broking Company Pvt. Limited,Secured Securities Ltd.,1510,682.2,1030122.0,2025-07-14 13:12:04.263825
2025-07-14,36647,2025071401014527,EBL,Neev Securities Pvt. Ltd.,Opal Securities Investment (PVT) Ltd.,1385,683.0,945955.0,2025-07-14 13:12:27.229805
2025-07-14,36646,2025071401014528,EBL,Neev Securities Pvt. Ltd.,Linch Stock Market Ltd.,10,683.0,6830.0,2025-07-14 13:12:27.230258
2025-07-14,34038,2025071401015478,EBL,Thrive Brokerage House Pvt. Ltd,Sri Hari Securities Pvt. Ltd.,100,685.0,68500.0,2025-07-14 13:23:52.738405
2025-07-14,33589,2025071401015604,EBL,Nepal Stock House (PVT) Ltd.,Sri Hari Securities Pvt. Ltd.,10,685.0,6850.0,2025-07-14 13:25:50.399728
2025-07-14,31726,2025071401016152,EBL,Dynamic Money Managers Securities Pvt. Ltd.,Indira securities pvt. ltd,224,684.0,153216.0,2025-07-14 13:33:02.655930
2025-07-14,31615,2025071401016196,EBL,J.F. Securites (PVT) Ltd.,Sri Hari Securities Pvt. Ltd.,10,685.0,6850.0,2025-07-14 13:33:25.417271
2025-07-14,31448,2025071401016250,EBL,Dynamic Money Managers Securities Pvt. Ltd.,Opal Securities Investment (PVT) Ltd.,4770,684.0,3262680.0,2025-07-14 13:33:59.532959
2025-07-14,30901,2025071401016419,EBL,Agrawal Securities (PVT) Ltd.,SHUBHAKAMANA SECURITIES PVT. LTD,105,684.0,71820.0,2025-07-14 13:35:58.680776
2025-07-14,30863,2025071401016440,EBL,Naasa Securities Co. Ltd.,SHUBHAKAMANA SECURITIES PVT. LTD,500,684.0,342000.0,2025-07-14 13:36:09.855493
2025-07-14,30685,2025071401016500,EBL,Dynamic Money Managers Securities Pvt. Ltd.,SHUBHAKAMANA SECURITIES PVT. LTD,50,684.0,34200.0,2025-07-14 13:36:48.859851
2025-07-14,30376,2025071401016575,EBL,ABC Securities Private Limited,Kalika Securities Pvt. Ltd.,50,683.3,34165.0,2025-07-14 13:37:59.598501
2025-07-14,30375,2025071401016576,EBL,Opal Securities Investment (PVT) Ltd.,Kalika Securities Pvt. Ltd.,450,683.3,307485.0,2025-07-14 13:37:59.598977
2025-07-14,30212,2025071401016647,EBL,Opal Securities Investment (PVT) Ltd.,Opal Securities Investment (PVT) Ltd.,50,683.3,34165.0,2025-07-14 13:38:29.001172
2025-07-14,30211,2025071401016648,EBL,Creative Securities Pvt Ltd,Opal Securities Investment (PVT) Ltd.,20,683.2,13664.0,2025-07-14 13:38:29.001654
2025-07-14,30210,2025071401016649,EBL,K.B.L. Securities Limited ,Opal Securities Investment (PVT) Ltd.,2000,683.2,1366400.0,2025-07-14 13:38:29.001945
2025-07-14,30209,2025071401016650,EBL,Agrawal Securities (PVT) Ltd.,Opal Securities Investment (PVT) Ltd.,808,683.1,551944.8,2025-07-14 13:38:29.002237
2025-07-14,29341,2025071401016962,EBL,Kumari Securities Private Limited,SHUBHAKAMANA SECURITIES PVT. LTD,50,684.0,34200.0,2025-07-14 13:41:59.683724
2025-07-14,29231,2025071401016999,EBL,Aryatara Investment & Securities,SHUBHAKAMANA SECURITIES PVT. LTD,27,683.1,18443.7,2025-07-14 13:42:24.846211
2025-07-14,29014,2025071401017087,EBL,Aryatara Investment & Securities,Imperial Securities Company Pvt. Ltd.,20,683.1,13662.0,2025-07-14 13:43:10.979621
2025-07-14,28788,2025071401017178,EBL,Creative Securities Pvt Ltd,Creative Securities Pvt Ltd,20,683.2,13664.0,2025-07-14 13:44:09.939451
2025-07-14,28787,2025071401017179,EBL,Aryatara Investment & Securities,Creative Securities Pvt Ltd,23,683.1,15711.3,2025-07-14 13:44:09.939569
2025-07-14,28786,2025071401017180,EBL,Neev Securities Pvt. Ltd.,Creative Securities Pvt Ltd,1746,683.0,1192518.0,2025-07-14 13:44:09.939651
2025-07-14,28234,2025071401017366,EBL,Neev Securities Pvt. Ltd.,Linch Stock Market Ltd.,210,683.0,143430.0,2025-07-14 13:46:24.857417
2025-07-14,28120,2025071401017406,EBL,Neev Securities Pvt. Ltd.,Nepal Stock House (PVT) Ltd.,200,683.3,136660.0,2025-07-14 13:47:00.720071
2025-07-14,28042,2025071401017417,EBL,Swarna Laxmi Securities Pvt. Ltd.,Dynamic Money Managers Securities Pvt. Ltd.,190,683.1,129789.0,2025-07-14 13:47:27.129391
2025-07-14,27947,2025071401017445,EBL,Oxford Securities Pvt. Ltd.,Nepal Stock House (PVT) Ltd.,30,683.3,20499.0,2025-07-14 13:47:50.325723
2025-07-14,27881,2025071401017469,EBL,Swarna Laxmi Securities Pvt. Ltd.,Aryatara Investment & Securities,20,683.1,13662.0,2025-07-14 13:48:21.277697
2025-07-14,27716,2025071401017543,EBL,Online Securities Pvt. Ltd.,Nepal Stock House (PVT) Ltd.,70,683.3,47831.0,2025-07-14 13:48:57.754331
2025-07-14,27537,2025071401017598,EBL,Online Securities Pvt. Ltd.,Sri Hari Securities Pvt. Ltd.,30,683.3,20499.0,2025-07-14 13:49:49.475640
2025-07-14,27536,2025071401017599,EBL,Siprabi Securities Pvt. Ltd.,Sri Hari Securities Pvt. Ltd.,70,683.3,47831.0,2025-07-14 13:49:49.476146
2025-07-14,27535,2025071401017600,EBL,J.F. Securites (PVT) Ltd.,Sri Hari Securities Pvt. Ltd.,10,683.3,6833.0,2025-07-14 13:49:49.476443
2025-07-14,27375,2025071401017651,EBL,Swarna Laxmi Securities Pvt. Ltd.,Imperial Securities Company Pvt. Ltd.,20,683.1,13662.0,2025-07-14 13:50:48.096106
2025-07-14,27260,2025071401017696,EBL,Swarna Laxmi Securities Pvt. Ltd.,SHUBHAKAMANA SECURITIES PVT. LTD,270,683.1,184437.0,2025-07-14 13:51:21.330546
2025-07-14,27259,2025071401017697,EBL,Vision Securities Pvt. Ltd,SHUBHAKAMANA SECURITIES PVT. LTD,1000,683.1,683100.0,2025-07-14 13:51:21.331038
2025-07-14,27258,2025071401017698,EBL,Asian Securities Private Ltd.,SHUBHAKAMANA SECURITIES PVT. LTD,30,683.1,20493.0,2025-07-14 13:51:21.331332
2025-07-14,27257,2025071401017699,EBL,SUN SECURITIES PVT LTD,SHUBHAKAMANA SECURITIES PVT. LTD,250,683.1,170775.0,2025-07-14 13:51:21.331612
2025-07-14,27256,2025071401017700,EBL,Neev Securities Pvt. Ltd.,SHUBHAKAMANA SECURITIES PVT. LTD,200,683.0,136600.0,2025-07-14 13:51:21.331881
2025-07-14,27178,2025071401017724,EBL,Agrawal Securities (PVT) Ltd.,Sri Hari Securities Pvt. Ltd.,1760,683.2,1202432.0,2025-07-14 13:51:49.117112
2025-07-14,26780,2025071401017844,EBL,Naasa Securities Co. Ltd.,Trishakti Securities Public Limited,20,683.5,13670.0,2025-07-14 13:53:26.796412
2025-07-14,26277,2025071401018047,EBL,Creative Securities Pvt Ltd,Sri Hari Securities Pvt. Ltd.,10,683.1,6831.0,2025-07-14 13:55:49.748061
2025-07-14,26188,2025071401018061,EBL,Dipshikha Dhitopatra Karobar Co. Pvt Ltd.,Trishakti Securities Public Limited,100,683.5,68350.0,2025-07-14 13:55:58.533736
2025-07-14,25750,2025071401018207,EBL,Aryatara Investment & Securities,Miyo Securities Pvt Ltd,20,683.2,13664.0,2025-07-14 13:57:49.163358
2025-07-14,25384,2025071401018367,EBL,Aryatara Investment & Securities,Opal Securities Investment (PVT) Ltd.,55,683.2,37576.0,2025-07-14 13:59:22.971360
2025-07-14,25383,2025071401018368,EBL,Vision Securities Pvt. Ltd,Opal Securities Investment (PVT) Ltd.,735,683.2,502152.0,2025-07-14 13:59:22.971663
2025-07-14,25382,2025071401018369,EBL,Linch Stock Market Ltd.,Opal Securities Investment (PVT) Ltd.,100,683.2,68320.0,2025-07-14 13:59:22.971760
2025-07-14,25381,2025071401018370,EBL,Creative Securities Pvt Ltd,Opal Securities Investment (PVT) Ltd.,10,683.1,6831.0,2025-07-14 13:59:22.971860
2025-07-14,25380,2025071401018371,EBL,Agrawal Securities (PVT) Ltd.,Opal Securities Investment (PVT) Ltd.,1200,683.1,819720.0,2025-07-14 13:59:22.971960
2025-07-14,25259,2025071401018413,EBL,Agrawal Securities (PVT) Ltd.,Opal Securities Investment (PVT) Ltd.,40,683.1,27324.0,2025-07-14 13:59:58.150831
2025-07-14,25258,2025071401018414,EBL,Kumari Securities Private Limited,Opal Securities Investment (PVT) Ltd.,50,683.1,34155.0,2025-07-14 13:59:58.151094
2025-07-14,25257,2025071401018415,EBL,Siprabi Securities Pvt. Ltd.,Opal Securities Investment (PVT) Ltd.,200,683.1,136620.0,2025-07-14 13:59:58.151197
2025-07-14,25256,2025071401018416,EBL,Neev Securities Pvt. Ltd.,Opal Securities Investment (PVT) Ltd.,844,683.0,576452.0,2025-07-14 13:59:58.151298
2025-07-14,25255,2025071401018417,EBL,Naasa Securities Co. Ltd.,Opal Securities Investment (PVT) Ltd.,10,683.0,6830.0,2025-07-14 13:59:58.151398
2025-07-14,25254,2025071401018418,EBL,Sewa Securities Pvt. Ltd.,Opal Securities Investment (PVT) Ltd.,145,683.0,99035.0,2025-07-14 13:59:58.151495
2025-07-14,25253,2025071401018419,EBL,Nepal Stock House (PVT) Ltd.,Opal Securities Investment (PVT) Ltd.,50,683.0,34150.0,2025-07-14 13:59:58.151591
2025-07-14,25252,2025071401018420,EBL,Oxford Securities Pvt. Ltd.,Opal Securities Investment (PVT) Ltd.,50,683.0,34150.0,2025-07-14 13:59:58.151684
2025-07-14,25251,2025071401018421,EBL,Kumari Securities Private Limited,Opal Securities Investment (PVT) Ltd.,20,683.0,13660.0,2025-07-14 13:59:58.151783
2025-07-14,25250,2025071401018422,EBL,Linch Stock Market Ltd.,Opal Securities Investment (PVT) Ltd.,10,682.7,6827.0,2025-07-14 13:59:58.151877
2025-07-14,25249,2025071401018423,EBL,Malla & Malla Stock Broking Company Pvt. Limited,Opal Securities Investment (PVT) Ltd.,933,682.6,636865.8,2025-07-14 13:59:58.151971
2025-07-14,24968,2025071401018520,EBL,Sundhara Securities Limited,Sani Securities Company Ltd.,40,682.7,27308.0,2025-07-14 14:01:04.177130
2025-07-14,24967,2025071401018521,EBL,Malla & Malla Stock Broking Company Pvt. Limited,Sani Securities Company Ltd.,460,682.6,313996.0,2025-07-14 14:01:04.177397
2025-07-14,24771,2025071401018607,EBL,Sweta Securities Private Limited,Trishakti Securities Public Limited,65,683.5,44427.5,2025-07-14 14:01:55.652625
2025-07-14,24436,2025071401018701,EBL,Nepal Stock House (PVT) Ltd.,Trishakti Securities Public Limited,46,683.5,31441.0,2025-07-14 14:03:20.315020
2025-07-14,23751,2025071401018899,EBL,Cristal Kanchanjanga Securites Pvt. Ltd.,Sipla Securities Private Limited,50,683.0,34150.0,2025-07-14 14:06:12.233331
2025-07-14,23532,2025071401018954,EBL,Market Securities & Exchange (PVT) Ltd.,Agrawal Securities (PVT) Ltd.,60,682.7,40962.0,2025-07-14 14:07:07.380314
2025-07-14,23531,2025071401018955,EBL,Malla & Malla Stock Broking Company Pvt. Limited,Agrawal Securities (PVT) Ltd.,97,682.6,66212.2,2025-07-14 14:07:07.380401
2025-07-14,23517,2025071401018965,EBL,Creative Securities Pvt Ltd,Sipla Securities Private Limited,42,683.0,28686.0,2025-07-14 14:07:09.405082
2025-07-14,21204,2025071401019739,EBL,Kumari Securities Private Limited,South Asian Bulls Pvt. Ltd.,30,683.9,20517.0,2025-07-14 14:16:16.494983
2025-07-14,20395,2025071401020021,EBL,Sweta Securities Private Limited,Midas Stock Broking Company Private Limited,10,683.4,6834.0,2025-07-14 14:19:32.048450
2025-07-14,20394,2025071401020022,EBL,Creative Securities Pvt Ltd,Midas Stock Broking Company Private Limited,20,683.3,13666.0,2025-07-14 14:19:32.048715
2025-07-14,20393,2025071401020023,EBL,Premier Securities Company Ltd.,Midas Stock Broking Company Private Limited,129,683.3,88145.7,2025-07-14 14:19:32.048817
2025-07-14,20207,2025071401020095,EBL,Dakshinkali Investment & Securities Pvt. Ltd.,Opal Securities Investment (PVT) Ltd.,25,684.5,17112.5,2025-07-14 14:20:10.149402
2025-07-14,20206,2025071401020096,EBL,Dakshinkali Investment & Securities Pvt. Ltd.,Agrawal Securities (PVT) Ltd.,10,684.9,6849.0,2025-07-14 14:20:10.149917
2025-07-14,20205,2025071401020097,EBL,Dakshinkali Investment & Securities Pvt. Ltd.,Shree Krishna Securities Ltd.,700,684.9,479430.0,2025-07-14 14:20:10.150259
2025-07-14,20204,2025071401020098,EBL,Dakshinkali Investment & Securities Pvt. Ltd.,Imperial Securities Company Pvt. Ltd.,110,685.0,75350.0,2025-07-14 14:20:10.150608
2025-07-14,20203,2025071401020099,EBL,Dakshinkali Investment & Securities Pvt. Ltd.,South Asian Bulls Pvt. Ltd.,2000,685.0,1370000.0,2025-07-14 14:20:10.151045
2025-07-14,20202,2025071401020100,EBL,Dakshinkali Investment & Securities Pvt. Ltd.,Shree Krishna Securities Ltd.,100,685.0,68500.0,2025-07-14 14:20:10.151436
2025-07-14,20201,2025071401020101,EBL,Dakshinkali Investment & Securities Pvt. Ltd.,Kohinoor Investment & Securities Pvt. Ltd.,30,685.0,20550.0,2025-07-14 14:20:10.151759
2025-07-14,20049,2025071401020172,EBL,Dakshinkali Investment & Securities Pvt. Ltd.,J.F. Securites (PVT) Ltd.,10,685.0,6850.0,2025-07-14 14:20:39.966840
2025-07-14,19189,2025071401020457,EBL,Neev Securities Pvt. Ltd.,Nepal Investment And Securities Trading Private Limited,150,685.5,102825.0,2025-07-14 14:23:23.449405
2025-07-14,19188,2025071401020458,EBL,Neev Securities Pvt. Ltd.,Kumari Securities Private Limited,250,686.0,171500.0,2025-07-14 14:23:23.449906
2025-07-14,19081,2025071401020496,EBL,Neev Securities Pvt. Ltd.,Agrawal Securities (PVT) Ltd.,65,686.0,44590.0,2025-07-14 14:23:48.220735
2025-07-14,18833,2025071401020570,EBL,Thrive Brokerage House Pvt. Ltd,Aryatara Investment & Securities,50,687.5,34375.0,2025-07-14 14:24:26.145079
2025-07-14,18751,2025071401020585,EBL,Thrive Brokerage House Pvt. Ltd,Aryatara Investment & Securities,50,687.5,34375.0,2025-07-14 14:24:40.207298
2025-07-14,18686,2025071401020612,EBL,Dynamic Money Managers Securities Pvt. Ltd.,Primo Securities (PVT) Ltd.,10,689.0,6890.0,2025-07-14 14:24:48.265849
2025-07-14,18685,2025071401020613,EBL,Dynamic Money Managers Securities Pvt. Ltd.,Imperial Securities Company Pvt. Ltd.,50,689.8,34490.0,2025-07-14 14:24:48.266350
2025-07-14,18684,2025071401020614,EBL,Dynamic Money Managers Securities Pvt. Ltd.,Trisul Securities & Invt. Ltd.,130,690.0,89700.0,2025-07-14 14:24:48.266668
2025-07-14,18683,2025071401020615,EBL,Dynamic Money Managers Securities Pvt. Ltd.,Vision Securities Pvt. Ltd,10,690.0,6900.0,2025-07-14 14:24:48.266948
2025-07-14,18036,2025071401020863,EBL,Neev Securities Pvt. Ltd.,Imperial Securities Company Pvt. Ltd.,100,686.0,68600.0,2025-07-14 14:26:53.843004
2025-07-14,17751,2025071401020997,EBL,Neev Securities Pvt. Ltd.,Capital Max Securities Ltd,1435,686.0,984410.0,2025-07-14 14:27:36.543163
2025-07-14,15827,2025071401021616,EBL,Trisul Securities & Invt. Ltd.,South Asian Bulls Pvt. Ltd.,30,688.9,20667.0,2025-07-14 14:33:12.043690
2025-07-14,15826,2025071401021617,EBL,Trisul Securities & Invt. Ltd.,Kumari Securities Private Limited,50,689.0,34450.0,2025-07-14 14:33:12.044233
2025-07-14,15825,2025071401021618,EBL,Trisul Securities & Invt. Ltd.,South Asian Bulls Pvt. Ltd.,40,689.8,27592.0,2025-07-14 14:33:12.044568
2025-07-14,15824,2025071401021619,EBL,Trisul Securities & Invt. Ltd.,Dipshikha Dhitopatra Karobar Co. Pvt Ltd.,520,689.9,358748.0,2025-07-14 14:33:12.044873
2025-07-14,15823,2025071401021620,EBL,Trisul Securities & Invt. Ltd.,Vision Securities Pvt. Ltd,50,690.0,34500.0,2025-07-14 14:33:12.045187
2025-07-14,15822,2025071401021621,EBL,Trisul Securities & Invt. Ltd.,Vision Securities Pvt. Ltd,200,690.0,138000.0,2025-07-14 14:33:12.045489
2025-07-14,15821,2025071401021622,EBL,Trisul Securities & Invt. Ltd.,Kohinoor Investment & Securities Pvt. Ltd.,110,690.0,75900.0,2025-07-14 14:33:12.045794
2025-07-14,13874,2025071401022336,EBL,Blue Chip Securities Ltd,South Asian Bulls Pvt. Ltd.,30,688.9,20667.0,2025-07-14 14:37:26.168728
2025-07-14,13691,2025071401022396,EBL,Blue Chip Securities Ltd,Vision Securities Pvt. Ltd,11,688.9,7577.9,2025-07-14 14:37:58.703988
2025-07-14,13625,2025071401022427,EBL,Blue Chip Securities Ltd,Agrawal Securities (PVT) Ltd.,10,688.9,6889.0,2025-07-14 14:38:13.037493
2025-07-14,13585,2025071401022438,EBL,Siprabi Securities Pvt. Ltd.,South Asian Bulls Pvt. Ltd.,50,689.0,34450.0,2025-07-14 14:38:21.981112
2025-07-14,13372,2025071401022508,EBL,Blue Chip Securities Ltd,ABC Securities Private Limited,149,688.9,102646.1,2025-07-14 14:38:50.242710
2025-07-14,13093,2025071401022620,EBL,Siprabi Securities Pvt. Ltd.,ABC Securities Private Limited,50,688.9,34445.0,2025-07-14 14:39:43.707093
2025-07-14,12476,2025071401022739,EBL,Naasa Securities Co. Ltd.,ABC Securities Private Limited,40,688.0,27520.0,2025-07-14 14:40:58.523288
2025-07-14,12365,2025071401022778,EBL,Oxford Securities Pvt. Ltd.,ABC Securities Private Limited,254,688.0,174752.0,2025-07-14 14:41:15.120498
2025-07-14,11974,2025071401022870,EBL,Linch Stock Market Ltd.,Sri Hari Securities Pvt. Ltd.,50,689.0,34450.0,2025-07-14 14:42:19.044685
2025-07-14,11850,2025071401022893,EBL,Oxford Securities Pvt. Ltd.,Siprabi Securities Pvt. Ltd.,150,688.0,103200.0,2025-07-14 14:42:29.691094
2025-07-14,11541,2025071401022995,EBL,Shree Krishna Securities Ltd.,Sri Hari Securities Pvt. Ltd.,160,689.0,110240.0,2025-07-14 14:43:13.407021
2025-07-14,11540,2025071401022996,EBL,Shree Krishna Securities Ltd.,J.F. Securites (PVT) Ltd.,10,689.9,6899.0,2025-07-14 14:43:13.407561
2025-07-14,11539,2025071401022997,EBL,Shree Krishna Securities Ltd.,Kohinoor Investment & Securities Pvt. Ltd.,190,690.0,131100.0,2025-07-14 14:43:13.407858
2025-07-14,11538,2025071401022998,EBL,Shree Krishna Securities Ltd.,Thrive Brokerage House Pvt. Ltd,20,690.0,13800.0,2025-07-14 14:43:13.408175
2025-07-14,11537,2025071401022999,EBL,Shree Krishna Securities Ltd.,Asian Securities Private Ltd.,20,690.0,13800.0,2025-07-14 14:43:13.408476
2025-07-14,11536,2025071401023000,EBL,Shree Krishna Securities Ltd.,Secured Securities Ltd.,100,690.0,69000.0,2025-07-14 14:43:13.408773
2025-07-14,10395,2025071401023397,EBL,Sweta Securities Private Limited,Secured Securities Ltd.,40,690.0,27600.0,2025-07-14 14:45:33.976214
2025-07-14,9550,2025071401023615,EBL,Dakshinkali Investment & Securities Pvt. Ltd.,Secured Securities Ltd.,166,690.0,114540.0,2025-07-14 14:47:25.255663
2025-07-14,9549,2025071401023616,EBL,Dakshinkali Investment & Securities Pvt. Ltd.,Primo Securities (PVT) Ltd.,10,690.0,6900.0,2025-07-14 14:47:25.256180
2025-07-14,9548,2025071401023617,EBL,Dakshinkali Investment & Securities Pvt. Ltd.,Vision Securities Pvt. Ltd,200,690.0,138000.0,2025-07-14 14:47:25.256481
2025-07-14,9547,2025071401023618,EBL,Dakshinkali Investment & Securities Pvt. Ltd.,Malla & Malla Stock Broking Company Pvt. Limited,40,690.0,27600.0,2025-07-14 14:47:25.256762
2025-07-14,9546,2025071401023619,EBL,Dakshinkali Investment & Securities Pvt. Ltd.,Sani Securities Company Ltd.,223,690.0,153870.0,2025-07-14 14:47:25.257065
2025-07-14,9545,2025071401023620,EBL,Dakshinkali Investment & Securities Pvt. Ltd.,Kohinoor Investment & Securities Pvt. Ltd.,22,690.0,15180.0,2025-07-14 14:47:25.257360
2025-07-14,9544,2025071401023621,EBL,Dakshinkali Investment & Securities Pvt. Ltd.,Dipshikha Dhitopatra Karobar Co. Pvt Ltd.,200,690.0,138000.0,2025-07-14 14:47:25.257669
2025-07-14,9543,2025071401023622,EBL,Dakshinkali Investment & Securities Pvt. Ltd.,Secured Securities Ltd.,44,690.0,30360.0,2025-07-14 14:47:25.257989
2025-07-14,9542,2025071401023623,EBL,Dakshinkali Investment & Securities Pvt. Ltd.,South Asian Bulls Pvt. Ltd.,95,690.0,65550.0,2025-07-14 14:47:25.258275
2025-07-14,7998,2025071401024063,EBL,Sweta Securities Private Limited,Kumari Securities Private Limited,163,690.0,112470.0,2025-07-14 14:50:40.995198
2025-07-14,7997,2025071401024064,EBL,Vision Securities Pvt. Ltd,Kumari Securities Private Limited,87,690.0,60030.0,2025-07-14 14:50:40.995479
2025-07-14,7990,2025071401024069,EBL,Vision Securities Pvt. Ltd,Capital Max Securities Ltd,413,690.0,284970.0,2025-07-14 14:50:43.778448
2025-07-14,7989,2025071401024070,EBL,Kumari Securities Private Limited,Capital Max Securities Ltd,500,690.0,345000.0,2025-07-14 14:50:43.778551
2025-07-14,7988,2025071401024071,EBL,Naasa Securities Co. Ltd.,Capital Max Securities Ltd,50,689.0,34450.0,2025-07-14 14:50:43.778632
2025-07-14,7987,2025071401024072,EBL,Nepal Stock House (PVT) Ltd.,Capital Max Securities Ltd,40,688.5,27540.0,2025-07-14 14:50:43.778710
2025-07-14,7986,2025071401024073,EBL,Oxford Securities Pvt. Ltd.,Capital Max Securities Ltd,96,688.0,66048.0,2025-07-14 14:50:43.778783
2025-07-14,7985,2025071401024074,EBL,Prabhu Stock Market Limited,Capital Max Securities Ltd,64,688.0,44032.0,2025-07-14 14:50:43.778857
2025-07-14,7415,2025071401024277,EBL,Online Securities Pvt. Ltd.,Siprabi Securities Pvt. Ltd.,200,690.0,138000.0,2025-07-14 14:51:51.750899
2025-07-14,7045,2025071401024368,EBL,Oxford Securities Pvt. Ltd.,Siprabi Securities Pvt. Ltd.,84,690.0,57960.0,2025-07-14 14:52:17.537218
2025-07-14,7044,2025071401024369,EBL,Oxford Securities Pvt. Ltd.,Trishakti Securities Public Limited,116,690.0,80040.0,2025-07-14 14:52:17.537492
2025-07-14,6361,2025071401024591,EBL,Kumari Securities Private Limited,Trishakti Securities Public Limited,10,690.0,6900.0,2025-07-14 14:53:22.253120
2025-07-14,5455,2025071401024962,EBL,Thrive Brokerage House Pvt. Ltd,Market Securities & Exchange (PVT) Ltd.,90,689.9,62091.0,2025-07-14 14:54:48.554944
2025-07-14,5454,2025071401024963,EBL,Thrive Brokerage House Pvt. Ltd,Trishakti Securities Public Limited,10,690.0,6900.0,2025-07-14 14:54:48.555201
2025-07-14,5167,2025071401025055,EBL,Blue Chip Securities Ltd,Trishakti Securities Public Limited,64,690.0,44160.0,2025-07-14 14:55:11.295379
2025-07-14,5166,2025071401025056,EBL,Blue Chip Securities Ltd,Nepal Investment And Securities Trading Private Limited,100,690.0,69000.0,2025-07-14 14:55:11.295604
2025-07-14,5165,2025071401025057,EBL,Blue Chip Securities Ltd,Siprabi Securities Pvt. Ltd.,36,690.0,24840.0,2025-07-14 14:55:11.295704
2025-07-14,5132,2025071401025060,EBL,Dipshikha Dhitopatra Karobar Co. Pvt Ltd.,Siprabi Securities Pvt. Ltd.,36,690.0,24840.0,2025-07-14 14:55:13.937364
2025-07-14,5007,2025071401025092,EBL,Deevyaa Securities & Stock House Pvt. Ltd,Capital Max Securities Ltd,214,689.1,147467.4,2025-07-14 14:55:24.222644
2025-07-14,5006,2025071401025093,EBL,ABC Securities Private Limited,Capital Max Securities Ltd,100,689.0,68900.0,2025-07-14 14:55:24.222695
2025-07-14,5005,2025071401025094,EBL,Vision Securities Pvt. Ltd,Capital Max Securities Ltd,600,688.2,412920.0,2025-07-14 14:55:24.222728
2025-07-14,4262,2025071401025330,EBL,Linch Stock Market Ltd.,Siprabi Securities Pvt. Ltd.,50,690.0,34500.0,2025-07-14 14:56:31.520587
2025-07-14,3848,2025071401025467,EBL,Vision Securities Pvt. Ltd,Sweta Securities Private Limited,100,688.5,68850.0,2025-07-14 14:57:04.992817
2025-07-14,3617,2025071401025522,EBL,Elite Stock House Limited,Arun Securities (PVT) Ltd.,500,689.0,344500.0,2025-07-14 14:57:20.030620
2025-07-14,3493,2025071401025557,EBL,Capital Max Securities Ltd,Deevyaa Securities & Stock House Pvt. Ltd,200,689.9,137980.0,2025-07-14 14:57:29.890361
2025-07-14,3082,2025071401025699,EBL,Elite Stock House Limited,Arun Securities (PVT) Ltd.,500,689.0,344500.0,2025-07-14 14:57:56.201893
2025-07-14,3081,2025071401025700,EBL,Elite Stock House Limited,Secured Securities Ltd.,500,689.5,344750.0,2025-07-14 14:57:56.202163
2025-07-14,2545,2025071401025903,EBL,Cristal Kanchanjanga Securites Pvt. Ltd.,Deevyaa Securities & Stock House Pvt. Ltd,130,689.9,89687.0,2025-07-14 14:58:29.877623
2025-07-14,2362,2025071401025963,EBL,Elite Stock House Limited,Deevyaa Securities & Stock House Pvt. Ltd,300,689.9,206970.0,2025-07-14 14:58:39.368623
2025-07-14,2334,2025071401025979,EBL,Dakshinkali Investment & Securities Pvt. Ltd.,Deevyaa Securities & Stock House Pvt. Ltd,1370,689.9,945163.0,2025-07-14 14:58:40.338735
2025-07-14,2333,2025071401025980,EBL,Dakshinkali Investment & Securities Pvt. Ltd.,South Asian Bulls Pvt. Ltd.,114,689.9,78648.6,2025-07-14 14:58:40.338963
2025-07-14,2332,2025071401025981,EBL,Dakshinkali Investment & Securities Pvt. Ltd.,Siprabi Securities Pvt. Ltd.,178,690.0,122820.0,2025-07-14 14:58:40.339083
2025-07-14,2331,2025071401025982,EBL,Dakshinkali Investment & Securities Pvt. Ltd.,Aryatara Investment & Securities,34,690.0,23460.0,2025-07-14 14:58:40.339183
2025-07-14,2330,2025071401025983,EBL,Dakshinkali Investment & Securities Pvt. Ltd.,Cristal Kanchanjanga Securites Pvt. Ltd.,10,690.0,6900.0,2025-07-14 14:58:40.339286
2025-07-14,2329,2025071401025984,EBL,Dakshinkali Investment & Securities Pvt. Ltd.,Naasa Securities Co. Ltd.,1000,690.0,690000.0,2025-07-14 14:58:40.339383
2025-07-14,2328,2025071401025985,EBL,Dakshinkali Investment & Securities Pvt. Ltd.,Prabhu Stock Market Limited,77,690.0,53130.0,2025-07-14 14:58:40.339486
2025-07-14,2327,2025071401025986,EBL,Dakshinkali Investment & Securities Pvt. Ltd.,Trishakti Securities Public Limited,100,690.0,69000.0,2025-07-14 14:58:40.339600
2025-07-14,2195,2025071401025998,EBL,Dakshinkali Investment & Securities Pvt. Ltd.,Sri Hari Securities Pvt. Ltd.,30,690.0,20700.0,2025-07-14 14:58:42.635215
2025-07-14,1920,2025071401026073,EBL,Dakshinkali Investment & Securities Pvt. Ltd.,Online Securities Pvt. Ltd.,50,690.0,34500.0,2025-07-14 14:58:56.633128
2025-07-14,1749,2025071401026135,EBL,Dakshinkali Investment & Securities Pvt. Ltd.,Agrawal Securities (PVT) Ltd.,37,690.0,25530.0,2025-07-14 14:59:04.689879
2025-07-14,1596,2025071401026166,EBL,Investment Management Nepal Pvt. Ltd.,Naasa Securities Co. Ltd.,200,688.7,137740.0,2025-07-14 14:59:11.049940
2025-07-14,1482,2025071401026209,EBL,Premier Securities Company Ltd.,Agrawal Securities (PVT) Ltd.,1500,690.0,1035000.0,2025-07-14 14:59:15.273007
2025-07-14,947,2025071401026366,EBL,Sani Securities Company Ltd.,Agrawal Securities (PVT) Ltd.,29,690.0,20010.0,2025-07-14 14:59:32.409356
2025-07-14,46,2025071401026629,EBL,Premier Securities Company Ltd.,Agrawal Securities (PVT) Ltd.,20,690.0,13800.0,2025-07-14 14:59:58.785384
