Date,S.N.,Contract ID,Symbol,Buyer Broker,Seller Broker,volume,rate,amount,transaction_time
2025-07-14,72548,2025071404000028,HDHPC,Agrawal Securities (PVT) Ltd.,Sundhara Securities Limited,10,201.0,2010.0,2025-07-14 10:46:00.068630
2025-07-14,72354,2025071404000087,HDHPC,Kohinoor Investment & Securities Pvt. Ltd.,Investment Management Nepal Pvt. Ltd.,10,197.0,1970.0,2025-07-14 11:00:56.495302
2025-07-14,72353,2025071404000088,HDHPC,Kohinoor Investment & Securities Pvt. Ltd.,Sundhara Securities Limited,140,200.0,28000.0,2025-07-14 11:00:56.495376
2025-07-14,72303,2025071404000108,HDHPC,Trishakti Securities Public Limited,Sundhara Securities Limited,350,200.0,70000.0,2025-07-14 11:01:05.117514
2025-07-14,72302,2025071404000109,HDHPC,Trishakti Securities Public Limited,Naasa Securities Co. Ltd.,500,200.0,100000.0,2025-07-14 11:01:05.117575
2025-07-14,72202,2025071404000161,HDHPC,Trishakti Securities Public Limited,Online Securities Pvt. Ltd.,2000,200.0,400000.0,2025-07-14 11:01:24.213371
2025-07-14,72151,2025071404000183,HDHPC,Trishakti Securities Public Limited,Shree Krishna Securities Ltd.,100,200.0,20000.0,2025-07-14 11:01:35.842475
2025-07-14,72139,2025071404000189,HDHPC,Trishakti Securities Public Limited,Trishakti Securities Public Limited,50,200.0,10000.0,2025-07-14 11:01:38.422760
2025-07-14,72103,2025071404000208,HDHPC,Arun Securities (PVT) Ltd.,Creative Securities Pvt Ltd,415,197.0,81755.0,2025-07-14 11:01:45.775766
2025-07-14,72102,2025071404000209,HDHPC,Naasa Securities Co. Ltd.,Creative Securities Pvt Ltd,200,197.0,39400.0,2025-07-14 11:01:45.775854
2025-07-14,72101,2025071404000210,HDHPC,Vision Securities Pvt. Ltd,Creative Securities Pvt Ltd,50,196.0,9800.0,2025-07-14 11:01:45.775898
2025-07-14,72100,2025071404000211,HDHPC,Dipshikha Dhitopatra Karobar Co. Pvt Ltd.,Creative Securities Pvt Ltd,1000,196.0,196000.0,2025-07-14 11:01:45.775931
2025-07-14,71595,2025071404000386,HDHPC,Online Securities Pvt. Ltd.,Aryatara Investment & Securities,60,199.9,11994.0,2025-07-14 11:03:31.604531
2025-07-14,71453,2025071404000433,HDHPC,Dipshikha Dhitopatra Karobar Co. Pvt Ltd.,Kohinoor Investment & Securities Pvt. Ltd.,150,200.0,30000.0,2025-07-14 11:03:59.201160
2025-07-14,71432,2025071404000440,HDHPC,Online Securities Pvt. Ltd.,Online Securities Pvt. Ltd.,440,199.9,87956.0,2025-07-14 11:04:03.019296
2025-07-14,71073,2025071404000564,HDHPC,Online Securities Pvt. Ltd.,Aryatara Investment & Securities,1000,199.8,199800.0,2025-07-14 11:04:58.968906
2025-07-14,70232,2025071404000844,HDHPC,Vision Securities Pvt. Ltd,Trishakti Securities Public Limited,100,199.0,19900.0,2025-07-14 11:07:31.853816
2025-07-14,69618,2025071404000994,HDHPC,Sweta Securities Private Limited,Online Securities Pvt. Ltd.,650,198.0,128700.0,2025-07-14 11:09:49.023003
2025-07-14,68352,2025071404001397,HDHPC,Cristal Kanchanjanga Securites Pvt. Ltd.,Online Securities Pvt. Ltd.,350,198.0,69300.0,2025-07-14 11:13:51.436033
2025-07-14,67473,2025071404001601,HDHPC,Deevyaa Securities & Stock House Pvt. Ltd,Kohinoor Investment & Securities Pvt. Ltd.,49,199.0,9751.0,2025-07-14 11:16:41.026273
2025-07-14,67381,2025071404001627,HDHPC,Online Securities Pvt. Ltd.,Kohinoor Investment & Securities Pvt. Ltd.,400,199.0,79600.0,2025-07-14 11:17:02.645884
2025-07-14,67361,2025071404001633,HDHPC,Cristal Kanchanjanga Securites Pvt. Ltd.,Kohinoor Investment & Securities Pvt. Ltd.,650,199.0,129350.0,2025-07-14 11:17:05.458783
2025-07-14,67070,2025071404001708,HDHPC,Vision Securities Pvt. Ltd,Kohinoor Investment & Securities Pvt. Ltd.,751,199.0,149449.0,2025-07-14 11:18:09.690465
2025-07-14,67069,2025071404001709,HDHPC,Vision Securities Pvt. Ltd,Dynamic Money Managers Securities Pvt. Ltd.,520,199.0,103480.0,2025-07-14 11:18:09.690648
2025-07-14,67068,2025071404001710,HDHPC,Vision Securities Pvt. Ltd,NIMB Stock Markets Limited,729,199.0,145071.0,2025-07-14 11:18:09.690721
2025-07-14,66776,2025071404001784,HDHPC,Dynamic Money Managers Securities Pvt. Ltd.,NIMB Stock Markets Limited,500,199.0,99500.0,2025-07-14 11:19:13.183326
2025-07-14,66727,2025071404001798,HDHPC,Kohinoor Investment & Securities Pvt. Ltd.,NIMB Stock Markets Limited,50,199.0,9950.0,2025-07-14 11:19:26.615942
2025-07-14,66492,2025071404001847,HDHPC,Nepal Stock House (PVT) Ltd.,NIMB Stock Markets Limited,20,199.0,3980.0,2025-07-14 11:20:04.431544
2025-07-14,66435,2025071404001857,HDHPC,Sajilo Broker Limited,NIMB Stock Markets Limited,100,199.0,19900.0,2025-07-14 11:20:18.033071
2025-07-14,66345,2025071404001879,HDHPC,Sani Securities Company Ltd.,Dynamic Money Managers Securities Pvt. Ltd.,60,198.0,11880.0,2025-07-14 11:20:33.562156
2025-07-14,66344,2025071404001880,HDHPC,Naasa Securities Co. Ltd.,Dynamic Money Managers Securities Pvt. Ltd.,240,198.0,47520.0,2025-07-14 11:20:33.562487
2025-07-14,65828,2025071404002002,HDHPC,Siprabi Securities Pvt. Ltd.,Dynamic Money Managers Securities Pvt. Ltd.,256,198.2,50739.2,2025-07-14 11:22:18.853894
2025-07-14,65496,2025071404002110,HDHPC,Naasa Securities Co. Ltd.,NIMB Stock Markets Limited,10,199.0,1990.0,2025-07-14 11:23:16.959765
2025-07-14,64778,2025071404002266,HDHPC,Secured Securities Ltd.,NIMB Stock Markets Limited,146,199.0,29054.0,2025-07-14 11:25:26.692062
2025-07-14,64777,2025071404002267,HDHPC,Secured Securities Ltd.,Kohinoor Investment & Securities Pvt. Ltd.,554,199.0,110246.0,2025-07-14 11:25:26.692237
2025-07-14,64670,2025071404002297,HDHPC,Naasa Securities Co. Ltd.,Nepal Stock House (PVT) Ltd.,50,198.0,9900.0,2025-07-14 11:25:43.174378
2025-07-14,64640,2025071404002303,HDHPC,Secured Securities Ltd.,Kohinoor Investment & Securities Pvt. Ltd.,1000,199.0,199000.0,2025-07-14 11:25:50.098174
2025-07-14,64528,2025071404002342,HDHPC,Secured Securities Ltd.,Kohinoor Investment & Securities Pvt. Ltd.,45,199.0,8955.0,2025-07-14 11:26:08.744649
2025-07-14,64419,2025071404002364,HDHPC,Dynamic Money Managers Securities Pvt. Ltd.,Kohinoor Investment & Securities Pvt. Ltd.,10,199.0,1990.0,2025-07-14 11:26:29.910727
2025-07-14,64055,2025071404002445,HDHPC,Secured Securities Ltd.,Kohinoor Investment & Securities Pvt. Ltd.,391,199.0,77809.0,2025-07-14 11:27:46.607590
2025-07-14,64054,2025071404002446,HDHPC,Secured Securities Ltd.,Kohinoor Investment & Securities Pvt. Ltd.,1609,199.0,320191.0,2025-07-14 11:27:46.607777
2025-07-14,63994,2025071404002456,HDHPC,Secured Securities Ltd.,Kohinoor Investment & Securities Pvt. Ltd.,20,199.0,3980.0,2025-07-14 11:27:56.930127
2025-07-14,63798,2025071404002489,HDHPC,Secured Securities Ltd.,Kohinoor Investment & Securities Pvt. Ltd.,30,199.0,5970.0,2025-07-14 11:28:27.134506
2025-07-14,63689,2025071404002515,HDHPC,Naasa Securities Co. Ltd.,Kohinoor Investment & Securities Pvt. Ltd.,200,199.0,39800.0,2025-07-14 11:28:47.375133
2025-07-14,63363,2025071404002583,HDHPC,Asian Securities Private Ltd.,Kohinoor Investment & Securities Pvt. Ltd.,20,199.0,3980.0,2025-07-14 11:29:31.188609
2025-07-14,63205,2025071404002613,HDHPC,Sundhara Securities Limited,Sani Securities Company Ltd.,10,198.1,1981.0,2025-07-14 11:29:59.130453
2025-07-14,63204,2025071404002614,HDHPC,Naasa Securities Co. Ltd.,Sani Securities Company Ltd.,71,198.0,14058.0,2025-07-14 11:29:59.130686
2025-07-14,62770,2025071404002727,HDHPC,Nepal Stock House (PVT) Ltd.,Aryatara Investment & Securities,160,198.9,31824.0,2025-07-14 11:31:15.858915
2025-07-14,62127,2025071404002905,HDHPC,Naasa Securities Co. Ltd.,Premier Securities Company Ltd.,500,198.0,99000.0,2025-07-14 11:33:01.532447
2025-07-14,61382,2025071404003141,HDHPC,Naasa Securities Co. Ltd.,Imperial Securities Company Pvt. Ltd.,1200,198.0,237600.0,2025-07-14 11:35:09.650718
2025-07-14,61323,2025071404003166,HDHPC,Sundhara Securities Limited,Kohinoor Investment & Securities Pvt. Ltd.,30,199.0,5970.0,2025-07-14 11:35:19.603692
2025-07-14,60415,2025071404003411,HDHPC,Naasa Securities Co. Ltd.,ABC Securities Private Limited,75,198.0,14850.0,2025-07-14 11:38:01.009578
2025-07-14,59200,2025071404003748,HDHPC,Premier Securities Company Ltd.,pahiinvestment,20,198.5,3970.0,2025-07-14 11:41:46.585890
2025-07-14,59020,2025071404003789,HDHPC,Ashutosh Brokerage & Securities (PVT) Ltd.,Asian Securities Private Ltd.,10,198.9,1989.0,2025-07-14 11:42:19.294613
2025-07-14,58962,2025071404003810,HDHPC,Premier Securities Company Ltd.,J.F. Securites (PVT) Ltd.,200,198.5,39700.0,2025-07-14 11:42:28.777200
2025-07-14,58916,2025071404003820,HDHPC,Premier Securities Company Ltd.,Premier Securities Company Ltd.,30,198.5,5955.0,2025-07-14 11:42:33.132343
2025-07-14,58915,2025071404003821,HDHPC,Naasa Securities Co. Ltd.,Premier Securities Company Ltd.,470,198.0,93060.0,2025-07-14 11:42:33.132590
2025-07-14,58707,2025071404003876,HDHPC,Naasa Securities Co. Ltd.,Capital Max Securities Ltd,10,198.0,1980.0,2025-07-14 11:43:08.137649
2025-07-14,58481,2025071404003905,HDHPC,Naasa Securities Co. Ltd.,Sumeru Securities Pvt. Ltd.,200,198.0,39600.0,2025-07-14 11:43:40.390852
2025-07-14,57925,2025071404004058,HDHPC,Sewa Securities Pvt. Ltd.,Thrive Brokerage House Pvt. Ltd,463,198.5,91905.5,2025-07-14 11:45:23.956361
2025-07-14,57827,2025071404004089,HDHPC,Naasa Securities Co. Ltd.,Imperial Securities Company Pvt. Ltd.,100,198.0,19800.0,2025-07-14 11:45:43.328703
2025-07-14,57108,2025071404004264,HDHPC,Aryatara Investment & Securities,Trishakti Securities Public Limited,100,198.3,19830.0,2025-07-14 11:47:51.613931
2025-07-14,56790,2025071404004332,HDHPC,Online Securities Pvt. Ltd.,Dipshikha Dhitopatra Karobar Co. Pvt Ltd.,100,198.3,19830.0,2025-07-14 11:48:38.813822
2025-07-14,56658,2025071404004361,HDHPC,Online Securities Pvt. Ltd.,Thrive Brokerage House Pvt. Ltd,220,198.5,43670.0,2025-07-14 11:49:08.178835
2025-07-14,56402,2025071404004424,HDHPC,Online Securities Pvt. Ltd.,Imperial Securities Company Pvt. Ltd.,300,198.5,59550.0,2025-07-14 11:50:03.872077
2025-07-14,56271,2025071404004438,HDHPC,Online Securities Pvt. Ltd.,Premier Securities Company Ltd.,130,198.5,25805.0,2025-07-14 11:50:24.261278
2025-07-14,56256,2025071404004439,HDHPC,Online Securities Pvt. Ltd.,Kohinoor Investment & Securities Pvt. Ltd.,350,198.5,69475.0,2025-07-14 11:50:28.954458
2025-07-14,56146,2025071404004460,HDHPC,Online Securities Pvt. Ltd.,Kohinoor Investment & Securities Pvt. Ltd.,100,198.5,19850.0,2025-07-14 11:50:53.416844
2025-07-14,55874,2025071404004528,HDHPC,Naasa Securities Co. Ltd.,Online Securities Pvt. Ltd.,84,198.0,16632.0,2025-07-14 11:51:51.837468
2025-07-14,55873,2025071404004529,HDHPC,Deevyaa Securities & Stock House Pvt. Ltd,Online Securities Pvt. Ltd.,116,198.0,22968.0,2025-07-14 11:51:51.837698
2025-07-14,55794,2025071404004548,HDHPC,Shree Krishna Securities Ltd.,Kohinoor Investment & Securities Pvt. Ltd.,10,198.5,1985.0,2025-07-14 11:52:10.113707
2025-07-14,55372,2025071404004671,HDHPC,Deevyaa Securities & Stock House Pvt. Ltd,Kalika Securities Pvt. Ltd.,34,198.0,6732.0,2025-07-14 11:53:39.072539
2025-07-14,55371,2025071404004672,HDHPC,Dipshikha Dhitopatra Karobar Co. Pvt Ltd.,Kalika Securities Pvt. Ltd.,100,198.0,19800.0,2025-07-14 11:53:39.072972
2025-07-14,55009,2025071404004733,HDHPC,Midas Stock Broking Company Private Limited,Premier Securities Company Ltd.,244,197.3,48141.2,2025-07-14 11:54:52.104977
2025-07-14,55008,2025071404004734,HDHPC,Kumari Securities Private Limited,Premier Securities Company Ltd.,200,197.2,39440.0,2025-07-14 11:54:52.105236
2025-07-14,55007,2025071404004735,HDHPC,Sumeru Securities Pvt. Ltd.,Premier Securities Company Ltd.,10,197.2,1972.0,2025-07-14 11:54:52.105344
2025-07-14,55006,2025071404004736,HDHPC,Aryatara Investment & Securities,Premier Securities Company Ltd.,46,197.1,9066.6,2025-07-14 11:54:52.105440
2025-07-14,54938,2025071404004765,HDHPC,Kumari Securities Private Limited,Sewa Securities Pvt. Ltd.,200,197.2,39440.0,2025-07-14 11:55:08.040809
2025-07-14,54937,2025071404004766,HDHPC,Aryatara Investment & Securities,Sewa Securities Pvt. Ltd.,454,197.1,89483.4,2025-07-14 11:55:08.041230
2025-07-14,54936,2025071404004767,HDHPC,Sagarmatha Securities Private Limited,Sewa Securities Pvt. Ltd.,1000,197.1,197100.0,2025-07-14 11:55:08.041540
2025-07-14,54935,2025071404004768,HDHPC,Midas Stock Broking Company Private Limited,Sewa Securities Pvt. Ltd.,346,197.1,68196.6,2025-07-14 11:55:08.041827
2025-07-14,53155,2025071404005220,HDHPC,Shree Krishna Securities Ltd.,Kalika Securities Pvt. Ltd.,50,198.0,9900.0,2025-07-14 12:00:12.165135
2025-07-14,52770,2025071404005351,HDHPC,Online Securities Pvt. Ltd.,Kalika Securities Pvt. Ltd.,16,198.0,3168.0,2025-07-14 12:01:45.832743
2025-07-14,52769,2025071404005352,HDHPC,Online Securities Pvt. Ltd.,Naasa Securities Co. Ltd.,289,198.4,57337.6,2025-07-14 12:01:45.833219
2025-07-14,52271,2025071404005536,HDHPC,Siprabi Securities Pvt. Ltd.,Naasa Securities Co. Ltd.,500,198.4,99200.0,2025-07-14 12:03:27.250448
2025-07-14,52042,2025071404005605,HDHPC,Siprabi Securities Pvt. Ltd.,Naasa Securities Co. Ltd.,61,198.4,12102.4,2025-07-14 12:04:21.815346
2025-07-14,52041,2025071404005606,HDHPC,Siprabi Securities Pvt. Ltd.,Kohinoor Investment & Securities Pvt. Ltd.,631,198.5,125253.5,2025-07-14 12:04:21.815799
2025-07-14,52040,2025071404005607,HDHPC,Siprabi Securities Pvt. Ltd.,Trisul Securities & Invt. Ltd.,208,198.5,41288.0,2025-07-14 12:04:21.816092
2025-07-14,51833,2025071404005675,HDHPC,Midas Stock Broking Company Private Limited,Trisul Securities & Invt. Ltd.,92,198.5,18262.0,2025-07-14 12:05:19.206273
2025-07-14,51700,2025071404005711,HDHPC,Midas Stock Broking Company Private Limited,Kohinoor Investment & Securities Pvt. Ltd.,118,198.5,23423.0,2025-07-14 12:05:51.657239
2025-07-14,51129,2025071404005888,HDHPC,Online Securities Pvt. Ltd.,Kohinoor Investment & Securities Pvt. Ltd.,250,198.5,49625.0,2025-07-14 12:07:50.680678
2025-07-14,50217,2025071404006149,HDHPC,Oxford Securities Pvt. Ltd.,Naasa Securities Co. Ltd.,51,198.0,10098.0,2025-07-14 12:11:39.606740
2025-07-14,49147,2025071404006418,HDHPC,Naasa Securities Co. Ltd.,Cristal Kanchanjanga Securites Pvt. Ltd.,30,198.1,5943.0,2025-07-14 12:16:19.601281
2025-07-14,49146,2025071404006419,HDHPC,Oxford Securities Pvt. Ltd.,Cristal Kanchanjanga Securites Pvt. Ltd.,151,198.0,29898.0,2025-07-14 12:16:19.601618
2025-07-14,49145,2025071404006420,HDHPC,Primo Securities (PVT) Ltd.,Cristal Kanchanjanga Securites Pvt. Ltd.,19,198.0,3762.0,2025-07-14 12:16:19.601794
2025-07-14,49034,2025071404006445,HDHPC,Sewa Securities Pvt. Ltd.,Cristal Kanchanjanga Securites Pvt. Ltd.,100,198.1,19810.0,2025-07-14 12:16:52.723946
2025-07-14,48598,2025071404006569,HDHPC,Primo Securities (PVT) Ltd.,Dakshinkali Investment & Securities Pvt. Ltd.,81,198.0,16038.0,2025-07-14 12:18:32.742145
2025-07-14,48597,2025071404006570,HDHPC,Cristal Kanchanjanga Securites Pvt. Ltd.,Dakshinkali Investment & Securities Pvt. Ltd.,19,198.0,3762.0,2025-07-14 12:18:32.742219
2025-07-14,48214,2025071404006660,HDHPC,Cristal Kanchanjanga Securites Pvt. Ltd.,Sewa Securities Pvt. Ltd.,181,198.0,35838.0,2025-07-14 12:20:16.516257
2025-07-14,47674,2025071404006829,HDHPC,Online Securities Pvt. Ltd.,Sewa Securities Pvt. Ltd.,10,198.0,1980.0,2025-07-14 12:22:52.196729
2025-07-14,47673,2025071404006830,HDHPC,Oxford Securities Pvt. Ltd.,Sewa Securities Pvt. Ltd.,10,198.0,1980.0,2025-07-14 12:22:52.197292
2025-07-14,47672,2025071404006831,HDHPC,Sweta Securities Private Limited,Sewa Securities Pvt. Ltd.,250,198.0,49500.0,2025-07-14 12:22:52.197648
2025-07-14,47568,2025071404006877,HDHPC,Sewa Securities Pvt. Ltd.,Sewa Securities Pvt. Ltd.,230,198.0,45540.0,2025-07-14 12:23:19.296919
2025-07-14,46899,2025071404007160,HDHPC,Sri Hari Securities Pvt. Ltd.,Kohinoor Investment & Securities Pvt. Ltd.,35,198.5,6947.5,2025-07-14 12:25:53.417216
2025-07-14,46851,2025071404007176,HDHPC,Vision Securities Pvt. Ltd,Kohinoor Investment & Securities Pvt. Ltd.,1000,198.5,198500.0,2025-07-14 12:26:14.455196
2025-07-14,46793,2025071404007186,HDHPC,Sewa Securities Pvt. Ltd.,NIMB Stock Markets Limited,270,198.0,53460.0,2025-07-14 12:26:33.080886
2025-07-14,46792,2025071404007187,HDHPC,Aryatara Investment & Securities,NIMB Stock Markets Limited,64,198.0,12672.0,2025-07-14 12:26:33.081431
2025-07-14,46453,2025071404007301,HDHPC,Sweta Securities Private Limited,Vision Securities Pvt. Ltd,10,198.0,1980.0,2025-07-14 12:28:13.357219
2025-07-14,46289,2025071404007351,HDHPC,Naasa Securities Co. Ltd.,Vision Securities Pvt. Ltd,10,197.6,1976.0,2025-07-14 12:29:00.697876
2025-07-14,45948,2025071404007451,HDHPC,Naasa Securities Co. Ltd.,Linch Stock Market Ltd.,200,197.5,39500.0,2025-07-14 12:30:35.032800
2025-07-14,45924,2025071404007459,HDHPC,Naasa Securities Co. Ltd.,Imperial Securities Company Pvt. Ltd.,50,197.5,9875.0,2025-07-14 12:30:42.933527
2025-07-14,44993,2025071404007729,HDHPC,Ashutosh Brokerage & Securities (PVT) Ltd.,Kohinoor Investment & Securities Pvt. Ltd.,100,198.5,19850.0,2025-07-14 12:35:06.899617
2025-07-14,44603,2025071404007863,HDHPC,Sri Hari Securities Pvt. Ltd.,Malla & Malla Stock Broking Company Pvt. Limited,25,198.0,4950.0,2025-07-14 12:36:45.863059
2025-07-14,44602,2025071404007864,HDHPC,Shree Krishna Securities Ltd.,Malla & Malla Stock Broking Company Pvt. Limited,50,197.6,9880.0,2025-07-14 12:36:45.863401
2025-07-14,44601,2025071404007865,HDHPC,Naasa Securities Co. Ltd.,Malla & Malla Stock Broking Company Pvt. Limited,25,197.5,4937.5,2025-07-14 12:36:45.863530
2025-07-14,44331,2025071404007937,HDHPC,Naasa Securities Co. Ltd.,Investment Management Nepal Pvt. Ltd.,175,197.5,34562.5,2025-07-14 12:37:56.448179
2025-07-14,44330,2025071404007938,HDHPC,Dipshikha Dhitopatra Karobar Co. Pvt Ltd.,Investment Management Nepal Pvt. Ltd.,200,197.5,39500.0,2025-07-14 12:37:56.448795
2025-07-14,44329,2025071404007939,HDHPC,Aryatara Investment & Securities,Investment Management Nepal Pvt. Ltd.,30,197.5,5925.0,2025-07-14 12:37:56.449219
2025-07-14,43908,2025071404008042,HDHPC,Sri Hari Securities Pvt. Ltd.,Investment Management Nepal Pvt. Ltd.,40,197.5,7900.0,2025-07-14 12:39:55.945008
2025-07-14,43773,2025071404008073,HDHPC,Sumeru Securities Pvt. Ltd.,Investment Management Nepal Pvt. Ltd.,50,197.5,9875.0,2025-07-14 12:40:24.443514
2025-07-14,43534,2025071404008142,HDHPC,Nepal Stock House (PVT) Ltd.,Imperial Securities Company Pvt. Ltd.,50,197.4,9870.0,2025-07-14 12:41:25.274183
2025-07-14,43533,2025071404008143,HDHPC,Naasa Securities Co. Ltd.,Imperial Securities Company Pvt. Ltd.,50,197.4,9870.0,2025-07-14 12:41:25.274539
2025-07-14,43049,2025071404008338,HDHPC,Sri Hari Securities Pvt. Ltd.,Naasa Securities Co. Ltd.,15,197.5,2962.5,2025-07-14 12:43:42.241135
2025-07-14,42988,2025071404008370,HDHPC,Premier Securities Company Ltd.,Trishakti Securities Public Limited,500,198.0,99000.0,2025-07-14 12:44:01.333104
2025-07-14,42944,2025071404008397,HDHPC,Naasa Securities Co. Ltd.,Trishakti Securities Public Limited,10,198.0,1980.0,2025-07-14 12:44:14.545385
2025-07-14,42897,2025071404008415,HDHPC,Naasa Securities Co. Ltd.,Trishakti Securities Public Limited,500,198.0,99000.0,2025-07-14 12:44:35.729372
2025-07-14,42068,2025071404008676,HDHPC,Sewa Securities Pvt. Ltd.,Trishakti Securities Public Limited,100,198.0,19800.0,2025-07-14 12:48:22.501078
2025-07-14,42047,2025071404008686,HDHPC,Primo Securities (PVT) Ltd.,Trishakti Securities Public Limited,15,198.0,2970.0,2025-07-14 12:48:30.428583
2025-07-14,41988,2025071404008706,HDHPC,Sewa Securities Pvt. Ltd.,Trishakti Securities Public Limited,100,198.0,19800.0,2025-07-14 12:48:49.599517
2025-07-14,41861,2025071404008758,HDHPC,Sri Hari Securities Pvt. Ltd.,Trishakti Securities Public Limited,50,198.0,9900.0,2025-07-14 12:49:30.102344
2025-07-14,41686,2025071404008823,HDHPC,Sani Securities Company Ltd.,Trishakti Securities Public Limited,425,198.0,84150.0,2025-07-14 12:50:10.507841
2025-07-14,41685,2025071404008824,HDHPC,Sani Securities Company Ltd.,Naasa Securities Co. Ltd.,220,198.0,43560.0,2025-07-14 12:50:10.508128
2025-07-14,41684,2025071404008825,HDHPC,Sani Securities Company Ltd.,Malla & Malla Stock Broking Company Pvt. Limited,55,198.0,10890.0,2025-07-14 12:50:10.508252
2025-07-14,41668,2025071404008830,HDHPC,Sweta Securities Private Limited,Malla & Malla Stock Broking Company Pvt. Limited,30,198.0,5940.0,2025-07-14 12:50:13.510362
2025-07-14,41597,2025071404008852,HDHPC,Opal Securities Investment (PVT) Ltd.,Malla & Malla Stock Broking Company Pvt. Limited,90,198.0,17820.0,2025-07-14 12:50:29.426704
2025-07-14,41447,2025071404008893,HDHPC,Vision Securities Pvt. Ltd,Kohinoor Investment & Securities Pvt. Ltd.,26,198.5,5161.0,2025-07-14 12:51:10.471752
2025-07-14,41009,2025071404009003,HDHPC,Secured Securities Ltd.,Kohinoor Investment & Securities Pvt. Ltd.,400,198.5,79400.0,2025-07-14 12:53:01.394498
2025-07-14,40807,2025071404009099,HDHPC,Opal Securities Investment (PVT) Ltd.,Opal Securities Investment (PVT) Ltd.,85,198.0,16830.0,2025-07-14 12:53:47.352302
2025-07-14,40806,2025071404009100,HDHPC,Opal Securities Investment (PVT) Ltd.,Opal Securities Investment (PVT) Ltd.,65,198.0,12870.0,2025-07-14 12:53:47.352847
2025-07-14,40443,2025071404009222,HDHPC,Imperial Securities Company Pvt. Ltd.,Kohinoor Investment & Securities Pvt. Ltd.,800,198.5,158800.0,2025-07-14 12:55:04.930036
2025-07-14,39044,2025071404009632,HDHPC,Online Securities Pvt. Ltd.,Online Securities Pvt. Ltd.,4,195.0,780.0,2025-07-14 13:00:50.508423
2025-07-14,38499,2025071404009823,HDHPC,Sri Hari Securities Pvt. Ltd.,Kohinoor Investment & Securities Pvt. Ltd.,100,198.5,19850.0,2025-07-14 13:03:32.182444
2025-07-14,38493,2025071404009825,HDHPC,Naasa Securities Co. Ltd.,Sani Securities Company Ltd.,245,198.1,48534.5,2025-07-14 13:03:34.295980
2025-07-14,38492,2025071404009826,HDHPC,Opal Securities Investment (PVT) Ltd.,Sani Securities Company Ltd.,36,198.0,7128.0,2025-07-14 13:03:34.296298
2025-07-14,38491,2025071404009827,HDHPC,Sweta Securities Private Limited,Sani Securities Company Ltd.,10,198.0,1980.0,2025-07-14 13:03:34.296437
2025-07-14,38490,2025071404009828,HDHPC,Sri Hari Securities Pvt. Ltd.,Sani Securities Company Ltd.,162,198.0,32076.0,2025-07-14 13:03:34.296561
2025-07-14,38489,2025071404009829,HDHPC,Dipshikha Dhitopatra Karobar Co. Pvt Ltd.,Sani Securities Company Ltd.,200,198.0,39600.0,2025-07-14 13:03:34.296686
2025-07-14,38398,2025071404009867,HDHPC,Naasa Securities Co. Ltd.,Sani Securities Company Ltd.,1100,198.0,217800.0,2025-07-14 13:03:55.431033
2025-07-14,38169,2025071404009950,HDHPC,Trisul Securities & Invt. Ltd.,Global IME Securities Limited,5,194.6,973.0,2025-07-14 13:04:57.390866
2025-07-14,37773,2025071404010088,HDHPC,Agrawal Securities (PVT) Ltd.,Naasa Securities Co. Ltd.,354,198.0,70092.0,2025-07-14 13:07:04.433397
2025-07-14,36371,2025071404010580,HDHPC,Sani Securities Company Ltd.,Kohinoor Investment & Securities Pvt. Ltd.,171,198.5,33943.5,2025-07-14 13:13:43.671497
2025-07-14,36370,2025071404010581,HDHPC,Sani Securities Company Ltd.,Agrawal Securities (PVT) Ltd.,115,198.5,22827.5,2025-07-14 13:13:43.671831
2025-07-14,36369,2025071404010582,HDHPC,Sani Securities Company Ltd.,Kohinoor Investment & Securities Pvt. Ltd.,224,198.5,44464.0,2025-07-14 13:13:43.671970
2025-07-14,35288,2025071404010946,HDHPC,Naasa Securities Co. Ltd.,Kumari Securities Private Limited,200,198.0,39600.0,2025-07-14 13:18:42.899933
2025-07-14,35107,2025071404011002,HDHPC,Oxford Securities Pvt. Ltd.,Naasa Securities Co. Ltd.,20,197.9,3958.0,2025-07-14 13:19:27.504841
2025-07-14,35106,2025071404011003,HDHPC,Naasa Securities Co. Ltd.,Naasa Securities Co. Ltd.,70,197.8,13846.0,2025-07-14 13:19:27.505186
2025-07-14,35105,2025071404011004,HDHPC,Naasa Securities Co. Ltd.,Naasa Securities Co. Ltd.,100,197.8,19780.0,2025-07-14 13:19:27.505333
2025-07-14,35018,2025071404011025,HDHPC,Secured Securities Ltd.,Naasa Securities Co. Ltd.,500,197.7,98850.0,2025-07-14 13:19:44.224327
2025-07-14,35017,2025071404011026,HDHPC,Online Securities Pvt. Ltd.,Naasa Securities Co. Ltd.,125,197.6,24700.0,2025-07-14 13:19:44.224696
2025-07-14,35016,2025071404011027,HDHPC,Sri Hari Securities Pvt. Ltd.,Naasa Securities Co. Ltd.,21,197.5,4147.5,2025-07-14 13:19:44.224852
2025-07-14,35015,2025071404011028,HDHPC,Deevyaa Securities & Stock House Pvt. Ltd,Naasa Securities Co. Ltd.,874,197.5,172615.0,2025-07-14 13:19:44.224987
2025-07-14,34916,2025071404011058,HDHPC,Dipshikha Dhitopatra Karobar Co. Pvt Ltd.,Kumari Securities Private Limited,200,198.0,39600.0,2025-07-14 13:20:02.210016
2025-07-14,33828,2025071404011328,HDHPC,Deevyaa Securities & Stock House Pvt. Ltd,J.F. Securites (PVT) Ltd.,100,197.5,19750.0,2025-07-14 13:24:49.636108
2025-07-14,33486,2025071404011451,HDHPC,Deevyaa Securities & Stock House Pvt. Ltd,Online Securities Pvt. Ltd.,26,197.5,5135.0,2025-07-14 13:26:13.513881
2025-07-14,33381,2025071404011481,HDHPC,Naasa Securities Co. Ltd.,Imperial Securities Company Pvt. Ltd.,40,197.4,7896.0,2025-07-14 13:26:43.364403
2025-07-14,33182,2025071404011555,HDHPC,Trishakti Securities Public Limited,Online Securities Pvt. Ltd.,149,197.5,29427.5,2025-07-14 13:27:21.781773
2025-07-14,33181,2025071404011556,HDHPC,Trishakti Securities Public Limited,Dynamic Money Managers Securities Pvt. Ltd.,200,198.0,39600.0,2025-07-14 13:27:21.782159
2025-07-14,33180,2025071404011557,HDHPC,Trishakti Securities Public Limited,Kumari Securities Private Limited,151,198.0,29898.0,2025-07-14 13:27:21.782303
2025-07-14,32820,2025071404011705,HDHPC,Naasa Securities Co. Ltd.,Kohinoor Investment & Securities Pvt. Ltd.,61,197.4,12041.4,2025-07-14 13:28:37.378917
2025-07-14,32819,2025071404011706,HDHPC,Nepal Stock House (PVT) Ltd.,Kohinoor Investment & Securities Pvt. Ltd.,50,197.3,9865.0,2025-07-14 13:28:37.379236
2025-07-14,32818,2025071404011707,HDHPC,Midas Stock Broking Company Private Limited,Kohinoor Investment & Securities Pvt. Ltd.,530,197.3,104569.0,2025-07-14 13:28:37.379391
2025-07-14,32817,2025071404011708,HDHPC,Deevyaa Securities & Stock House Pvt. Ltd,Kohinoor Investment & Securities Pvt. Ltd.,270,197.2,53244.0,2025-07-14 13:28:37.379530
2025-07-14,32816,2025071404011709,HDHPC,Nepal Stock House (PVT) Ltd.,Kohinoor Investment & Securities Pvt. Ltd.,50,197.2,9860.0,2025-07-14 13:28:37.379666
2025-07-14,32815,2025071404011710,HDHPC,Sani Securities Company Ltd.,Kohinoor Investment & Securities Pvt. Ltd.,400,197.2,78880.0,2025-07-14 13:28:37.379799
2025-07-14,32814,2025071404011711,HDHPC,Opal Securities Investment (PVT) Ltd.,Kohinoor Investment & Securities Pvt. Ltd.,2000,197.2,394400.0,2025-07-14 13:28:37.379934
2025-07-14,32813,2025071404011712,HDHPC,Aryatara Investment & Securities,Kohinoor Investment & Securities Pvt. Ltd.,510,197.2,100572.0,2025-07-14 13:28:37.380071
2025-07-14,32812,2025071404011713,HDHPC,Midas Stock Broking Company Private Limited,Kohinoor Investment & Securities Pvt. Ltd.,1654,197.1,326003.4,2025-07-14 13:28:37.380214
2025-07-14,32811,2025071404011714,HDHPC,Midas Stock Broking Company Private Limited,Kohinoor Investment & Securities Pvt. Ltd.,1000,197.1,197100.0,2025-07-14 13:28:37.380349
2025-07-14,32810,2025071404011715,HDHPC,Dipshikha Dhitopatra Karobar Co. Pvt Ltd.,Kohinoor Investment & Securities Pvt. Ltd.,50,197.1,9855.0,2025-07-14 13:28:37.380483
2025-07-14,32809,2025071404011716,HDHPC,ABC Securities Private Limited,Kohinoor Investment & Securities Pvt. Ltd.,630,197.1,124173.0,2025-07-14 13:28:37.380615
2025-07-14,32808,2025071404011717,HDHPC,Nepal Stock House (PVT) Ltd.,Kohinoor Investment & Securities Pvt. Ltd.,760,197.0,149720.0,2025-07-14 13:28:37.380746
2025-07-14,32807,2025071404011718,HDHPC,Dipshikha Dhitopatra Karobar Co. Pvt Ltd.,Kohinoor Investment & Securities Pvt. Ltd.,200,197.0,39400.0,2025-07-14 13:28:37.380878
2025-07-14,32806,2025071404011719,HDHPC,Imperial Securities Company Pvt. Ltd.,Kohinoor Investment & Securities Pvt. Ltd.,65,197.0,12805.0,2025-07-14 13:28:37.381015
2025-07-14,32805,2025071404011720,HDHPC,Bhrikuti Stock Broking Co. Pvt. Ltd.,Kohinoor Investment & Securities Pvt. Ltd.,350,197.0,68950.0,2025-07-14 13:28:37.381147
2025-07-14,32804,2025071404011721,HDHPC,Nepal Stock House (PVT) Ltd.,Kohinoor Investment & Securities Pvt. Ltd.,1000,197.0,197000.0,2025-07-14 13:28:37.381276
2025-07-14,32803,2025071404011722,HDHPC,Trishakti Securities Public Limited,Kohinoor Investment & Securities Pvt. Ltd.,420,197.0,82740.0,2025-07-14 13:28:37.381470
2025-07-14,32538,2025071404011831,HDHPC,Trishakti Securities Public Limited,Neev Securities Pvt. Ltd.,50,197.0,9850.0,2025-07-14 13:29:31.580901
2025-07-14,31973,2025071404011993,HDHPC,Online Securities Pvt. Ltd.,Kohinoor Investment & Securities Pvt. Ltd.,50,197.5,9875.0,2025-07-14 13:32:05.563788
2025-07-14,31972,2025071404011994,HDHPC,Aryatara Investment & Securities,Kohinoor Investment & Securities Pvt. Ltd.,330,197.1,65043.0,2025-07-14 13:32:05.564380
2025-07-14,31971,2025071404011995,HDHPC,Trishakti Securities Public Limited,Kohinoor Investment & Securities Pvt. Ltd.,290,197.0,57130.0,2025-07-14 13:32:05.564764
2025-07-14,31970,2025071404011996,HDHPC,Kohinoor Investment & Securities Pvt. Ltd.,Kohinoor Investment & Securities Pvt. Ltd.,13,197.0,2561.0,2025-07-14 13:32:05.565153
2025-07-14,31969,2025071404011997,HDHPC,Nepal Stock House (PVT) Ltd.,Kohinoor Investment & Securities Pvt. Ltd.,200,197.0,39400.0,2025-07-14 13:32:05.565563
2025-07-14,31968,2025071404011998,HDHPC,Imperial Securities Company Pvt. Ltd.,Kohinoor Investment & Securities Pvt. Ltd.,10,197.0,1970.0,2025-07-14 13:32:05.565951
2025-07-14,31967,2025071404011999,HDHPC,Sumeru Securities Pvt. Ltd.,Kohinoor Investment & Securities Pvt. Ltd.,200,197.0,39400.0,2025-07-14 13:32:05.566353
2025-07-14,31966,2025071404012000,HDHPC,Imperial Securities Company Pvt. Ltd.,Kohinoor Investment & Securities Pvt. Ltd.,60,197.0,11820.0,2025-07-14 13:32:05.566744
2025-07-14,31965,2025071404012001,HDHPC,Midas Stock Broking Company Private Limited,Kohinoor Investment & Securities Pvt. Ltd.,10,197.0,1970.0,2025-07-14 13:32:05.567132
2025-07-14,31964,2025071404012002,HDHPC,Imperial Securities Company Pvt. Ltd.,Kohinoor Investment & Securities Pvt. Ltd.,50,197.0,9850.0,2025-07-14 13:32:05.567545
2025-07-14,31963,2025071404012003,HDHPC,Sani Securities Company Ltd.,Kohinoor Investment & Securities Pvt. Ltd.,1000,197.0,197000.0,2025-07-14 13:32:05.567939
2025-07-14,31962,2025071404012004,HDHPC,Online Securities Pvt. Ltd.,Kohinoor Investment & Securities Pvt. Ltd.,100,197.0,19700.0,2025-07-14 13:32:05.568326
2025-07-14,31961,2025071404012005,HDHPC,Sundhara Securities Limited,Kohinoor Investment & Securities Pvt. Ltd.,50,197.0,9850.0,2025-07-14 13:32:05.568706
2025-07-14,31960,2025071404012006,HDHPC,Nepal Investment And Securities Trading Private Limited,Kohinoor Investment & Securities Pvt. Ltd.,50,197.0,9850.0,2025-07-14 13:32:05.569074
2025-07-14,31959,2025071404012007,HDHPC,Agrawal Securities (PVT) Ltd.,Kohinoor Investment & Securities Pvt. Ltd.,13,197.0,2561.0,2025-07-14 13:32:05.569462
2025-07-14,31958,2025071404012008,HDHPC,Dipshikha Dhitopatra Karobar Co. Pvt Ltd.,Kohinoor Investment & Securities Pvt. Ltd.,760,197.0,149720.0,2025-07-14 13:32:05.569828
2025-07-14,31957,2025071404012009,HDHPC,Naasa Securities Co. Ltd.,Kohinoor Investment & Securities Pvt. Ltd.,605,197.0,119185.0,2025-07-14 13:32:05.570201
2025-07-14,31956,2025071404012010,HDHPC,Vision Securities Pvt. Ltd,Kohinoor Investment & Securities Pvt. Ltd.,200,197.0,39400.0,2025-07-14 13:32:05.570587
2025-07-14,31955,2025071404012011,HDHPC,Aryatara Investment & Securities,Kohinoor Investment & Securities Pvt. Ltd.,100,197.0,19700.0,2025-07-14 13:32:05.570974
2025-07-14,31954,2025071404012012,HDHPC,Ashutosh Brokerage & Securities (PVT) Ltd.,Kohinoor Investment & Securities Pvt. Ltd.,500,197.0,98500.0,2025-07-14 13:32:05.571337
2025-07-14,31953,2025071404012013,HDHPC,Asian Securities Private Ltd.,Kohinoor Investment & Securities Pvt. Ltd.,40,197.0,7880.0,2025-07-14 13:32:05.571597
2025-07-14,31952,2025071404012014,HDHPC,Aryatara Investment & Securities,Kohinoor Investment & Securities Pvt. Ltd.,80,197.0,15760.0,2025-07-14 13:32:05.571721
2025-07-14,31951,2025071404012015,HDHPC,Naasa Securities Co. Ltd.,Kohinoor Investment & Securities Pvt. Ltd.,102,197.0,20094.0,2025-07-14 13:32:05.571851
2025-07-14,31950,2025071404012016,HDHPC,Naasa Securities Co. Ltd.,Kohinoor Investment & Securities Pvt. Ltd.,20,197.0,3940.0,2025-07-14 13:32:05.571974
2025-07-14,31949,2025071404012017,HDHPC,Imperial Securities Company Pvt. Ltd.,Kohinoor Investment & Securities Pvt. Ltd.,167,197.0,32899.0,2025-07-14 13:32:05.572096
2025-07-14,29967,2025071404012652,HDHPC,Sewa Securities Pvt. Ltd.,J.F. Securites (PVT) Ltd.,100,197.1,19710.0,2025-07-14 13:39:14.746526
2025-07-14,29549,2025071404012818,HDHPC,Premier Securities Company Ltd.,Kumari Securities Private Limited,249,198.0,49302.0,2025-07-14 13:41:06.945971
2025-07-14,29548,2025071404012819,HDHPC,Premier Securities Company Ltd.,Aryatara Investment & Securities,169,198.0,33462.0,2025-07-14 13:41:06.946328
2025-07-14,29547,2025071404012820,HDHPC,Premier Securities Company Ltd.,Sumeru Securities Pvt. Ltd.,10,198.0,1980.0,2025-07-14 13:41:06.946464
2025-07-14,29546,2025071404012821,HDHPC,Premier Securities Company Ltd.,Dipshikha Dhitopatra Karobar Co. Pvt Ltd.,100,198.0,19800.0,2025-07-14 13:41:06.946595
2025-07-14,29545,2025071404012822,HDHPC,Premier Securities Company Ltd.,Kumari Securities Private Limited,300,198.0,59400.0,2025-07-14 13:41:06.946742
2025-07-14,29544,2025071404012823,HDHPC,Premier Securities Company Ltd.,Arun Securities (PVT) Ltd.,39,198.0,7722.0,2025-07-14 13:41:06.946878
2025-07-14,29543,2025071404012824,HDHPC,Premier Securities Company Ltd.,Naasa Securities Co. Ltd.,86,198.0,17028.0,2025-07-14 13:41:06.947007
2025-07-14,29542,2025071404012825,HDHPC,Premier Securities Company Ltd.,Vision Securities Pvt. Ltd,547,198.0,108306.0,2025-07-14 13:41:06.947135
2025-07-14,27989,2025071404013286,HDHPC,Agrawal Securities (PVT) Ltd.,Kohinoor Investment & Securities Pvt. Ltd.,100,198.0,19800.0,2025-07-14 13:47:39.381461
2025-07-14,27399,2025071404013446,HDHPC,Naasa Securities Co. Ltd.,Kohinoor Investment & Securities Pvt. Ltd.,25,198.0,4950.0,2025-07-14 13:50:37.078914
2025-07-14,26620,2025071404013665,HDHPC,Sewa Securities Pvt. Ltd.,Kohinoor Investment & Securities Pvt. Ltd.,900,197.1,177390.0,2025-07-14 13:54:09.505515
2025-07-14,26619,2025071404013666,HDHPC,Kalika Securities Pvt. Ltd.,Kohinoor Investment & Securities Pvt. Ltd.,700,197.1,137970.0,2025-07-14 13:54:09.505873
2025-07-14,26618,2025071404013667,HDHPC,Trisul Securities & Invt. Ltd.,Kohinoor Investment & Securities Pvt. Ltd.,250,197.1,49275.0,2025-07-14 13:54:09.506035
2025-07-14,26617,2025071404013668,HDHPC,Imperial Securities Company Pvt. Ltd.,Kohinoor Investment & Securities Pvt. Ltd.,86,197.0,16942.0,2025-07-14 13:54:09.506181
2025-07-14,26616,2025071404013669,HDHPC,BHOLE GANESH SECURITIES LTD,Kohinoor Investment & Securities Pvt. Ltd.,540,197.0,106380.0,2025-07-14 13:54:09.506336
2025-07-14,26615,2025071404013670,HDHPC,Vision Securities Pvt. Ltd,Kohinoor Investment & Securities Pvt. Ltd.,2200,197.0,433400.0,2025-07-14 13:54:09.506468
2025-07-14,26614,2025071404013671,HDHPC,Nepal Investment And Securities Trading Private Limited,Kohinoor Investment & Securities Pvt. Ltd.,50,197.0,9850.0,2025-07-14 13:54:09.506609
2025-07-14,26613,2025071404013672,HDHPC,Cristal Kanchanjanga Securites Pvt. Ltd.,Kohinoor Investment & Securities Pvt. Ltd.,50,197.0,9850.0,2025-07-14 13:54:09.506751
2025-07-14,26612,2025071404013673,HDHPC,Nepal Investment And Securities Trading Private Limited,Kohinoor Investment & Securities Pvt. Ltd.,100,197.0,19700.0,2025-07-14 13:54:09.506891
2025-07-14,26611,2025071404013674,HDHPC,Nepal Investment And Securities Trading Private Limited,Kohinoor Investment & Securities Pvt. Ltd.,20,197.0,3940.0,2025-07-14 13:54:09.507036
2025-07-14,26610,2025071404013675,HDHPC,Linch Stock Market Ltd.,Kohinoor Investment & Securities Pvt. Ltd.,1000,197.0,197000.0,2025-07-14 13:54:09.507197
2025-07-14,26609,2025071404013676,HDHPC,Naasa Securities Co. Ltd.,Kohinoor Investment & Securities Pvt. Ltd.,323,197.0,63631.0,2025-07-14 13:54:09.507352
2025-07-14,26608,2025071404013677,HDHPC,Nepal Investment And Securities Trading Private Limited,Kohinoor Investment & Securities Pvt. Ltd.,20,197.0,3940.0,2025-07-14 13:54:09.507495
2025-07-14,26607,2025071404013678,HDHPC,Premier Securities Company Ltd.,Kohinoor Investment & Securities Pvt. Ltd.,3761,197.0,740917.0,2025-07-14 13:54:09.507624
2025-07-14,26087,2025071404013858,HDHPC,J.F. Securites (PVT) Ltd.,NIMB Stock Markets Limited,37,197.1,7292.7,2025-07-14 13:56:33.418368
2025-07-14,26086,2025071404013859,HDHPC,Premier Securities Company Ltd.,NIMB Stock Markets Limited,963,197.0,189711.0,2025-07-14 13:56:33.418970
2025-07-14,25892,2025071404013916,HDHPC,Premier Securities Company Ltd.,ABC Securities Private Limited,276,197.0,54372.0,2025-07-14 13:57:25.430677
2025-07-14,25891,2025071404013917,HDHPC,Aryatara Investment & Securities,ABC Securities Private Limited,248,197.0,48856.0,2025-07-14 13:57:25.431038
2025-07-14,25751,2025071404013951,HDHPC,ABC Securities Private Limited,J.F. Securites (PVT) Ltd.,70,196.9,13783.0,2025-07-14 13:57:48.590016
2025-07-14,25528,2025071404014007,HDHPC,ABC Securities Private Limited,Trisul Securities & Invt. Ltd.,30,196.9,5907.0,2025-07-14 13:58:46.316024
2025-07-14,25527,2025071404014008,HDHPC,Primo Securities (PVT) Ltd.,Trisul Securities & Invt. Ltd.,20,196.9,3938.0,2025-07-14 13:58:46.316351
2025-07-14,25526,2025071404014009,HDHPC,Nepal Stock House (PVT) Ltd.,Trisul Securities & Invt. Ltd.,50,196.8,9840.0,2025-07-14 13:58:46.316488
2025-07-14,25366,2025071404014048,HDHPC,Deevyaa Securities & Stock House Pvt. Ltd,Dipshikha Dhitopatra Karobar Co. Pvt Ltd.,60,196.8,11808.0,2025-07-14 13:59:25.904754
2025-07-14,25317,2025071404014069,HDHPC,Himalayan Brokerage Company Limited,ABC Securities Private Limited,176,197.0,34672.0,2025-07-14 13:59:38.857383
2025-07-14,24325,2025071404014333,HDHPC,Nepal Stock House (PVT) Ltd.,Agrawal Securities (PVT) Ltd.,200,197.5,39500.0,2025-07-14 14:03:57.439075
2025-07-14,23769,2025071404014494,HDHPC,Trishakti Securities Public Limited,Agrawal Securities (PVT) Ltd.,130,197.5,25675.0,2025-07-14 14:06:07.444177
2025-07-14,23671,2025071404014523,HDHPC,Himalayan Brokerage Company Limited,J.F. Securites (PVT) Ltd.,100,197.0,19700.0,2025-07-14 14:06:27.514424
2025-07-14,23614,2025071404014545,HDHPC,Himalayan Brokerage Company Limited,Aryatara Investment & Securities,145,197.0,28565.0,2025-07-14 14:06:48.431265
2025-07-14,22897,2025071404014760,HDHPC,Himalayan Brokerage Company Limited,Online Securities Pvt. Ltd.,79,197.0,15563.0,2025-07-14 14:09:36.051585
2025-07-14,22896,2025071404014761,HDHPC,Vision Securities Pvt. Ltd,Online Securities Pvt. Ltd.,21,197.0,4137.0,2025-07-14 14:09:36.051701
2025-07-14,22640,2025071404014824,HDHPC,Primo Securities (PVT) Ltd.,Agrawal Securities (PVT) Ltd.,506,197.5,99935.0,2025-07-14 14:10:28.215206
2025-07-14,22484,2025071404014855,HDHPC,Swarna Laxmi Securities Pvt. Ltd.,Agrawal Securities (PVT) Ltd.,150,197.5,29625.0,2025-07-14 14:11:00.692886
2025-07-14,22204,2025071404014966,HDHPC,Siprabi Securities Pvt. Ltd.,Agrawal Securities (PVT) Ltd.,14,197.5,2765.0,2025-07-14 14:11:55.217939
2025-07-14,22203,2025071404014967,HDHPC,Siprabi Securities Pvt. Ltd.,Naasa Securities Co. Ltd.,120,197.5,23700.0,2025-07-14 14:11:55.218295
2025-07-14,22202,2025071404014968,HDHPC,Siprabi Securities Pvt. Ltd.,Vision Securities Pvt. Ltd,84,197.5,16590.0,2025-07-14 14:11:55.218477
2025-07-14,22018,2025071404015018,HDHPC,Sumeru Securities Pvt. Ltd.,Vision Securities Pvt. Ltd,369,197.5,72877.5,2025-07-14 14:12:33.808446
2025-07-14,22008,2025071404015020,HDHPC,Sumeru Securities Pvt. Ltd.,Dipshikha Dhitopatra Karobar Co. Pvt Ltd.,100,197.5,19750.0,2025-07-14 14:12:34.587784
2025-07-14,21213,2025071404015308,HDHPC,Sumeru Securities Pvt. Ltd.,Linch Stock Market Ltd.,31,197.5,6122.5,2025-07-14 14:16:15.229068
2025-07-14,21212,2025071404015309,HDHPC,Premier Securities Company Ltd.,Linch Stock Market Ltd.,500,197.1,98550.0,2025-07-14 14:16:15.229756
2025-07-14,21211,2025071404015310,HDHPC,Vision Securities Pvt. Ltd,Linch Stock Market Ltd.,71,197.0,13987.0,2025-07-14 14:16:15.230274
2025-07-14,21210,2025071404015311,HDHPC,Sewa Securities Pvt. Ltd.,Linch Stock Market Ltd.,1000,197.0,197000.0,2025-07-14 14:16:15.230752
2025-07-14,21209,2025071404015312,HDHPC,Naasa Securities Co. Ltd.,Linch Stock Market Ltd.,198,197.0,39006.0,2025-07-14 14:16:15.231228
2025-07-14,20673,2025071404015467,HDHPC,Naasa Securities Co. Ltd.,Malla & Malla Stock Broking Company Pvt. Limited,55,197.0,10835.0,2025-07-14 14:18:28.767638
2025-07-14,19892,2025071404015667,HDHPC,Malla & Malla Stock Broking Company Pvt. Limited,Online Securities Pvt. Ltd.,500,197.5,98750.0,2025-07-14 14:21:05.963478
2025-07-14,19748,2025071404015725,HDHPC,Linch Stock Market Ltd.,Naasa Securities Co. Ltd.,20,197.1,3942.0,2025-07-14 14:21:35.094100
2025-07-14,19361,2025071404015805,HDHPC,Linch Stock Market Ltd.,Online Securities Pvt. Ltd.,230,197.1,45333.0,2025-07-14 14:22:45.924871
2025-07-14,19360,2025071404015806,HDHPC,Naasa Securities Co. Ltd.,Online Securities Pvt. Ltd.,247,197.0,48659.0,2025-07-14 14:22:45.925199
2025-07-14,19359,2025071404015807,HDHPC,ABC Securities Private Limited,Online Securities Pvt. Ltd.,30,197.0,5910.0,2025-07-14 14:22:45.925366
2025-07-14,19358,2025071404015808,HDHPC,Opal Securities Investment (PVT) Ltd.,Online Securities Pvt. Ltd.,503,197.0,99091.0,2025-07-14 14:22:45.925508
2025-07-14,19216,2025071404015849,HDHPC,Opal Securities Investment (PVT) Ltd.,Aryatara Investment & Securities,487,197.0,95939.0,2025-07-14 14:23:15.146514
2025-07-14,19215,2025071404015850,HDHPC,Thrive Brokerage House Pvt. Ltd,Aryatara Investment & Securities,100,197.0,19700.0,2025-07-14 14:23:15.146816
2025-07-14,19125,2025071404015884,HDHPC,SUN SECURITIES PVT LTD,Aryatara Investment & Securities,377,197.0,74269.0,2025-07-14 14:23:34.865032
2025-07-14,19006,2025071404015927,HDHPC,Shree Krishna Securities Ltd.,Vision Securities Pvt. Ltd,50,196.9,9845.0,2025-07-14 14:23:57.731973
2025-07-14,18781,2025071404016000,HDHPC,J.F. Securites (PVT) Ltd.,Vision Securities Pvt. Ltd,50,196.9,9845.0,2025-07-14 14:24:35.162372
2025-07-14,18682,2025071404016018,HDHPC,Agrawal Securities (PVT) Ltd.,Aryatara Investment & Securities,36,197.0,7092.0,2025-07-14 14:24:48.634709
2025-07-14,18476,2025071404016086,HDHPC,Agrawal Securities (PVT) Ltd.,Kohinoor Investment & Securities Pvt. Ltd.,964,197.5,190390.0,2025-07-14 14:25:28.931985
2025-07-14,17660,2025071404016334,HDHPC,Naasa Securities Co. Ltd.,Citizens Share Broker Limited,10,197.4,1974.0,2025-07-14 14:27:55.261611
2025-07-14,17541,2025071404016362,HDHPC,Opal Securities Investment (PVT) Ltd.,Primo Securities (PVT) Ltd.,901,197.0,177497.0,2025-07-14 14:28:11.933138
2025-07-14,17007,2025071404016541,HDHPC,Opal Securities Investment (PVT) Ltd.,Dynamic Money Managers Securities Pvt. Ltd.,44,197.0,8668.0,2025-07-14 14:29:56.043306
2025-07-14,16612,2025071404016668,HDHPC,Opal Securities Investment (PVT) Ltd.,Online Securities Pvt. Ltd.,55,197.0,10835.0,2025-07-14 14:30:59.557066
2025-07-14,16269,2025071404016768,HDHPC,ABC Securities Private Limited,Citizens Share Broker Limited,300,197.4,59220.0,2025-07-14 14:31:53.819608
2025-07-14,15100,2025071404017119,HDHPC,Naasa Securities Co. Ltd.,Deevyaa Securities & Stock House Pvt. Ltd,78,197.0,15366.0,2025-07-14 14:34:40.392286
2025-07-14,15099,2025071404017120,HDHPC,Siprabi Securities Pvt. Ltd.,Deevyaa Securities & Stock House Pvt. Ltd,49,197.0,9653.0,2025-07-14 14:34:40.392634
2025-07-14,14929,2025071404017168,HDHPC,Deevyaa Securities & Stock House Pvt. Ltd,Deevyaa Securities & Stock House Pvt. Ltd,190,197.0,37430.0,2025-07-14 14:35:05.726613
2025-07-14,14692,2025071404017211,HDHPC,Sewa Securities Pvt. Ltd.,Deevyaa Securities & Stock House Pvt. Ltd,100,197.0,19700.0,2025-07-14 14:35:28.555596
2025-07-14,14615,2025071404017249,HDHPC,SUN SECURITIES PVT LTD,Deevyaa Securities & Stock House Pvt. Ltd,183,197.0,36051.0,2025-07-14 14:35:42.586417
2025-07-14,13091,2025071404017714,HDHPC,Property Wiard Limited,Citizens Share Broker Limited,10,197.4,1974.0,2025-07-14 14:39:43.851388
2025-07-14,12922,2025071404017784,HDHPC,Premier Securities Company Ltd.,Citizens Share Broker Limited,180,197.4,35532.0,2025-07-14 14:40:10.144706
2025-07-14,12921,2025071404017785,HDHPC,Premier Securities Company Ltd.,Elite Stock House Limited,520,197.4,102648.0,2025-07-14 14:40:10.145028
2025-07-14,12235,2025071404017955,HDHPC,Online Securities Pvt. Ltd.,Sweta Securities Private Limited,500,197.2,98600.0,2025-07-14 14:41:38.349447
2025-07-14,12013,2025071404018043,HDHPC,J.F. Securites (PVT) Ltd.,Premier Securities Company Ltd.,50,197.0,9850.0,2025-07-14 14:42:12.904986
2025-07-14,12012,2025071404018044,HDHPC,Aryatara Investment & Securities,Premier Securities Company Ltd.,500,197.0,98500.0,2025-07-14 14:42:12.905387
2025-07-14,12011,2025071404018045,HDHPC,Online Securities Pvt. Ltd.,Premier Securities Company Ltd.,50,197.0,9850.0,2025-07-14 14:42:12.905528
2025-07-14,11752,2025071404018158,HDHPC,Kohinoor Investment & Securities Pvt. Ltd.,Elite Stock House Limited,180,197.4,35532.0,2025-07-14 14:42:46.495629
2025-07-14,11751,2025071404018159,HDHPC,Kohinoor Investment & Securities Pvt. Ltd.,Kohinoor Investment & Securities Pvt. Ltd.,9820,197.5,1939450.0,2025-07-14 14:42:46.496036
2025-07-14,11735,2025071404018161,HDHPC,J.F. Securites (PVT) Ltd.,Imperial Securities Company Pvt. Ltd.,30,197.1,5913.0,2025-07-14 14:42:47.671329
2025-07-14,11734,2025071404018162,HDHPC,Online Securities Pvt. Ltd.,Imperial Securities Company Pvt. Ltd.,150,197.0,29550.0,2025-07-14 14:42:47.671681
2025-07-14,11733,2025071404018163,HDHPC,Aryatara Investment & Securities,Imperial Securities Company Pvt. Ltd.,70,197.0,13790.0,2025-07-14 14:42:47.671822
2025-07-14,11249,2025071404018280,HDHPC,Aryatara Investment & Securities,J.F. Securites (PVT) Ltd.,30,197.0,5910.0,2025-07-14 14:43:57.151971
2025-07-14,11248,2025071404018281,HDHPC,Shree Krishna Securities Ltd.,J.F. Securites (PVT) Ltd.,20,197.0,3940.0,2025-07-14 14:43:57.152338
2025-07-14,11030,2025071404018340,HDHPC,Property Wiard Limited,Kohinoor Investment & Securities Pvt. Ltd.,10,197.5,1975.0,2025-07-14 14:44:27.592114
2025-07-14,10660,2025071404018402,HDHPC,Shree Krishna Securities Ltd.,Kohinoor Investment & Securities Pvt. Ltd.,170,197.5,33575.0,2025-07-14 14:44:53.938992
2025-07-14,10640,2025071404018405,HDHPC,Shree Krishna Securities Ltd.,Kohinoor Investment & Securities Pvt. Ltd.,336,197.5,66360.0,2025-07-14 14:44:57.353763
2025-07-14,10582,2025071404018426,HDHPC,Kohinoor Investment & Securities Pvt. Ltd.,Kohinoor Investment & Securities Pvt. Ltd.,89664,197.5,17708640.0,2025-07-14 14:45:04.400769
2025-07-14,10492,2025071404018466,HDHPC,Online Securities Pvt. Ltd.,Kohinoor Investment & Securities Pvt. Ltd.,200,198.0,39600.0,2025-07-14 14:45:17.024732
2025-07-14,9735,2025071404018791,HDHPC,Kohinoor Investment & Securities Pvt. Ltd.,Deevyaa Securities & Stock House Pvt. Ltd,336,197.5,66360.0,2025-07-14 14:46:55.363122
2025-07-14,9734,2025071404018792,HDHPC,Premier Securities Company Ltd.,Deevyaa Securities & Stock House Pvt. Ltd,17,197.5,3357.5,2025-07-14 14:46:55.363510
2025-07-14,8949,2025071404019112,HDHPC,Agrawal Securities (PVT) Ltd.,Shree Krishna Securities Ltd.,50,197.9,9895.0,2025-07-14 14:48:40.605976
2025-07-14,8948,2025071404019113,HDHPC,Agrawal Securities (PVT) Ltd.,Kohinoor Investment & Securities Pvt. Ltd.,1050,198.0,207900.0,2025-07-14 14:48:40.606310
2025-07-14,8205,2025071404019317,HDHPC,Sumeru Securities Pvt. Ltd.,Deevyaa Securities & Stock House Pvt. Ltd,150,197.9,29685.0,2025-07-14 14:50:15.157898
2025-07-14,7645,2025071404019530,HDHPC,Kohinoor Investment & Securities Pvt. Ltd.,Kohinoor Investment & Securities Pvt. Ltd.,1000,198.0,198000.0,2025-07-14 14:51:25.051409
2025-07-14,7561,2025071404019550,HDHPC,Aryatara Investment & Securities,Creative Securities Pvt Ltd,100,197.6,19760.0,2025-07-14 14:51:34.750764
2025-07-14,7440,2025071404019598,HDHPC,Aryatara Investment & Securities,Naasa Securities Co. Ltd.,100,197.6,19760.0,2025-07-14 14:51:49.315408
2025-07-14,6690,2025071404019906,HDHPC,Premier Securities Company Ltd.,Premier Securities Company Ltd.,33,197.5,6517.5,2025-07-14 14:52:50.808687
2025-07-14,6689,2025071404019907,HDHPC,Trishakti Securities Public Limited,Premier Securities Company Ltd.,67,197.5,13232.5,2025-07-14 14:52:50.808994
2025-07-14,5514,2025071404020206,HDHPC,Aryatara Investment & Securities,Sweta Securities Private Limited,300,197.6,59280.0,2025-07-14 14:54:43.659573
2025-07-14,5365,2025071404020253,HDHPC,Arun Securities (PVT) Ltd.,Sweta Securities Private Limited,10,197.6,1976.0,2025-07-14 14:54:57.865596
2025-07-14,5364,2025071404020254,HDHPC,Trishakti Securities Public Limited,Sweta Securities Private Limited,33,197.5,6517.5,2025-07-14 14:54:57.865901
2025-07-14,5363,2025071404020255,HDHPC,Naasa Securities Co. Ltd.,Sweta Securities Private Limited,40,197.5,7900.0,2025-07-14 14:54:57.866080
2025-07-14,5362,2025071404020256,HDHPC,J.F. Securites (PVT) Ltd.,Sweta Securities Private Limited,15,197.1,2956.5,2025-07-14 14:54:57.866243
2025-07-14,5361,2025071404020257,HDHPC,Shree Krishna Securities Ltd.,Sweta Securities Private Limited,30,197.0,5910.0,2025-07-14 14:54:57.866428
2025-07-14,5360,2025071404020258,HDHPC,Nepal Investment And Securities Trading Private Limited,Sweta Securities Private Limited,10,197.0,1970.0,2025-07-14 14:54:57.866582
2025-07-14,5359,2025071404020259,HDHPC,Nepal Investment And Securities Trading Private Limited,Sweta Securities Private Limited,10,197.0,1970.0,2025-07-14 14:54:57.866731
2025-07-14,5358,2025071404020260,HDHPC,Sundhara Securities Limited,Sweta Securities Private Limited,10,197.0,1970.0,2025-07-14 14:54:57.866896
2025-07-14,5357,2025071404020261,HDHPC,Vision Securities Pvt. Ltd,Sweta Securities Private Limited,812,197.0,159964.0,2025-07-14 14:54:57.867034
2025-07-14,5304,2025071404020294,HDHPC,Infinity Securities Limited,Oxford Securities Pvt. Ltd.,1000,197.9,197900.0,2025-07-14 14:55:05.012232
2025-07-14,5015,2025071404020397,HDHPC,Infinity Securities Limited,Oxford Securities Pvt. Ltd.,700,197.9,138530.0,2025-07-14 14:55:24.076107
2025-07-14,4825,2025071404020463,HDHPC,Infinity Securities Limited,Kohinoor Investment & Securities Pvt. Ltd.,1300,198.0,257400.0,2025-07-14 14:55:42.150979
2025-07-14,4714,2025071404020486,HDHPC,Infinity Securities Limited,Kohinoor Investment & Securities Pvt. Ltd.,1325,198.0,262350.0,2025-07-14 14:55:52.184355
2025-07-14,4713,2025071404020487,HDHPC,Infinity Securities Limited,Imperial Securities Company Pvt. Ltd.,60,198.0,11880.0,2025-07-14 14:55:52.184606
2025-07-14,4712,2025071404020488,HDHPC,Infinity Securities Limited,Siprabi Securities Pvt. Ltd.,50,198.0,9900.0,2025-07-14 14:55:52.184749
2025-07-14,4711,2025071404020489,HDHPC,Infinity Securities Limited,Dipshikha Dhitopatra Karobar Co. Pvt Ltd.,565,198.0,111870.0,2025-07-14 14:55:52.184883
2025-07-14,4643,2025071404020509,HDHPC,Aryatara Investment & Securities,Hatemalo Financial Services Private Limited,200,197.9,39580.0,2025-07-14 14:55:59.458741
2025-07-14,4465,2025071404020576,HDHPC,Infinity Securities Limited,Hatemalo Financial Services Private Limited,300,197.9,59370.0,2025-07-14 14:56:16.267695
2025-07-14,4159,2025071404020664,HDHPC,Infinity Securities Limited,Dipshikha Dhitopatra Karobar Co. Pvt Ltd.,435,198.0,86130.0,2025-07-14 14:56:40.355123
2025-07-14,4158,2025071404020665,HDHPC,Infinity Securities Limited,Kohinoor Investment & Securities Pvt. Ltd.,1265,198.0,250470.0,2025-07-14 14:56:40.355413
2025-07-14,3835,2025071404020741,HDHPC,Naasa Securities Co. Ltd.,Dakshinkali Investment & Securities Pvt. Ltd.,30,197.9,5937.0,2025-07-14 14:57:06.188078
2025-07-14,3276,2025071404020907,HDHPC,J.F. Securites (PVT) Ltd.,Dakshinkali Investment & Securities Pvt. Ltd.,250,197.9,49475.0,2025-07-14 14:57:46.788631
2025-07-14,2405,2025071404021179,HDHPC,Naasa Securities Co. Ltd.,Kohinoor Investment & Securities Pvt. Ltd.,100,197.5,19750.0,2025-07-14 14:58:37.417186
2025-07-14,2404,2025071404021180,HDHPC,Sri Hari Securities Pvt. Ltd.,Kohinoor Investment & Securities Pvt. Ltd.,85,197.5,16787.5,2025-07-14 14:58:37.417519
2025-07-14,2402,2025071404021181,HDHPC,Sundhara Securities Limited,Infinity Securities Limited,100,197.2,19720.0,2025-07-14 14:58:37.698796
2025-07-14,2401,2025071404021182,HDHPC,Vision Securities Pvt. Ltd,Infinity Securities Limited,188,197.0,37036.0,2025-07-14 14:58:37.699165
2025-07-14,2400,2025071404021183,HDHPC,Dynamic Money Managers Securities Pvt. Ltd.,Infinity Securities Limited,100,197.0,19700.0,2025-07-14 14:58:37.699320
2025-07-14,2399,2025071404021184,HDHPC,Imperial Securities Company Pvt. Ltd.,Infinity Securities Limited,100,197.0,19700.0,2025-07-14 14:58:37.699458
2025-07-14,2398,2025071404021185,HDHPC,Nepal Investment And Securities Trading Private Limited,Infinity Securities Limited,10,197.0,1970.0,2025-07-14 14:58:37.699595
2025-07-14,1810,2025071404021347,HDHPC,Dipshikha Dhitopatra Karobar Co. Pvt Ltd.,Vision Securities Pvt. Ltd,30,197.0,5910.0,2025-07-14 14:59:01.431190
2025-07-14,1809,2025071404021348,HDHPC,Trisul Securities & Invt. Ltd.,Vision Securities Pvt. Ltd,95,197.0,18715.0,2025-07-14 14:59:01.431505
2025-07-14,1233,2025071404021552,HDHPC,Trisul Securities & Invt. Ltd.,Kohinoor Investment & Securities Pvt. Ltd.,295,197.0,58115.0,2025-07-14 14:59:23.920940
2025-07-14,1232,2025071404021553,HDHPC,Aryatara Investment & Securities,Kohinoor Investment & Securities Pvt. Ltd.,2000,197.0,394000.0,2025-07-14 14:59:23.921569
2025-07-14,1231,2025071404021554,HDHPC,Nepal Investment And Securities Trading Private Limited,Kohinoor Investment & Securities Pvt. Ltd.,10,197.0,1970.0,2025-07-14 14:59:23.921983
2025-07-14,1230,2025071404021555,HDHPC,Sweta Securities Private Limited,Kohinoor Investment & Securities Pvt. Ltd.,20,197.0,3940.0,2025-07-14 14:59:23.922419
2025-07-14,1229,2025071404021556,HDHPC,Vision Securities Pvt. Ltd,Kohinoor Investment & Securities Pvt. Ltd.,300,197.0,59100.0,2025-07-14 14:59:23.922824
2025-07-14,1228,2025071404021557,HDHPC,Online Securities Pvt. Ltd.,Kohinoor Investment & Securities Pvt. Ltd.,100,197.0,19700.0,2025-07-14 14:59:23.923227
2025-07-14,1227,2025071404021558,HDHPC,Kohinoor Investment & Securities Pvt. Ltd.,Kohinoor Investment & Securities Pvt. Ltd.,256,197.0,50432.0,2025-07-14 14:59:23.923641
2025-07-14,1226,2025071404021559,HDHPC,Dakshinkali Investment & Securities Pvt. Ltd.,Kohinoor Investment & Securities Pvt. Ltd.,500,197.0,98500.0,2025-07-14 14:59:23.924054
