Date,S.N.,Contract ID,Symbol,Buyer Broker,Seller Broker,volume,rate,amount,transaction_time
2025-07-14,71537,2025071404000414,JOSHI,Dipshikha Dhitopatra Karobar Co. Pvt Ltd.,Vision Securities Pvt. Ltd,100,329.0,32900.0,2025-07-14 11:03:43.465714
2025-07-14,71536,2025071404000415,JOSHI,Kumari Securities Private Limited,Vision Securities Pvt. Ltd,35,328.0,11480.0,2025-07-14 11:03:43.465770
2025-07-14,71535,2025071404000416,JOSHI,Opal Securities Investment (PVT) Ltd.,Vision Securities Pvt. Ltd,113,328.0,37064.0,2025-07-14 11:03:43.465799
2025-07-14,71534,2025071404000417,JOSHI,Dipshikha Dhitopatra Karobar Co. Pvt Ltd.,Vision Securities Pvt. Ltd,1447,328.0,474616.0,2025-07-14 11:03:43.465842
2025-07-14,69104,2025071404001148,JOSHI,Vision Securities Pvt. Ltd,Ashutosh Brokerage & Securities (PVT) Ltd.,20,328.1,6562.0,2025-07-14 11:11:32.797655
2025-07-14,69087,2025071404001152,JOSHI,Naasa Securities Co. Ltd.,Primo Securities (PVT) Ltd.,20,333.0,6660.0,2025-07-14 11:11:36.568158
2025-07-14,68931,2025071404001193,JOSHI,Naasa Securities Co. Ltd.,Indira securities pvt. ltd,30,334.0,10020.0,2025-07-14 11:12:08.426504
2025-07-14,68930,2025071404001194,JOSHI,Naasa Securities Co. Ltd.,Dipshikha Dhitopatra Karobar Co. Pvt Ltd.,100,334.0,33400.0,2025-07-14 11:12:08.426598
2025-07-14,68920,2025071404001196,JOSHI,Sumeru Securities Pvt. Ltd.,Miyo Securities Pvt Ltd,1,339.6,339.6,2025-07-14 11:12:10.061474
2025-07-14,68861,2025071404001210,JOSHI,Vision Securities Pvt. Ltd,Dipshikha Dhitopatra Karobar Co. Pvt Ltd.,400,334.0,133600.0,2025-07-14 11:12:22.757702
2025-07-14,68252,2025071404001423,JOSHI,Aryatara Investment & Securities,Secured Securities Ltd.,75,332.0,24900.0,2025-07-14 11:14:06.928184
2025-07-14,67579,2025071404001580,JOSHI,Imperial Securities Company Pvt. Ltd.,Miyo Securities Pvt Ltd,10,336.0,3360.0,2025-07-14 11:16:19.194479
2025-07-14,67162,2025071404001685,JOSHI,ABC Securities Private Limited,Trishakti Securities Public Limited,15,335.9,5038.5,2025-07-14 11:17:50.004039
2025-07-14,67051,2025071404001721,JOSHI,Oxford Securities Pvt. Ltd.,Vision Securities Pvt. Ltd,194,335.0,64990.0,2025-07-14 11:18:14.725910
2025-07-14,67050,2025071404001722,JOSHI,Nepal Investment And Securities Trading Private Limited,Vision Securities Pvt. Ltd,606,335.0,203010.0,2025-07-14 11:18:14.726032
2025-07-14,66996,2025071404001732,JOSHI,Dynamic Money Managers Securities Pvt. Ltd.,Trishakti Securities Public Limited,120,335.9,40308.0,2025-07-14 11:18:26.600678
2025-07-14,66972,2025071404001738,JOSHI,Nepal Investment And Securities Trading Private Limited,Ashutosh Brokerage & Securities (PVT) Ltd.,94,335.0,31490.0,2025-07-14 11:18:33.856772
2025-07-14,66971,2025071404001739,JOSHI,Kohinoor Investment & Securities Pvt. Ltd.,Ashutosh Brokerage & Securities (PVT) Ltd.,100,332.0,33200.0,2025-07-14 11:18:33.856891
2025-07-14,66918,2025071404001756,JOSHI,Naasa Securities Co. Ltd.,Ashutosh Brokerage & Securities (PVT) Ltd.,10,332.0,3320.0,2025-07-14 11:18:44.849479
2025-07-14,66781,2025071404001781,JOSHI,Ashutosh Brokerage & Securities (PVT) Ltd.,Ashutosh Brokerage & Securities (PVT) Ltd.,165,332.0,54780.0,2025-07-14 11:19:12.051227
2025-07-14,66766,2025071404001785,JOSHI,Capital Max Securities Ltd,Ashutosh Brokerage & Securities (PVT) Ltd.,20,332.0,6640.0,2025-07-14 11:19:16.766013
2025-07-14,66738,2025071404001793,JOSHI,Vision Securities Pvt. Ltd,Ashutosh Brokerage & Securities (PVT) Ltd.,50,332.0,16600.0,2025-07-14 11:19:25.159287
2025-07-14,66561,2025071404001840,JOSHI,Capital Max Securities Ltd,Ashutosh Brokerage & Securities (PVT) Ltd.,10,332.0,3320.0,2025-07-14 11:19:55.936805
2025-07-14,66533,2025071404001845,JOSHI,INDEX SECURITIES LIMITED,Ashutosh Brokerage & Securities (PVT) Ltd.,150,332.0,49800.0,2025-07-14 11:20:02.146386
2025-07-14,66148,2025071404001935,JOSHI,Sani Securities Company Ltd.,Himalayan Brokerage Company Limited,100,335.0,33500.0,2025-07-14 11:21:14.268046
2025-07-14,66147,2025071404001936,JOSHI,Sani Securities Company Ltd.,Vision Securities Pvt. Ltd,100,335.0,33500.0,2025-07-14 11:21:14.268174
2025-07-14,65872,2025071404001993,JOSHI,Sani Securities Company Ltd.,Trishakti Securities Public Limited,165,335.9,55423.5,2025-07-14 11:22:07.105127
2025-07-14,65832,2025071404001999,JOSHI,South Asian Bulls Pvt. Ltd.,Vision Securities Pvt. Ltd,100,336.0,33600.0,2025-07-14 11:22:17.023507
2025-07-14,65649,2025071404002044,JOSHI,Sundhara Securities Limited,Vision Securities Pvt. Ltd,10,336.0,3360.0,2025-07-14 11:22:57.598177
2025-07-14,65592,2025071404002075,JOSHI,Stoxkarts Securities Limited,Vision Securities Pvt. Ltd,90,336.0,30240.0,2025-07-14 11:23:01.809723
2025-07-14,65180,2025071404002191,JOSHI,Trishakti Securities Public Limited,Vision Securities Pvt. Ltd,100,336.5,33650.0,2025-07-14 11:24:17.452818
2025-07-14,65068,2025071404002208,JOSHI,Aryatara Investment & Securities,Market Securities & Exchange (PVT) Ltd.,300,337.0,101100.0,2025-07-14 11:24:41.979371
2025-07-14,65017,2025071404002222,JOSHI,Aryatara Investment & Securities,Himalayan Brokerage Company Limited,100,337.0,33700.0,2025-07-14 11:24:48.611397
2025-07-14,65008,2025071404002224,JOSHI,INDEX SECURITIES LIMITED,Himalayan Brokerage Company Limited,50,337.3,16865.0,2025-07-14 11:24:50.279415
2025-07-14,65006,2025071404002226,JOSHI,Aryatara Investment & Securities,Online Securities Pvt. Ltd.,100,337.0,33700.0,2025-07-14 11:24:50.902692
2025-07-14,64790,2025071404002262,JOSHI,Aryatara Investment & Securities,Aryatara Investment & Securities,1425,337.0,480225.0,2025-07-14 11:25:24.274787
2025-07-14,64754,2025071404002269,JOSHI,Online Securities Pvt. Ltd.,Aryatara Investment & Securities,200,337.0,67400.0,2025-07-14 11:25:29.225530
2025-07-14,64662,2025071404002300,JOSHI,Sri Hari Securities Pvt. Ltd.,Aryatara Investment & Securities,47,337.0,15839.0,2025-07-14 11:25:44.475752
2025-07-14,64560,2025071404002327,JOSHI,Trishakti Securities Public Limited,Vision Securities Pvt. Ltd,100,336.5,33650.0,2025-07-14 11:26:02.182103
2025-07-14,64526,2025071404002343,JOSHI,Agrawal Securities (PVT) Ltd.,Thrive Brokerage House Pvt. Ltd,25,336.8,8420.0,2025-07-14 11:26:09.395029
2025-07-14,64498,2025071404002345,JOSHI,Kalika Securities Pvt. Ltd.,Aryatara Investment & Securities,200,337.0,67400.0,2025-07-14 11:26:12.821308
2025-07-14,64450,2025071404002355,JOSHI,Kohinoor Investment & Securities Pvt. Ltd.,Aryatara Investment & Securities,128,337.0,43136.0,2025-07-14 11:26:24.467904
2025-07-14,64449,2025071404002356,JOSHI,Kohinoor Investment & Securities Pvt. Ltd.,Oxford Securities Pvt. Ltd.,172,337.0,57964.0,2025-07-14 11:26:24.468035
2025-07-14,64302,2025071404002394,JOSHI,Vision Securities Pvt. Ltd,Oxford Securities Pvt. Ltd.,27,337.0,9099.0,2025-07-14 11:26:46.522255
2025-07-14,64166,2025071404002420,JOSHI,Kohinoor Investment & Securities Pvt. Ltd.,Himalayan Brokerage Company Limited,50,337.3,16865.0,2025-07-14 11:27:20.746717
2025-07-14,64147,2025071404002422,JOSHI,INDEX SECURITIES LIMITED,Investment Management Nepal Pvt. Ltd.,208,337.4,70179.2,2025-07-14 11:27:24.753131
2025-07-14,64146,2025071404002423,JOSHI,INDEX SECURITIES LIMITED,Sani Securities Company Ltd.,50,338.0,16900.0,2025-07-14 11:27:24.753250
2025-07-14,64145,2025071404002424,JOSHI,INDEX SECURITIES LIMITED,Naasa Securities Co. Ltd.,100,338.0,33800.0,2025-07-14 11:27:24.753301
2025-07-14,64144,2025071404002425,JOSHI,INDEX SECURITIES LIMITED,Nepal Investment And Securities Trading Private Limited,142,338.0,47996.0,2025-07-14 11:27:24.753366
2025-07-14,64110,2025071404002432,JOSHI,Capital Max Securities Ltd,Nepal Investment And Securities Trading Private Limited,10,338.0,3380.0,2025-07-14 11:27:32.723227
2025-07-14,64096,2025071404002436,JOSHI,Dipshikha Dhitopatra Karobar Co. Pvt Ltd.,Nepal Investment And Securities Trading Private Limited,148,338.0,50024.0,2025-07-14 11:27:36.425245
2025-07-14,64095,2025071404002437,JOSHI,Dipshikha Dhitopatra Karobar Co. Pvt Ltd.,Primo Securities (PVT) Ltd.,52,338.0,17576.0,2025-07-14 11:27:36.425509
2025-07-14,64081,2025071404002439,JOSHI,Premier Securities Company Ltd.,Primo Securities (PVT) Ltd.,48,338.0,16224.0,2025-07-14 11:27:38.582338
2025-07-14,64063,2025071404002442,JOSHI,Naasa Securities Co. Ltd.,Dipshikha Dhitopatra Karobar Co. Pvt Ltd.,10,338.1,3381.0,2025-07-14 11:27:43.780841
2025-07-14,63990,2025071404002457,JOSHI,Premier Securities Company Ltd.,Dipshikha Dhitopatra Karobar Co. Pvt Ltd.,40,338.1,13524.0,2025-07-14 11:27:57.673788
2025-07-14,63989,2025071404002458,JOSHI,Premier Securities Company Ltd.,Agrawal Securities (PVT) Ltd.,23,338.3,7780.9,2025-07-14 11:27:57.673893
2025-07-14,63967,2025071404002463,JOSHI,Kohinoor Investment & Securities Pvt. Ltd.,Agrawal Securities (PVT) Ltd.,60,338.3,20298.0,2025-07-14 11:28:02.969362
2025-07-14,63837,2025071404002485,JOSHI,Trisul Securities & Invt. Ltd.,Market Securities & Exchange (PVT) Ltd.,200,339.0,67800.0,2025-07-14 11:28:22.038077
2025-07-14,63836,2025071404002486,JOSHI,Trisul Securities & Invt. Ltd.,Sundhara Securities Limited,15,340.0,5100.0,2025-07-14 11:28:22.038196
2025-07-14,63835,2025071404002487,JOSHI,Trisul Securities & Invt. Ltd.,Swarna Laxmi Securities Pvt. Ltd.,285,340.0,96900.0,2025-07-14 11:28:22.038252
2025-07-14,63697,2025071404002514,JOSHI,Dipshikha Dhitopatra Karobar Co. Pvt Ltd.,Swarna Laxmi Securities Pvt. Ltd.,15,340.0,5100.0,2025-07-14 11:28:44.861111
2025-07-14,63517,2025071404002560,JOSHI,Dipshikha Dhitopatra Karobar Co. Pvt Ltd.,Trishakti Securities Public Limited,35,340.0,11900.0,2025-07-14 11:29:07.390050
2025-07-14,63474,2025071404002565,JOSHI,Stoxkarts Securities Limited,Sewa Securities Pvt. Ltd.,200,340.6,68120.0,2025-07-14 11:29:12.851775
2025-07-14,63473,2025071404002566,JOSHI,Stoxkarts Securities Limited,South Asian Bulls Pvt. Ltd.,300,340.6,102180.0,2025-07-14 11:29:12.851916
2025-07-14,63454,2025071404002570,JOSHI,Stoxkarts Securities Limited,N.M.B. SECURITIES LIMITED,20,340.6,6812.0,2025-07-14 11:29:16.420068
2025-07-14,63384,2025071404002581,JOSHI,Online Securities Pvt. Ltd.,N.M.B. SECURITIES LIMITED,20,340.0,6800.0,2025-07-14 11:29:26.068279
2025-07-14,63348,2025071404002586,JOSHI,Agrawal Securities (PVT) Ltd.,N.M.B. SECURITIES LIMITED,45,340.0,15300.0,2025-07-14 11:29:34.983204
2025-07-14,63251,2025071404002603,JOSHI,Agrawal Securities (PVT) Ltd.,Bhrikuti Stock Broking Co. Pvt. Ltd.,100,341.0,34100.0,2025-07-14 11:29:51.067911
2025-07-14,63194,2025071404002618,JOSHI,Kohinoor Investment & Securities Pvt. Ltd.,ABC Securities Private Limited,90,342.0,30780.0,2025-07-14 11:30:02.579496
2025-07-14,63193,2025071404002619,JOSHI,Sani Securities Company Ltd.,ABC Securities Private Limited,160,342.0,54720.0,2025-07-14 11:30:03.164373
2025-07-14,63192,2025071404002620,JOSHI,Sani Securities Company Ltd.,Shree Krishna Securities Ltd.,200,342.0,68400.0,2025-07-14 11:30:03.164597
2025-07-14,63191,2025071404002621,JOSHI,Sani Securities Company Ltd.,Dakshinkali Investment & Securities Pvt. Ltd.,32,342.5,10960.0,2025-07-14 11:30:03.164721
2025-07-14,63190,2025071404002622,JOSHI,Sani Securities Company Ltd.,Roadshow securities limited,200,342.7,68540.0,2025-07-14 11:30:03.164842
2025-07-14,63189,2025071404002623,JOSHI,Sani Securities Company Ltd.,Naasa Securities Co. Ltd.,103,342.7,35298.1,2025-07-14 11:30:03.164958
2025-07-14,63188,2025071404002624,JOSHI,Sani Securities Company Ltd.,Vision Securities Pvt. Ltd,35,342.7,11994.5,2025-07-14 11:30:03.165075
2025-07-14,63093,2025071404002653,JOSHI,Sani Securities Company Ltd.,Sundhara Securities Limited,400,342.7,137080.0,2025-07-14 11:30:22.490185
2025-07-14,63031,2025071404002665,JOSHI,Dipshikha Dhitopatra Karobar Co. Pvt Ltd.,Malla & Malla Stock Broking Company Pvt. Limited,200,343.0,68600.0,2025-07-14 11:30:32.810161
2025-07-14,62935,2025071404002682,JOSHI,Aryatara Investment & Securities,Malla & Malla Stock Broking Company Pvt. Limited,300,343.0,102900.0,2025-07-14 11:30:46.493479
2025-07-14,62934,2025071404002683,JOSHI,Aryatara Investment & Securities,K.B.L. Securities Limited ,700,343.0,240100.0,2025-07-14 11:30:46.493590
2025-07-14,62917,2025071404002689,JOSHI,Naasa Securities Co. Ltd.,K.B.L. Securities Limited ,100,343.0,34300.0,2025-07-14 11:30:48.012825
2025-07-14,62843,2025071404002702,JOSHI,Sani Securities Company Ltd.,Trishakti Securities Public Limited,65,342.7,22275.5,2025-07-14 11:31:02.096831
2025-07-14,62841,2025071404002703,JOSHI,Oxford Securities Pvt. Ltd.,K.B.L. Securities Limited ,100,343.0,34300.0,2025-07-14 11:31:02.417465
2025-07-14,62840,2025071404002704,JOSHI,Malla & Malla Stock Broking Company Pvt. Limited,K.B.L. Securities Limited ,100,343.0,34300.0,2025-07-14 11:31:02.601387
2025-07-14,62739,2025071404002735,JOSHI,Sani Securities Company Ltd.,Online Securities Pvt. Ltd.,100,343.7,34370.0,2025-07-14 11:31:21.956080
2025-07-14,62555,2025071404002793,JOSHI,Sani Securities Company Ltd.,Naasa Securities Co. Ltd.,15,345.0,5175.0,2025-07-14 11:31:53.175811
2025-07-14,62554,2025071404002794,JOSHI,Sani Securities Company Ltd.,Sundhara Securities Limited,35,345.0,12075.0,2025-07-14 11:31:53.176051
2025-07-14,62535,2025071404002796,JOSHI,Imperial Securities Company Pvt. Ltd.,Sundhara Securities Limited,65,345.0,22425.0,2025-07-14 11:31:55.699299
2025-07-14,62500,2025071404002804,JOSHI,Midas Stock Broking Company Private Limited,Sri Hari Securities Pvt. Ltd.,465,345.5,160657.5,2025-07-14 11:32:02.048457
2025-07-14,62499,2025071404002805,JOSHI,Midas Stock Broking Company Private Limited,Dakshinkali Investment & Securities Pvt. Ltd.,100,346.8,34680.0,2025-07-14 11:32:02.048515
2025-07-14,62498,2025071404002806,JOSHI,Midas Stock Broking Company Private Limited,Dakshinkali Investment & Securities Pvt. Ltd.,435,348.0,151380.0,2025-07-14 11:32:02.048545
2025-07-14,62455,2025071404002813,JOSHI,Sundhara Securities Limited,Dakshinkali Investment & Securities Pvt. Ltd.,30,348.0,10440.0,2025-07-14 11:32:09.894754
2025-07-14,62441,2025071404002814,JOSHI,Imperial Securities Company Pvt. Ltd.,Bhrikuti Stock Broking Co. Pvt. Ltd.,100,345.0,34500.0,2025-07-14 11:32:10.944623
2025-07-14,62411,2025071404002827,JOSHI,Neev Securities Pvt. Ltd.,Dakshinkali Investment & Securities Pvt. Ltd.,35,348.0,12180.0,2025-07-14 11:32:20.033501
2025-07-14,62410,2025071404002828,JOSHI,Neev Securities Pvt. Ltd.,Neev Securities Pvt. Ltd.,200,349.0,69800.0,2025-07-14 11:32:20.033569
2025-07-14,62409,2025071404002829,JOSHI,Neev Securities Pvt. Ltd.,Sajilo Broker Limited,70,349.0,24430.0,2025-07-14 11:32:20.033590
2025-07-14,62408,2025071404002830,JOSHI,Neev Securities Pvt. Ltd.,J.F. Securites (PVT) Ltd.,200,349.0,69800.0,2025-07-14 11:32:20.033612
2025-07-14,62407,2025071404002831,JOSHI,Neev Securities Pvt. Ltd.,Shree Krishna Securities Ltd.,100,349.0,34900.0,2025-07-14 11:32:20.033633
2025-07-14,62406,2025071404002832,JOSHI,Neev Securities Pvt. Ltd.,Sumeru Securities Pvt. Ltd.,100,349.0,34900.0,2025-07-14 11:32:20.033652
2025-07-14,62405,2025071404002833,JOSHI,Neev Securities Pvt. Ltd.,N.M.B. SECURITIES LIMITED,100,349.0,34900.0,2025-07-14 11:32:20.033673
2025-07-14,62404,2025071404002834,JOSHI,Neev Securities Pvt. Ltd.,Vision Securities Pvt. Ltd,50,349.5,17475.0,2025-07-14 11:32:20.033693
2025-07-14,62403,2025071404002835,JOSHI,Neev Securities Pvt. Ltd.,Primo Securities (PVT) Ltd.,104,349.5,36348.0,2025-07-14 11:32:20.033713
2025-07-14,62402,2025071404002836,JOSHI,Neev Securities Pvt. Ltd.,Naasa Securities Co. Ltd.,23,349.5,8038.5,2025-07-14 11:32:20.033732
2025-07-14,62401,2025071404002837,JOSHI,Neev Securities Pvt. Ltd.,Opal Securities Investment (PVT) Ltd.,650,349.8,227370.0,2025-07-14 11:32:20.033760
2025-07-14,62400,2025071404002838,JOSHI,Neev Securities Pvt. Ltd.,Opal Securities Investment (PVT) Ltd.,368,349.8,128726.4,2025-07-14 11:32:20.033789
2025-07-14,62269,2025071404002857,JOSHI,Opal Securities Investment (PVT) Ltd.,Malla & Malla Stock Broking Company Pvt. Limited,50,347.9,17395.0,2025-07-14 11:32:33.263578
2025-07-14,62268,2025071404002858,JOSHI,Opal Securities Investment (PVT) Ltd.,Opal Securities Investment (PVT) Ltd.,132,349.8,46173.6,2025-07-14 11:32:33.263767
2025-07-14,62267,2025071404002859,JOSHI,Opal Securities Investment (PVT) Ltd.,Naasa Securities Co. Ltd.,18,349.8,6296.4,2025-07-14 11:32:33.263885
2025-07-14,62246,2025071404002867,JOSHI,Investment Management Nepal Pvt. Ltd.,Naasa Securities Co. Ltd.,280,349.8,97944.0,2025-07-14 11:32:39.743626
2025-07-14,62245,2025071404002868,JOSHI,Sani Securities Company Ltd.,Kumari Securities Private Limited,200,347.0,69400.0,2025-07-14 11:32:39.750270
2025-07-14,62244,2025071404002869,JOSHI,Online Securities Pvt. Ltd.,Kumari Securities Private Limited,100,346.0,34600.0,2025-07-14 11:32:39.750358
2025-07-14,62243,2025071404002870,JOSHI,Imperial Securities Company Pvt. Ltd.,Kumari Securities Private Limited,65,345.0,22425.0,2025-07-14 11:32:39.750411
2025-07-14,62242,2025071404002871,JOSHI,Online Securities Pvt. Ltd.,Kumari Securities Private Limited,135,345.0,46575.0,2025-07-14 11:32:39.750452
2025-07-14,62219,2025071404002874,JOSHI,Sri Hari Securities Pvt. Ltd.,Naasa Securities Co. Ltd.,352,349.8,123129.6,2025-07-14 11:32:44.984660
2025-07-14,62214,2025071404002876,JOSHI,Linch Stock Market Ltd.,Nepal Investment And Securities Trading Private Limited,90,350.0,31500.0,2025-07-14 11:32:46.810477
2025-07-14,62206,2025071404002877,JOSHI,Premier Securities Company Ltd.,Siprabi Securities Pvt. Ltd.,156,350.5,54678.0,2025-07-14 11:32:49.469797
2025-07-14,62205,2025071404002878,JOSHI,Premier Securities Company Ltd.,Agrawal Securities (PVT) Ltd.,25,350.5,8762.5,2025-07-14 11:32:49.469924
2025-07-14,62141,2025071404002897,JOSHI,Midas Stock Broking Company Private Limited,Arun Securities (PVT) Ltd.,1000,351.9,351900.0,2025-07-14 11:32:58.334752
2025-07-14,62139,2025071404002899,JOSHI,Premier Securities Company Ltd.,Malla & Malla Stock Broking Company Pvt. Limited,500,351.0,175500.0,2025-07-14 11:32:59.009701
2025-07-14,62106,2025071404002912,JOSHI,Premier Securities Company Ltd.,Dipshikha Dhitopatra Karobar Co. Pvt Ltd.,569,351.0,199719.0,2025-07-14 11:33:04.191945
2025-07-14,62092,2025071404002914,JOSHI,Linch Stock Market Ltd.,Dipshikha Dhitopatra Karobar Co. Pvt Ltd.,410,351.0,143910.0,2025-07-14 11:33:09.079469
2025-07-14,62075,2025071404002922,JOSHI,Dipshikha Dhitopatra Karobar Co. Pvt Ltd.,Dipshikha Dhitopatra Karobar Co. Pvt Ltd.,421,351.0,147771.0,2025-07-14 11:33:11.233754
2025-07-14,62074,2025071404002923,JOSHI,Dipshikha Dhitopatra Karobar Co. Pvt Ltd.,Siprabi Securities Pvt. Ltd.,24,351.0,8424.0,2025-07-14 11:33:11.233960
2025-07-14,62012,2025071404002949,JOSHI,Swarna Laxmi Securities Pvt. Ltd.,N.M.B. SECURITIES LIMITED,20,356.0,7120.0,2025-07-14 11:33:21.530177
2025-07-14,61995,2025071404002952,JOSHI,Sweta Securities Private Limited,Premier Securities Company Ltd.,400,355.9,142360.0,2025-07-14 11:33:24.492768
2025-07-14,61994,2025071404002953,JOSHI,Sweta Securities Private Limited,N.M.B. SECURITIES LIMITED,80,356.0,28480.0,2025-07-14 11:33:24.492909
2025-07-14,61993,2025071404002954,JOSHI,Sweta Securities Private Limited,Vision Securities Pvt. Ltd,20,357.0,7140.0,2025-07-14 11:33:24.492980
2025-07-14,61959,2025071404002971,JOSHI,Trishakti Securities Public Limited,Vision Securities Pvt. Ltd,200,357.0,71400.0,2025-07-14 11:33:27.123158
2025-07-14,61954,2025071404002974,JOSHI,Dipshikha Dhitopatra Karobar Co. Pvt Ltd.,Cristal Kanchanjanga Securites Pvt. Ltd.,1000,351.0,351000.0,2025-07-14 11:33:28.277011
2025-07-14,61943,2025071404002980,JOSHI,Dipshikha Dhitopatra Karobar Co. Pvt Ltd.,Nepal Investment And Securities Trading Private Limited,500,351.0,175500.0,2025-07-14 11:33:29.606927
2025-07-14,61942,2025071404002981,JOSHI,Dipshikha Dhitopatra Karobar Co. Pvt Ltd.,South Asian Bulls Pvt. Ltd.,305,351.0,107055.0,2025-07-14 11:33:31.070093
2025-07-14,61939,2025071404002983,JOSHI,Kohinoor Investment & Securities Pvt. Ltd.,Vision Securities Pvt. Ltd,570,357.0,203490.0,2025-07-14 11:33:31.501408
2025-07-14,61932,2025071404002985,JOSHI,Vision Securities Pvt. Ltd,Vision Securities Pvt. Ltd,20,357.0,7140.0,2025-07-14 11:33:33.022010
2025-07-14,61905,2025071404002995,JOSHI,Sweta Securities Private Limited,Aryatara Investment & Securities,400,356.0,142400.0,2025-07-14 11:33:38.993131
2025-07-14,61884,2025071404002997,JOSHI,Agrawal Securities (PVT) Ltd.,Thrive Brokerage House Pvt. Ltd,100,356.0,35600.0,2025-07-14 11:33:42.016163
2025-07-14,61876,2025071404003000,JOSHI,Nepal Stock House (PVT) Ltd.,Midas Stock Broking Company Private Limited,100,352.0,35200.0,2025-07-14 11:33:44.465615
2025-07-14,61865,2025071404003002,JOSHI,Sharepro Securities Private Limited,Midas Stock Broking Company Private Limited,40,352.0,14080.0,2025-07-14 11:33:46.706617
2025-07-14,61792,2025071404003020,JOSHI,Aryatara Investment & Securities,Midas Stock Broking Company Private Limited,610,352.0,214720.0,2025-07-14 11:33:58.122629
2025-07-14,61781,2025071404003026,JOSHI,Aryatara Investment & Securities,Sundhara Securities Limited,390,352.0,137280.0,2025-07-14 11:34:00.286537
2025-07-14,61714,2025071404003046,JOSHI,KALASH STOCK MARKET PVT. LTD.,Sundhara Securities Limited,50,351.5,17575.0,2025-07-14 11:34:15.413966
2025-07-14,61696,2025071404003057,JOSHI,Dipshikha Dhitopatra Karobar Co. Pvt Ltd.,Ashutosh Brokerage & Securities (PVT) Ltd.,100,351.0,35100.0,2025-07-14 11:34:18.838771
2025-07-14,61681,2025071404003060,JOSHI,Sani Securities Company Ltd.,Sundhara Securities Limited,60,351.5,21090.0,2025-07-14 11:34:20.489771
2025-07-14,61578,2025071404003081,JOSHI,Aryatara Investment & Securities,Sundhara Securities Limited,500,354.0,177000.0,2025-07-14 11:34:32.432692
2025-07-14,61577,2025071404003082,JOSHI,Aryatara Investment & Securities,Ashutosh Brokerage & Securities (PVT) Ltd.,50,355.0,17750.0,2025-07-14 11:34:32.432802
2025-07-14,61576,2025071404003083,JOSHI,Aryatara Investment & Securities,Sani Securities Company Ltd.,100,355.0,35500.0,2025-07-14 11:34:32.432849
2025-07-14,61575,2025071404003084,JOSHI,Aryatara Investment & Securities,Thrive Brokerage House Pvt. Ltd,280,356.0,99680.0,2025-07-14 11:34:32.432896
2025-07-14,61574,2025071404003085,JOSHI,Aryatara Investment & Securities,Nepal Investment And Securities Trading Private Limited,70,356.0,24920.0,2025-07-14 11:34:32.432937
2025-07-14,61517,2025071404003099,JOSHI,Imperial Securities Company Pvt. Ltd.,Nepal Investment And Securities Trading Private Limited,200,356.0,71200.0,2025-07-14 11:34:40.418269
2025-07-14,61482,2025071404003111,JOSHI,Online Securities Pvt. Ltd.,Aryatara Investment & Securities,25,353.0,8825.0,2025-07-14 11:34:44.581519
2025-07-14,61481,2025071404003112,JOSHI,Sani Securities Company Ltd.,Aryatara Investment & Securities,290,351.5,101935.0,2025-07-14 11:34:44.581728
2025-07-14,61480,2025071404003113,JOSHI,Dipshikha Dhitopatra Karobar Co. Pvt Ltd.,Aryatara Investment & Securities,650,351.0,228150.0,2025-07-14 11:34:44.581872
2025-07-14,61479,2025071404003114,JOSHI,Trishakti Securities Public Limited,Aryatara Investment & Securities,50,351.0,17550.0,2025-07-14 11:34:44.582008
2025-07-14,61450,2025071404003119,JOSHI,Sumeru Securities Pvt. Ltd.,Aryatara Investment & Securities,20,351.0,7020.0,2025-07-14 11:34:50.627032
2025-07-14,61439,2025071404003121,JOSHI,Premier Securities Company Ltd.,Aryatara Investment & Securities,10,351.0,3510.0,2025-07-14 11:34:54.160703
2025-07-14,61427,2025071404003129,JOSHI,Neev Securities Pvt. Ltd.,Aryatara Investment & Securities,200,351.0,70200.0,2025-07-14 11:34:57.842860
2025-07-14,61417,2025071404003130,JOSHI,Imperial Securities Company Pvt. Ltd.,Aryatara Investment & Securities,55,351.0,19305.0,2025-07-14 11:35:00.582770
2025-07-14,61313,2025071404003169,JOSHI,Asian Securities Private Ltd.,Imperial Securities Company Pvt. Ltd.,500,352.0,176000.0,2025-07-14 11:35:22.976066
2025-07-14,61300,2025071404003176,JOSHI,Sweta Securities Private Limited,Bhrikuti Stock Broking Co. Pvt. Ltd.,100,355.0,35500.0,2025-07-14 11:35:25.430645
2025-07-14,61113,2025071404003213,JOSHI,Opal Securities Investment (PVT) Ltd.,Oxford Securities Pvt. Ltd.,10,353.0,3530.0,2025-07-14 11:35:53.030426
2025-07-14,61112,2025071404003214,JOSHI,Neev Securities Pvt. Ltd.,Oxford Securities Pvt. Ltd.,191,352.1,67251.1,2025-07-14 11:35:53.030716
2025-07-14,61101,2025071404003218,JOSHI,Imperial Securities Company Pvt. Ltd.,Premier Securities Company Ltd.,50,355.0,17750.0,2025-07-14 11:35:57.588339
2025-07-14,61100,2025071404003219,JOSHI,Imperial Securities Company Pvt. Ltd.,Aryatara Investment & Securities,50,355.0,17750.0,2025-07-14 11:35:57.588544
2025-07-14,61032,2025071404003237,JOSHI,Aryatara Investment & Securities,Imperial Securities Company Pvt. Ltd.,100,355.0,35500.0,2025-07-14 11:36:14.503593
2025-07-14,60988,2025071404003245,JOSHI,Asian Securities Private Ltd.,Nagarik Stock Dealer ,500,353.0,176500.0,2025-07-14 11:36:26.692902
2025-07-14,60987,2025071404003246,JOSHI,Aryatara Investment & Securities,Nagarik Stock Dealer ,1000,352.2,352200.0,2025-07-14 11:36:26.693170
2025-07-14,60904,2025071404003253,JOSHI,Dipshikha Dhitopatra Karobar Co. Pvt Ltd.,Vision Securities Pvt. Ltd,80,354.8,28384.0,2025-07-14 11:36:39.467635
2025-07-14,60867,2025071404003258,JOSHI,Naasa Securities Co. Ltd.,Vision Securities Pvt. Ltd,10,354.8,3548.0,2025-07-14 11:36:45.066542
2025-07-14,60807,2025071404003287,JOSHI,Neev Securities Pvt. Ltd.,Hatemalo Financial Services Private Limited,604,352.1,212668.4,2025-07-14 11:36:54.500617
2025-07-14,60773,2025071404003298,JOSHI,Agrawal Securities (PVT) Ltd.,South Asian Bulls Pvt. Ltd.,100,353.0,35300.0,2025-07-14 11:37:04.054062
2025-07-14,60772,2025071404003299,JOSHI,Neev Securities Pvt. Ltd.,South Asian Bulls Pvt. Ltd.,100,352.1,35210.0,2025-07-14 11:37:04.054227
2025-07-14,60740,2025071404003311,JOSHI,Creative Securities Pvt Ltd,Opal Securities Investment (PVT) Ltd.,100,354.0,35400.0,2025-07-14 11:37:09.781158
2025-07-14,60719,2025071404003318,JOSHI,Naasa Securities Co. Ltd.,Opal Securities Investment (PVT) Ltd.,50,354.0,17700.0,2025-07-14 11:37:12.345016
2025-07-14,60717,2025071404003319,JOSHI,Neev Securities Pvt. Ltd.,Pragyan Securities (PVT) Ltd.,105,352.1,36970.5,2025-07-14 11:37:12.602265
2025-07-14,60716,2025071404003320,JOSHI,Premier Securities Company Ltd.,Pragyan Securities (PVT) Ltd.,15,352.0,5280.0,2025-07-14 11:37:12.602550
2025-07-14,60715,2025071404003321,JOSHI,Agrawal Securities (PVT) Ltd.,Pragyan Securities (PVT) Ltd.,50,352.0,17600.0,2025-07-14 11:37:12.602715
2025-07-14,60709,2025071404003323,JOSHI,Asian Securities Private Ltd.,Pragyan Securities (PVT) Ltd.,130,352.0,45760.0,2025-07-14 11:37:13.090759
2025-07-14,60708,2025071404003324,JOSHI,Asian Securities Private Ltd.,Online Securities Pvt. Ltd.,100,353.0,35300.0,2025-07-14 11:37:13.090968
2025-07-14,60707,2025071404003325,JOSHI,Asian Securities Private Ltd.,Agrawal Securities (PVT) Ltd.,20,353.0,7060.0,2025-07-14 11:37:13.378235
2025-07-14,60664,2025071404003331,JOSHI,Asian Securities Private Ltd.,Vision Securities Pvt. Ltd,16,353.0,5648.0,2025-07-14 11:37:21.869553
2025-07-14,60644,2025071404003336,JOSHI,Asian Securities Private Ltd.,Midas Stock Broking Company Private Limited,500,353.0,176500.0,2025-07-14 11:37:24.084151
2025-07-14,60626,2025071404003348,JOSHI,Asian Securities Private Ltd.,Kohinoor Investment & Securities Pvt. Ltd.,100,353.0,35300.0,2025-07-14 11:37:28.250202
2025-07-14,60619,2025071404003349,JOSHI,Asian Securities Private Ltd.,Premier Securities Company Ltd.,134,353.0,47302.0,2025-07-14 11:37:29.293380
2025-07-14,60618,2025071404003350,JOSHI,Online Securities Pvt. Ltd.,Premier Securities Company Ltd.,266,353.0,93898.0,2025-07-14 11:37:29.293678
2025-07-14,60594,2025071404003357,JOSHI,Online Securities Pvt. Ltd.,Opal Securities Investment (PVT) Ltd.,490,353.0,172970.0,2025-07-14 11:37:32.723439
2025-07-14,60579,2025071404003359,JOSHI,Online Securities Pvt. Ltd.,Bhrikuti Stock Broking Co. Pvt. Ltd.,170,353.0,60010.0,2025-07-14 11:37:34.060583
2025-07-14,60570,2025071404003362,JOSHI,Online Securities Pvt. Ltd.,Sajilo Broker Limited,62,353.0,21886.0,2025-07-14 11:37:35.353024
2025-07-14,60551,2025071404003365,JOSHI,Trishakti Securities Public Limited,Sundhara Securities Limited,85,353.5,30047.5,2025-07-14 11:37:40.702195
2025-07-14,60550,2025071404003366,JOSHI,Trishakti Securities Public Limited,Dynamic Money Managers Securities Pvt. Ltd.,95,353.8,33611.0,2025-07-14 11:37:40.702501
2025-07-14,60522,2025071404003370,JOSHI,Online Securities Pvt. Ltd.,Sagarmatha Securities Private Limited,82,353.0,28946.0,2025-07-14 11:37:45.711442
2025-07-14,60521,2025071404003371,JOSHI,Premier Securities Company Ltd.,Sagarmatha Securities Private Limited,70,353.0,24710.0,2025-07-14 11:37:45.711606
2025-07-14,60385,2025071404003420,JOSHI,Pragyan Securities (PVT) Ltd.,Siprabi Securities Pvt. Ltd.,100,352.0,35200.0,2025-07-14 11:38:05.690816
2025-07-14,60384,2025071404003421,JOSHI,Pragyan Securities (PVT) Ltd.,Bhrikuti Stock Broking Co. Pvt. Ltd.,100,352.9,35290.0,2025-07-14 11:38:05.690979
2025-07-14,60381,2025071404003422,JOSHI,Trishakti Securities Public Limited,ABC Securities Private Limited,100,351.0,35100.0,2025-07-14 11:38:07.049700
2025-07-14,60352,2025071404003444,JOSHI,Nepal Stock House (PVT) Ltd.,Oxford Securities Pvt. Ltd.,200,352.0,70400.0,2025-07-14 11:38:11.538039
2025-07-14,60348,2025071404003447,JOSHI,J.F. Securites (PVT) Ltd.,Sani Securities Company Ltd.,50,351.0,17550.0,2025-07-14 11:38:12.381893
2025-07-14,60300,2025071404003456,JOSHI,J.F. Securites (PVT) Ltd.,Online Securities Pvt. Ltd.,100,350.0,35000.0,2025-07-14 11:38:18.997656
2025-07-14,60299,2025071404003457,JOSHI,Citizens Share Broker Limited,Online Securities Pvt. Ltd.,10,350.0,3500.0,2025-07-14 11:38:18.997806
2025-07-14,60298,2025071404003458,JOSHI,South Asian Bulls Pvt. Ltd.,Online Securities Pvt. Ltd.,100,350.0,35000.0,2025-07-14 11:38:18.997867
2025-07-14,60297,2025071404003459,JOSHI,ABC Securities Private Limited,Online Securities Pvt. Ltd.,200,350.0,70000.0,2025-07-14 11:38:18.997931
2025-07-14,60296,2025071404003460,JOSHI,Online Securities Pvt. Ltd.,Online Securities Pvt. Ltd.,46,350.0,16100.0,2025-07-14 11:38:18.998008
2025-07-14,60230,2025071404003478,JOSHI,Kumari Securities Private Limited,Online Securities Pvt. Ltd.,44,350.0,15400.0,2025-07-14 11:38:31.044542
2025-07-14,60229,2025071404003479,JOSHI,Kumari Securities Private Limited,Sani Securities Company Ltd.,450,350.0,157500.0,2025-07-14 11:38:31.044735
2025-07-14,60228,2025071404003480,JOSHI,Kumari Securities Private Limited,Ashutosh Brokerage & Securities (PVT) Ltd.,50,350.0,17500.0,2025-07-14 11:38:31.044801
2025-07-14,60210,2025071404003484,JOSHI,Kumari Securities Private Limited,Kalika Securities Pvt. Ltd.,200,350.0,70000.0,2025-07-14 11:38:35.625984
2025-07-14,60195,2025071404003487,JOSHI,Kumari Securities Private Limited,Nepal Investment And Securities Trading Private Limited,10,350.0,3500.0,2025-07-14 11:38:37.442280
2025-07-14,60188,2025071404003489,JOSHI,Naasa Securities Co. Ltd.,Agrawal Securities (PVT) Ltd.,10,351.0,3510.0,2025-07-14 11:38:38.918606
2025-07-14,60187,2025071404003490,JOSHI,Naasa Securities Co. Ltd.,Agrawal Securities (PVT) Ltd.,30,351.0,10530.0,2025-07-14 11:38:38.918776
2025-07-14,60158,2025071404003498,JOSHI,Naasa Securities Co. Ltd.,Vision Securities Pvt. Ltd,40,351.0,14040.0,2025-07-14 11:38:43.586394
2025-07-14,60157,2025071404003499,JOSHI,Kumari Securities Private Limited,Vision Securities Pvt. Ltd,296,350.0,103600.0,2025-07-14 11:38:43.586576
2025-07-14,60155,2025071404003500,JOSHI,Kumari Securities Private Limited,Vision Securities Pvt. Ltd,64,350.0,22400.0,2025-07-14 11:38:44.149122
2025-07-14,60154,2025071404003501,JOSHI,Kumari Securities Private Limited,Oxford Securities Pvt. Ltd.,600,352.0,211200.0,2025-07-14 11:38:44.149259
2025-07-14,60124,2025071404003505,JOSHI,Kumari Securities Private Limited,Vision Securities Pvt. Ltd,100,352.0,35200.0,2025-07-14 11:38:50.632491
2025-07-14,60096,2025071404003511,JOSHI,Kumari Securities Private Limited,Sweta Securities Private Limited,200,352.0,70400.0,2025-07-14 11:38:58.752353
2025-07-14,60091,2025071404003513,JOSHI,Kumari Securities Private Limited,Vision Securities Pvt. Ltd,436,352.0,153472.0,2025-07-14 11:38:59.694525
2025-07-14,59939,2025071404003554,JOSHI,Kohinoor Investment & Securities Pvt. Ltd.,Vision Securities Pvt. Ltd,13,352.0,4576.0,2025-07-14 11:39:23.808362
2025-07-14,59920,2025071404003559,JOSHI,Kalika Securities Pvt. Ltd.,Vision Securities Pvt. Ltd,50,352.0,17600.0,2025-07-14 11:39:31.728399
2025-07-14,59853,2025071404003574,JOSHI,Kalika Securities Pvt. Ltd.,Online Securities Pvt. Ltd.,20,350.0,7000.0,2025-07-14 11:39:44.917506
2025-07-14,59783,2025071404003591,JOSHI,Vision Securities Pvt. Ltd,Online Securities Pvt. Ltd.,71,350.0,24850.0,2025-07-14 11:39:56.275443
2025-07-14,59702,2025071404003613,JOSHI,Online Securities Pvt. Ltd.,Vision Securities Pvt. Ltd,200,349.0,69800.0,2025-07-14 11:40:09.369110
2025-07-14,59701,2025071404003614,JOSHI,Nepal Stock House (PVT) Ltd.,Vision Securities Pvt. Ltd,100,349.0,34900.0,2025-07-14 11:40:09.369322
2025-07-14,59680,2025071404003622,JOSHI,Linch Stock Market Ltd.,Primo Securities (PVT) Ltd.,10,347.8,3478.0,2025-07-14 11:40:18.002019
2025-07-14,59679,2025071404003623,JOSHI,Neev Securities Pvt. Ltd.,Primo Securities (PVT) Ltd.,10,347.0,3470.0,2025-07-14 11:40:18.002201
2025-07-14,59632,2025071404003633,JOSHI,Imperial Securities Company Pvt. Ltd.,Vision Securities Pvt. Ltd,50,349.0,17450.0,2025-07-14 11:40:28.599448
2025-07-14,59631,2025071404003634,JOSHI,Imperial Securities Company Pvt. Ltd.,Agrawal Securities (PVT) Ltd.,100,349.0,34900.0,2025-07-14 11:40:28.599615
2025-07-14,59630,2025071404003635,JOSHI,Imperial Securities Company Pvt. Ltd.,South Asian Bulls Pvt. Ltd.,50,350.0,17500.0,2025-07-14 11:40:28.599680
2025-07-14,59573,2025071404003653,JOSHI,Neev Securities Pvt. Ltd.,ABC Securities Private Limited,200,347.0,69400.0,2025-07-14 11:40:40.265410
2025-07-14,59539,2025071404003659,JOSHI,Neev Securities Pvt. Ltd.,Vision Securities Pvt. Ltd,290,347.0,100630.0,2025-07-14 11:40:47.614945
2025-07-14,59521,2025071404003662,JOSHI,Imperial Securities Company Pvt. Ltd.,Vision Securities Pvt. Ltd,10,347.0,3470.0,2025-07-14 11:40:49.403326
2025-07-14,59520,2025071404003663,JOSHI,Imperial Securities Company Pvt. Ltd.,South Asian Bulls Pvt. Ltd.,50,350.0,17500.0,2025-07-14 11:40:49.403566
2025-07-14,59519,2025071404003664,JOSHI,Imperial Securities Company Pvt. Ltd.,Sani Securities Company Ltd.,140,350.0,49000.0,2025-07-14 11:40:49.403676
2025-07-14,59394,2025071404003686,JOSHI,Vision Securities Pvt. Ltd,Premier Securities Company Ltd.,91,349.0,31759.0,2025-07-14 11:41:13.776121
2025-07-14,59363,2025071404003698,JOSHI,Elite Stock House Limited,Vision Securities Pvt. Ltd,200,345.0,69000.0,2025-07-14 11:41:21.900647
2025-07-14,59362,2025071404003699,JOSHI,Secured Securities Ltd.,Vision Securities Pvt. Ltd,100,345.0,34500.0,2025-07-14 11:41:21.900736
2025-07-14,59329,2025071404003706,JOSHI,Imperial Securities Company Pvt. Ltd.,Premier Securities Company Ltd.,10,349.0,3490.0,2025-07-14 11:41:25.799387
2025-07-14,59266,2025071404003721,JOSHI,Kalika Securities Pvt. Ltd.,Ashutosh Brokerage & Securities (PVT) Ltd.,10,346.0,3460.0,2025-07-14 11:41:37.056199
2025-07-14,59185,2025071404003755,JOSHI,Imperial Securities Company Pvt. Ltd.,Naasa Securities Co. Ltd.,16,347.0,5552.0,2025-07-14 11:41:48.024420
2025-07-14,59184,2025071404003756,JOSHI,Imperial Securities Company Pvt. Ltd.,Premier Securities Company Ltd.,19,348.0,6612.0,2025-07-14 11:41:48.024636
2025-07-14,59009,2025071404003792,JOSHI,Kalika Securities Pvt. Ltd.,Vision Securities Pvt. Ltd,60,346.0,20760.0,2025-07-14 11:42:21.461362
2025-07-14,59008,2025071404003793,JOSHI,Secured Securities Ltd.,Vision Securities Pvt. Ltd,40,345.0,13800.0,2025-07-14 11:42:21.461735
2025-07-14,58792,2025071404003838,JOSHI,Secured Securities Ltd.,Premier Securities Company Ltd.,260,345.0,89700.0,2025-07-14 11:42:50.224237
2025-07-14,58791,2025071404003839,JOSHI,J.F. Securites (PVT) Ltd.,Premier Securities Company Ltd.,100,345.0,34500.0,2025-07-14 11:42:50.224452
2025-07-14,58742,2025071404003862,JOSHI,Dipshikha Dhitopatra Karobar Co. Pvt Ltd.,Vision Securities Pvt. Ltd,100,344.0,34400.0,2025-07-14 11:42:58.702905
2025-07-14,58741,2025071404003863,JOSHI,J.F. Securites (PVT) Ltd.,Vision Securities Pvt. Ltd,20,344.0,6880.0,2025-07-14 11:42:58.703093
2025-07-14,58656,2025071404003884,JOSHI,Primo Securities (PVT) Ltd.,Vision Securities Pvt. Ltd,20,344.0,6880.0,2025-07-14 11:43:17.710362
2025-07-14,58643,2025071404003887,JOSHI,Malla & Malla Stock Broking Company Pvt. Limited,Premier Securities Company Ltd.,50,343.0,17150.0,2025-07-14 11:43:20.433284
2025-07-14,58642,2025071404003888,JOSHI,Online Securities Pvt. Ltd.,Premier Securities Company Ltd.,30,343.0,10290.0,2025-07-14 11:43:20.433496
2025-07-14,58641,2025071404003889,JOSHI,Online Securities Pvt. Ltd.,Premier Securities Company Ltd.,200,343.0,68600.0,2025-07-14 11:43:20.433567
2025-07-14,58495,2025071404003903,JOSHI,Neev Securities Pvt. Ltd.,Premier Securities Company Ltd.,300,342.0,102600.0,2025-07-14 11:43:38.564758
2025-07-14,58427,2025071404003918,JOSHI,Naasa Securities Co. Ltd.,SUN SECURITIES PVT LTD,40,340.1,13604.0,2025-07-14 11:43:53.602244
2025-07-14,58409,2025071404003923,JOSHI,Naasa Securities Co. Ltd.,Premier Securities Company Ltd.,90,340.1,30609.0,2025-07-14 11:43:57.755210
2025-07-14,58345,2025071404003945,JOSHI,Naasa Securities Co. Ltd.,Vision Securities Pvt. Ltd,33,340.0,11220.0,2025-07-14 11:44:11.203064
2025-07-14,58289,2025071404003965,JOSHI,Dipshikha Dhitopatra Karobar Co. Pvt Ltd.,Premier Securities Company Ltd.,150,339.1,50865.0,2025-07-14 11:44:20.937009
2025-07-14,58288,2025071404003966,JOSHI,Naasa Securities Co. Ltd.,Premier Securities Company Ltd.,20,339.0,6780.0,2025-07-14 11:44:20.937394
2025-07-14,58287,2025071404003967,JOSHI,Midas Stock Broking Company Private Limited,Premier Securities Company Ltd.,500,339.0,169500.0,2025-07-14 11:44:20.937609
2025-07-14,58286,2025071404003968,JOSHI,Stoxkarts Securities Limited,Premier Securities Company Ltd.,2210,339.0,749190.0,2025-07-14 11:44:20.937820
2025-07-14,58228,2025071404003981,JOSHI,Stoxkarts Securities Limited,Bhrikuti Stock Broking Co. Pvt. Ltd.,20,339.0,6780.0,2025-07-14 11:44:31.475086
2025-07-14,58209,2025071404003983,JOSHI,Primo Securities (PVT) Ltd.,Vision Securities Pvt. Ltd,10,340.0,3400.0,2025-07-14 11:44:34.048042
2025-07-14,58208,2025071404003984,JOSHI,Stoxkarts Securities Limited,Premier Securities Company Ltd.,470,339.0,159330.0,2025-07-14 11:44:34.061518
2025-07-14,58190,2025071404003988,JOSHI,Online Securities Pvt. Ltd.,Vision Securities Pvt. Ltd,100,340.0,34000.0,2025-07-14 11:44:36.356247
2025-07-14,58174,2025071404003995,JOSHI,Kalika Securities Pvt. Ltd.,Vision Securities Pvt. Ltd,50,340.0,17000.0,2025-07-14 11:44:38.437261
2025-07-14,58102,2025071404004021,JOSHI,Trisul Securities & Invt. Ltd.,Vision Securities Pvt. Ltd,77,340.0,26180.0,2025-07-14 11:44:47.123599
2025-07-14,58101,2025071404004022,JOSHI,Trisul Securities & Invt. Ltd.,Kohinoor Investment & Securities Pvt. Ltd.,160,340.0,54400.0,2025-07-14 11:44:47.123789
2025-07-14,57893,2025071404004067,JOSHI,Online Securities Pvt. Ltd.,Vision Securities Pvt. Ltd,20,343.0,6860.0,2025-07-14 11:45:31.685404
2025-07-14,57859,2025071404004083,JOSHI,Online Securities Pvt. Ltd.,Linch Stock Market Ltd.,20,341.0,6820.0,2025-07-14 11:45:36.158534
2025-07-14,57708,2025071404004121,JOSHI,Imperial Securities Company Pvt. Ltd.,Vision Securities Pvt. Ltd,80,343.0,27440.0,2025-07-14 11:46:07.604848
2025-07-14,57620,2025071404004134,JOSHI,Imperial Securities Company Pvt. Ltd.,Linch Stock Market Ltd.,20,343.0,6860.0,2025-07-14 11:46:22.418225
2025-07-14,57588,2025071404004140,JOSHI,Aryatara Investment & Securities,Ashutosh Brokerage & Securities (PVT) Ltd.,280,344.0,96320.0,2025-07-14 11:46:27.419327
2025-07-14,57587,2025071404004141,JOSHI,Aryatara Investment & Securities,Dipshikha Dhitopatra Karobar Co. Pvt Ltd.,720,344.0,247680.0,2025-07-14 11:46:27.419538
2025-07-14,57478,2025071404004158,JOSHI,Siprabi Securities Pvt. Ltd.,Online Securities Pvt. Ltd.,100,343.9,34390.0,2025-07-14 11:46:42.745072
2025-07-14,57451,2025071404004173,JOSHI,Imperial Securities Company Pvt. Ltd.,Linch Stock Market Ltd.,50,343.0,17150.0,2025-07-14 11:46:47.613167
2025-07-14,57388,2025071404004179,JOSHI,Dipshikha Dhitopatra Karobar Co. Pvt Ltd.,Online Securities Pvt. Ltd.,900,343.9,309510.0,2025-07-14 11:46:59.519694
2025-07-14,57387,2025071404004180,JOSHI,Dipshikha Dhitopatra Karobar Co. Pvt Ltd.,Dipshikha Dhitopatra Karobar Co. Pvt Ltd.,100,344.0,34400.0,2025-07-14 11:46:59.519764
2025-07-14,57324,2025071404004199,JOSHI,Imperial Securities Company Pvt. Ltd.,Ashutosh Brokerage & Securities (PVT) Ltd.,350,343.0,120050.0,2025-07-14 11:47:11.778572
2025-07-14,57323,2025071404004200,JOSHI,Siprabi Securities Pvt. Ltd.,Ashutosh Brokerage & Securities (PVT) Ltd.,50,343.0,17150.0,2025-07-14 11:47:11.778930
2025-07-14,57220,2025071404004227,JOSHI,Himalayan Brokerage Company Limited,Online Securities Pvt. Ltd.,100,342.0,34200.0,2025-07-14 11:47:29.350727
2025-07-14,57219,2025071404004228,JOSHI,Midas Stock Broking Company Private Limited,Online Securities Pvt. Ltd.,10,342.0,3420.0,2025-07-14 11:47:29.351082
2025-07-14,57119,2025071404004260,JOSHI,Primo Securities (PVT) Ltd.,Linch Stock Market Ltd.,50,340.1,17005.0,2025-07-14 11:47:48.913063
2025-07-14,56843,2025071404004309,JOSHI,ABC Securities Private Limited,Agrawal Securities (PVT) Ltd.,2000,340.2,680400.0,2025-07-14 11:48:26.313524
2025-07-14,56842,2025071404004310,JOSHI,Primo Securities (PVT) Ltd.,Agrawal Securities (PVT) Ltd.,250,340.1,85025.0,2025-07-14 11:48:26.313591
2025-07-14,56841,2025071404004311,JOSHI,Trisul Securities & Invt. Ltd.,Agrawal Securities (PVT) Ltd.,13,340.0,4420.0,2025-07-14 11:48:26.313617
2025-07-14,56840,2025071404004312,JOSHI,Malla & Malla Stock Broking Company Pvt. Limited,Agrawal Securities (PVT) Ltd.,50,340.0,17000.0,2025-07-14 11:48:26.313643
2025-07-14,56839,2025071404004313,JOSHI,Blue Chip Securities Ltd,Agrawal Securities (PVT) Ltd.,10,340.0,3400.0,2025-07-14 11:48:26.313667
2025-07-14,56838,2025071404004314,JOSHI,Siprabi Securities Pvt. Ltd.,Agrawal Securities (PVT) Ltd.,100,340.0,34000.0,2025-07-14 11:48:26.313690
2025-07-14,56837,2025071404004315,JOSHI,Machhapuchchhre Securities Limited,Agrawal Securities (PVT) Ltd.,300,340.0,102000.0,2025-07-14 11:48:26.313721
2025-07-14,56836,2025071404004316,JOSHI,Siprabi Securities Pvt. Ltd.,Agrawal Securities (PVT) Ltd.,50,340.0,17000.0,2025-07-14 11:48:26.313752
2025-07-14,56835,2025071404004317,JOSHI,Trisul Securities & Invt. Ltd.,Agrawal Securities (PVT) Ltd.,227,339.0,76953.0,2025-07-14 11:48:26.313775
2025-07-14,56811,2025071404004320,JOSHI,South Asian Bulls Pvt. Ltd.,Online Securities Pvt. Ltd.,390,342.0,133380.0,2025-07-14 11:48:32.272495
2025-07-14,56803,2025071404004324,JOSHI,South Asian Bulls Pvt. Ltd.,Naasa Securities Co. Ltd.,110,342.0,37620.0,2025-07-14 11:48:34.782301
2025-07-14,56797,2025071404004329,JOSHI,Trishakti Securities Public Limited,Nepal Stock House (PVT) Ltd.,100,341.0,34100.0,2025-07-14 11:48:37.776832
2025-07-14,56726,2025071404004345,JOSHI,Imperial Securities Company Pvt. Ltd.,Imperial Securities Company Pvt. Ltd.,100,340.2,34020.0,2025-07-14 11:48:51.166277
2025-07-14,56663,2025071404004359,JOSHI,Imperial Securities Company Pvt. Ltd.,Imperial Securities Company Pvt. Ltd.,100,341.0,34100.0,2025-07-14 11:49:06.290086
2025-07-14,56654,2025071404004363,JOSHI,Sani Securities Company Ltd.,Siprabi Securities Pvt. Ltd.,150,340.0,51000.0,2025-07-14 11:49:09.132376
2025-07-14,56574,2025071404004384,JOSHI,Online Securities Pvt. Ltd.,Naasa Securities Co. Ltd.,200,340.1,68020.0,2025-07-14 11:49:27.273309
2025-07-14,56573,2025071404004385,JOSHI,ABC Securities Private Limited,Naasa Securities Co. Ltd.,90,340.0,30600.0,2025-07-14 11:49:27.273700
2025-07-14,56556,2025071404004389,JOSHI,Sanima Securities Limited,Imperial Securities Company Pvt. Ltd.,40,340.2,13608.0,2025-07-14 11:49:29.592331
2025-07-14,56377,2025071404004428,JOSHI,ABC Securities Private Limited,Imperial Securities Company Pvt. Ltd.,100,340.0,34000.0,2025-07-14 11:50:11.918841
2025-07-14,56285,2025071404004433,JOSHI,ABC Securities Private Limited,Aryatara Investment & Securities,395,340.0,134300.0,2025-07-14 11:50:21.747550
2025-07-14,56284,2025071404004434,JOSHI,Midas Stock Broking Company Private Limited,Aryatara Investment & Securities,50,340.0,17000.0,2025-07-14 11:50:21.747738
2025-07-14,56283,2025071404004435,JOSHI,J.F. Securites (PVT) Ltd.,Aryatara Investment & Securities,10,340.0,3400.0,2025-07-14 11:50:21.747818
2025-07-14,56103,2025071404004469,JOSHI,Premier Securities Company Ltd.,Aryatara Investment & Securities,45,340.0,15300.0,2025-07-14 11:51:04.646256
2025-07-14,56101,2025071404004471,JOSHI,Asian Securities Private Ltd.,Trisul Securities & Invt. Ltd.,275,339.1,93252.5,2025-07-14 11:51:04.875190
2025-07-14,56026,2025071404004485,JOSHI,Asian Securities Private Ltd.,Secured Securities Ltd.,225,339.1,76297.5,2025-07-14 11:51:22.030657
2025-07-14,56025,2025071404004486,JOSHI,Trisul Securities & Invt. Ltd.,Secured Securities Ltd.,273,339.0,92547.0,2025-07-14 11:51:22.030898
2025-07-14,56024,2025071404004487,JOSHI,Sani Securities Company Ltd.,Secured Securities Ltd.,30,339.0,10170.0,2025-07-14 11:51:22.030980
2025-07-14,56023,2025071404004488,JOSHI,Oxford Securities Pvt. Ltd.,Secured Securities Ltd.,50,339.0,16950.0,2025-07-14 11:51:22.031054
2025-07-14,56022,2025071404004489,JOSHI,Siprabi Securities Pvt. Ltd.,Secured Securities Ltd.,100,339.0,33900.0,2025-07-14 11:51:22.031128
2025-07-14,56021,2025071404004490,JOSHI,Vision Securities Pvt. Ltd,Secured Securities Ltd.,322,339.0,109158.0,2025-07-14 11:51:22.507034
2025-07-14,55978,2025071404004502,JOSHI,Vision Securities Pvt. Ltd,Dynamic Money Managers Securities Pvt. Ltd.,178,339.2,60377.6,2025-07-14 11:51:26.734251
2025-07-14,55927,2025071404004514,JOSHI,Online Securities Pvt. Ltd.,Dynamic Money Managers Securities Pvt. Ltd.,200,339.0,67800.0,2025-07-14 11:51:42.778209
2025-07-14,55518,2025071404004635,JOSHI,Dynamic Money Managers Securities Pvt. Ltd.,Dynamic Money Managers Securities Pvt. Ltd.,122,339.0,41358.0,2025-07-14 11:53:06.191445
2025-07-14,55517,2025071404004636,JOSHI,Dynamic Money Managers Securities Pvt. Ltd.,Midas Stock Broking Company Private Limited,78,339.0,26442.0,2025-07-14 11:53:06.191668
2025-07-14,55481,2025071404004638,JOSHI,Aryatara Investment & Securities,Midas Stock Broking Company Private Limited,300,339.0,101700.0,2025-07-14 11:53:16.397588
2025-07-14,55470,2025071404004646,JOSHI,J.F. Securites (PVT) Ltd.,Midas Stock Broking Company Private Limited,906,339.0,307134.0,2025-07-14 11:53:19.322509
2025-07-14,55469,2025071404004647,JOSHI,J.F. Securites (PVT) Ltd.,Sani Securities Company Ltd.,94,339.0,31866.0,2025-07-14 11:53:19.322748
2025-07-14,55431,2025071404004656,JOSHI,Vision Securities Pvt. Ltd,Sani Securities Company Ltd.,100,339.0,33900.0,2025-07-14 11:53:26.451371
2025-07-14,55299,2025071404004690,JOSHI,J.F. Securites (PVT) Ltd.,Sani Securities Company Ltd.,341,339.0,115599.0,2025-07-14 11:53:55.464003
2025-07-14,55298,2025071404004691,JOSHI,J.F. Securites (PVT) Ltd.,Arun Securities (PVT) Ltd.,10,339.0,3390.0,2025-07-14 11:53:55.464418
2025-07-14,55198,2025071404004701,JOSHI,Naasa Securities Co. Ltd.,Imperial Securities Company Pvt. Ltd.,50,340.0,17000.0,2025-07-14 11:54:12.658846
2025-07-14,55197,2025071404004702,JOSHI,Naasa Securities Co. Ltd.,Siprabi Securities Pvt. Ltd.,10,340.0,3400.0,2025-07-14 11:54:12.659217
2025-07-14,55196,2025071404004703,JOSHI,Naasa Securities Co. Ltd.,Online Securities Pvt. Ltd.,400,340.0,136000.0,2025-07-14 11:54:12.659545
2025-07-14,55195,2025071404004704,JOSHI,Naasa Securities Co. Ltd.,Vision Securities Pvt. Ltd,100,340.0,34000.0,2025-07-14 11:54:12.659776
2025-07-14,55194,2025071404004705,JOSHI,Naasa Securities Co. Ltd.,Prabhu Stock Market Limited,50,340.0,17000.0,2025-07-14 11:54:12.660007
2025-07-14,55130,2025071404004719,JOSHI,Dipshikha Dhitopatra Karobar Co. Pvt Ltd.,Imperial Securities Company Pvt. Ltd.,60,340.2,20412.0,2025-07-14 11:54:32.933932
2025-07-14,54955,2025071404004753,JOSHI,Kohinoor Investment & Securities Pvt. Ltd.,Linch Stock Market Ltd.,20,341.0,6820.0,2025-07-14 11:55:02.268848
2025-07-14,54954,2025071404004754,JOSHI,Kohinoor Investment & Securities Pvt. Ltd.,Siprabi Securities Pvt. Ltd.,480,341.0,163680.0,2025-07-14 11:55:02.269240
2025-07-14,54892,2025071404004774,JOSHI,Naasa Securities Co. Ltd.,Siprabi Securities Pvt. Ltd.,20,341.0,6820.0,2025-07-14 11:55:16.253885
2025-07-14,54891,2025071404004775,JOSHI,Naasa Securities Co. Ltd.,Aryatara Investment & Securities,146,341.0,49786.0,2025-07-14 11:55:16.254250
2025-07-14,54870,2025071404004780,JOSHI,Capital Max Securities Ltd,Aryatara Investment & Securities,10,341.0,3410.0,2025-07-14 11:55:20.757575
2025-07-14,54853,2025071404004782,JOSHI,Agrawal Securities (PVT) Ltd.,Aryatara Investment & Securities,844,341.0,287804.0,2025-07-14 11:55:23.204008
2025-07-14,54836,2025071404004792,JOSHI,Agrawal Securities (PVT) Ltd.,Agrawal Securities (PVT) Ltd.,156,341.0,53196.0,2025-07-14 11:55:25.213861
2025-07-14,54835,2025071404004793,JOSHI,Siprabi Securities Pvt. Ltd.,Agrawal Securities (PVT) Ltd.,50,341.0,17050.0,2025-07-14 11:55:25.214112
2025-07-14,54834,2025071404004794,JOSHI,Oxford Securities Pvt. Ltd.,Agrawal Securities (PVT) Ltd.,150,341.0,51150.0,2025-07-14 11:55:25.214212
2025-07-14,54793,2025071404004798,JOSHI,Online Securities Pvt. Ltd.,Agrawal Securities (PVT) Ltd.,44,340.9,14999.6,2025-07-14 11:55:31.617832
2025-07-14,54564,2025071404004844,JOSHI,Online Securities Pvt. Ltd.,Vision Securities Pvt. Ltd,36,341.0,12276.0,2025-07-14 11:56:08.539411
2025-07-14,54563,2025071404004845,JOSHI,Naasa Securities Co. Ltd.,Vision Securities Pvt. Ltd,49,341.0,16709.0,2025-07-14 11:56:08.539639
2025-07-14,54464,2025071404004867,JOSHI,Naasa Securities Co. Ltd.,Naasa Securities Co. Ltd.,30,341.0,10230.0,2025-07-14 11:56:23.552645
2025-07-14,54217,2025071404004932,JOSHI,Dipshikha Dhitopatra Karobar Co. Pvt Ltd.,Ashutosh Brokerage & Securities (PVT) Ltd.,10,343.0,3430.0,2025-07-14 11:57:00.015869
2025-07-14,54111,2025071404004953,JOSHI,Naasa Securities Co. Ltd.,Ashutosh Brokerage & Securities (PVT) Ltd.,55,343.0,18865.0,2025-07-14 11:57:18.163009
2025-07-14,53967,2025071404004992,JOSHI,ABC Securities Private Limited,Ashutosh Brokerage & Securities (PVT) Ltd.,35,343.0,12005.0,2025-07-14 11:57:43.782292
2025-07-14,53964,2025071404004993,JOSHI,Asian Securities Private Ltd.,Nepal Stock House (PVT) Ltd.,169,345.0,58305.0,2025-07-14 11:57:43.888522
2025-07-14,53963,2025071404004994,JOSHI,Asian Securities Private Ltd.,Asian Securities Private Ltd.,831,345.0,286695.0,2025-07-14 11:57:43.888913
2025-07-14,53906,2025071404005007,JOSHI,Vision Securities Pvt. Ltd,Midas Stock Broking Company Private Limited,100,342.2,34220.0,2025-07-14 11:57:55.075427
2025-07-14,53896,2025071404005011,JOSHI,Premier Securities Company Ltd.,Asian Securities Private Ltd.,169,345.0,58305.0,2025-07-14 11:57:56.292427
2025-07-14,53895,2025071404005012,JOSHI,Premier Securities Company Ltd.,Sipla Securities Private Limited,30,345.0,10350.0,2025-07-14 11:57:56.292696
2025-07-14,53894,2025071404005013,JOSHI,Premier Securities Company Ltd.,Dynamic Money Managers Securities Pvt. Ltd.,19,345.0,6555.0,2025-07-14 11:57:56.292843
2025-07-14,53893,2025071404005014,JOSHI,Premier Securities Company Ltd.,Vision Securities Pvt. Ltd,100,345.0,34500.0,2025-07-14 11:57:56.292932
2025-07-14,53892,2025071404005015,JOSHI,Premier Securities Company Ltd.,Nepal Investment And Securities Trading Private Limited,50,345.0,17250.0,2025-07-14 11:57:56.293010
2025-07-14,53891,2025071404005016,JOSHI,Premier Securities Company Ltd.,Neev Securities Pvt. Ltd.,50,345.0,17250.0,2025-07-14 11:57:56.293088
2025-07-14,53890,2025071404005017,JOSHI,Premier Securities Company Ltd.,Imperial Securities Company Pvt. Ltd.,82,345.0,28290.0,2025-07-14 11:57:56.293214
2025-07-14,53872,2025071404005019,JOSHI,Asian Securities Private Ltd.,Imperial Securities Company Pvt. Ltd.,500,345.0,172500.0,2025-07-14 11:57:58.964622
2025-07-14,53839,2025071404005021,JOSHI,Swarna Laxmi Securities Pvt. Ltd.,Imperial Securities Company Pvt. Ltd.,218,345.0,75210.0,2025-07-14 11:58:04.869678
2025-07-14,53723,2025071404005037,JOSHI,Swarna Laxmi Securities Pvt. Ltd.,Premier Securities Company Ltd.,500,345.0,172500.0,2025-07-14 11:58:25.505227
2025-07-14,53629,2025071404005051,JOSHI,Asian Securities Private Ltd.,Agrawal Securities (PVT) Ltd.,200,346.0,69200.0,2025-07-14 11:58:42.462813
2025-07-14,53556,2025071404005070,JOSHI,Imperial Securities Company Pvt. Ltd.,Dynamic Money Managers Securities Pvt. Ltd.,200,346.2,69240.0,2025-07-14 11:58:56.301974
2025-07-14,53449,2025071404005106,JOSHI,J.F. Securites (PVT) Ltd.,Sundhara Securities Limited,20,346.2,6924.0,2025-07-14 11:59:14.559369
2025-07-14,53412,2025071404005123,JOSHI,Nepal Investment And Securities Trading Private Limited,Premier Securities Company Ltd.,76,346.8,26356.8,2025-07-14 11:59:19.822528
2025-07-14,53411,2025071404005124,JOSHI,Nepal Investment And Securities Trading Private Limited,Dipshikha Dhitopatra Karobar Co. Pvt Ltd.,307,346.9,106498.3,2025-07-14 11:59:19.822734
2025-07-14,53410,2025071404005125,JOSHI,Nepal Investment And Securities Trading Private Limited,Sani Securities Company Ltd.,60,347.0,20820.0,2025-07-14 11:59:19.822815
2025-07-14,53409,2025071404005126,JOSHI,Nepal Investment And Securities Trading Private Limited,Vision Securities Pvt. Ltd,300,347.0,104100.0,2025-07-14 11:59:19.822890
2025-07-14,53408,2025071404005127,JOSHI,Nepal Investment And Securities Trading Private Limited,Deevyaa Securities & Stock House Pvt. Ltd,200,347.0,69400.0,2025-07-14 11:59:19.822978
2025-07-14,53407,2025071404005128,JOSHI,Nepal Investment And Securities Trading Private Limited,Market Securities & Exchange (PVT) Ltd.,57,347.0,19779.0,2025-07-14 11:59:19.823068
2025-07-14,53361,2025071404005140,JOSHI,Sri Hari Securities Pvt. Ltd.,Market Securities & Exchange (PVT) Ltd.,93,347.0,32271.0,2025-07-14 11:59:30.786511
2025-07-14,53360,2025071404005141,JOSHI,Sri Hari Securities Pvt. Ltd.,Kalika Securities Pvt. Ltd.,20,347.0,6940.0,2025-07-14 11:59:30.786563
2025-07-14,53359,2025071404005142,JOSHI,Sri Hari Securities Pvt. Ltd.,Deevyaa Securities & Stock House Pvt. Ltd,30,347.0,10410.0,2025-07-14 11:59:30.786610
2025-07-14,53358,2025071404005143,JOSHI,Sri Hari Securities Pvt. Ltd.,Linch Stock Market Ltd.,57,347.7,19818.9,2025-07-14 11:59:30.786634
2025-07-14,53304,2025071404005172,JOSHI,Siprabi Securities Pvt. Ltd.,Deevyaa Securities & Stock House Pvt. Ltd,20,347.0,6940.0,2025-07-14 11:59:37.131223
2025-07-14,53267,2025071404005183,JOSHI,Imperial Securities Company Pvt. Ltd.,Linch Stock Market Ltd.,43,347.7,14951.1,2025-07-14 11:59:44.968543
2025-07-14,53193,2025071404005209,JOSHI,Imperial Securities Company Pvt. Ltd.,ABC Securities Private Limited,70,347.7,24339.0,2025-07-14 12:00:01.816268
2025-07-14,53192,2025071404005210,JOSHI,Siprabi Securities Pvt. Ltd.,ABC Securities Private Limited,180,347.0,62460.0,2025-07-14 12:00:01.816528
2025-07-14,53050,2025071404005263,JOSHI,Linch Stock Market Ltd.,ABC Securities Private Limited,25,347.0,8675.0,2025-07-14 12:00:35.763455
2025-07-14,53021,2025071404005275,JOSHI,Linch Stock Market Ltd.,Dipshikha Dhitopatra Karobar Co. Pvt Ltd.,975,347.0,338325.0,2025-07-14 12:00:43.921007
2025-07-14,52870,2025071404005318,JOSHI,Dipshikha Dhitopatra Karobar Co. Pvt Ltd.,Dipshikha Dhitopatra Karobar Co. Pvt Ltd.,10,346.0,3460.0,2025-07-14 12:01:17.151476
2025-07-14,52837,2025071404005327,JOSHI,Siprabi Securities Pvt. Ltd.,Investment Management Nepal Pvt. Ltd.,32,346.0,11072.0,2025-07-14 12:01:27.843781
2025-07-14,52661,2025071404005401,JOSHI,Sani Securities Company Ltd.,Investment Management Nepal Pvt. Ltd.,18,346.0,6228.0,2025-07-14 12:02:03.758662
2025-07-14,52660,2025071404005402,JOSHI,Sani Securities Company Ltd.,Agrawal Securities (PVT) Ltd.,100,346.0,34600.0,2025-07-14 12:02:03.758913
2025-07-14,52659,2025071404005403,JOSHI,Sani Securities Company Ltd.,Siprabi Securities Pvt. Ltd.,32,346.0,11072.0,2025-07-14 12:02:03.758997
2025-07-14,52636,2025071404005417,JOSHI,Sani Securities Company Ltd.,Imperial Securities Company Pvt. Ltd.,50,346.0,17300.0,2025-07-14 12:02:08.953126
2025-07-14,52415,2025071404005494,JOSHI,Siprabi Securities Pvt. Ltd.,Ashutosh Brokerage & Securities (PVT) Ltd.,50,346.0,17300.0,2025-07-14 12:02:49.225899
2025-07-14,52381,2025071404005508,JOSHI,Linch Stock Market Ltd.,Linch Stock Market Ltd.,10,346.0,3460.0,2025-07-14 12:02:59.391137
2025-07-14,52365,2025071404005515,JOSHI,Trishakti Securities Public Limited,Linch Stock Market Ltd.,10,346.0,3460.0,2025-07-14 12:03:02.498439
2025-07-14,52364,2025071404005516,JOSHI,Trishakti Securities Public Limited,Kohinoor Investment & Securities Pvt. Ltd.,90,347.0,31230.0,2025-07-14 12:03:02.498825
2025-07-14,52091,2025071404005594,JOSHI,Imperial Securities Company Pvt. Ltd.,Sundhara Securities Limited,10,346.9,3469.0,2025-07-14 12:04:06.274746
2025-07-14,52090,2025071404005595,JOSHI,Imperial Securities Company Pvt. Ltd.,Kohinoor Investment & Securities Pvt. Ltd.,10,347.0,3470.0,2025-07-14 12:04:06.274987
2025-07-14,52089,2025071404005596,JOSHI,Imperial Securities Company Pvt. Ltd.,Aryatara Investment & Securities,90,347.0,31230.0,2025-07-14 12:04:06.275071
2025-07-14,52053,2025071404005603,JOSHI,Stoxkarts Securities Limited,Deevyaa Securities & Stock House Pvt. Ltd,20,345.6,6912.0,2025-07-14 12:04:16.798414
2025-07-14,52003,2025071404005614,JOSHI,Naasa Securities Co. Ltd.,Premier Securities Company Ltd.,200,346.0,69200.0,2025-07-14 12:04:29.535795
2025-07-14,51873,2025071404005645,JOSHI,Sri Hari Securities Pvt. Ltd.,Naasa Securities Co. Ltd.,200,345.6,69120.0,2025-07-14 12:05:11.289335
2025-07-14,51825,2025071404005678,JOSHI,Sri Hari Securities Pvt. Ltd.,Sundhara Securities Limited,10,345.8,3458.0,2025-07-14 12:05:21.294957
2025-07-14,51661,2025071404005716,JOSHI,Sri Hari Securities Pvt. Ltd.,Aryatara Investment & Securities,40,345.8,13832.0,2025-07-14 12:06:01.637822
2025-07-14,51660,2025071404005717,JOSHI,Nepal Stock House (PVT) Ltd.,Aryatara Investment & Securities,375,345.5,129562.5,2025-07-14 12:06:01.638088
2025-07-14,51152,2025071404005870,JOSHI,Naasa Securities Co. Ltd.,Aryatara Investment & Securities,10,346.0,3460.0,2025-07-14 12:07:47.574015
2025-07-14,50962,2025071404005931,JOSHI,Nepal Stock House (PVT) Ltd.,Aryatara Investment & Securities,370,345.5,127835.0,2025-07-14 12:08:39.943327
2025-07-14,50845,2025071404005965,JOSHI,Nepal Stock House (PVT) Ltd.,Dakshinkali Investment & Securities Pvt. Ltd.,755,345.5,260852.5,2025-07-14 12:09:09.067294
2025-07-14,50836,2025071404005967,JOSHI,Swarna Laxmi Securities Pvt. Ltd.,Sri Hari Securities Pvt. Ltd.,282,345.0,97290.0,2025-07-14 12:09:12.865078
2025-07-14,50835,2025071404005968,JOSHI,Vision Securities Pvt. Ltd,Sri Hari Securities Pvt. Ltd.,300,345.0,103500.0,2025-07-14 12:09:12.865335
2025-07-14,50834,2025071404005969,JOSHI,Vision Securities Pvt. Ltd,Sri Hari Securities Pvt. Ltd.,100,345.0,34500.0,2025-07-14 12:09:12.865426
2025-07-14,50833,2025071404005970,JOSHI,Naasa Securities Co. Ltd.,Sri Hari Securities Pvt. Ltd.,318,345.0,109710.0,2025-07-14 12:09:12.865512
2025-07-14,50777,2025071404005986,JOSHI,Naasa Securities Co. Ltd.,Thrive Brokerage House Pvt. Ltd,100,345.0,34500.0,2025-07-14 12:09:30.020042
2025-07-14,50743,2025071404005987,JOSHI,Naasa Securities Co. Ltd.,Siprabi Securities Pvt. Ltd.,65,345.0,22425.0,2025-07-14 12:09:33.904392
2025-07-14,50715,2025071404005990,JOSHI,Naasa Securities Co. Ltd.,Deevyaa Securities & Stock House Pvt. Ltd,20,345.0,6900.0,2025-07-14 12:09:39.808584
2025-07-14,50680,2025071404005997,JOSHI,Naasa Securities Co. Ltd.,Aryatara Investment & Securities,10,345.0,3450.0,2025-07-14 12:09:49.525022
2025-07-14,50642,2025071404006012,JOSHI,Naasa Securities Co. Ltd.,Sundhara Securities Limited,15,345.0,5175.0,2025-07-14 12:09:57.440805
2025-07-14,50639,2025071404006013,JOSHI,Sani Securities Company Ltd.,Naasa Securities Co. Ltd.,20,345.0,6900.0,2025-07-14 12:09:57.981652
2025-07-14,50638,2025071404006014,JOSHI,Secured Securities Ltd.,Naasa Securities Co. Ltd.,90,345.0,31050.0,2025-07-14 12:09:57.981860
2025-07-14,50089,2025071404006187,JOSHI,Secured Securities Ltd.,Aryatara Investment & Securities,10,345.0,3450.0,2025-07-14 12:12:14.808345
2025-07-14,49516,2025071404006310,JOSHI,Sani Securities Company Ltd.,Deevyaa Securities & Stock House Pvt. Ltd,10,344.0,3440.0,2025-07-14 12:14:39.480080
2025-07-14,49413,2025071404006343,JOSHI,Sani Securities Company Ltd.,Arun Securities (PVT) Ltd.,280,344.0,96320.0,2025-07-14 12:15:12.708586
2025-07-14,48701,2025071404006532,JOSHI,Midas Stock Broking Company Private Limited,Arun Securities (PVT) Ltd.,10,343.1,3431.0,2025-07-14 12:18:03.404717
2025-07-14,48673,2025071404006541,JOSHI,INDEX SECURITIES LIMITED,Naasa Securities Co. Ltd.,100,343.0,34300.0,2025-07-14 12:18:16.641523
2025-07-14,48550,2025071404006577,JOSHI,INDEX SECURITIES LIMITED,Kohinoor Investment & Securities Pvt. Ltd.,100,343.0,34300.0,2025-07-14 12:18:42.577883
2025-07-14,48455,2025071404006604,JOSHI,Naasa Securities Co. Ltd.,Dakshinkali Investment & Securities Pvt. Ltd.,30,343.9,10317.0,2025-07-14 12:19:15.029856
2025-07-14,48278,2025071404006645,JOSHI,Dipshikha Dhitopatra Karobar Co. Pvt Ltd.,Dakshinkali Investment & Securities Pvt. Ltd.,70,343.9,24073.0,2025-07-14 12:20:04.123009
2025-07-14,48112,2025071404006701,JOSHI,Pragyan Securities (PVT) Ltd.,Opal Securities Investment (PVT) Ltd.,50,344.0,17200.0,2025-07-14 12:20:50.183561
2025-07-14,47086,2025071404007084,JOSHI,Creative Securities Pvt Ltd,Dakshinkali Investment & Securities Pvt. Ltd.,45,344.9,15520.5,2025-07-14 12:25:15.600628
2025-07-14,47085,2025071404007085,JOSHI,Creative Securities Pvt Ltd,Dynamic Money Managers Securities Pvt. Ltd.,100,344.9,34490.0,2025-07-14 12:25:15.600878
2025-07-14,47065,2025071404007086,JOSHI,Naasa Securities Co. Ltd.,Aryatara Investment & Securities,88,344.5,30316.0,2025-07-14 12:25:20.203393
2025-07-14,47064,2025071404007087,JOSHI,Online Securities Pvt. Ltd.,Aryatara Investment & Securities,12,344.0,4128.0,2025-07-14 12:25:20.203499
2025-07-14,46846,2025071404007177,JOSHI,Stoxkarts Securities Limited,Imperial Securities Company Pvt. Ltd.,10,344.1,3441.0,2025-07-14 12:26:15.947043
2025-07-14,46695,2025071404007210,JOSHI,Stoxkarts Securities Limited,Dakshinkali Investment & Securities Pvt. Ltd.,100,345.0,34500.0,2025-07-14 12:26:56.142670
2025-07-14,46694,2025071404007211,JOSHI,Stoxkarts Securities Limited,Vision Securities Pvt. Ltd,50,345.0,17250.0,2025-07-14 12:26:56.143137
2025-07-14,46693,2025071404007212,JOSHI,Stoxkarts Securities Limited,Imperial Securities Company Pvt. Ltd.,10,345.0,3450.0,2025-07-14 12:26:56.143481
2025-07-14,46692,2025071404007213,JOSHI,Stoxkarts Securities Limited,Vision Securities Pvt. Ltd,20,345.0,6900.0,2025-07-14 12:26:56.143849
2025-07-14,46691,2025071404007214,JOSHI,Stoxkarts Securities Limited,Linch Stock Market Ltd.,10,345.0,3450.0,2025-07-14 12:26:56.144130
2025-07-14,46690,2025071404007215,JOSHI,Stoxkarts Securities Limited,Vision Securities Pvt. Ltd,340,345.0,117300.0,2025-07-14 12:26:56.144453
2025-07-14,46612,2025071404007249,JOSHI,Stoxkarts Securities Limited,Aryatara Investment & Securities,40,344.1,13764.0,2025-07-14 12:27:24.323941
2025-07-14,46611,2025071404007250,JOSHI,Dipshikha Dhitopatra Karobar Co. Pvt Ltd.,Vision Securities Pvt. Ltd,50,345.0,17250.0,2025-07-14 12:27:25.278612
2025-07-14,46585,2025071404007254,JOSHI,Nabil Stock Dealer Ltd.,Vision Securities Pvt. Ltd,10,345.0,3450.0,2025-07-14 12:27:34.775062
2025-07-14,46584,2025071404007255,JOSHI,Nabil Stock Dealer Ltd.,Sharepro Securities Private Limited,491,345.0,169395.0,2025-07-14 12:27:34.775378
2025-07-14,45953,2025071404007447,JOSHI,Capital Hub P. Ltd,Sharepro Securities Private Limited,509,345.0,175605.0,2025-07-14 12:30:32.783509
2025-07-14,45952,2025071404007448,JOSHI,Capital Hub P. Ltd,Sharepro Securities Private Limited,461,345.0,159045.0,2025-07-14 12:30:32.784016
2025-07-14,45408,2025071404007621,JOSHI,Deevyaa Securities & Stock House Pvt. Ltd,Premier Securities Company Ltd.,400,344.9,137960.0,2025-07-14 12:33:19.283922
2025-07-14,45258,2025071404007645,JOSHI,Deevyaa Securities & Stock House Pvt. Ltd,Sani Securities Company Ltd.,100,344.9,34490.0,2025-07-14 12:33:57.240630
2025-07-14,45257,2025071404007646,JOSHI,Online Securities Pvt. Ltd.,Sani Securities Company Ltd.,188,344.0,64672.0,2025-07-14 12:33:57.240939
2025-07-14,45256,2025071404007647,JOSHI,Sweta Securities Private Limited,Sani Securities Company Ltd.,72,344.0,24768.0,2025-07-14 12:33:57.241042
2025-07-14,45131,2025071404007675,JOSHI,Vision Securities Pvt. Ltd,Sharepro Securities Private Limited,500,345.0,172500.0,2025-07-14 12:34:27.248103
2025-07-14,45084,2025071404007699,JOSHI,Dakshinkali Investment & Securities Pvt. Ltd.,Sharepro Securities Private Limited,100,345.0,34500.0,2025-07-14 12:34:47.095529
2025-07-14,44994,2025071404007728,JOSHI,Aryatara Investment & Securities,Sharepro Securities Private Limited,150,345.0,51750.0,2025-07-14 12:35:06.605847
2025-07-14,44988,2025071404007733,JOSHI,Neev Securities Pvt. Ltd.,Sharepro Securities Private Limited,30,345.0,10350.0,2025-07-14 12:35:10.845345
2025-07-14,44804,2025071404007803,JOSHI,Dakshinkali Investment & Securities Pvt. Ltd.,Sharepro Securities Private Limited,25,345.0,8625.0,2025-07-14 12:35:55.701460
2025-07-14,44786,2025071404007817,JOSHI,J.F. Securites (PVT) Ltd.,Sharepro Securities Private Limited,34,345.0,11730.0,2025-07-14 12:36:00.683712
2025-07-14,44785,2025071404007818,JOSHI,J.F. Securites (PVT) Ltd.,Vision Securities Pvt. Ltd,16,345.0,5520.0,2025-07-14 12:36:00.684001
2025-07-14,44721,2025071404007837,JOSHI,Sweta Securities Private Limited,Thrive Brokerage House Pvt. Ltd,10,344.0,3440.0,2025-07-14 12:36:14.335816
2025-07-14,44620,2025071404007860,JOSHI,Sweta Securities Private Limited,Naasa Securities Co. Ltd.,18,344.0,6192.0,2025-07-14 12:36:40.524832
2025-07-14,44341,2025071404007927,JOSHI,Capital Hub P. Ltd,Naasa Securities Co. Ltd.,373,344.0,128312.0,2025-07-14 12:37:54.413279
2025-07-14,44340,2025071404007928,JOSHI,Capital Hub P. Ltd,Imperial Securities Company Pvt. Ltd.,1025,344.9,353522.5,2025-07-14 12:37:54.413610
2025-07-14,44339,2025071404007929,JOSHI,Capital Hub P. Ltd,Vision Securities Pvt. Ltd,302,345.0,104190.0,2025-07-14 12:37:54.413719
2025-07-14,44114,2025071404007976,JOSHI,Linch Stock Market Ltd.,Vision Securities Pvt. Ltd,20,345.0,6900.0,2025-07-14 12:38:57.812513
2025-07-14,44075,2025071404007996,JOSHI,Capital Hub P. Ltd,Vision Securities Pvt. Ltd,35,345.0,12075.0,2025-07-14 12:39:07.605586
2025-07-14,43021,2025071404008349,JOSHI,Nepal Stock House (PVT) Ltd.,Sani Securities Company Ltd.,100,344.9,34490.0,2025-07-14 12:43:49.205412
2025-07-14,42993,2025071404008365,JOSHI,Primo Securities (PVT) Ltd.,Deevyaa Securities & Stock House Pvt. Ltd,30,344.0,10320.0,2025-07-14 12:43:59.609976
2025-07-14,42957,2025071404008388,JOSHI,Primo Securities (PVT) Ltd.,Sewa Securities Pvt. Ltd.,40,344.0,13760.0,2025-07-14 12:44:11.186168
2025-07-14,42895,2025071404008416,JOSHI,Naasa Securities Co. Ltd.,Ashutosh Brokerage & Securities (PVT) Ltd.,100,344.5,34450.0,2025-07-14 12:44:37.583348
2025-07-14,42894,2025071404008417,JOSHI,Primo Securities (PVT) Ltd.,Ashutosh Brokerage & Securities (PVT) Ltd.,400,344.0,137600.0,2025-07-14 12:44:37.583834
2025-07-14,42851,2025071404008427,JOSHI,Vision Securities Pvt. Ltd,Premier Securities Company Ltd.,500,344.8,172400.0,2025-07-14 12:44:54.600305
2025-07-14,42825,2025071404008431,JOSHI,Primo Securities (PVT) Ltd.,Ashutosh Brokerage & Securities (PVT) Ltd.,30,344.0,10320.0,2025-07-14 12:44:59.656645
2025-07-14,42824,2025071404008432,JOSHI,Aryatara Investment & Securities,Ashutosh Brokerage & Securities (PVT) Ltd.,470,343.1,161257.0,2025-07-14 12:44:59.656895
2025-07-14,42755,2025071404008447,JOSHI,Aryatara Investment & Securities,Ashutosh Brokerage & Securities (PVT) Ltd.,30,343.1,10293.0,2025-07-14 12:45:17.713558
2025-07-14,42754,2025071404008448,JOSHI,SUN SECURITIES PVT LTD,Ashutosh Brokerage & Securities (PVT) Ltd.,30,343.0,10290.0,2025-07-14 12:45:17.714057
2025-07-14,42753,2025071404008449,JOSHI,Imperial Securities Company Pvt. Ltd.,Ashutosh Brokerage & Securities (PVT) Ltd.,100,343.0,34300.0,2025-07-14 12:45:17.714372
2025-07-14,42752,2025071404008450,JOSHI,Stoxkarts Securities Limited,Ashutosh Brokerage & Securities (PVT) Ltd.,340,343.0,116620.0,2025-07-14 12:45:17.714685
2025-07-14,42638,2025071404008486,JOSHI,Stoxkarts Securities Limited,Ashutosh Brokerage & Securities (PVT) Ltd.,500,343.0,171500.0,2025-07-14 12:45:46.822650
2025-07-14,42584,2025071404008510,JOSHI,Stoxkarts Securities Limited,Ashutosh Brokerage & Securities (PVT) Ltd.,500,343.0,171500.0,2025-07-14 12:45:59.890751
2025-07-14,42517,2025071404008550,JOSHI,Stoxkarts Securities Limited,Ashutosh Brokerage & Securities (PVT) Ltd.,500,343.0,171500.0,2025-07-14 12:46:15.937673
2025-07-14,42453,2025071404008568,JOSHI,Stoxkarts Securities Limited,J.F. Securites (PVT) Ltd.,300,344.9,103470.0,2025-07-14 12:46:33.364552
2025-07-14,42452,2025071404008569,JOSHI,Stoxkarts Securities Limited,Bhrikuti Stock Broking Co. Pvt. Ltd.,100,344.9,34490.0,2025-07-14 12:46:33.364860
2025-07-14,42451,2025071404008570,JOSHI,Stoxkarts Securities Limited,Vision Securities Pvt. Ltd,127,345.0,43815.0,2025-07-14 12:46:33.364972
2025-07-14,42450,2025071404008571,JOSHI,Stoxkarts Securities Limited,Bhrikuti Stock Broking Co. Pvt. Ltd.,200,345.0,69000.0,2025-07-14 12:46:33.365075
2025-07-14,42449,2025071404008572,JOSHI,Stoxkarts Securities Limited,Dakshinkali Investment & Securities Pvt. Ltd.,200,345.0,69000.0,2025-07-14 12:46:33.365177
2025-07-14,42448,2025071404008573,JOSHI,Stoxkarts Securities Limited,Sharepro Securities Private Limited,500,345.0,172500.0,2025-07-14 12:46:33.365289
2025-07-14,42447,2025071404008574,JOSHI,Stoxkarts Securities Limited,Online Securities Pvt. Ltd.,30,345.0,10350.0,2025-07-14 12:46:33.365411
2025-07-14,42446,2025071404008575,JOSHI,Stoxkarts Securities Limited,ABC Securities Private Limited,543,345.0,187335.0,2025-07-14 12:46:33.365514
2025-07-14,42414,2025071404008584,JOSHI,Stoxkarts Securities Limited,Ashutosh Brokerage & Securities (PVT) Ltd.,500,343.0,171500.0,2025-07-14 12:46:42.040001
2025-07-14,42363,2025071404008597,JOSHI,Stoxkarts Securities Limited,Ashutosh Brokerage & Securities (PVT) Ltd.,360,343.0,123480.0,2025-07-14 12:47:00.157557
2025-07-14,42362,2025071404008598,JOSHI,Imperial Securities Company Pvt. Ltd.,Ashutosh Brokerage & Securities (PVT) Ltd.,100,343.0,34300.0,2025-07-14 12:47:00.158048
2025-07-14,42361,2025071404008599,JOSHI,Siprabi Securities Pvt. Ltd.,Ashutosh Brokerage & Securities (PVT) Ltd.,40,343.0,13720.0,2025-07-14 12:47:00.158380
2025-07-14,42295,2025071404008616,JOSHI,Siprabi Securities Pvt. Ltd.,Ashutosh Brokerage & Securities (PVT) Ltd.,50,343.0,17150.0,2025-07-14 12:47:20.234032
2025-07-14,42294,2025071404008617,JOSHI,Secured Securities Ltd.,Ashutosh Brokerage & Securities (PVT) Ltd.,450,343.0,154350.0,2025-07-14 12:47:20.234546
2025-07-14,42210,2025071404008632,JOSHI,Neev Securities Pvt. Ltd.,Ashutosh Brokerage & Securities (PVT) Ltd.,500,343.1,171550.0,2025-07-14 12:47:38.383474
2025-07-14,42159,2025071404008645,JOSHI,Secured Securities Ltd.,Ashutosh Brokerage & Securities (PVT) Ltd.,500,343.0,171500.0,2025-07-14 12:47:55.448795
2025-07-14,42044,2025071404008687,JOSHI,Secured Securities Ltd.,Cristal Kanchanjanga Securites Pvt. Ltd.,50,343.0,17150.0,2025-07-14 12:48:31.874537
2025-07-14,42043,2025071404008688,JOSHI,Sumeru Securities Pvt. Ltd.,Cristal Kanchanjanga Securites Pvt. Ltd.,100,343.0,34300.0,2025-07-14 12:48:31.875024
2025-07-14,41786,2025071404008795,JOSHI,Naasa Securities Co. Ltd.,ABC Securities Private Limited,37,345.0,12765.0,2025-07-14 12:49:51.019378
2025-07-14,41417,2025071404008908,JOSHI,Imperial Securities Company Pvt. Ltd.,ABC Securities Private Limited,200,345.0,69000.0,2025-07-14 12:51:17.776422
2025-07-14,40718,2025071404009130,JOSHI,Kohinoor Investment & Securities Pvt. Ltd.,ABC Securities Private Limited,100,345.0,34500.0,2025-07-14 12:54:15.143990
2025-07-14,40530,2025071404009184,JOSHI,Sani Securities Company Ltd.,ABC Securities Private Limited,120,345.0,41400.0,2025-07-14 12:54:49.386664
2025-07-14,40529,2025071404009185,JOSHI,Sani Securities Company Ltd.,Linch Stock Market Ltd.,50,345.0,17250.0,2025-07-14 12:54:49.386981
2025-07-14,40528,2025071404009186,JOSHI,Sani Securities Company Ltd.,Dynamic Money Managers Securities Pvt. Ltd.,30,345.0,10350.0,2025-07-14 12:54:49.387097
2025-07-14,40188,2025071404009291,JOSHI,Kohinoor Investment & Securities Pvt. Ltd.,Dynamic Money Managers Securities Pvt. Ltd.,100,345.0,34500.0,2025-07-14 12:56:08.625881
2025-07-14,39859,2025071404009394,JOSHI,Aryatara Investment & Securities,Sharepro Securities Private Limited,1400,344.1,481740.0,2025-07-14 12:57:28.711360
2025-07-14,39733,2025071404009458,JOSHI,Aryatara Investment & Securities,Sharepro Securities Private Limited,100,344.1,34410.0,2025-07-14 12:57:50.788807
2025-07-14,39732,2025071404009459,JOSHI,Imperial Securities Company Pvt. Ltd.,Sharepro Securities Private Limited,300,344.0,103200.0,2025-07-14 12:57:50.789123
2025-07-14,39633,2025071404009480,JOSHI,Imperial Securities Company Pvt. Ltd.,Sharepro Securities Private Limited,700,344.0,240800.0,2025-07-14 12:58:17.070370
2025-07-14,39632,2025071404009481,JOSHI,Naasa Securities Co. Ltd.,Sharepro Securities Private Limited,10,344.0,3440.0,2025-07-14 12:58:17.070639
2025-07-14,39631,2025071404009482,JOSHI,Hatemalo Financial Services Private Limited,Sharepro Securities Private Limited,190,344.0,65360.0,2025-07-14 12:58:17.070750
2025-07-14,39584,2025071404009493,JOSHI,Imperial Securities Company Pvt. Ltd.,Dynamic Money Managers Securities Pvt. Ltd.,10,345.0,3450.0,2025-07-14 12:58:22.011180
2025-07-14,39558,2025071404009508,JOSHI,Sani Securities Company Ltd.,Dynamic Money Managers Securities Pvt. Ltd.,40,345.0,13800.0,2025-07-14 12:58:25.710067
2025-07-14,39557,2025071404009509,JOSHI,Sani Securities Company Ltd.,Aryatara Investment & Securities,50,345.0,17250.0,2025-07-14 12:58:25.710334
2025-07-14,39556,2025071404009510,JOSHI,Sani Securities Company Ltd.,Naasa Securities Co. Ltd.,10,345.0,3450.0,2025-07-14 12:58:25.710450
2025-07-14,39188,2025071404009589,JOSHI,MILKY WAY SHARE BROKER COMPANY LTD ,Asian Securities Private Ltd.,15,344.0,5160.0,2025-07-14 13:00:01.843189
2025-07-14,39187,2025071404009590,JOSHI,MILKY WAY SHARE BROKER COMPANY LTD ,Asian Securities Private Ltd.,10,343.7,3437.0,2025-07-14 13:00:01.843753
2025-07-14,39186,2025071404009591,JOSHI,MILKY WAY SHARE BROKER COMPANY LTD ,Asian Securities Private Ltd.,10,343.6,3436.0,2025-07-14 13:00:01.844093
2025-07-14,39185,2025071404009592,JOSHI,Naasa Securities Co. Ltd.,Asian Securities Private Ltd.,10,343.5,3435.0,2025-07-14 13:00:01.844440
2025-07-14,39088,2025071404009625,JOSHI,Sani Securities Company Ltd.,Nepal Stock House (PVT) Ltd.,100,343.3,34330.0,2025-07-14 13:00:40.558692
2025-07-14,39087,2025071404009626,JOSHI,Deevyaa Securities & Stock House Pvt. Ltd,Nepal Stock House (PVT) Ltd.,15,343.3,5149.5,2025-07-14 13:00:40.559221
2025-07-14,38965,2025071404009649,JOSHI,Sumeru Securities Pvt. Ltd.,Linch Stock Market Ltd.,300,343.0,102900.0,2025-07-14 13:01:15.910573
2025-07-14,38945,2025071404009650,JOSHI,Sumeru Securities Pvt. Ltd.,Nepal Stock House (PVT) Ltd.,600,343.0,205800.0,2025-07-14 13:01:21.343529
2025-07-14,38944,2025071404009651,JOSHI,Property Wiard Limited,Nepal Stock House (PVT) Ltd.,100,343.0,34300.0,2025-07-14 13:01:21.344044
2025-07-14,38878,2025071404009670,JOSHI,Trishakti Securities Public Limited,Nepal Stock House (PVT) Ltd.,300,343.0,102900.0,2025-07-14 13:01:48.691779
2025-07-14,38877,2025071404009671,JOSHI,Trishakti Securities Public Limited,Nepal Stock House (PVT) Ltd.,287,343.3,98527.1,2025-07-14 13:01:48.692055
2025-07-14,38870,2025071404009675,JOSHI,Vision Securities Pvt. Ltd,Nepal Stock House (PVT) Ltd.,100,343.0,34300.0,2025-07-14 13:01:49.805559
2025-07-14,38869,2025071404009676,JOSHI,Aryatara Investment & Securities,Nepal Stock House (PVT) Ltd.,20,342.4,6848.0,2025-07-14 13:01:49.806121
2025-07-14,38567,2025071404009801,JOSHI,Online Securities Pvt. Ltd.,Nepal Stock House (PVT) Ltd.,70,342.4,23968.0,2025-07-14 13:03:19.553195
2025-07-14,37892,2025071404010050,JOSHI,Naasa Securities Co. Ltd.,Nepal Stock House (PVT) Ltd.,140,342.4,47936.0,2025-07-14 13:06:15.823328
2025-07-14,37669,2025071404010125,JOSHI,Nabil Stock Dealer Ltd.,Nepal Stock House (PVT) Ltd.,170,342.4,58208.0,2025-07-14 13:07:44.568173
2025-07-14,37410,2025071404010188,JOSHI,Sumeru Securities Pvt. Ltd.,Naasa Securities Co. Ltd.,100,343.0,34300.0,2025-07-14 13:08:52.399100
2025-07-14,37115,2025071404010327,JOSHI,Sani Securities Company Ltd.,Nepal Stock House (PVT) Ltd.,437,343.3,150022.1,2025-07-14 13:10:12.875888
2025-07-14,37113,2025071404010328,JOSHI,Naasa Securities Co. Ltd.,Nepal Stock House (PVT) Ltd.,161,343.3,55271.3,2025-07-14 13:10:14.116841
2025-07-14,36825,2025071404010393,JOSHI,Naasa Securities Co. Ltd.,Agrawal Securities (PVT) Ltd.,388,343.3,133200.4,2025-07-14 13:11:29.138435
2025-07-14,36824,2025071404010394,JOSHI,Sumeru Securities Pvt. Ltd.,Agrawal Securities (PVT) Ltd.,200,343.0,68600.0,2025-07-14 13:11:29.138533
2025-07-14,36823,2025071404010395,JOSHI,Aryatara Investment & Securities,Agrawal Securities (PVT) Ltd.,48,343.0,16464.0,2025-07-14 13:11:29.138564
2025-07-14,36705,2025071404010436,JOSHI,Vision Securities Pvt. Ltd,Asian Securities Private Ltd.,16,343.5,5496.0,2025-07-14 13:12:07.821108
2025-07-14,36578,2025071404010492,JOSHI,Creative Securities Pvt Ltd,Naasa Securities Co. Ltd.,200,345.0,69000.0,2025-07-14 13:12:43.190918
2025-07-14,36504,2025071404010537,JOSHI,Imperial Securities Company Pvt. Ltd.,Naasa Securities Co. Ltd.,1290,345.0,445050.0,2025-07-14 13:12:58.112824
2025-07-14,36503,2025071404010538,JOSHI,Imperial Securities Company Pvt. Ltd.,Naasa Securities Co. Ltd.,119,345.0,41055.0,2025-07-14 13:12:58.113363
2025-07-14,36301,2025071404010600,JOSHI,Imperial Securities Company Pvt. Ltd.,Deevyaa Securities & Stock House Pvt. Ltd,30,345.3,10359.0,2025-07-14 13:13:58.692196
2025-07-14,36300,2025071404010601,JOSHI,Imperial Securities Company Pvt. Ltd.,Vision Securities Pvt. Ltd,50,345.4,17270.0,2025-07-14 13:13:58.692464
2025-07-14,36299,2025071404010602,JOSHI,Imperial Securities Company Pvt. Ltd.,Aryatara Investment & Securities,511,346.0,176806.0,2025-07-14 13:13:58.692578
2025-07-14,36087,2025071404010672,JOSHI,Aryatara Investment & Securities,Aryatara Investment & Securities,300,346.0,103800.0,2025-07-14 13:14:59.050796
2025-07-14,35920,2025071404010715,JOSHI,Thrive Brokerage House Pvt. Ltd,Aryatara Investment & Securities,50,346.0,17300.0,2025-07-14 13:15:55.895887
2025-07-14,35894,2025071404010735,JOSHI,Naasa Securities Co. Ltd.,Aryatara Investment & Securities,20,346.0,6920.0,2025-07-14 13:16:02.689439
2025-07-14,35417,2025071404010883,JOSHI,Vision Securities Pvt. Ltd,Aryatara Investment & Securities,109,346.0,37714.0,2025-07-14 13:18:12.599062
2025-07-14,35416,2025071404010884,JOSHI,Vision Securities Pvt. Ltd,Vision Securities Pvt. Ltd,50,346.0,17300.0,2025-07-14 13:18:12.599382
2025-07-14,35415,2025071404010885,JOSHI,Vision Securities Pvt. Ltd,Investment Management Nepal Pvt. Ltd.,50,346.0,17300.0,2025-07-14 13:18:12.599491
2025-07-14,35414,2025071404010886,JOSHI,Vision Securities Pvt. Ltd,Trishakti Securities Public Limited,50,346.0,17300.0,2025-07-14 13:18:12.599606
2025-07-14,35413,2025071404010887,JOSHI,Vision Securities Pvt. Ltd,Siprabi Securities Pvt. Ltd.,41,346.0,14186.0,2025-07-14 13:18:12.599714
2025-07-14,35211,2025071404010977,JOSHI,Oxford Securities Pvt. Ltd.,Premier Securities Company Ltd.,100,345.9,34590.0,2025-07-14 13:19:02.896200
2025-07-14,35174,2025071404010980,JOSHI,Naasa Securities Co. Ltd.,Sani Securities Company Ltd.,10,345.0,3450.0,2025-07-14 13:19:13.683013
2025-07-14,35173,2025071404010981,JOSHI,Vision Securities Pvt. Ltd,Sani Securities Company Ltd.,18,345.0,6210.0,2025-07-14 13:19:13.683567
2025-07-14,34914,2025071404011059,JOSHI,Vision Securities Pvt. Ltd,Agrawal Securities (PVT) Ltd.,100,345.0,34500.0,2025-07-14 13:20:03.365359
2025-07-14,34522,2025071404011141,JOSHI,Vision Securities Pvt. Ltd,Sri Hari Securities Pvt. Ltd.,100,345.0,34500.0,2025-07-14 13:21:36.260540
2025-07-14,34492,2025071404011151,JOSHI,Vision Securities Pvt. Ltd,Hatemalo Financial Services Private Limited,72,345.0,24840.0,2025-07-14 13:21:49.556253
2025-07-14,34259,2025071404011210,JOSHI,Kalika Securities Pvt. Ltd.,Hatemalo Financial Services Private Limited,28,345.0,9660.0,2025-07-14 13:22:48.700808
2025-07-14,34258,2025071404011211,JOSHI,Kalika Securities Pvt. Ltd.,Sweta Securities Private Limited,308,345.0,106260.0,2025-07-14 13:22:48.701306
2025-07-14,34257,2025071404011212,JOSHI,Kalika Securities Pvt. Ltd.,KALASH STOCK MARKET PVT. LTD.,50,345.0,17250.0,2025-07-14 13:22:48.701750
2025-07-14,34037,2025071404011269,JOSHI,Kalika Securities Pvt. Ltd.,Aryatara Investment & Securities,64,345.0,22080.0,2025-07-14 13:23:53.143855
2025-07-14,33944,2025071404011292,JOSHI,Primo Securities (PVT) Ltd.,Imperial Securities Company Pvt. Ltd.,100,344.2,34420.0,2025-07-14 13:24:26.997002
2025-07-14,33943,2025071404011293,JOSHI,Aryatara Investment & Securities,Imperial Securities Company Pvt. Ltd.,92,343.0,31556.0,2025-07-14 13:24:26.997111
2025-07-14,33942,2025071404011294,JOSHI,Imperial Securities Company Pvt. Ltd.,Imperial Securities Company Pvt. Ltd.,500,343.0,171500.0,2025-07-14 13:24:26.997151
2025-07-14,33941,2025071404011295,JOSHI,Blue Chip Securities Ltd,Imperial Securities Company Pvt. Ltd.,50,343.0,17150.0,2025-07-14 13:24:26.997198
2025-07-14,33940,2025071404011296,JOSHI,Agrawal Securities (PVT) Ltd.,Imperial Securities Company Pvt. Ltd.,103,342.4,35267.2,2025-07-14 13:24:26.997221
2025-07-14,33802,2025071404011336,JOSHI,Sumeru Securities Pvt. Ltd.,Agrawal Securities (PVT) Ltd.,12,344.0,4128.0,2025-07-14 13:24:55.258897
2025-07-14,33324,2025071404011490,JOSHI,Imperial Securities Company Pvt. Ltd.,Agrawal Securities (PVT) Ltd.,100,344.0,34400.0,2025-07-14 13:26:52.439736
2025-07-14,33323,2025071404011491,JOSHI,Capital Max Securities Ltd,Agrawal Securities (PVT) Ltd.,150,344.0,51600.0,2025-07-14 13:26:53.325107
2025-07-14,33312,2025071404011499,JOSHI,Agrawal Securities (PVT) Ltd.,Agrawal Securities (PVT) Ltd.,48,344.0,16512.0,2025-07-14 13:26:56.925631
2025-07-14,33166,2025071404011567,JOSHI,Agrawal Securities (PVT) Ltd.,Aryatara Investment & Securities,52,345.0,17940.0,2025-07-14 13:27:23.090815
2025-07-14,32483,2025071404011842,JOSHI,Sundhara Securities Limited,Aryatara Investment & Securities,1000,345.0,345000.0,2025-07-14 13:29:48.285467
2025-07-14,31926,2025071404012022,JOSHI,Sundhara Securities Limited,Ashutosh Brokerage & Securities (PVT) Ltd.,50,344.9,17245.0,2025-07-14 13:32:08.642462
2025-07-14,31925,2025071404012023,JOSHI,Sundhara Securities Limited,Aryatara Investment & Securities,384,345.0,132480.0,2025-07-14 13:32:08.642751
2025-07-14,31924,2025071404012024,JOSHI,Sundhara Securities Limited,Sani Securities Company Ltd.,20,345.0,6900.0,2025-07-14 13:32:08.642866
2025-07-14,31923,2025071404012025,JOSHI,Sundhara Securities Limited,Naasa Securities Co. Ltd.,546,345.0,188370.0,2025-07-14 13:32:08.642982
2025-07-14,31653,2025071404012100,JOSHI,Online Securities Pvt. Ltd.,Sewa Securities Pvt. Ltd.,30,343.5,10305.0,2025-07-14 13:33:18.202351
2025-07-14,31245,2025071404012259,JOSHI,Online Securities Pvt. Ltd.,Imperial Securities Company Pvt. Ltd.,19,343.5,6526.5,2025-07-14 13:34:49.033877
2025-07-14,31244,2025071404012260,JOSHI,Linch Stock Market Ltd.,Imperial Securities Company Pvt. Ltd.,981,343.0,336483.0,2025-07-14 13:34:49.034173
2025-07-14,30709,2025071404012426,JOSHI,Linch Stock Market Ltd.,Vision Securities Pvt. Ltd,500,343.0,171500.0,2025-07-14 13:36:40.856176
2025-07-14,30649,2025071404012444,JOSHI,Linch Stock Market Ltd.,Deevyaa Securities & Stock House Pvt. Ltd,30,343.0,10290.0,2025-07-14 13:37:01.823142
2025-07-14,29971,2025071404012651,JOSHI,Linch Stock Market Ltd.,Deevyaa Securities & Stock House Pvt. Ltd,100,343.0,34300.0,2025-07-14 13:39:12.637297
2025-07-14,29875,2025071404012686,JOSHI,Linch Stock Market Ltd.,Capital Max Securities Ltd,40,343.0,13720.0,2025-07-14 13:39:31.372692
2025-07-14,29342,2025071404012870,JOSHI,Naasa Securities Co. Ltd.,Naasa Securities Co. Ltd.,20,344.0,6880.0,2025-07-14 13:41:59.496108
2025-07-14,29144,2025071404012932,JOSHI,Dipshikha Dhitopatra Karobar Co. Pvt Ltd.,Naasa Securities Co. Ltd.,20,344.0,6880.0,2025-07-14 13:42:42.122489
2025-07-14,29024,2025071404012974,JOSHI,Aryatara Investment & Securities,Sundhara Securities Limited,40,343.1,13724.0,2025-07-14 13:43:06.420561
2025-07-14,29023,2025071404012975,JOSHI,Linch Stock Market Ltd.,Sundhara Securities Limited,190,343.0,65170.0,2025-07-14 13:43:06.420874
2025-07-14,28868,2025071404013023,JOSHI,Linch Stock Market Ltd.,Siprabi Securities Pvt. Ltd.,15,343.0,5145.0,2025-07-14 13:43:41.073786
2025-07-14,27558,2025071404013399,JOSHI,Naasa Securities Co. Ltd.,Deevyaa Securities & Stock House Pvt. Ltd,10,343.1,3431.0,2025-07-14 13:49:41.952121
2025-07-14,27557,2025071404013400,JOSHI,Sewa Securities Pvt. Ltd.,Deevyaa Securities & Stock House Pvt. Ltd,10,343.1,3431.0,2025-07-14 13:49:41.952463
2025-07-14,26884,2025071404013612,JOSHI,Midas Stock Broking Company Private Limited,Naasa Securities Co. Ltd.,179,344.0,61576.0,2025-07-14 13:52:58.234447
2025-07-14,26883,2025071404013613,JOSHI,Midas Stock Broking Company Private Limited,Oxford Securities Pvt. Ltd.,300,344.0,103200.0,2025-07-14 13:52:58.235023
2025-07-14,26882,2025071404013614,JOSHI,Midas Stock Broking Company Private Limited,Dipshikha Dhitopatra Karobar Co. Pvt Ltd.,521,344.4,179432.4,2025-07-14 13:52:58.235388
2025-07-14,26445,2025071404013715,JOSHI,Naasa Securities Co. Ltd.,Market Securities & Exchange (PVT) Ltd.,10,343.2,3432.0,2025-07-14 13:54:59.003509
2025-07-14,26444,2025071404013716,JOSHI,Sewa Securities Pvt. Ltd.,Market Securities & Exchange (PVT) Ltd.,70,343.1,24017.0,2025-07-14 13:54:59.003862
2025-07-14,26443,2025071404013717,JOSHI,Online Securities Pvt. Ltd.,Market Securities & Exchange (PVT) Ltd.,90,343.1,30879.0,2025-07-14 13:54:59.004009
2025-07-14,26442,2025071404013718,JOSHI,Naasa Securities Co. Ltd.,Market Securities & Exchange (PVT) Ltd.,20,343.1,6862.0,2025-07-14 13:54:59.004130
2025-07-14,26441,2025071404013719,JOSHI,Bhrikuti Stock Broking Co. Pvt. Ltd.,Market Securities & Exchange (PVT) Ltd.,210,343.1,72051.0,2025-07-14 13:54:59.004247
2025-07-14,26297,2025071404013746,JOSHI,Bhrikuti Stock Broking Co. Pvt. Ltd.,Nepal Stock House (PVT) Ltd.,20,343.1,6862.0,2025-07-14 13:55:42.828285
2025-07-14,26023,2025071404013874,JOSHI,Agrawal Securities (PVT) Ltd.,Arun Securities (PVT) Ltd.,100,343.2,34320.0,2025-07-14 13:56:47.277788
2025-07-14,26022,2025071404013875,JOSHI,Bhrikuti Stock Broking Co. Pvt. Ltd.,Arun Securities (PVT) Ltd.,20,343.1,6862.0,2025-07-14 13:56:47.277863
2025-07-14,26021,2025071404013876,JOSHI,Naasa Securities Co. Ltd.,Arun Securities (PVT) Ltd.,380,343.1,130378.0,2025-07-14 13:56:47.277888
2025-07-14,25350,2025071404014060,JOSHI,Naasa Securities Co. Ltd.,Kumari Securities Private Limited,49,343.1,16811.9,2025-07-14 13:59:30.295886
2025-07-14,25349,2025071404014061,JOSHI,Imperial Securities Company Pvt. Ltd.,Kumari Securities Private Limited,151,343.1,51808.1,2025-07-14 13:59:30.296285
2025-07-14,24632,2025071404014241,JOSHI,Investment Management Nepal Pvt. Ltd.,Citizens Share Broker Limited,82,343.1,28134.2,2025-07-14 14:02:35.016838
2025-07-14,24631,2025071404014242,JOSHI,Midas Stock Broking Company Private Limited,Citizens Share Broker Limited,15,343.1,5146.5,2025-07-14 14:02:35.017443
2025-07-14,24630,2025071404014243,JOSHI,Aryatara Investment & Securities,Citizens Share Broker Limited,34,343.1,11665.4,2025-07-14 14:02:35.017960
2025-07-14,24419,2025071404014309,JOSHI,Aryatara Investment & Securities,Neev Securities Pvt. Ltd.,10,343.1,3431.0,2025-07-14 14:03:28.045910
2025-07-14,23659,2025071404014526,JOSHI,Deevyaa Securities & Stock House Pvt. Ltd,Arun Securities (PVT) Ltd.,50,344.0,17200.0,2025-07-14 14:06:31.272593
2025-07-14,23651,2025071404014528,JOSHI,Aryatara Investment & Securities,Arun Securities (PVT) Ltd.,56,343.1,19213.6,2025-07-14 14:06:34.466090
2025-07-14,23650,2025071404014529,JOSHI,Siprabi Securities Pvt. Ltd.,Arun Securities (PVT) Ltd.,291,343.1,99842.1,2025-07-14 14:06:34.466202
2025-07-14,23649,2025071404014530,JOSHI,Midas Stock Broking Company Private Limited,Arun Securities (PVT) Ltd.,23,343.1,7891.3,2025-07-14 14:06:34.466232
2025-07-14,23621,2025071404014541,JOSHI,Naasa Securities Co. Ltd.,Arun Securities (PVT) Ltd.,450,344.0,154800.0,2025-07-14 14:06:46.145934
2025-07-14,23559,2025071404014573,JOSHI,Naasa Securities Co. Ltd.,Neev Securities Pvt. Ltd.,10,344.0,3440.0,2025-07-14 14:06:57.187823
2025-07-14,23543,2025071404014578,JOSHI,Naasa Securities Co. Ltd.,ABC Securities Private Limited,40,344.0,13760.0,2025-07-14 14:06:59.968741
2025-07-14,23211,2025071404014653,JOSHI,Linch Stock Market Ltd.,Arun Securities (PVT) Ltd.,44,343.0,15092.0,2025-07-14 14:08:17.911870
2025-07-14,23210,2025071404014654,JOSHI,Kohinoor Investment & Securities Pvt. Ltd.,Arun Securities (PVT) Ltd.,288,343.0,98784.0,2025-07-14 14:08:17.912210
2025-07-14,23209,2025071404014655,JOSHI,Sani Securities Company Ltd.,Arun Securities (PVT) Ltd.,100,343.0,34300.0,2025-07-14 14:08:17.912345
2025-07-14,23208,2025071404014656,JOSHI,Sani Securities Company Ltd.,Arun Securities (PVT) Ltd.,198,343.0,67914.0,2025-07-14 14:08:17.912479
2025-07-14,22868,2025071404014772,JOSHI,Dipshikha Dhitopatra Karobar Co. Pvt Ltd.,Linch Stock Market Ltd.,16,343.9,5502.4,2025-07-14 14:09:43.031860
2025-07-14,22768,2025071404014798,JOSHI,Sani Securities Company Ltd.,Online Securities Pvt. Ltd.,20,343.0,6860.0,2025-07-14 14:10:00.902049
2025-07-14,22126,2025071404014986,JOSHI,Sani Securities Company Ltd.,Siprabi Securities Pvt. Ltd.,82,343.0,28126.0,2025-07-14 14:12:15.429287
2025-07-14,22125,2025071404014987,JOSHI,Nabil Stock Dealer Ltd.,Siprabi Securities Pvt. Ltd.,10,343.0,3430.0,2025-07-14 14:12:15.429880
2025-07-14,22124,2025071404014988,JOSHI,Kumari Securities Private Limited,Siprabi Securities Pvt. Ltd.,100,343.0,34300.0,2025-07-14 14:12:15.430205
2025-07-14,21980,2025071404015027,JOSHI,Capital Max Securities Ltd,Arun Securities (PVT) Ltd.,20,342.5,6850.0,2025-07-14 14:12:44.981250
2025-07-14,21790,2025071404015087,JOSHI,Imperial Securities Company Pvt. Ltd.,Siprabi Securities Pvt. Ltd.,267,343.0,91581.0,2025-07-14 14:13:24.033487
2025-07-14,21753,2025071404015103,JOSHI,Imperial Securities Company Pvt. Ltd.,Linch Stock Market Ltd.,50,343.0,17150.0,2025-07-14 14:13:38.793429
2025-07-14,21403,2025071404015225,JOSHI,Market Securities & Exchange (PVT) Ltd.,ABC Securities Private Limited,10,344.0,3440.0,2025-07-14 14:15:28.593623
2025-07-14,21402,2025071404015226,JOSHI,Market Securities & Exchange (PVT) Ltd.,Sweta Securities Private Limited,190,344.0,65360.0,2025-07-14 14:15:28.593961
2025-07-14,21365,2025071404015244,JOSHI,Sani Securities Company Ltd.,Sweta Securities Private Limited,10,344.0,3440.0,2025-07-14 14:15:40.177907
2025-07-14,21350,2025071404015246,JOSHI,Imperial Securities Company Pvt. Ltd.,Linch Stock Market Ltd.,134,344.3,46136.2,2025-07-14 14:15:42.546130
2025-07-14,21349,2025071404015247,JOSHI,Imperial Securities Company Pvt. Ltd.,Dipshikha Dhitopatra Karobar Co. Pvt Ltd.,479,344.4,164967.6,2025-07-14 14:15:42.546504
2025-07-14,21348,2025071404015248,JOSHI,Imperial Securities Company Pvt. Ltd.,Linch Stock Market Ltd.,10,345.0,3450.0,2025-07-14 14:15:42.546657
2025-07-14,21347,2025071404015249,JOSHI,Imperial Securities Company Pvt. Ltd.,Dipshikha Dhitopatra Karobar Co. Pvt Ltd.,20,345.0,6900.0,2025-07-14 14:15:42.546777
2025-07-14,21346,2025071404015250,JOSHI,Imperial Securities Company Pvt. Ltd.,Aryatara Investment & Securities,100,345.0,34500.0,2025-07-14 14:15:42.546894
2025-07-14,21345,2025071404015251,JOSHI,Imperial Securities Company Pvt. Ltd.,Oxford Securities Pvt. Ltd.,200,345.0,69000.0,2025-07-14 14:15:42.547003
2025-07-14,21344,2025071404015252,JOSHI,Imperial Securities Company Pvt. Ltd.,Linch Stock Market Ltd.,10,345.0,3450.0,2025-07-14 14:15:42.547131
2025-07-14,21343,2025071404015253,JOSHI,Imperial Securities Company Pvt. Ltd.,Linch Stock Market Ltd.,10,345.0,3450.0,2025-07-14 14:15:42.547273
2025-07-14,21342,2025071404015254,JOSHI,Imperial Securities Company Pvt. Ltd.,Siprabi Securities Pvt. Ltd.,10,345.0,3450.0,2025-07-14 14:15:42.547430
2025-07-14,21341,2025071404015255,JOSHI,Imperial Securities Company Pvt. Ltd.,Ashutosh Brokerage & Securities (PVT) Ltd.,123,345.0,42435.0,2025-07-14 14:15:42.547559
2025-07-14,21340,2025071404015256,JOSHI,Imperial Securities Company Pvt. Ltd.,INDEX SECURITIES LIMITED,18,345.0,6210.0,2025-07-14 14:15:42.547681
2025-07-14,21318,2025071404015268,JOSHI,Imperial Securities Company Pvt. Ltd.,Agrawal Securities (PVT) Ltd.,200,345.0,69000.0,2025-07-14 14:15:46.297146
2025-07-14,21029,2025071404015361,JOSHI,Ashutosh Brokerage & Securities (PVT) Ltd.,Hatemalo Financial Services Private Limited,100,345.1,34510.0,2025-07-14 14:17:00.816548
2025-07-14,20843,2025071404015420,JOSHI,Market Securities & Exchange (PVT) Ltd.,Arun Securities (PVT) Ltd.,500,346.0,173000.0,2025-07-14 14:17:51.191379
2025-07-14,20842,2025071404015421,JOSHI,Market Securities & Exchange (PVT) Ltd.,Naasa Securities Co. Ltd.,50,346.5,17325.0,2025-07-14 14:17:51.191919
2025-07-14,20774,2025071404015442,JOSHI,Naasa Securities Co. Ltd.,Vision Securities Pvt. Ltd,11,346.5,3811.5,2025-07-14 14:18:05.126475
2025-07-14,20682,2025071404015465,JOSHI,Midas Stock Broking Company Private Limited,Hatemalo Financial Services Private Limited,10,345.5,3455.0,2025-07-14 14:18:24.769673
2025-07-14,20658,2025071404015471,JOSHI,Sundhara Securities Limited,Hatemalo Financial Services Private Limited,21,345.5,7255.5,2025-07-14 14:18:31.349373
2025-07-14,20598,2025071404015492,JOSHI,Market Securities & Exchange (PVT) Ltd.,Vision Securities Pvt. Ltd,30,346.5,10395.0,2025-07-14 14:18:49.374467
2025-07-14,20361,2025071404015571,JOSHI,Market Securities & Exchange (PVT) Ltd.,Dynamic Money Managers Securities Pvt. Ltd.,600,346.5,207900.0,2025-07-14 14:19:41.576292
2025-07-14,20308,2025071404015578,JOSHI,Property Wiard Limited,Dynamic Money Managers Securities Pvt. Ltd.,490,346.5,169785.0,2025-07-14 14:19:48.588827
2025-07-14,20278,2025071404015587,JOSHI,Sani Securities Company Ltd.,Aryatara Investment & Securities,10,347.0,3470.0,2025-07-14 14:19:55.539102
2025-07-14,20277,2025071404015588,JOSHI,Sani Securities Company Ltd.,Midas Stock Broking Company Private Limited,50,347.0,17350.0,2025-07-14 14:19:55.539480
2025-07-14,20276,2025071404015589,JOSHI,Sani Securities Company Ltd.,Sani Securities Company Ltd.,58,347.0,20126.0,2025-07-14 14:19:55.539719
2025-07-14,20275,2025071404015590,JOSHI,Sani Securities Company Ltd.,Naasa Securities Co. Ltd.,27,347.0,9369.0,2025-07-14 14:19:55.539897
2025-07-14,20274,2025071404015591,JOSHI,Sani Securities Company Ltd.,Sumeru Securities Pvt. Ltd.,21,347.0,7287.0,2025-07-14 14:19:55.540081
2025-07-14,20273,2025071404015592,JOSHI,Sani Securities Company Ltd.,ABC Securities Private Limited,834,347.0,289398.0,2025-07-14 14:19:55.540222
2025-07-14,20110,2025071404015615,JOSHI,Naasa Securities Co. Ltd.,ABC Securities Private Limited,166,347.0,57602.0,2025-07-14 14:20:32.446945
2025-07-14,20109,2025071404015616,JOSHI,Naasa Securities Co. Ltd.,Naasa Securities Co. Ltd.,50,347.5,17375.0,2025-07-14 14:20:32.447261
2025-07-14,20108,2025071404015617,JOSHI,Naasa Securities Co. Ltd.,Aakashbhairab Securities Ltd.,700,347.8,243460.0,2025-07-14 14:20:32.447400
2025-07-14,20107,2025071404015618,JOSHI,Naasa Securities Co. Ltd.,Kohinoor Investment & Securities Pvt. Ltd.,84,348.0,29232.0,2025-07-14 14:20:32.447519
2025-07-14,19624,2025071404015745,JOSHI,Oxford Securities Pvt. Ltd.,Kalika Securities Pvt. Ltd.,200,347.0,69400.0,2025-07-14 14:21:54.775819
2025-07-14,19623,2025071404015746,JOSHI,Sani Securities Company Ltd.,Kalika Securities Pvt. Ltd.,100,347.0,34700.0,2025-07-14 14:21:54.776155
2025-07-14,19523,2025071404015780,JOSHI,Sani Securities Company Ltd.,Arun Securities (PVT) Ltd.,25,347.0,8675.0,2025-07-14 14:22:20.160030
2025-07-14,19522,2025071404015781,JOSHI,Property Wiard Limited,Arun Securities (PVT) Ltd.,475,346.5,164587.5,2025-07-14 14:22:20.160142
2025-07-14,19274,2025071404015826,JOSHI,Property Wiard Limited,Kalika Securities Pvt. Ltd.,35,346.5,12127.5,2025-07-14 14:23:02.148850
2025-07-14,19153,2025071404015873,JOSHI,Sundhara Securities Limited,Aakashbhairab Securities Ltd.,500,346.0,173000.0,2025-07-14 14:23:31.210117
2025-07-14,19082,2025071404015898,JOSHI,Sundhara Securities Limited,Dakshinkali Investment & Securities Pvt. Ltd.,35,346.0,12110.0,2025-07-14 14:23:47.209318
2025-07-14,18734,2025071404016008,JOSHI,Secured Securities Ltd.,Kalika Securities Pvt. Ltd.,150,346.5,51975.0,2025-07-14 14:24:42.800707
2025-07-14,18678,2025071404016019,JOSHI,Sani Securities Company Ltd.,Kalika Securities Pvt. Ltd.,115,346.5,39847.5,2025-07-14 14:24:49.184989
2025-07-14,18677,2025071404016020,JOSHI,Sani Securities Company Ltd.,Sani Securities Company Ltd.,25,347.0,8675.0,2025-07-14 14:24:49.185369
2025-07-14,18659,2025071404016024,JOSHI,Sundhara Securities Limited,Vision Securities Pvt. Ltd,200,346.0,69200.0,2025-07-14 14:24:56.613147
2025-07-14,18577,2025071404016063,JOSHI,Sundhara Securities Limited,Imperial Securities Company Pvt. Ltd.,50,346.0,17300.0,2025-07-14 14:25:09.927681
2025-07-14,18568,2025071404016066,JOSHI,Naasa Securities Co. Ltd.,Sani Securities Company Ltd.,100,347.0,34700.0,2025-07-14 14:25:11.257939
2025-07-14,18459,2025071404016098,JOSHI,Sundhara Securities Limited,Online Securities Pvt. Ltd.,194,346.0,67124.0,2025-07-14 14:25:31.167070
2025-07-14,18458,2025071404016099,JOSHI,Imperial Securities Company Pvt. Ltd.,Online Securities Pvt. Ltd.,46,346.0,15916.0,2025-07-14 14:25:31.167397
2025-07-14,18009,2025071404016239,JOSHI,Trishakti Securities Public Limited,Hatemalo Financial Services Private Limited,50,346.1,17305.0,2025-07-14 14:27:00.486622
2025-07-14,17758,2025071404016298,JOSHI,Trishakti Securities Public Limited,Secured Securities Ltd.,50,346.1,17305.0,2025-07-14 14:27:35.455626
2025-07-14,17740,2025071404016301,JOSHI,Secured Securities Ltd.,Sani Securities Company Ltd.,75,347.0,26025.0,2025-07-14 14:27:41.594401
2025-07-14,17355,2025071404016445,JOSHI,Trisul Securities & Invt. Ltd.,Nepal Stock House (PVT) Ltd.,20,346.3,6926.0,2025-07-14 14:28:42.643303
2025-07-14,17354,2025071404016446,JOSHI,Trishakti Securities Public Limited,Nepal Stock House (PVT) Ltd.,15,346.1,5191.5,2025-07-14 14:28:42.643620
2025-07-14,17125,2025071404016502,JOSHI,Aryatara Investment & Securities,Nepal Stock House (PVT) Ltd.,65,346.0,22490.0,2025-07-14 14:29:25.068070
2025-07-14,17124,2025071404016503,JOSHI,Aryatara Investment & Securities,Aryatara Investment & Securities,35,346.0,12110.0,2025-07-14 14:29:25.068406
2025-07-14,17025,2025071404016528,JOSHI,Imperial Securities Company Pvt. Ltd.,Aryatara Investment & Securities,11,346.0,3806.0,2025-07-14 14:29:52.062530
2025-07-14,16828,2025071404016610,JOSHI,Ashutosh Brokerage & Securities (PVT) Ltd.,Vision Securities Pvt. Ltd,30,345.1,10353.0,2025-07-14 14:30:25.919932
2025-07-14,16827,2025071404016611,JOSHI,Bhrikuti Stock Broking Co. Pvt. Ltd.,Vision Securities Pvt. Ltd,190,345.1,65569.0,2025-07-14 14:30:25.920305
2025-07-14,16665,2025071404016658,JOSHI,Sewa Securities Pvt. Ltd.,Aryatara Investment & Securities,54,346.0,18684.0,2025-07-14 14:30:47.071499
2025-07-14,16263,2025071404016769,JOSHI,Trisul Securities & Invt. Ltd.,S.P.S.A. Securities Limited,50,346.0,17300.0,2025-07-14 14:31:56.701573
