Date,S.N.,Contract ID,Symbol,Buyer Broker,Seller Broker,volume,rate,amount,transaction_time
2025-07-14,72544,2025071404000029,LEC,Kumari Securities Private Limited,INDEX SECURITIES LIMITED,10,209.6,2096.0,2025-07-14 10:46:00.070548
2025-07-14,71871,2025071404000283,LEC,Online Securities Pvt. Ltd.,Vision Securities Pvt. Ltd,10,213.7,2137.0,2025-07-14 11:02:39.223527
2025-07-14,70869,2025071404000649,LEC,KALASH STOCK MARKET PVT. LTD.,Nagarik Stock Dealer ,15,212.1,3181.5,2025-07-14 11:05:32.112369
2025-07-14,69918,2025071404000926,LEC,Nepal Investment And Securities Trading Private Limited,Kalika Securities Pvt. Ltd.,15,212.4,3186.0,2025-07-14 11:08:35.704723
2025-07-14,69272,2025071404001093,LEC,South Asian Bulls Pvt. Ltd.,Online Securities Pvt. Ltd.,370,213.0,78810.0,2025-07-14 11:11:00.565603
2025-07-14,68658,2025071404001274,LEC,Online Securities Pvt. Ltd.,Market Securities & Exchange (PVT) Ltd.,11,215.0,2365.0,2025-07-14 11:12:59.639277
2025-07-14,67948,2025071404001495,LEC,South Asian Bulls Pvt. Ltd.,Linch Stock Market Ltd.,50,213.0,10650.0,2025-07-14 11:15:04.845686
2025-07-14,67687,2025071404001551,LEC,South Asian Bulls Pvt. Ltd.,Bhrikuti Stock Broking Co. Pvt. Ltd.,80,213.0,17040.0,2025-07-14 11:15:58.269419
2025-07-14,67686,2025071404001552,LEC,Aryatara Investment & Securities,Bhrikuti Stock Broking Co. Pvt. Ltd.,20,213.0,4260.0,2025-07-14 11:15:58.269526
2025-07-14,67169,2025071404001678,LEC,Naasa Securities Co. Ltd.,Online Securities Pvt. Ltd.,300,214.0,64200.0,2025-07-14 11:17:49.259610
2025-07-14,67168,2025071404001679,LEC,Bhrikuti Stock Broking Co. Pvt. Ltd.,Online Securities Pvt. Ltd.,1000,214.0,214000.0,2025-07-14 11:17:49.259877
2025-07-14,67109,2025071404001698,LEC,J.F. Securites (PVT) Ltd.,Online Securities Pvt. Ltd.,500,214.0,107000.0,2025-07-14 11:18:01.758161
2025-07-14,66175,2025071404001931,LEC,Asian Securities Private Ltd.,Online Securities Pvt. Ltd.,100,214.9,21490.0,2025-07-14 11:21:09.255476
2025-07-14,65476,2025071404002113,LEC,Neev Securities Pvt. Ltd.,Siprabi Securities Pvt. Ltd.,10,214.0,2140.0,2025-07-14 11:23:20.377723
2025-07-14,65308,2025071404002171,LEC,Naasa Securities Co. Ltd.,Siprabi Securities Pvt. Ltd.,90,214.0,19260.0,2025-07-14 11:23:52.408540
2025-07-14,65236,2025071404002186,LEC,Naasa Securities Co. Ltd.,Vision Securities Pvt. Ltd,50,214.0,10700.0,2025-07-14 11:24:03.984612
2025-07-14,64784,2025071404002263,LEC,Aryatara Investment & Securities,Online Securities Pvt. Ltd.,370,214.0,79180.0,2025-07-14 11:25:25.132063
2025-07-14,64309,2025071404002392,LEC,Sanima Securities Limited,Dipshikha Dhitopatra Karobar Co. Pvt Ltd.,10,214.0,2140.0,2025-07-14 11:26:45.662368
2025-07-14,63970,2025071404002462,LEC,Linch Stock Market Ltd.,Dipshikha Dhitopatra Karobar Co. Pvt Ltd.,60,214.0,12840.0,2025-07-14 11:28:02.570243
2025-07-14,63513,2025071404002561,LEC,J.F. Securites (PVT) Ltd.,Dynamic Money Managers Securities Pvt. Ltd.,10,213.1,2131.0,2025-07-14 11:29:08.087485
2025-07-14,62178,2025071404002881,LEC,Premier Securities Company Ltd.,Linch Stock Market Ltd.,350,213.5,74725.0,2025-07-14 11:32:52.487041
2025-07-14,62056,2025071404002936,LEC,Aryatara Investment & Securities,Trishakti Securities Public Limited,380,213.0,80940.0,2025-07-14 11:33:14.058210
2025-07-14,62055,2025071404002937,LEC,Malla & Malla Stock Broking Company Pvt. Limited,Trishakti Securities Public Limited,20,213.0,4260.0,2025-07-14 11:33:14.058403
2025-07-14,62054,2025071404002938,LEC,Naasa Securities Co. Ltd.,Trishakti Securities Public Limited,400,213.0,85200.0,2025-07-14 11:33:14.058466
2025-07-14,62053,2025071404002939,LEC,Kohinoor Investment & Securities Pvt. Ltd.,Trishakti Securities Public Limited,130,213.0,27690.0,2025-07-14 11:33:14.058547
2025-07-14,62052,2025071404002940,LEC,Sani Securities Company Ltd.,Trishakti Securities Public Limited,93,213.0,19809.0,2025-07-14 11:33:14.058608
2025-07-14,61978,2025071404002969,LEC,Vision Securities Pvt. Ltd,Imperial Securities Company Pvt. Ltd.,300,213.5,64050.0,2025-07-14 11:33:24.647960
2025-07-14,61931,2025071404002986,LEC,Vision Securities Pvt. Ltd,Naasa Securities Co. Ltd.,30,213.5,6405.0,2025-07-14 11:33:33.429992
2025-07-14,61852,2025071404003003,LEC,Vision Securities Pvt. Ltd,Trishakti Securities Public Limited,170,213.5,36295.0,2025-07-14 11:33:50.334303
2025-07-14,61851,2025071404003004,LEC,KALASH STOCK MARKET PVT. LTD.,Trishakti Securities Public Limited,1585,212.8,337288.0,2025-07-14 11:33:50.334525
2025-07-14,61791,2025071404003021,LEC,Dynamic Money Managers Securities Pvt. Ltd.,Trishakti Securities Public Limited,200,212.8,42560.0,2025-07-14 11:33:58.293348
2025-07-14,61782,2025071404003025,LEC,Online Securities Pvt. Ltd.,Trishakti Securities Public Limited,10,212.8,2128.0,2025-07-14 11:34:00.084948
2025-07-14,61702,2025071404003056,LEC,Sweta Securities Private Limited,Trishakti Securities Public Limited,35,212.8,7448.0,2025-07-14 11:34:17.900760
2025-07-14,61594,2025071404003078,LEC,Online Securities Pvt. Ltd.,Trishakti Securities Public Limited,2000,212.7,425400.0,2025-07-14 11:34:30.536331
2025-07-14,61442,2025071404003120,LEC,Online Securities Pvt. Ltd.,Trishakti Securities Public Limited,2000,212.7,425400.0,2025-07-14 11:34:52.672474
2025-07-14,60517,2025071404003373,LEC,Agrawal Securities (PVT) Ltd.,Vision Securities Pvt. Ltd,50,212.7,10635.0,2025-07-14 11:37:47.178656
2025-07-14,60473,2025071404003381,LEC,J.F. Securites (PVT) Ltd.,Creative Securities Pvt Ltd,30,212.6,6378.0,2025-07-14 11:37:52.975911
2025-07-14,60338,2025071404003448,LEC,J.F. Securites (PVT) Ltd.,Asian Securities Private Ltd.,20,212.6,4252.0,2025-07-14 11:38:14.430016
2025-07-14,60337,2025071404003449,LEC,Swarna Laxmi Securities Pvt. Ltd.,Asian Securities Private Ltd.,1680,212.6,357168.0,2025-07-14 11:38:14.430194
2025-07-14,59976,2025071404003540,LEC,Nepal Investment And Securities Trading Private Limited,Linch Stock Market Ltd.,30,212.7,6381.0,2025-07-14 11:39:19.770245
2025-07-14,59263,2025071404003723,LEC,Dipshikha Dhitopatra Karobar Co. Pvt Ltd.,Trisul Securities & Invt. Ltd.,130,213.0,27690.0,2025-07-14 11:41:37.423028
2025-07-14,57613,2025071404004136,LEC,Dipshikha Dhitopatra Karobar Co. Pvt Ltd.,Dipshikha Dhitopatra Karobar Co. Pvt Ltd.,20,213.0,4260.0,2025-07-14 11:46:23.264058
2025-07-14,57612,2025071404004137,LEC,Online Securities Pvt. Ltd.,Dipshikha Dhitopatra Karobar Co. Pvt Ltd.,200,212.7,42540.0,2025-07-14 11:46:23.264242
2025-07-14,57232,2025071404004225,LEC,Vision Securities Pvt. Ltd,Dipshikha Dhitopatra Karobar Co. Pvt Ltd.,280,212.7,59556.0,2025-07-14 11:47:27.817003
2025-07-14,57181,2025071404004232,LEC,Swarna Laxmi Securities Pvt. Ltd.,Dipshikha Dhitopatra Karobar Co. Pvt Ltd.,45,212.6,9567.0,2025-07-14 11:47:38.794024
2025-07-14,57096,2025071404004269,LEC,Online Securities Pvt. Ltd.,Naasa Securities Co. Ltd.,10,212.7,2127.0,2025-07-14 11:47:55.380295
2025-07-14,56501,2025071404004399,LEC,Online Securities Pvt. Ltd.,Miyo Securities Pvt Ltd,270,212.7,57429.0,2025-07-14 11:49:40.350184
2025-07-14,56500,2025071404004400,LEC,Swarna Laxmi Securities Pvt. Ltd.,Miyo Securities Pvt Ltd,275,212.6,58465.0,2025-07-14 11:49:40.350402
2025-07-14,56499,2025071404004401,LEC,Dipshikha Dhitopatra Karobar Co. Pvt Ltd.,Miyo Securities Pvt Ltd,500,212.5,106250.0,2025-07-14 11:49:40.350471
2025-07-14,56498,2025071404004402,LEC,Imperial Securities Company Pvt. Ltd.,Miyo Securities Pvt Ltd,2000,212.5,425000.0,2025-07-14 11:49:40.350534
2025-07-14,56497,2025071404004403,LEC,Sewa Securities Pvt. Ltd.,Miyo Securities Pvt Ltd,300,212.4,63720.0,2025-07-14 11:49:40.350599
2025-07-14,56496,2025071404004404,LEC,Nepal Investment And Securities Trading Private Limited,Miyo Securities Pvt Ltd,55,212.4,11682.0,2025-07-14 11:49:40.350658
2025-07-14,56495,2025071404004405,LEC,Online Securities Pvt. Ltd.,Miyo Securities Pvt Ltd,1455,212.4,309042.0,2025-07-14 11:49:40.350718
2025-07-14,56051,2025071404004480,LEC,Online Securities Pvt. Ltd.,Vision Securities Pvt. Ltd,500,212.4,106200.0,2025-07-14 11:51:16.458994
2025-07-14,55097,2025071404004723,LEC,Dipshikha Dhitopatra Karobar Co. Pvt Ltd.,Linch Stock Market Ltd.,30,212.3,6369.0,2025-07-14 11:54:37.379287
2025-07-14,54261,2025071404004923,LEC,Aryatara Investment & Securities,Neev Securities Pvt. Ltd.,15,212.4,3186.0,2025-07-14 11:56:53.774404
2025-07-14,53084,2025071404005254,LEC,Aryatara Investment & Securities,Aryatara Investment & Securities,1000,212.4,212400.0,2025-07-14 12:00:26.593495
2025-07-14,52747,2025071404005357,LEC,Online Securities Pvt. Ltd.,Linch Stock Market Ltd.,150,213.5,32025.0,2025-07-14 12:01:49.864185
2025-07-14,52746,2025071404005358,LEC,Online Securities Pvt. Ltd.,Naasa Securities Co. Ltd.,10,213.5,2135.0,2025-07-14 12:01:49.864471
2025-07-14,52745,2025071404005359,LEC,Online Securities Pvt. Ltd.,Dipshikha Dhitopatra Karobar Co. Pvt Ltd.,119,214.0,25466.0,2025-07-14 12:01:49.864548
2025-07-14,51774,2025071404005692,LEC,Kumari Securities Private Limited,Dipshikha Dhitopatra Karobar Co. Pvt Ltd.,185,213.0,39405.0,2025-07-14 12:05:31.945173
2025-07-14,51591,2025071404005738,LEC,Sani Securities Company Ltd.,Sundhara Securities Limited,10,213.8,2138.0,2025-07-14 12:06:15.675407
2025-07-14,51346,2025071404005822,LEC,Kumari Securities Private Limited,Naasa Securities Co. Ltd.,15,213.0,3195.0,2025-07-14 12:06:59.722641
2025-07-14,51345,2025071404005823,LEC,K.B.L. Securities Limited ,Naasa Securities Co. Ltd.,185,212.7,39349.5,2025-07-14 12:06:59.722881
2025-07-14,50862,2025071404005961,LEC,Vision Securities Pvt. Ltd,Sundhara Securities Limited,10,213.8,2138.0,2025-07-14 12:09:06.619181
2025-07-14,50701,2025071404005994,LEC,K.B.L. Securities Limited ,Naasa Securities Co. Ltd.,15,212.7,3190.5,2025-07-14 12:09:43.415288
2025-07-14,50700,2025071404005995,LEC,J.F. Securites (PVT) Ltd.,Naasa Securities Co. Ltd.,10,212.6,2126.0,2025-07-14 12:09:43.415706
2025-07-14,50699,2025071404005996,LEC,Naasa Securities Co. Ltd.,Naasa Securities Co. Ltd.,475,212.6,100985.0,2025-07-14 12:09:43.415942
2025-07-14,50587,2025071404006024,LEC,Vision Securities Pvt. Ltd,Sundhara Securities Limited,10,213.8,2138.0,2025-07-14 12:10:11.072778
2025-07-14,50475,2025071404006062,LEC,Secured Securities Ltd.,Vision Securities Pvt. Ltd,2000,213.0,426000.0,2025-07-14 12:10:38.259676
2025-07-14,49738,2025071404006256,LEC,Online Securities Pvt. Ltd.,Aryatara Investment & Securities,20,213.6,4272.0,2025-07-14 12:13:43.795554
2025-07-14,49737,2025071404006257,LEC,Online Securities Pvt. Ltd.,Vision Securities Pvt. Ltd,89,213.7,19019.3,2025-07-14 12:13:43.795827
2025-07-14,49524,2025071404006309,LEC,Sri Hari Securities Pvt. Ltd.,Imperial Securities Company Pvt. Ltd.,10,213.1,2131.0,2025-07-14 12:14:36.958962
2025-07-14,48594,2025071404006571,LEC,Sri Hari Securities Pvt. Ltd.,Trishakti Securities Public Limited,500,213.1,106550.0,2025-07-14 12:18:34.530290
2025-07-14,48465,2025071404006601,LEC,Online Securities Pvt. Ltd.,Vision Securities Pvt. Ltd,10,213.7,2137.0,2025-07-14 12:19:10.148497
2025-07-14,47458,2025071404006906,LEC,Sri Hari Securities Pvt. Ltd.,Naasa Securities Co. Ltd.,100,213.1,21310.0,2025-07-14 12:23:47.908863
2025-07-14,47305,2025071404007009,LEC,Blue Chip Securities Ltd,Agrawal Securities (PVT) Ltd.,500,213.5,106750.0,2025-07-14 12:24:08.979490
2025-07-14,47188,2025071404007041,LEC,Sani Securities Company Ltd.,Agrawal Securities (PVT) Ltd.,400,213.5,85400.0,2025-07-14 12:24:48.307217
2025-07-14,46616,2025071404007248,LEC,Online Securities Pvt. Ltd.,S.P.S.A. Securities Limited,27,213.6,5767.2,2025-07-14 12:27:22.508303
2025-07-14,46494,2025071404007289,LEC,Naasa Securities Co. Ltd.,S.P.S.A. Securities Limited,10,213.6,2136.0,2025-07-14 12:27:57.717240
2025-07-14,46142,2025071404007385,LEC,Sani Securities Company Ltd.,Online Securities Pvt. Ltd.,250,213.5,53375.0,2025-07-14 12:29:40.790452
2025-07-14,46141,2025071404007386,LEC,Sri Hari Securities Pvt. Ltd.,Online Securities Pvt. Ltd.,195,213.1,41554.5,2025-07-14 12:29:40.790688
2025-07-14,46140,2025071404007387,LEC,Secured Securities Ltd.,Online Securities Pvt. Ltd.,2000,213.0,426000.0,2025-07-14 12:29:40.790789
2025-07-14,46139,2025071404007388,LEC,Aryatara Investment & Securities,Online Securities Pvt. Ltd.,500,213.0,106500.0,2025-07-14 12:29:40.790876
2025-07-14,46063,2025071404007419,LEC,Neev Securities Pvt. Ltd.,Online Securities Pvt. Ltd.,300,213.0,63900.0,2025-07-14 12:29:59.395020
2025-07-14,46030,2025071404007429,LEC,Dynamic Money Managers Securities Pvt. Ltd.,Online Securities Pvt. Ltd.,500,213.0,106500.0,2025-07-14 12:30:13.033474
2025-07-14,45844,2025071404007486,LEC,Dipshikha Dhitopatra Karobar Co. Pvt Ltd.,Sundhara Securities Limited,70,212.8,14896.0,2025-07-14 12:31:09.059591
2025-07-14,45749,2025071404007508,LEC,Secured Securities Ltd.,Dipshikha Dhitopatra Karobar Co. Pvt Ltd.,10,213.5,2135.0,2025-07-14 12:31:46.538847
2025-07-14,45519,2025071404007585,LEC,Secured Securities Ltd.,Vision Securities Pvt. Ltd,1000,213.0,213000.0,2025-07-14 12:32:52.525932
2025-07-14,44991,2025071404007730,LEC,Shree Krishna Securities Ltd.,Siprabi Securities Pvt. Ltd.,40,212.7,8508.0,2025-07-14 12:35:09.678874
2025-07-14,44990,2025071404007731,LEC,Naasa Securities Co. Ltd.,Siprabi Securities Pvt. Ltd.,25,212.6,5315.0,2025-07-14 12:35:09.679084
2025-07-14,44989,2025071404007732,LEC,BHOLE GANESH SECURITIES LTD,Siprabi Securities Pvt. Ltd.,35,212.5,7437.5,2025-07-14 12:35:09.679175
2025-07-14,44803,2025071404007804,LEC,BHOLE GANESH SECURITIES LTD,Vision Securities Pvt. Ltd,465,212.5,98812.5,2025-07-14 12:35:55.768869
2025-07-14,44802,2025071404007805,LEC,Aryatara Investment & Securities,Vision Securities Pvt. Ltd,485,212.4,103014.0,2025-07-14 12:35:55.769076
2025-07-14,44801,2025071404007806,LEC,Imperial Securities Company Pvt. Ltd.,Vision Securities Pvt. Ltd,2000,212.2,424400.0,2025-07-14 12:35:55.769166
2025-07-14,44800,2025071404007807,LEC,Sani Securities Company Ltd.,Vision Securities Pvt. Ltd,33,212.1,6999.3,2025-07-14 12:35:55.769254
2025-07-14,44799,2025071404007808,LEC,Nepal Stock House (PVT) Ltd.,Vision Securities Pvt. Ltd,200,212.0,42400.0,2025-07-14 12:35:55.769359
2025-07-14,44798,2025071404007809,LEC,Linch Stock Market Ltd.,Vision Securities Pvt. Ltd,100,212.0,21200.0,2025-07-14 12:35:55.769447
2025-07-14,44797,2025071404007810,LEC,Linch Stock Market Ltd.,Vision Securities Pvt. Ltd,75,212.0,15900.0,2025-07-14 12:35:55.769547
2025-07-14,44796,2025071404007811,LEC,Imperial Securities Company Pvt. Ltd.,Vision Securities Pvt. Ltd,200,212.0,42400.0,2025-07-14 12:35:55.769630
2025-07-14,44795,2025071404007812,LEC,Naasa Securities Co. Ltd.,Vision Securities Pvt. Ltd,300,212.0,63600.0,2025-07-14 12:35:55.769712
2025-07-14,44794,2025071404007813,LEC,Vision Securities Pvt. Ltd,Vision Securities Pvt. Ltd,500,212.0,106000.0,2025-07-14 12:35:55.769793
2025-07-14,44793,2025071404007814,LEC,Sweta Securities Private Limited,Vision Securities Pvt. Ltd,500,212.0,106000.0,2025-07-14 12:35:55.769877
2025-07-14,44792,2025071404007815,LEC,Online Securities Pvt. Ltd.,Vision Securities Pvt. Ltd,142,212.0,30104.0,2025-07-14 12:35:55.769978
2025-07-14,44750,2025071404007828,LEC,Online Securities Pvt. Ltd.,Premier Securities Company Ltd.,20,212.0,4240.0,2025-07-14 12:36:06.700023
2025-07-14,44449,2025071404007912,LEC,Online Securities Pvt. Ltd.,Nepal Investment And Securities Trading Private Limited,220,212.0,46640.0,2025-07-14 12:37:37.784437
2025-07-14,43995,2025071404008008,LEC,Imperial Securities Company Pvt. Ltd.,Naasa Securities Co. Ltd.,800,212.2,169760.0,2025-07-14 12:39:28.991544
2025-07-14,43072,2025071404008329,LEC,Online Securities Pvt. Ltd.,Vision Securities Pvt. Ltd,118,212.0,25016.0,2025-07-14 12:43:35.976774
2025-07-14,43071,2025071404008330,LEC,Asian Securities Private Ltd.,Vision Securities Pvt. Ltd,200,212.0,42400.0,2025-07-14 12:43:35.977003
2025-07-14,43070,2025071404008331,LEC,Imperial Securities Company Pvt. Ltd.,Vision Securities Pvt. Ltd,200,212.0,42400.0,2025-07-14 12:43:35.977103
2025-07-14,43069,2025071404008332,LEC,Imperial Securities Company Pvt. Ltd.,Vision Securities Pvt. Ltd,1982,212.0,420184.0,2025-07-14 12:43:35.977211
2025-07-14,43012,2025071404008358,LEC,Kohinoor Investment & Securities Pvt. Ltd.,Dipshikha Dhitopatra Karobar Co. Pvt Ltd.,170,212.1,36057.0,2025-07-14 12:43:53.094209
2025-07-14,42400,2025071404008587,LEC,Sani Securities Company Ltd.,Naasa Securities Co. Ltd.,20,213.0,4260.0,2025-07-14 12:46:49.108423
2025-07-14,41746,2025071404008810,LEC,Naasa Securities Co. Ltd.,Naasa Securities Co. Ltd.,15,212.5,3187.5,2025-07-14 12:50:01.874636
2025-07-14,41386,2025071404008919,LEC,Naasa Securities Co. Ltd.,Dynamic Money Managers Securities Pvt. Ltd.,150,212.5,31875.0,2025-07-14 12:51:25.886019
2025-07-14,41385,2025071404008920,LEC,Kohinoor Investment & Securities Pvt. Ltd.,Dynamic Money Managers Securities Pvt. Ltd.,360,212.4,76464.0,2025-07-14 12:51:25.886244
2025-07-14,41384,2025071404008921,LEC,Premier Securities Company Ltd.,Dynamic Money Managers Securities Pvt. Ltd.,490,212.3,104027.0,2025-07-14 12:51:25.886343
2025-07-14,40790,2025071404009103,LEC,Midas Stock Broking Company Private Limited,Naasa Securities Co. Ltd.,710,213.0,151230.0,2025-07-14 12:53:50.230220
2025-07-14,40526,2025071404009187,LEC,Premier Securities Company Ltd.,South Asian Bulls Pvt. Ltd.,10,212.3,2123.0,2025-07-14 12:54:49.624822
2025-07-14,40525,2025071404009188,LEC,Dynamic Money Managers Securities Pvt. Ltd.,South Asian Bulls Pvt. Ltd.,10,212.3,2123.0,2025-07-14 12:54:49.625287
2025-07-14,40468,2025071404009220,LEC,Dynamic Money Managers Securities Pvt. Ltd.,Sumeru Securities Pvt. Ltd.,15,212.3,3184.5,2025-07-14 12:55:02.783008
2025-07-14,40168,2025071404009300,LEC,Dynamic Money Managers Securities Pvt. Ltd.,Sweta Securities Private Limited,100,212.3,21230.0,2025-07-14 12:56:12.584839
2025-07-14,39912,2025071404009387,LEC,Asian Securities Private Ltd.,Trisul Securities & Invt. Ltd.,45,212.5,9562.5,2025-07-14 12:57:17.808504
2025-07-14,39911,2025071404009388,LEC,Asian Securities Private Ltd.,Naasa Securities Co. Ltd.,255,213.0,54315.0,2025-07-14 12:57:17.808938
2025-07-14,39650,2025071404009467,LEC,Dynamic Money Managers Securities Pvt. Ltd.,Naasa Securities Co. Ltd.,375,212.3,79612.5,2025-07-14 12:58:12.921044
2025-07-14,39649,2025071404009468,LEC,Cristal Kanchanjanga Securites Pvt. Ltd.,Naasa Securities Co. Ltd.,275,212.3,58382.5,2025-07-14 12:58:12.921485
2025-07-14,38722,2025071404009735,LEC,Naasa Securities Co. Ltd.,Dipshikha Dhitopatra Karobar Co. Pvt Ltd.,105,212.4,22302.0,2025-07-14 13:02:36.507357
2025-07-14,38711,2025071404009738,LEC,Sani Securities Company Ltd.,Dipshikha Dhitopatra Karobar Co. Pvt Ltd.,46,212.4,9770.4,2025-07-14 13:02:41.742799
2025-07-14,38202,2025071404009929,LEC,Online Securities Pvt. Ltd.,Dynamic Money Managers Securities Pvt. Ltd.,100,212.6,21260.0,2025-07-14 13:04:52.617374
2025-07-14,38201,2025071404009930,LEC,Sani Securities Company Ltd.,Dynamic Money Managers Securities Pvt. Ltd.,454,212.5,96475.0,2025-07-14 13:04:52.617627
2025-07-14,38200,2025071404009931,LEC,Cristal Kanchanjanga Securites Pvt. Ltd.,Dynamic Money Managers Securities Pvt. Ltd.,25,212.3,5307.5,2025-07-14 13:04:52.617741
2025-07-14,38199,2025071404009932,LEC,Secured Securities Ltd.,Dynamic Money Managers Securities Pvt. Ltd.,250,212.3,53075.0,2025-07-14 13:04:52.617835
2025-07-14,38198,2025071404009933,LEC,Sani Securities Company Ltd.,Dynamic Money Managers Securities Pvt. Ltd.,171,212.3,36303.3,2025-07-14 13:04:52.617925
2025-07-14,37960,2025071404010026,LEC,Sani Securities Company Ltd.,J.F. Securites (PVT) Ltd.,50,212.3,10615.0,2025-07-14 13:06:00.176261
2025-07-14,37863,2025071404010058,LEC,Imperial Securities Company Pvt. Ltd.,Sweta Securities Private Limited,15,212.5,3187.5,2025-07-14 13:06:27.408383
2025-07-14,36224,2025071404010620,LEC,Online Securities Pvt. Ltd.,N.M.B. SECURITIES LIMITED,15,212.4,3186.0,2025-07-14 13:14:22.346629
2025-07-14,36223,2025071404010621,LEC,Imperial Securities Company Pvt. Ltd.,N.M.B. SECURITIES LIMITED,35,212.2,7427.0,2025-07-14 13:14:22.347138
2025-07-14,36078,2025071404010676,LEC,Imperial Securities Company Pvt. Ltd.,Sri Hari Securities Pvt. Ltd.,65,212.2,13793.0,2025-07-14 13:15:03.317604
2025-07-14,36077,2025071404010677,LEC,Sani Securities Company Ltd.,Sri Hari Securities Pvt. Ltd.,430,212.2,91246.0,2025-07-14 13:15:03.318063
2025-07-14,35916,2025071404010717,LEC,Sani Securities Company Ltd.,Online Securities Pvt. Ltd.,499,212.2,105887.8,2025-07-14 13:15:57.870814
2025-07-14,35915,2025071404010718,LEC,ABC Securities Private Limited,Online Securities Pvt. Ltd.,500,212.1,106050.0,2025-07-14 13:15:57.871096
2025-07-14,35914,2025071404010719,LEC,Online Securities Pvt. Ltd.,Online Securities Pvt. Ltd.,1000,212.1,212100.0,2025-07-14 13:15:57.871226
2025-07-14,35913,2025071404010720,LEC,Imperial Securities Company Pvt. Ltd.,Online Securities Pvt. Ltd.,18,212.0,3816.0,2025-07-14 13:15:57.871379
2025-07-14,35912,2025071404010721,LEC,Market Securities & Exchange (PVT) Ltd.,Online Securities Pvt. Ltd.,50,212.0,10600.0,2025-07-14 13:15:57.871500
2025-07-14,35911,2025071404010722,LEC,Nepal Investment And Securities Trading Private Limited,Online Securities Pvt. Ltd.,193,212.0,40916.0,2025-07-14 13:15:57.871616
2025-07-14,35910,2025071404010723,LEC,Aryatara Investment & Securities,Online Securities Pvt. Ltd.,1000,212.0,212000.0,2025-07-14 13:15:57.871734
2025-07-14,35909,2025071404010724,LEC,Siprabi Securities Pvt. Ltd.,Online Securities Pvt. Ltd.,100,212.0,21200.0,2025-07-14 13:15:57.871858
2025-07-14,35908,2025071404010725,LEC,Sani Securities Company Ltd.,Online Securities Pvt. Ltd.,80,212.0,16960.0,2025-07-14 13:15:57.871976
2025-07-14,35907,2025071404010726,LEC,Deevyaa Securities & Stock House Pvt. Ltd,Online Securities Pvt. Ltd.,300,212.0,63600.0,2025-07-14 13:15:57.872104
2025-07-14,35906,2025071404010727,LEC,Secured Securities Ltd.,Online Securities Pvt. Ltd.,320,212.0,67840.0,2025-07-14 13:15:57.872207
2025-07-14,35905,2025071404010728,LEC,Deevyaa Securities & Stock House Pvt. Ltd,Online Securities Pvt. Ltd.,615,212.0,130380.0,2025-07-14 13:15:57.872331
2025-07-14,35904,2025071404010729,LEC,Asian Securities Private Ltd.,Online Securities Pvt. Ltd.,200,212.0,42400.0,2025-07-14 13:15:57.872447
2025-07-14,35857,2025071404010746,LEC,Online Securities Pvt. Ltd.,Online Securities Pvt. Ltd.,105,212.0,22260.0,2025-07-14 13:16:13.997361
2025-07-14,35609,2025071404010798,LEC,Asian Securities Private Ltd.,Sri Hari Securities Pvt. Ltd.,300,211.8,63540.0,2025-07-14 13:17:08.440011
2025-07-14,35608,2025071404010799,LEC,Thrive Brokerage House Pvt. Ltd,Sri Hari Securities Pvt. Ltd.,155,211.7,32813.5,2025-07-14 13:17:08.440294
2025-07-14,35573,2025071404010811,LEC,Thrive Brokerage House Pvt. Ltd,Dynamic Money Managers Securities Pvt. Ltd.,1000,211.7,211700.0,2025-07-14 13:17:21.199490
2025-07-14,35245,2025071404010958,LEC,Thrive Brokerage House Pvt. Ltd,Naasa Securities Co. Ltd.,50,211.7,10585.0,2025-07-14 13:18:53.515809
2025-07-14,34574,2025071404011127,LEC,Online Securities Pvt. Ltd.,Naasa Securities Co. Ltd.,10,212.9,2129.0,2025-07-14 13:21:17.336702
2025-07-14,34446,2025071404011163,LEC,Naasa Securities Co. Ltd.,Dynamic Money Managers Securities Pvt. Ltd.,500,212.0,106000.0,2025-07-14 13:22:07.976088
2025-07-14,34445,2025071404011164,LEC,Naasa Securities Co. Ltd.,Dynamic Money Managers Securities Pvt. Ltd.,100,212.0,21200.0,2025-07-14 13:22:07.976592
2025-07-14,34267,2025071404011205,LEC,Vision Securities Pvt. Ltd,Dynamic Money Managers Securities Pvt. Ltd.,1000,211.9,211900.0,2025-07-14 13:22:45.865700
2025-07-14,34119,2025071404011245,LEC,Oxford Securities Pvt. Ltd.,Dynamic Money Managers Securities Pvt. Ltd.,50,211.9,10595.0,2025-07-14 13:23:24.154520
2025-07-14,33851,2025071404011318,LEC,Vision Securities Pvt. Ltd,Dynamic Money Managers Securities Pvt. Ltd.,7350,211.9,1557465.0,2025-07-14 13:24:44.608726
2025-07-14,33850,2025071404011319,LEC,Vision Securities Pvt. Ltd,Sani Securities Company Ltd.,10,211.9,2119.0,2025-07-14 13:24:44.609189
2025-07-14,33849,2025071404011320,LEC,Vision Securities Pvt. Ltd,Trishakti Securities Public Limited,10,211.9,2119.0,2025-07-14 13:24:44.795609
2025-07-14,33588,2025071404011411,LEC,Vision Securities Pvt. Ltd,Kohinoor Investment & Securities Pvt. Ltd.,10,211.9,2119.0,2025-07-14 13:25:50.465037
2025-07-14,33462,2025071404011461,LEC,Vision Securities Pvt. Ltd,Naasa Securities Co. Ltd.,620,211.9,131378.0,2025-07-14 13:26:22.471957
2025-07-14,33461,2025071404011462,LEC,Kohinoor Investment & Securities Pvt. Ltd.,Naasa Securities Co. Ltd.,80,211.9,16952.0,2025-07-14 13:26:22.472462
2025-07-14,33093,2025071404011604,LEC,Online Securities Pvt. Ltd.,Naasa Securities Co. Ltd.,11,212.9,2341.9,2025-07-14 13:27:39.302750
2025-07-14,32225,2025071404011919,LEC,Kohinoor Investment & Securities Pvt. Ltd.,J.F. Securites (PVT) Ltd.,20,211.9,4238.0,2025-07-14 13:30:59.435538
2025-07-14,32224,2025071404011920,LEC,Vision Securities Pvt. Ltd,J.F. Securites (PVT) Ltd.,80,211.9,16952.0,2025-07-14 13:30:59.435883
2025-07-14,31682,2025071404012095,LEC,Vision Securities Pvt. Ltd,J.F. Securites (PVT) Ltd.,100,211.9,21190.0,2025-07-14 13:33:12.345595
2025-07-14,31309,2025071404012230,LEC,Siprabi Securities Pvt. Ltd.,Premier Securities Company Ltd.,10,212.0,2120.0,2025-07-14 13:34:34.382898
2025-07-14,30833,2025071404012393,LEC,Siprabi Securities Pvt. Ltd.,Primo Securities (PVT) Ltd.,40,212.0,8480.0,2025-07-14 13:36:14.919014
2025-07-14,30832,2025071404012394,LEC,Sweta Securities Private Limited,Primo Securities (PVT) Ltd.,20,212.0,4240.0,2025-07-14 13:36:14.919290
2025-07-14,30668,2025071404012433,LEC,Vision Securities Pvt. Ltd,J.F. Securites (PVT) Ltd.,100,211.9,21190.0,2025-07-14 13:36:51.441701
2025-07-14,30323,2025071404012590,LEC,Vision Securities Pvt. Ltd,J.F. Securites (PVT) Ltd.,100,211.9,21190.0,2025-07-14 13:38:09.024678
2025-07-14,29757,2025071404012734,LEC,Naasa Securities Co. Ltd.,Primo Securities (PVT) Ltd.,30,212.0,6360.0,2025-07-14 13:40:03.444754
2025-07-14,29701,2025071404012758,LEC,Naasa Securities Co. Ltd.,Primo Securities (PVT) Ltd.,1400,212.0,296800.0,2025-07-14 13:40:21.378730
2025-07-14,29666,2025071404012781,LEC,Vision Securities Pvt. Ltd,Bhrikuti Stock Broking Co. Pvt. Ltd.,60,211.9,12714.0,2025-07-14 13:40:35.731973
2025-07-14,29616,2025071404012795,LEC,Vision Securities Pvt. Ltd,NIMB Stock Markets Limited,560,211.9,118664.0,2025-07-14 13:40:52.973961
2025-07-14,29615,2025071404012796,LEC,Swarna Laxmi Securities Pvt. Ltd.,NIMB Stock Markets Limited,1000,211.8,211800.0,2025-07-14 13:40:52.974304
2025-07-14,29614,2025071404012797,LEC,Imperial Securities Company Pvt. Ltd.,NIMB Stock Markets Limited,2000,211.8,423600.0,2025-07-14 13:40:52.974419
2025-07-14,29613,2025071404012798,LEC,Thrive Brokerage House Pvt. Ltd,NIMB Stock Markets Limited,795,211.7,168301.5,2025-07-14 13:40:52.974569
2025-07-14,29612,2025071404012799,LEC,Siprabi Securities Pvt. Ltd.,NIMB Stock Markets Limited,475,211.7,100557.5,2025-07-14 13:40:52.974675
2025-07-14,29611,2025071404012800,LEC,Asian Securities Private Ltd.,NIMB Stock Markets Limited,170,211.7,35989.0,2025-07-14 13:40:52.974781
2025-07-14,29595,2025071404012801,LEC,Asian Securities Private Ltd.,ABC Securities Private Limited,30,211.7,6351.0,2025-07-14 13:40:56.313562
2025-07-14,29594,2025071404012802,LEC,Imperial Securities Company Pvt. Ltd.,ABC Securities Private Limited,470,211.6,99452.0,2025-07-14 13:40:56.313834
2025-07-14,28463,2025071404013127,LEC,Ashutosh Brokerage & Securities (PVT) Ltd.,Primo Securities (PVT) Ltd.,460,212.0,97520.0,2025-07-14 13:45:22.821212
2025-07-14,27965,2025071404013294,LEC,Naasa Securities Co. Ltd.,Primo Securities (PVT) Ltd.,50,212.0,10600.0,2025-07-14 13:47:48.227677
2025-07-14,27904,2025071404013305,LEC,Naasa Securities Co. Ltd.,Agrawal Securities (PVT) Ltd.,10,212.0,2120.0,2025-07-14 13:48:09.913464
2025-07-14,27506,2025071404013424,LEC,South Asian Bulls Pvt. Ltd.,Agrawal Securities (PVT) Ltd.,20,212.0,4240.0,2025-07-14 13:49:55.679510
2025-07-14,27165,2025071404013500,LEC,Primo Securities (PVT) Ltd.,Trishakti Securities Public Limited,100,212.0,21200.0,2025-07-14 13:51:54.687514
2025-07-14,26276,2025071404013758,LEC,Primo Securities (PVT) Ltd.,Vision Securities Pvt. Ltd,40,212.0,8480.0,2025-07-14 13:55:50.209866
2025-07-14,26275,2025071404013759,LEC,Kumari Securities Private Limited,Vision Securities Pvt. Ltd,25,212.0,5300.0,2025-07-14 13:55:50.210412
2025-07-14,26274,2025071404013760,LEC,Sundhara Securities Limited,Vision Securities Pvt. Ltd,40,212.0,8480.0,2025-07-14 13:55:50.210718
2025-07-14,26273,2025071404013761,LEC,Asian Securities Private Ltd.,Vision Securities Pvt. Ltd,500,211.9,105950.0,2025-07-14 13:55:50.211041
2025-07-14,26272,2025071404013762,LEC,Asian Securities Private Ltd.,Vision Securities Pvt. Ltd,115,211.8,24357.0,2025-07-14 13:55:50.211377
2025-07-14,26271,2025071404013763,LEC,Thrive Brokerage House Pvt. Ltd,Vision Securities Pvt. Ltd,450,211.8,95310.0,2025-07-14 13:55:50.211685
2025-07-14,26270,2025071404013764,LEC,Vision Securities Pvt. Ltd,Vision Securities Pvt. Ltd,200,211.7,42340.0,2025-07-14 13:55:50.211993
2025-07-14,26269,2025071404013765,LEC,Imperial Securities Company Pvt. Ltd.,Vision Securities Pvt. Ltd,30,211.6,6348.0,2025-07-14 13:55:50.212337
2025-07-14,26268,2025071404013766,LEC,Imperial Securities Company Pvt. Ltd.,Vision Securities Pvt. Ltd,200,211.6,42320.0,2025-07-14 13:55:50.212653
2025-07-14,26267,2025071404013767,LEC,Asian Securities Private Ltd.,Vision Securities Pvt. Ltd,200,211.6,42320.0,2025-07-14 13:55:50.212963
2025-07-14,26266,2025071404013768,LEC,Stoxkarts Securities Limited,Vision Securities Pvt. Ltd,1000,211.6,211600.0,2025-07-14 13:55:50.213263
2025-07-14,26265,2025071404013769,LEC,Naasa Securities Co. Ltd.,Vision Securities Pvt. Ltd,200,211.6,42320.0,2025-07-14 13:55:50.213581
2025-07-14,26264,2025071404013770,LEC,Aryatara Investment & Securities,Vision Securities Pvt. Ltd,2362,211.6,499799.2,2025-07-14 13:55:50.213893
2025-07-14,26263,2025071404013771,LEC,Secured Securities Ltd.,Vision Securities Pvt. Ltd,70,211.5,14805.0,2025-07-14 13:55:50.214200
2025-07-14,26262,2025071404013772,LEC,Sweta Securities Private Limited,Vision Securities Pvt. Ltd,500,211.5,105750.0,2025-07-14 13:55:50.214526
2025-07-14,26261,2025071404013773,LEC,Asian Securities Private Ltd.,Vision Securities Pvt. Ltd,500,211.5,105750.0,2025-07-14 13:55:50.214835
2025-07-14,26260,2025071404013774,LEC,Online Securities Pvt. Ltd.,Vision Securities Pvt. Ltd,500,211.5,105750.0,2025-07-14 13:55:50.215140
2025-07-14,26259,2025071404013775,LEC,Vision Securities Pvt. Ltd,Vision Securities Pvt. Ltd,200,211.5,42300.0,2025-07-14 13:55:50.215456
2025-07-14,26258,2025071404013776,LEC,Nepal Stock House (PVT) Ltd.,Vision Securities Pvt. Ltd,200,211.4,42280.0,2025-07-14 13:55:50.215757
2025-07-14,26257,2025071404013777,LEC,Online Securities Pvt. Ltd.,Vision Securities Pvt. Ltd,3800,211.3,802940.0,2025-07-14 13:55:50.216063
2025-07-14,26256,2025071404013778,LEC,Sani Securities Company Ltd.,Vision Securities Pvt. Ltd,100,211.2,21120.0,2025-07-14 13:55:50.216379
2025-07-14,26255,2025071404013779,LEC,Online Securities Pvt. Ltd.,Vision Securities Pvt. Ltd,3001,211.2,633811.2,2025-07-14 13:55:50.216695
2025-07-14,26254,2025071404013780,LEC,Nagarik Stock Dealer ,Vision Securities Pvt. Ltd,1650,211.1,348315.0,2025-07-14 13:55:50.216999
2025-07-14,26253,2025071404013781,LEC,Infinity Securities Limited,Vision Securities Pvt. Ltd,1650,211.1,348315.0,2025-07-14 13:55:50.217304
2025-07-14,26252,2025071404013782,LEC,Asian Securities Private Ltd.,Vision Securities Pvt. Ltd,467,211.0,98537.0,2025-07-14 13:55:50.217614
2025-07-14,25201,2025071404014101,LEC,Vision Securities Pvt. Ltd,J.F. Securites (PVT) Ltd.,100,211.3,21130.0,2025-07-14 14:00:09.528323
2025-07-14,22580,2025071404014835,LEC,Naasa Securities Co. Ltd.,Vision Securities Pvt. Ltd,901,212.0,191012.0,2025-07-14 14:10:42.543846
2025-07-14,22579,2025071404014836,LEC,Naasa Securities Co. Ltd.,Imperial Securities Company Pvt. Ltd.,99,212.0,20988.0,2025-07-14 14:10:42.544362
2025-07-14,22355,2025071404014893,LEC,Pragyan Securities (PVT) Ltd.,Imperial Securities Company Pvt. Ltd.,401,212.0,85012.0,2025-07-14 14:11:30.713232
2025-07-14,22354,2025071404014894,LEC,Pragyan Securities (PVT) Ltd.,Naasa Securities Co. Ltd.,204,212.9,43431.6,2025-07-14 14:11:30.713412
2025-07-14,22353,2025071404014895,LEC,Pragyan Securities (PVT) Ltd.,Siprabi Securities Pvt. Ltd.,10,212.9,2129.0,2025-07-14 14:11:30.713489
2025-07-14,22352,2025071404014896,LEC,Pragyan Securities (PVT) Ltd.,Naasa Securities Co. Ltd.,195,213.0,41535.0,2025-07-14 14:11:30.713556
2025-07-14,22351,2025071404014897,LEC,Pragyan Securities (PVT) Ltd.,Cristal Kanchanjanga Securites Pvt. Ltd.,200,213.0,42600.0,2025-07-14 14:11:30.713625
2025-07-14,22350,2025071404014898,LEC,Pragyan Securities (PVT) Ltd.,Market Securities & Exchange (PVT) Ltd.,2200,213.0,468600.0,2025-07-14 14:11:30.713694
2025-07-14,22349,2025071404014899,LEC,Pragyan Securities (PVT) Ltd.,Oxford Securities Pvt. Ltd.,15,213.0,3195.0,2025-07-14 14:11:30.713761
2025-07-14,22348,2025071404014900,LEC,Pragyan Securities (PVT) Ltd.,Sweta Securities Private Limited,800,213.0,170400.0,2025-07-14 14:11:30.713848
2025-07-14,22347,2025071404014901,LEC,Pragyan Securities (PVT) Ltd.,Dipshikha Dhitopatra Karobar Co. Pvt Ltd.,20,213.0,4260.0,2025-07-14 14:11:30.713994
2025-07-14,22346,2025071404014902,LEC,Pragyan Securities (PVT) Ltd.,Bhrikuti Stock Broking Co. Pvt. Ltd.,840,213.0,178920.0,2025-07-14 14:11:30.714057
2025-07-14,22345,2025071404014903,LEC,Pragyan Securities (PVT) Ltd.,Vision Securities Pvt. Ltd,15,214.0,3210.0,2025-07-14 14:11:30.714126
2025-07-14,22344,2025071404014904,LEC,Pragyan Securities (PVT) Ltd.,Sundhara Securities Limited,275,214.0,58850.0,2025-07-14 14:11:30.714194
2025-07-14,22343,2025071404014905,LEC,Pragyan Securities (PVT) Ltd.,Himalayan Brokerage Company Limited,30,214.0,6420.0,2025-07-14 14:11:30.714261
2025-07-14,22342,2025071404014906,LEC,Pragyan Securities (PVT) Ltd.,Trishakti Securities Public Limited,15,214.0,3210.0,2025-07-14 14:11:30.714344
2025-07-14,22341,2025071404014907,LEC,Pragyan Securities (PVT) Ltd.,S.P.S.A. Securities Limited,363,214.0,77682.0,2025-07-14 14:11:30.714400
2025-07-14,22340,2025071404014908,LEC,Pragyan Securities (PVT) Ltd.,Vision Securities Pvt. Ltd,1000,214.0,214000.0,2025-07-14 14:11:30.714500
2025-07-14,22339,2025071404014909,LEC,Pragyan Securities (PVT) Ltd.,Dipshikha Dhitopatra Karobar Co. Pvt Ltd.,500,214.0,107000.0,2025-07-14 14:11:30.714563
2025-07-14,22338,2025071404014910,LEC,Pragyan Securities (PVT) Ltd.,Online Securities Pvt. Ltd.,100,214.7,21470.0,2025-07-14 14:11:30.714627
2025-07-14,22337,2025071404014911,LEC,Pragyan Securities (PVT) Ltd.,Kohinoor Investment & Securities Pvt. Ltd.,1000,214.7,214700.0,2025-07-14 14:11:30.714692
2025-07-14,22336,2025071404014912,LEC,Pragyan Securities (PVT) Ltd.,Online Securities Pvt. Ltd.,50,214.8,10740.0,2025-07-14 14:11:30.714766
2025-07-14,22335,2025071404014913,LEC,Pragyan Securities (PVT) Ltd.,Neev Securities Pvt. Ltd.,750,214.9,161175.0,2025-07-14 14:11:30.714859
2025-07-14,22334,2025071404014914,LEC,Pragyan Securities (PVT) Ltd.,Thrive Brokerage House Pvt. Ltd,1000,214.9,214900.0,2025-07-14 14:11:30.714926
2025-07-14,22333,2025071404014915,LEC,Pragyan Securities (PVT) Ltd.,Sipla Securities Private Limited,100,214.9,21490.0,2025-07-14 14:11:30.714997
2025-07-14,22332,2025071404014916,LEC,Pragyan Securities (PVT) Ltd.,Market Securities & Exchange (PVT) Ltd.,19,215.0,4085.0,2025-07-14 14:11:30.715061
2025-07-14,22331,2025071404014917,LEC,Pragyan Securities (PVT) Ltd.,Aryatara Investment & Securities,3000,215.0,645000.0,2025-07-14 14:11:30.715133
2025-07-14,22330,2025071404014918,LEC,Pragyan Securities (PVT) Ltd.,Aryatara Investment & Securities,10,215.0,2150.0,2025-07-14 14:11:30.715228
2025-07-14,22329,2025071404014919,LEC,Pragyan Securities (PVT) Ltd.,Naasa Securities Co. Ltd.,80,215.0,17200.0,2025-07-14 14:11:30.715386
2025-07-14,22328,2025071404014920,LEC,Pragyan Securities (PVT) Ltd.,Linch Stock Market Ltd.,30,215.0,6450.0,2025-07-14 14:11:30.715495
2025-07-14,22327,2025071404014921,LEC,Pragyan Securities (PVT) Ltd.,Naasa Securities Co. Ltd.,30,215.0,6450.0,2025-07-14 14:11:30.715611
2025-07-14,22326,2025071404014922,LEC,Pragyan Securities (PVT) Ltd.,Imperial Securities Company Pvt. Ltd.,30,215.0,6450.0,2025-07-14 14:11:30.715782
2025-07-14,22325,2025071404014923,LEC,Pragyan Securities (PVT) Ltd.,BHOLE GANESH SECURITIES LTD,15,215.0,3225.0,2025-07-14 14:11:30.715885
2025-07-14,22324,2025071404014924,LEC,Pragyan Securities (PVT) Ltd.,SUN SECURITIES PVT LTD,400,215.0,86000.0,2025-07-14 14:11:30.716001
2025-07-14,22323,2025071404014925,LEC,Pragyan Securities (PVT) Ltd.,Investment Management Nepal Pvt. Ltd.,40,215.0,8600.0,2025-07-14 14:11:30.716112
2025-07-14,22322,2025071404014926,LEC,Pragyan Securities (PVT) Ltd.,Naasa Securities Co. Ltd.,2000,215.0,430000.0,2025-07-14 14:11:30.716240
2025-07-14,22321,2025071404014927,LEC,Pragyan Securities (PVT) Ltd.,Naasa Securities Co. Ltd.,62,215.0,13330.0,2025-07-14 14:11:30.716358
2025-07-14,21012,2025071404015371,LEC,Naasa Securities Co. Ltd.,Nepal Stock House (PVT) Ltd.,50,214.4,10720.0,2025-07-14 14:17:04.270706
2025-07-14,19980,2025071404015643,LEC,Naasa Securities Co. Ltd.,Market Securities & Exchange (PVT) Ltd.,342,214.0,73188.0,2025-07-14 14:20:51.261436
2025-07-14,18062,2025071404016235,LEC,Secured Securities Ltd.,Thrive Brokerage House Pvt. Ltd,25,213.7,5342.5,2025-07-14 14:26:51.176534
2025-07-14,16764,2025071404016629,LEC,Pragyan Securities (PVT) Ltd.,Thrive Brokerage House Pvt. Ltd,75,213.7,16027.5,2025-07-14 14:30:34.524382
2025-07-14,16763,2025071404016630,LEC,Pragyan Securities (PVT) Ltd.,Vision Securities Pvt. Ltd,2250,213.7,480825.0,2025-07-14 14:30:34.524423
2025-07-14,16762,2025071404016631,LEC,Pragyan Securities (PVT) Ltd.,Vision Securities Pvt. Ltd,500,213.8,106900.0,2025-07-14 14:30:34.524450
2025-07-14,16761,2025071404016632,LEC,Pragyan Securities (PVT) Ltd.,Sweta Securities Private Limited,500,213.9,106950.0,2025-07-14 14:30:34.524498
2025-07-14,16760,2025071404016633,LEC,Pragyan Securities (PVT) Ltd.,Market Securities & Exchange (PVT) Ltd.,1658,214.0,354812.0,2025-07-14 14:30:34.524529
2025-07-14,16759,2025071404016634,LEC,Pragyan Securities (PVT) Ltd.,Imperial Securities Company Pvt. Ltd.,17,214.0,3638.0,2025-07-14 14:30:34.524556
2025-07-14,16574,2025071404016678,LEC,Naasa Securities Co. Ltd.,Neev Securities Pvt. Ltd.,137,213.7,29276.9,2025-07-14 14:31:07.510110
2025-07-14,15673,2025071404016945,LEC,J.F. Securites (PVT) Ltd.,Naasa Securities Co. Ltd.,37,212.0,7844.0,2025-07-14 14:33:32.045385
2025-07-14,14603,2025071404017250,LEC,Naasa Securities Co. Ltd.,Neev Securities Pvt. Ltd.,89,213.7,19019.3,2025-07-14 14:35:44.317853
2025-07-14,13689,2025071404017535,LEC,Primo Securities (PVT) Ltd.,Neev Securities Pvt. Ltd.,10,212.3,2123.0,2025-07-14 14:37:59.636629
2025-07-14,13627,2025071404017549,LEC,Nepal Stock House (PVT) Ltd.,Neev Securities Pvt. Ltd.,414,212.3,87892.2,2025-07-14 14:38:12.104589
2025-07-14,13583,2025071404017571,LEC,Nepal Stock House (PVT) Ltd.,Kumari Securities Private Limited,86,212.3,18257.8,2025-07-14 14:38:22.813863
2025-07-14,13582,2025071404017572,LEC,Kohinoor Investment & Securities Pvt. Ltd.,Kumari Securities Private Limited,30,212.2,6366.0,2025-07-14 14:38:22.814207
2025-07-14,13581,2025071404017573,LEC,Sani Securities Company Ltd.,Kumari Securities Private Limited,1500,212.1,318150.0,2025-07-14 14:38:22.814422
2025-07-14,13580,2025071404017574,LEC,J.F. Securites (PVT) Ltd.,Kumari Securities Private Limited,13,212.0,2756.0,2025-07-14 14:38:22.814595
2025-07-14,13579,2025071404017575,LEC,Pragyan Securities (PVT) Ltd.,Kumari Securities Private Limited,5000,212.0,1060000.0,2025-07-14 14:38:22.814771
2025-07-14,13578,2025071404017576,LEC,Aryatara Investment & Securities,Kumari Securities Private Limited,971,212.0,205852.0,2025-07-14 14:38:22.814942
2025-07-14,10856,2025071404018360,LEC,Kohinoor Investment & Securities Pvt. Ltd.,J.F. Securites (PVT) Ltd.,90,212.5,19125.0,2025-07-14 14:44:37.594542
2025-07-14,10855,2025071404018361,LEC,Aryatara Investment & Securities,J.F. Securites (PVT) Ltd.,29,212.0,6148.0,2025-07-14 14:44:37.594845
2025-07-14,10854,2025071404018362,LEC,Agrawal Securities (PVT) Ltd.,J.F. Securites (PVT) Ltd.,256,212.0,54272.0,2025-07-14 14:44:37.594970
2025-07-14,10820,2025071404018372,LEC,Online Securities Pvt. Ltd.,Thrive Brokerage House Pvt. Ltd,10,213.6,2136.0,2025-07-14 14:44:39.461061
2025-07-14,10598,2025071404018417,LEC,Agrawal Securities (PVT) Ltd.,J.F. Securites (PVT) Ltd.,50,212.0,10600.0,2025-07-14 14:45:02.063697
2025-07-14,10359,2025071404018532,LEC,Sani Securities Company Ltd.,Trisul Securities & Invt. Ltd.,10,213.0,2130.0,2025-07-14 14:45:38.293815
2025-07-14,10358,2025071404018533,LEC,Agrawal Securities (PVT) Ltd.,Trisul Securities & Invt. Ltd.,190,212.0,40280.0,2025-07-14 14:45:38.294133
2025-07-14,9831,2025071404018764,LEC,Nepal Stock House (PVT) Ltd.,Kumari Securities Private Limited,140,212.1,29694.0,2025-07-14 14:46:45.028116
2025-07-14,9830,2025071404018765,LEC,Agrawal Securities (PVT) Ltd.,Kumari Securities Private Limited,254,212.0,53848.0,2025-07-14 14:46:45.028733
2025-07-14,9829,2025071404018766,LEC,Naasa Securities Co. Ltd.,Kumari Securities Private Limited,170,212.0,36040.0,2025-07-14 14:46:45.029123
2025-07-14,9828,2025071404018767,LEC,Dipshikha Dhitopatra Karobar Co. Pvt Ltd.,Kumari Securities Private Limited,15,212.0,3180.0,2025-07-14 14:46:45.029513
2025-07-14,9827,2025071404018768,LEC,Deevyaa Securities & Stock House Pvt. Ltd,Kumari Securities Private Limited,100,212.0,21200.0,2025-07-14 14:46:45.029898
2025-07-14,9826,2025071404018769,LEC,Sani Securities Company Ltd.,Kumari Securities Private Limited,1921,212.0,407252.0,2025-07-14 14:46:45.030395
2025-07-14,9653,2025071404018815,LEC,Premier Securities Company Ltd.,Kumari Securities Private Limited,350,213.0,74550.0,2025-07-14 14:47:10.209202
2025-07-14,9308,2025071404018960,LEC,Sani Securities Company Ltd.,Himalayan Brokerage Company Limited,137,212.0,29044.0,2025-07-14 14:47:56.991952
2025-07-14,9307,2025071404018961,LEC,Naasa Securities Co. Ltd.,Himalayan Brokerage Company Limited,100,211.8,21180.0,2025-07-14 14:47:56.992233
2025-07-14,9306,2025071404018962,LEC,Vision Securities Pvt. Ltd,Himalayan Brokerage Company Limited,100,211.7,21170.0,2025-07-14 14:47:56.992369
2025-07-14,9305,2025071404018963,LEC,Online Securities Pvt. Ltd.,Himalayan Brokerage Company Limited,163,211.7,34507.1,2025-07-14 14:47:56.992489
2025-07-14,8697,2025071404019187,LEC,Naasa Securities Co. Ltd.,Imperial Securities Company Pvt. Ltd.,83,211.8,17579.4,2025-07-14 14:49:13.464798
2025-07-14,6998,2025071404019821,LEC,Naasa Securities Co. Ltd.,Thrive Brokerage House Pvt. Ltd,190,212.9,40451.0,2025-07-14 14:52:24.886538
2025-07-14,6899,2025071404019859,LEC,Naasa Securities Co. Ltd.,Vision Securities Pvt. Ltd,11,212.0,2332.0,2025-07-14 14:52:33.756203
2025-07-14,6898,2025071404019860,LEC,Market Securities & Exchange (PVT) Ltd.,Vision Securities Pvt. Ltd,520,212.0,110240.0,2025-07-14 14:52:33.756456
2025-07-14,6897,2025071404019861,LEC,Dipshikha Dhitopatra Karobar Co. Pvt Ltd.,Vision Securities Pvt. Ltd,83,212.0,17596.0,2025-07-14 14:52:33.756575
2025-07-14,4949,2025071404020416,LEC,Imperial Securities Company Pvt. Ltd.,Vision Securities Pvt. Ltd,20,212.0,4240.0,2025-07-14 14:55:29.140084
2025-07-14,4948,2025071404020417,LEC,Midas Stock Broking Company Private Limited,Vision Securities Pvt. Ltd,700,212.0,148400.0,2025-07-14 14:55:29.140375
2025-07-14,4877,2025071404020450,LEC,Kalika Securities Pvt. Ltd.,Vision Securities Pvt. Ltd,142,212.0,30104.0,2025-07-14 14:55:35.725778
2025-07-14,4248,2025071404020651,LEC,Online Securities Pvt. Ltd.,Online Securities Pvt. Ltd.,241,211.7,51019.7,2025-07-14 14:56:33.371695
2025-07-14,4247,2025071404020652,LEC,Kohinoor Investment & Securities Pvt. Ltd.,Online Securities Pvt. Ltd.,100,211.7,21170.0,2025-07-14 14:56:33.371966
2025-07-14,4246,2025071404020653,LEC,Vision Securities Pvt. Ltd,Online Securities Pvt. Ltd.,179,211.7,37894.3,2025-07-14 14:56:33.372093
2025-07-14,4043,2025071404020686,LEC,Capital Max Securities Ltd,Capital Max Securities Ltd,5,209.0,1045.0,2025-07-14 14:56:45.639482
2025-07-14,3659,2025071404020795,LEC,Bhrikuti Stock Broking Co. Pvt. Ltd.,Vision Securities Pvt. Ltd,15,212.0,3180.0,2025-07-14 14:57:16.404433
2025-07-14,3202,2025071404020921,LEC,South Asian Bulls Pvt. Ltd.,Vision Securities Pvt. Ltd,250,212.0,53000.0,2025-07-14 14:57:48.858746
2025-07-14,3146,2025071404020942,LEC,Vision Securities Pvt. Ltd,Vision Securities Pvt. Ltd,200,212.0,42400.0,2025-07-14 14:57:52.576597
2025-07-14,3120,2025071404020954,LEC,Pragyan Securities (PVT) Ltd.,Vision Securities Pvt. Ltd,273,212.0,57876.0,2025-07-14 14:57:53.913830
2025-07-14,2657,2025071404021099,LEC,Linch Stock Market Ltd.,NIMB Stock Markets Limited,400,212.0,84800.0,2025-07-14 14:58:22.346149
2025-07-14,1876,2025071404021324,LEC,Sani Securities Company Ltd.,Market Securities & Exchange (PVT) Ltd.,500,213.0,106500.0,2025-07-14 14:58:58.723649
2025-07-14,1875,2025071404021325,LEC,Sani Securities Company Ltd.,Imperial Securities Company Pvt. Ltd.,15,213.0,3195.0,2025-07-14 14:58:58.723893
2025-07-14,1874,2025071404021326,LEC,Sani Securities Company Ltd.,Sani Securities Company Ltd.,60,213.0,12780.0,2025-07-14 14:58:58.724008
2025-07-14,1873,2025071404021327,LEC,Sani Securities Company Ltd.,Sani Securities Company Ltd.,1000,213.0,213000.0,2025-07-14 14:58:58.724121
2025-07-14,1505,2025071404021476,LEC,Sani Securities Company Ltd.,Kumari Securities Private Limited,425,213.0,90525.0,2025-07-14 14:59:14.207673
2025-07-14,1092,2025071404021608,LEC,Agrawal Securities (PVT) Ltd.,Kumari Securities Private Limited,75,213.0,15975.0,2025-07-14 14:59:28.187963
2025-07-14,453,2025071404021834,LEC,Agrawal Securities (PVT) Ltd.,Naasa Securities Co. Ltd.,60,213.0,12780.0,2025-07-14 14:59:48.681566
2025-07-14,9,2025071404021962,LEC,Agrawal Securities (PVT) Ltd.,Kumari Securities Private Limited,365,213.0,77745.0,2025-07-14 14:59:59.797800
2025-07-14,8,2025071404021963,LEC,Dynamic Money Managers Securities Pvt. Ltd.,Kumari Securities Private Limited,18,213.0,3834.0,2025-07-14 14:59:59.798083
