Date,S.N.,Contract ID,Symbol,Buyer Broker,Seller Broker,quantity,rate,amount,transaction_time
2025-07-14,71684,2025071403000091,MNBBL,Sani Securities Company Ltd.,Nagarik Stock Dealer ,5000,397.0,1985000.0,2025-07-14 11:03:15.696767
2025-07-14,71565,2025071403000104,MNBBL,Ashutosh Brokerage & Securities (PVT) Ltd.,Naasa Securities Co. Ltd.,10,401.0,4010.0,2025-07-14 11:03:38.512315
2025-07-14,71030,2025071403000173,MNBBL,Deevyaa Securities & Stock House Pvt. Ltd,Cristal Kanchanjanga Securites Pvt. Ltd.,50,398.9,19945.0,2025-07-14 11:05:08.552267
2025-07-14,71029,2025071403000174,MNBBL,Deevyaa Securities & Stock House Pvt. Ltd,KALASH STOCK MARKET PVT. LTD.,500,399.0,199500.0,2025-07-14 11:05:08.552336
2025-07-14,71028,2025071403000175,MNBBL,Deevyaa Securities & Stock House Pvt. Ltd,Naasa Securities Co. Ltd.,490,401.0,196490.0,2025-07-14 11:05:08.552367
2025-07-14,71027,2025071403000176,MNBBL,Deevyaa Securities & Stock House Pvt. Ltd,Agrawal Securities (PVT) Ltd.,20,403.0,8060.0,2025-07-14 11:05:08.552410
2025-07-14,71026,2025071403000177,MNBBL,Deevyaa Securities & Stock House Pvt. Ltd,Dipshikha Dhitopatra Karobar Co. Pvt Ltd.,3000,403.0,1209000.0,2025-07-14 11:05:08.552440
2025-07-14,71025,2025071403000178,MNBBL,Deevyaa Securities & Stock House Pvt. Ltd,Sweta Securities Private Limited,440,403.0,177320.0,2025-07-14 11:05:08.552467
2025-07-14,70882,2025071403000194,MNBBL,Midas Stock Broking Company Private Limited,Midas Stock Broking Company Private Limited,10,401.0,4010.0,2025-07-14 11:05:28.209267
2025-07-14,69868,2025071403000303,MNBBL,Secured Securities Ltd.,Midas Stock Broking Company Private Limited,15,400.0,6000.0,2025-07-14 11:08:49.834367
2025-07-14,69805,2025071403000312,MNBBL,Secured Securities Ltd.,Linch Stock Market Ltd.,10,400.0,4000.0,2025-07-14 11:09:05.187793
2025-07-14,68586,2025071403000460,MNBBL,Imperial Securities Company Pvt. Ltd.,Deevyaa Securities & Stock House Pvt. Ltd,162,398.0,64476.0,2025-07-14 11:13:12.594491
2025-07-14,68385,2025071403000483,MNBBL,Aryatara Investment & Securities,ABC Securities Private Limited,50,400.0,20000.0,2025-07-14 11:13:45.431233
2025-07-14,68384,2025071403000484,MNBBL,Aryatara Investment & Securities,Creative Securities Pvt Ltd,150,400.0,60000.0,2025-07-14 11:13:45.431339
2025-07-14,65985,2025071403000855,MNBBL,Sweta Securities Private Limited,Siprabi Securities Pvt. Ltd.,100,399.0,39900.0,2025-07-14 11:21:48.692740
2025-07-14,65333,2025071403000953,MNBBL,Investment Management Nepal Pvt. Ltd.,Oxford Securities Pvt. Ltd.,100,399.0,39900.0,2025-07-14 11:23:45.646821
2025-07-14,65208,2025071403000972,MNBBL,Ashutosh Brokerage & Securities (PVT) Ltd.,Oxford Securities Pvt. Ltd.,100,399.0,39900.0,2025-07-14 11:24:10.290511
2025-07-14,65207,2025071403000973,MNBBL,Ashutosh Brokerage & Securities (PVT) Ltd.,Linch Stock Market Ltd.,100,399.4,39940.0,2025-07-14 11:24:10.290859
2025-07-14,65206,2025071403000974,MNBBL,Ashutosh Brokerage & Securities (PVT) Ltd.,Naasa Securities Co. Ltd.,300,399.5,119850.0,2025-07-14 11:24:10.291054
2025-07-14,65081,2025071403001004,MNBBL,Imperial Securities Company Pvt. Ltd.,Magnet Securities and Investment Company Private Limited,138,399.0,55062.0,2025-07-14 11:24:39.198339
2025-07-14,64638,2025071403001089,MNBBL,Nepal Investment And Securities Trading Private Limited,Magnet Securities and Investment Company Private Limited,12,398.5,4782.0,2025-07-14 11:25:51.404165
2025-07-14,64615,2025071403001091,MNBBL,Kohinoor Investment & Securities Pvt. Ltd.,Sri Hari Securities Pvt. Ltd.,100,399.0,39900.0,2025-07-14 11:25:53.337792
2025-07-14,64434,2025071403001113,MNBBL,Vision Securities Pvt. Ltd,Capital Hub P. Ltd,100,398.9,39890.0,2025-07-14 11:26:27.343423
2025-07-14,64433,2025071403001114,MNBBL,Vision Securities Pvt. Ltd,Sri Hari Securities Pvt. Ltd.,150,399.0,59850.0,2025-07-14 11:26:27.343571
2025-07-14,64074,2025071403001162,MNBBL,Nepal Investment And Securities Trading Private Limited,Online Securities Pvt. Ltd.,30,398.5,11955.0,2025-07-14 11:27:40.754966
2025-07-14,63971,2025071403001176,MNBBL,Arun Securities (PVT) Ltd.,Aryatara Investment & Securities,200,398.0,79600.0,2025-07-14 11:28:01.883925
2025-07-14,63090,2025071403001327,MNBBL,APPLE SECURITIES PRIVATE LIMITED,Sewa Securities Pvt. Ltd.,250,396.0,99000.0,2025-07-14 11:30:24.261141
2025-07-14,63089,2025071403001328,MNBBL,Dipshikha Dhitopatra Karobar Co. Pvt Ltd.,Sewa Securities Pvt. Ltd.,165,396.0,65340.0,2025-07-14 11:30:24.261340
2025-07-14,62979,2025071403001348,MNBBL,Vision Securities Pvt. Ltd,Investment Management Nepal Pvt. Ltd.,81,395.4,32027.4,2025-07-14 11:30:41.979824
2025-07-14,62933,2025071403001357,MNBBL,Vision Securities Pvt. Ltd,Aryatara Investment & Securities,19,395.4,7512.6,2025-07-14 11:30:46.496830
2025-07-14,62932,2025071403001358,MNBBL,Sani Securities Company Ltd.,Aryatara Investment & Securities,382,395.2,150966.4,2025-07-14 11:30:46.497004
2025-07-14,62599,2025071403001411,MNBBL,Nepal Investment And Securities Trading Private Limited,Sewa Securities Pvt. Ltd.,18,398.0,7164.0,2025-07-14 11:31:41.897731
2025-07-14,61642,2025071403001575,MNBBL,Aryatara Investment & Securities,Kalika Securities Pvt. Ltd.,10,396.0,3960.0,2025-07-14 11:34:25.115108
2025-07-14,61641,2025071403001576,MNBBL,Asian Securities Private Ltd.,Kalika Securities Pvt. Ltd.,581,395.4,229727.4,2025-07-14 11:34:25.115266
2025-07-14,61045,2025071403001706,MNBBL,Dipshikha Dhitopatra Karobar Co. Pvt Ltd.,Midas Stock Broking Company Private Limited,10,396.0,3960.0,2025-07-14 11:36:12.757404
2025-07-14,61036,2025071403001707,MNBBL,Asian Securities Private Ltd.,Imperial Securities Company Pvt. Ltd.,200,395.4,79080.0,2025-07-14 11:36:13.723747
2025-07-14,61005,2025071403001716,MNBBL,Asian Securities Private Ltd.,Nepal Stock House (PVT) Ltd.,219,395.4,86592.6,2025-07-14 11:36:20.117593
2025-07-14,61004,2025071403001717,MNBBL,Infinity Securities Limited,Nepal Stock House (PVT) Ltd.,200,395.4,79080.0,2025-07-14 11:36:20.117783
2025-07-14,60687,2025071403001778,MNBBL,Online Securities Pvt. Ltd.,Nepal Stock House (PVT) Ltd.,50,395.3,19765.0,2025-07-14 11:37:17.792965
2025-07-14,60686,2025071403001779,MNBBL,Sani Securities Company Ltd.,Nepal Stock House (PVT) Ltd.,2273,395.2,898289.6,2025-07-14 11:37:17.793329
2025-07-14,60605,2025071403001796,MNBBL,Sani Securities Company Ltd.,Sewa Securities Pvt. Ltd.,67,395.2,26478.4,2025-07-14 11:37:31.246527
2025-07-14,60252,2025071403001845,MNBBL,Sani Securities Company Ltd.,Imperial Securities Company Pvt. Ltd.,278,395.2,109865.6,2025-07-14 11:38:24.199845
2025-07-14,60227,2025071403001854,MNBBL,Deevyaa Securities & Stock House Pvt. Ltd,Linch Stock Market Ltd.,991,395.0,391445.0,2025-07-14 11:38:31.254185
2025-07-14,60130,2025071403001884,MNBBL,Sharepro Securities Private Limited,Imperial Securities Company Pvt. Ltd.,70,395.2,27664.0,2025-07-14 11:38:49.962235
2025-07-14,59560,2025071403002026,MNBBL,Aryatara Investment & Securities,Imperial Securities Company Pvt. Ltd.,32,395.0,12640.0,2025-07-14 11:40:43.538684
2025-07-14,59501,2025071403002039,MNBBL,Naasa Securities Co. Ltd.,Shree Krishna Securities Ltd.,100,394.0,39400.0,2025-07-14 11:40:58.007987
2025-07-14,59500,2025071403002040,MNBBL,Sweta Securities Private Limited,Shree Krishna Securities Ltd.,100,394.0,39400.0,2025-07-14 11:40:58.008156
2025-07-14,59402,2025071403002058,MNBBL,Sweta Securities Private Limited,Naasa Securities Co. Ltd.,100,394.0,39400.0,2025-07-14 11:41:11.915291
2025-07-14,59153,2025071403002117,MNBBL,Sani Securities Company Ltd.,Naasa Securities Co. Ltd.,100,392.1,39210.0,2025-07-14 11:41:52.617135
2025-07-14,58498,2025071403002245,MNBBL,J.F. Securites (PVT) Ltd.,Cristal Kanchanjanga Securites Pvt. Ltd.,48,392.1,18820.8,2025-07-14 11:43:37.803298
2025-07-14,58439,2025071403002250,MNBBL,Neev Securities Pvt. Ltd.,Ashutosh Brokerage & Securities (PVT) Ltd.,2000,392.0,784000.0,2025-07-14 11:43:48.783180
2025-07-14,57720,2025071403002403,MNBBL,Imperial Securities Company Pvt. Ltd.,Linch Stock Market Ltd.,150,392.0,58800.0,2025-07-14 11:46:04.278733
2025-07-14,57397,2025071403002468,MNBBL,Imperial Securities Company Pvt. Ltd.,Opal Securities Investment (PVT) Ltd.,40,392.0,15680.0,2025-07-14 11:46:57.440130
2025-07-14,57208,2025071403002499,MNBBL,Imperial Securities Company Pvt. Ltd.,Capital Max Securities Ltd,466,392.0,182672.0,2025-07-14 11:47:30.097209
2025-07-14,57020,2025071403002529,MNBBL,Imperial Securities Company Pvt. Ltd.,Oxford Securities Pvt. Ltd.,300,392.0,117600.0,2025-07-14 11:48:04.338851
2025-07-14,56620,2025071403002596,MNBBL,Imperial Securities Company Pvt. Ltd.,Vision Securities Pvt. Ltd,44,392.0,17248.0,2025-07-14 11:49:16.652374
2025-07-14,56619,2025071403002597,MNBBL,Kumari Securities Private Limited,Vision Securities Pvt. Ltd,50,392.0,19600.0,2025-07-14 11:49:16.652538
2025-07-14,56618,2025071403002598,MNBBL,Aryatara Investment & Securities,Vision Securities Pvt. Ltd,50,392.0,19600.0,2025-07-14 11:49:16.652642
2025-07-14,56617,2025071403002599,MNBBL,Primo Securities (PVT) Ltd.,Vision Securities Pvt. Ltd,260,392.0,101920.0,2025-07-14 11:49:16.652712
2025-07-14,56616,2025071403002600,MNBBL,Investment Management Nepal Pvt. Ltd.,Vision Securities Pvt. Ltd,200,392.0,78400.0,2025-07-14 11:49:16.652779
2025-07-14,56615,2025071403002601,MNBBL,Sani Securities Company Ltd.,Vision Securities Pvt. Ltd,30,392.0,11760.0,2025-07-14 11:49:16.652848
2025-07-14,56494,2025071403002629,MNBBL,Linch Stock Market Ltd.,Vision Securities Pvt. Ltd,49,391.1,19163.9,2025-07-14 11:49:41.809558
2025-07-14,56302,2025071403002658,MNBBL,Nabil Stock Dealer Ltd.,Vision Securities Pvt. Ltd,317,392.1,124295.7,2025-07-14 11:50:20.427791
2025-07-14,56301,2025071403002659,MNBBL,Nabil Stock Dealer Ltd.,Sani Securities Company Ltd.,500,393.5,196750.0,2025-07-14 11:50:20.428153
2025-07-14,56300,2025071403002660,MNBBL,Nabil Stock Dealer Ltd.,Sani Securities Company Ltd.,300,394.0,118200.0,2025-07-14 11:50:20.428353
2025-07-14,56299,2025071403002661,MNBBL,Nabil Stock Dealer Ltd.,Sani Securities Company Ltd.,500,394.0,197000.0,2025-07-14 11:50:20.428560
2025-07-14,56298,2025071403002662,MNBBL,Nabil Stock Dealer Ltd.,Imperial Securities Company Pvt. Ltd.,96,395.0,37920.0,2025-07-14 11:50:20.428746
2025-07-14,56297,2025071403002663,MNBBL,Nabil Stock Dealer Ltd.,Sani Securities Company Ltd.,494,395.0,195130.0,2025-07-14 11:50:20.428957
2025-07-14,56296,2025071403002664,MNBBL,Nabil Stock Dealer Ltd.,Sipla Securities Private Limited,100,395.0,39500.0,2025-07-14 11:50:20.429047
2025-07-14,56295,2025071403002665,MNBBL,Nabil Stock Dealer Ltd.,Sani Securities Company Ltd.,500,395.0,197500.0,2025-07-14 11:50:20.429128
2025-07-14,56294,2025071403002666,MNBBL,Nabil Stock Dealer Ltd.,Sundhara Securities Limited,200,395.2,79040.0,2025-07-14 11:50:20.429211
2025-07-14,56293,2025071403002667,MNBBL,Nabil Stock Dealer Ltd.,Creative Securities Pvt Ltd,404,396.0,159984.0,2025-07-14 11:50:20.429292
2025-07-14,56292,2025071403002668,MNBBL,Nabil Stock Dealer Ltd.,Vision Securities Pvt. Ltd,140,396.0,55440.0,2025-07-14 11:50:20.429391
2025-07-14,56291,2025071403002669,MNBBL,Nabil Stock Dealer Ltd.,Primo Securities (PVT) Ltd.,449,396.0,177804.0,2025-07-14 11:50:20.429468
2025-07-14,56185,2025071403002692,MNBBL,Kohinoor Investment & Securities Pvt. Ltd.,Midas Stock Broking Company Private Limited,50,391.0,19550.0,2025-07-14 11:50:49.429728
2025-07-14,56184,2025071403002693,MNBBL,ABC Securities Private Limited,Midas Stock Broking Company Private Limited,200,391.0,78200.0,2025-07-14 11:50:49.429859
2025-07-14,56183,2025071403002694,MNBBL,Linch Stock Market Ltd.,Midas Stock Broking Company Private Limited,20,391.0,7820.0,2025-07-14 11:50:49.429944
2025-07-14,56182,2025071403002695,MNBBL,Nepal Stock House (PVT) Ltd.,Midas Stock Broking Company Private Limited,278,391.0,108698.0,2025-07-14 11:50:49.430009
2025-07-14,55947,2025071403002746,MNBBL,Nepal Stock House (PVT) Ltd.,Sani Securities Company Ltd.,22,391.0,8602.0,2025-07-14 11:51:37.395534
2025-07-14,55946,2025071403002747,MNBBL,Sweta Securities Private Limited,Sani Securities Company Ltd.,478,391.0,186898.0,2025-07-14 11:51:37.395720
2025-07-14,55847,2025071403002773,MNBBL,Asian Securities Private Ltd.,Secured Securities Ltd.,10,392.1,3921.0,2025-07-14 11:51:58.515207
2025-07-14,55066,2025071403002889,MNBBL,Asian Securities Private Ltd.,Nepal Investment And Securities Trading Private Limited,803,392.1,314856.3,2025-07-14 11:54:42.238638
2025-07-14,54997,2025071403002896,MNBBL,Asian Securities Private Ltd.,Aryatara Investment & Securities,50,392.1,19605.0,2025-07-14 11:54:54.210193
2025-07-14,54574,2025071403002959,MNBBL,Neev Securities Pvt. Ltd.,Kumari Securities Private Limited,35,393.0,13755.0,2025-07-14 11:56:06.396272
2025-07-14,54573,2025071403002960,MNBBL,Neev Securities Pvt. Ltd.,Capital Max Securities Ltd,20,393.0,7860.0,2025-07-14 11:56:06.396570
2025-07-14,54036,2025071403003051,MNBBL,Asian Securities Private Ltd.,Sani Securities Company Ltd.,100,393.1,39310.0,2025-07-14 11:57:29.506447
2025-07-14,53380,2025071403003155,MNBBL,Sumeru Securities Pvt. Ltd.,Sweta Securities Private Limited,50,394.0,19700.0,2025-07-14 11:59:27.100070
2025-07-14,53059,2025071403003219,MNBBL,Himalayan Brokerage Company Limited,Linch Stock Market Ltd.,100,393.3,39330.0,2025-07-14 12:00:33.748741
2025-07-14,52750,2025071403003266,MNBBL,Vision Securities Pvt. Ltd,Sundhara Securities Limited,10,395.0,3950.0,2025-07-14 12:01:49.695006
2025-07-14,51776,2025071403003422,MNBBL,Sani Securities Company Ltd.,Sani Securities Company Ltd.,10,394.0,3940.0,2025-07-14 12:05:31.281936
2025-07-14,51059,2025071403003563,MNBBL,Shree Krishna Securities Ltd.,Sundhara Securities Limited,391,395.0,154445.0,2025-07-14 12:08:11.994878
2025-07-14,50896,2025071403003578,MNBBL,Sani Securities Company Ltd.,Online Securities Pvt. Ltd.,40,394.0,15760.0,2025-07-14 12:08:55.082989
2025-07-14,49606,2025071403003846,MNBBL,Shree Krishna Securities Ltd.,Sundhara Securities Limited,500,395.0,197500.0,2025-07-14 12:14:15.471208
2025-07-14,49460,2025071403003872,MNBBL,Sani Securities Company Ltd.,Sri Hari Securities Pvt. Ltd.,418,394.0,164692.0,2025-07-14 12:14:56.826328
2025-07-14,49406,2025071403003880,MNBBL,Sani Securities Company Ltd.,Sweta Securities Private Limited,300,394.0,118200.0,2025-07-14 12:15:15.198045
2025-07-14,49063,2025071403003957,MNBBL,Midas Stock Broking Company Private Limited,Sundhara Securities Limited,200,395.0,79000.0,2025-07-14 12:16:41.799318
2025-07-14,47798,2025071403004145,MNBBL,Sani Securities Company Ltd.,Imperial Securities Company Pvt. Ltd.,100,394.0,39400.0,2025-07-14 12:22:09.393873
2025-07-14,47308,2025071403004218,MNBBL,Sani Securities Company Ltd.,Nepal Stock House (PVT) Ltd.,132,394.0,52008.0,2025-07-14 12:24:08.548066
2025-07-14,47152,2025071403004250,MNBBL,Himalayan Brokerage Company Limited,Oxford Securities Pvt. Ltd.,50,393.3,19665.0,2025-07-14 12:25:02.462092
2025-07-14,46868,2025071403004289,MNBBL,Himalayan Brokerage Company Limited,Sani Securities Company Ltd.,30,393.3,11799.0,2025-07-14 12:26:06.025812
2025-07-14,46849,2025071403004292,MNBBL,Himalayan Brokerage Company Limited,Kohinoor Investment & Securities Pvt. Ltd.,20,393.3,7866.0,2025-07-14 12:26:15.653003
2025-07-14,46848,2025071403004293,MNBBL,Sani Securities Company Ltd.,Kohinoor Investment & Securities Pvt. Ltd.,100,393.2,39320.0,2025-07-14 12:26:15.653366
2025-07-14,46847,2025071403004294,MNBBL,Neev Securities Pvt. Ltd.,Kohinoor Investment & Securities Pvt. Ltd.,380,393.0,149340.0,2025-07-14 12:26:15.653584
2025-07-14,46462,2025071403004387,MNBBL,Neev Securities Pvt. Ltd.,Linch Stock Market Ltd.,80,393.0,31440.0,2025-07-14 12:28:09.264438
2025-07-14,46265,2025071403004423,MNBBL,Sani Securities Company Ltd.,Nepal Stock House (PVT) Ltd.,400,394.0,157600.0,2025-07-14 12:29:06.881892
2025-07-14,46161,2025071403004443,MNBBL,Siprabi Securities Pvt. Ltd.,Nepal Investment And Securities Trading Private Limited,10,393.5,3935.0,2025-07-14 12:29:37.178357
2025-07-14,46133,2025071403004444,MNBBL,Siprabi Securities Pvt. Ltd.,Naasa Securities Co. Ltd.,150,393.5,59025.0,2025-07-14 12:29:42.725589
2025-07-14,46082,2025071403004447,MNBBL,Siprabi Securities Pvt. Ltd.,Oxford Securities Pvt. Ltd.,25,393.5,9837.5,2025-07-14 12:29:53.035145
2025-07-14,45699,2025071403004495,MNBBL,Siprabi Securities Pvt. Ltd.,Market Securities & Exchange (PVT) Ltd.,65,393.5,25577.5,2025-07-14 12:32:04.242179
2025-07-14,45460,2025071403004516,MNBBL,MILKY WAY SHARE BROKER COMPANY LTD ,Linch Stock Market Ltd.,500,393.1,196550.0,2025-07-14 12:33:06.992939
2025-07-14,45220,2025071403004538,MNBBL,Neev Securities Pvt. Ltd.,Market Securities & Exchange (PVT) Ltd.,85,393.0,33405.0,2025-07-14 12:34:03.673008
2025-07-14,44754,2025071403004606,MNBBL,Neev Securities Pvt. Ltd.,Sundhara Securities Limited,1899,393.0,746307.0,2025-07-14 12:36:05.767915
2025-07-14,44694,2025071403004609,MNBBL,Neev Securities Pvt. Ltd.,Sundhara Securities Limited,1501,393.0,589893.0,2025-07-14 12:36:21.823369
2025-07-14,44693,2025071403004610,MNBBL,Infinity Securities Limited,Sundhara Securities Limited,100,393.0,39300.0,2025-07-14 12:36:21.823530
2025-07-14,44692,2025071403004611,MNBBL,Nepal Stock House (PVT) Ltd.,Sundhara Securities Limited,51,393.0,20043.0,2025-07-14 12:36:21.823604
2025-07-14,43823,2025071403004793,MNBBL,Trishakti Securities Public Limited,Sundhara Securities Limited,500,393.0,196500.0,2025-07-14 12:40:13.907435
2025-07-14,43105,2025071403004883,MNBBL,Nabil Stock Dealer Ltd.,Vision Securities Pvt. Ltd,5000,392.0,1960000.0,2025-07-14 12:43:22.868723
2025-07-14,42927,2025071403004905,MNBBL,Imperial Securities Company Pvt. Ltd.,Sundhara Securities Limited,50,393.0,19650.0,2025-07-14 12:44:23.847825
2025-07-14,42298,2025071403005020,MNBBL,Nabil Stock Dealer Ltd.,Sundhara Securities Limited,799,393.0,314007.0,2025-07-14 12:47:16.912808
2025-07-14,42297,2025071403005021,MNBBL,Nabil Stock Dealer Ltd.,Cristal Kanchanjanga Securites Pvt. Ltd.,500,393.0,196500.0,2025-07-14 12:47:16.913215
2025-07-14,42296,2025071403005022,MNBBL,Nabil Stock Dealer Ltd.,Nepal Stock House (PVT) Ltd.,4701,394.0,1852194.0,2025-07-14 12:47:16.913445
2025-07-14,41391,2025071403005182,MNBBL,Infinity Securities Limited,Neev Securities Pvt. Ltd.,100,393.0,39300.0,2025-07-14 12:51:22.933754
2025-07-14,41138,2025071403005219,MNBBL,Nepal Investment And Securities Trading Private Limited,Dakshinkali Investment & Securities Pvt. Ltd.,200,392.1,78420.0,2025-07-14 12:52:30.838758
2025-07-14,40891,2025071403005251,MNBBL,Siprabi Securities Pvt. Ltd.,Kumari Securities Private Limited,80,392.0,31360.0,2025-07-14 12:53:26.543712
2025-07-14,40890,2025071403005252,MNBBL,Trishakti Securities Public Limited,Kumari Securities Private Limited,53,392.0,20776.0,2025-07-14 12:53:26.543889
2025-07-14,40771,2025071403005267,MNBBL,Trishakti Securities Public Limited,Naasa Securities Co. Ltd.,10,392.0,3920.0,2025-07-14 12:53:54.465843
2025-07-14,40761,2025071403005268,MNBBL,Trishakti Securities Public Limited,Sani Securities Company Ltd.,11,392.0,4312.0,2025-07-14 12:53:57.871621
2025-07-14,37984,2025071403005692,MNBBL,Aakashbhairab Securities Ltd.,Linch Stock Market Ltd.,100,392.1,39210.0,2025-07-14 13:05:57.401491
2025-07-14,37515,2025071403005793,MNBBL,Aakashbhairab Securities Ltd.,Vision Securities Pvt. Ltd,25,392.1,9802.5,2025-07-14 13:08:27.118637
2025-07-14,36168,2025071403006019,MNBBL,Aakashbhairab Securities Ltd.,Online Securities Pvt. Ltd.,15,392.1,5881.5,2025-07-14 13:14:35.325395
2025-07-14,36167,2025071403006020,MNBBL,Naasa Securities Co. Ltd.,Online Securities Pvt. Ltd.,35,392.1,13723.5,2025-07-14 13:14:35.325604
2025-07-14,34582,2025071403006374,MNBBL,Naasa Securities Co. Ltd.,Sani Securities Company Ltd.,30,392.5,11775.0,2025-07-14 13:21:15.801185
2025-07-14,34470,2025071403006401,MNBBL,KALASH STOCK MARKET PVT. LTD.,Sani Securities Company Ltd.,58,392.2,22747.6,2025-07-14 13:21:53.150523
2025-07-14,33229,2025071403006659,MNBBL,Naasa Securities Co. Ltd.,Siprabi Securities Pvt. Ltd.,40,392.3,15692.0,2025-07-14 13:27:18.193530
2025-07-14,33160,2025071403006661,MNBBL,Agrawal Securities (PVT) Ltd.,Naasa Securities Co. Ltd.,175,392.8,68740.0,2025-07-14 13:27:24.104425
2025-07-14,33126,2025071403006666,MNBBL,KALASH STOCK MARKET PVT. LTD.,Sundhara Securities Limited,442,392.2,173352.4,2025-07-14 13:27:30.711407
2025-07-14,33125,2025071403006667,MNBBL,Imperial Securities Company Pvt. Ltd.,Sundhara Securities Limited,58,392.1,22741.8,2025-07-14 13:27:30.711660
2025-07-14,32932,2025071403006690,MNBBL,Imperial Securities Company Pvt. Ltd.,Magnet Securities and Investment Company Private Limited,50,392.1,19605.0,2025-07-14 13:28:13.790538
2025-07-14,32377,2025071403006810,MNBBL,Imperial Securities Company Pvt. Ltd.,Vision Securities Pvt. Ltd,100,392.1,39210.0,2025-07-14 13:30:22.369645
2025-07-14,32040,2025071403006867,MNBBL,Imperial Securities Company Pvt. Ltd.,Sani Securities Company Ltd.,110,392.1,43131.0,2025-07-14 13:31:41.229838
2025-07-14,31191,2025071403007064,MNBBL,ABC Securities Private Limited,Siprabi Securities Pvt. Ltd.,10,392.3,3923.0,2025-07-14 13:35:01.383052
2025-07-14,31190,2025071403007065,MNBBL,ABC Securities Private Limited,Siprabi Securities Pvt. Ltd.,10,392.4,3924.0,2025-07-14 13:35:01.383573
2025-07-14,30027,2025071403007323,MNBBL,ABC Securities Private Limited,Kohinoor Investment & Securities Pvt. Ltd.,29,392.2,11373.8,2025-07-14 13:38:58.878446
2025-07-14,30026,2025071403007324,MNBBL,Imperial Securities Company Pvt. Ltd.,Kohinoor Investment & Securities Pvt. Ltd.,182,392.1,71362.2,2025-07-14 13:38:58.878666
2025-07-14,30025,2025071403007325,MNBBL,Trishakti Securities Public Limited,Kohinoor Investment & Securities Pvt. Ltd.,289,392.0,113288.0,2025-07-14 13:38:58.878756
2025-07-14,29861,2025071403007365,MNBBL,Trishakti Securities Public Limited,Naasa Securities Co. Ltd.,137,392.0,53704.0,2025-07-14 13:39:37.016849
2025-07-14,29860,2025071403007366,MNBBL,Aryatara Investment & Securities,Naasa Securities Co. Ltd.,188,392.0,73696.0,2025-07-14 13:39:37.017282
2025-07-14,29704,2025071403007397,MNBBL,Aryatara Investment & Securities,Asian Securities Private Ltd.,312,392.0,122304.0,2025-07-14 13:40:19.984573
2025-07-14,29703,2025071403007398,MNBBL,Agrawal Securities (PVT) Ltd.,Asian Securities Private Ltd.,188,392.0,73696.0,2025-07-14 13:40:19.984802
2025-07-14,28035,2025071403007741,MNBBL,Thrive Brokerage House Pvt. Ltd,Siprabi Securities Pvt. Ltd.,40,392.1,15684.0,2025-07-14 13:47:27.900182
2025-07-14,27977,2025071403007746,MNBBL,Agrawal Securities (PVT) Ltd.,Siprabi Securities Pvt. Ltd.,60,392.0,23520.0,2025-07-14 13:47:45.047638
2025-07-14,27913,2025071403007756,MNBBL,Agrawal Securities (PVT) Ltd.,Sundhara Securities Limited,252,392.0,98784.0,2025-07-14 13:48:07.946456
2025-07-14,27912,2025071403007757,MNBBL,Naasa Securities Co. Ltd.,Sundhara Securities Limited,10,392.0,3920.0,2025-07-14 13:48:07.946805
2025-07-14,27911,2025071403007758,MNBBL,Sani Securities Company Ltd.,Sundhara Securities Limited,338,392.0,132496.0,2025-07-14 13:48:07.947058
2025-07-14,27362,2025071403007859,MNBBL,Sani Securities Company Ltd.,Oxford Securities Pvt. Ltd.,100,392.0,39200.0,2025-07-14 13:50:50.393984
2025-07-14,26402,2025071403008037,MNBBL,Sani Securities Company Ltd.,Cristal Kanchanjanga Securites Pvt. Ltd.,296,392.0,116032.0,2025-07-14 13:55:08.822222
2025-07-14,24838,2025071403008338,MNBBL,Sani Securities Company Ltd.,Sani Securities Company Ltd.,31,392.0,12152.0,2025-07-14 14:01:38.605616
2025-07-14,24837,2025071403008339,MNBBL,Aryatara Investment & Securities,Sani Securities Company Ltd.,69,392.0,27048.0,2025-07-14 14:01:38.605886
2025-07-14,24311,2025071403008448,MNBBL,Dipshikha Dhitopatra Karobar Co. Pvt Ltd.,Creative Securities Pvt Ltd,58,391.7,22718.6,2025-07-14 14:04:03.513815
2025-07-14,24253,2025071403008468,MNBBL,Dipshikha Dhitopatra Karobar Co. Pvt Ltd.,ABC Securities Private Limited,142,391.7,55621.4,2025-07-14 14:04:20.491456
2025-07-14,24252,2025071403008469,MNBBL,Sweta Securities Private Limited,ABC Securities Private Limited,522,391.0,204102.0,2025-07-14 14:04:20.491677
2025-07-14,24251,2025071403008470,MNBBL,Indira securities pvt. ltd,ABC Securities Private Limited,1100,391.0,430100.0,2025-07-14 14:04:20.491759
2025-07-14,24250,2025071403008471,MNBBL,Dipshikha Dhitopatra Karobar Co. Pvt Ltd.,ABC Securities Private Limited,200,391.0,78200.0,2025-07-14 14:04:20.491842
2025-07-14,24249,2025071403008472,MNBBL,Imperial Securities Company Pvt. Ltd.,ABC Securities Private Limited,36,391.0,14076.0,2025-07-14 14:04:20.491921
2025-07-14,23693,2025071403008589,MNBBL,Imperial Securities Company Pvt. Ltd.,SHUBHAKAMANA SECURITIES PVT. LTD,64,391.0,25024.0,2025-07-14 14:06:24.326361
2025-07-14,23692,2025071403008590,MNBBL,Imperial Securities Company Pvt. Ltd.,SHUBHAKAMANA SECURITIES PVT. LTD,100,391.0,39100.0,2025-07-14 14:06:24.326749
2025-07-14,23691,2025071403008591,MNBBL,Sani Securities Company Ltd.,SHUBHAKAMANA SECURITIES PVT. LTD,100,390.2,39020.0,2025-07-14 14:06:24.326999
2025-07-14,23690,2025071403008592,MNBBL,Prabhu Stock Market Limited,SHUBHAKAMANA SECURITIES PVT. LTD,200,390.1,78020.0,2025-07-14 14:06:24.327263
2025-07-14,23689,2025071403008593,MNBBL,Online Securities Pvt. Ltd.,SHUBHAKAMANA SECURITIES PVT. LTD,436,390.1,170083.6,2025-07-14 14:06:24.327498
2025-07-14,23535,2025071403008615,MNBBL,Sewa Securities Pvt. Ltd.,Online Securities Pvt. Ltd.,20,391.5,7830.0,2025-07-14 14:07:05.757973
2025-07-14,22503,2025071403008775,MNBBL,Kumari Securities Private Limited,ABC Securities Private Limited,500,391.0,195500.0,2025-07-14 14:10:58.353470
2025-07-14,22502,2025071403008776,MNBBL,Online Securities Pvt. Ltd.,ABC Securities Private Limited,564,390.1,220016.4,2025-07-14 14:10:58.353704
2025-07-14,22501,2025071403008777,MNBBL,Agrawal Securities (PVT) Ltd.,ABC Securities Private Limited,50,390.1,19505.0,2025-07-14 14:10:58.353804
2025-07-14,22500,2025071403008778,MNBBL,Dakshinkali Investment & Securities Pvt. Ltd.,ABC Securities Private Limited,1000,390.0,390000.0,2025-07-14 14:10:58.353893
2025-07-14,22499,2025071403008779,MNBBL,Dynamic Money Managers Securities Pvt. Ltd.,ABC Securities Private Limited,300,390.0,117000.0,2025-07-14 14:10:58.353978
2025-07-14,22498,2025071403008780,MNBBL,Deevyaa Securities & Stock House Pvt. Ltd,ABC Securities Private Limited,150,390.0,58500.0,2025-07-14 14:10:58.354069
2025-07-14,22497,2025071403008781,MNBBL,Aryatara Investment & Securities,ABC Securities Private Limited,200,390.0,78000.0,2025-07-14 14:10:58.354150
2025-07-14,22496,2025071403008782,MNBBL,Primo Securities (PVT) Ltd.,ABC Securities Private Limited,200,390.0,78000.0,2025-07-14 14:10:58.354243
2025-07-14,22495,2025071403008783,MNBBL,Vision Securities Pvt. Ltd,ABC Securities Private Limited,100,390.0,39000.0,2025-07-14 14:10:58.354336
2025-07-14,22494,2025071403008784,MNBBL,Sani Securities Company Ltd.,ABC Securities Private Limited,109,390.0,42510.0,2025-07-14 14:10:58.354441
2025-07-14,22493,2025071403008785,MNBBL,K.B.L. Securities Limited ,ABC Securities Private Limited,1500,390.0,585000.0,2025-07-14 14:10:58.354555
2025-07-14,22492,2025071403008786,MNBBL,Imperial Securities Company Pvt. Ltd.,ABC Securities Private Limited,100,390.0,39000.0,2025-07-14 14:10:58.354665
2025-07-14,22491,2025071403008787,MNBBL,Trishakti Securities Public Limited,ABC Securities Private Limited,227,390.0,88530.0,2025-07-14 14:10:58.354784
2025-07-14,22429,2025071403008802,MNBBL,Trishakti Securities Public Limited,ABC Securities Private Limited,773,390.0,301470.0,2025-07-14 14:11:11.475678
2025-07-14,22428,2025071403008803,MNBBL,Sani Securities Company Ltd.,ABC Securities Private Limited,227,390.0,88530.0,2025-07-14 14:11:11.475921
2025-07-14,18404,2025071403009625,MNBBL,Pragyan Securities (PVT) Ltd.,Aryatara Investment & Securities,10,390.3,3903.0,2025-07-14 14:25:41.546530
2025-07-14,16230,2025071403009982,MNBBL,Pragyan Securities (PVT) Ltd.,Online Securities Pvt. Ltd.,100,390.3,39030.0,2025-07-14 14:32:02.116348
2025-07-14,15302,2025071403010157,MNBBL,Cristal Kanchanjanga Securites Pvt. Ltd.,Trisul Securities & Invt. Ltd.,100,391.6,39160.0,2025-07-14 14:34:16.222726
2025-07-14,15301,2025071403010158,MNBBL,Cristal Kanchanjanga Securites Pvt. Ltd.,Asian Securities Private Ltd.,100,391.8,39180.0,2025-07-14 14:34:16.223258
2025-07-14,15300,2025071403010159,MNBBL,Cristal Kanchanjanga Securites Pvt. Ltd.,Premier Securities Company Ltd.,200,391.9,78380.0,2025-07-14 14:34:16.223501
2025-07-14,15171,2025071403010170,MNBBL,Primo Securities (PVT) Ltd.,Nepal Stock House (PVT) Ltd.,270,391.0,105570.0,2025-07-14 14:34:33.273768
2025-07-14,14419,2025071403010306,MNBBL,Vision Securities Pvt. Ltd,Trishakti Securities Public Limited,160,390.5,62480.0,2025-07-14 14:36:13.427639
2025-07-14,14418,2025071403010307,MNBBL,Pragyan Securities (PVT) Ltd.,Trishakti Securities Public Limited,890,390.3,347367.0,2025-07-14 14:36:13.427843
2025-07-14,14417,2025071403010308,MNBBL,Agrawal Securities (PVT) Ltd.,Trishakti Securities Public Limited,100,390.3,39030.0,2025-07-14 14:36:13.427960
2025-07-14,14416,2025071403010309,MNBBL,Sani Securities Company Ltd.,Trishakti Securities Public Limited,200,390.2,78040.0,2025-07-14 14:36:13.428060
2025-07-14,14415,2025071403010310,MNBBL,Bhrikuti Stock Broking Co. Pvt. Ltd.,Trishakti Securities Public Limited,10,390.1,3901.0,2025-07-14 14:36:13.428150
2025-07-14,14414,2025071403010311,MNBBL,Sani Securities Company Ltd.,Trishakti Securities Public Limited,340,390.0,132600.0,2025-07-14 14:36:13.428240
2025-07-14,14259,2025071403010338,MNBBL,Sundhara Securities Limited,Primo Securities (PVT) Ltd.,10,390.9,3909.0,2025-07-14 14:36:37.392852
2025-07-14,12816,2025071403010640,MNBBL,Imperial Securities Company Pvt. Ltd.,Primo Securities (PVT) Ltd.,40,390.9,15636.0,2025-07-14 14:40:21.177976
2025-07-14,12467,2025071403010749,MNBBL,Naasa Securities Co. Ltd.,Linch Stock Market Ltd.,300,390.1,117030.0,2025-07-14 14:41:01.329896
2025-07-14,12466,2025071403010750,MNBBL,Naasa Securities Co. Ltd.,Linch Stock Market Ltd.,500,390.1,195050.0,2025-07-14 14:41:01.330210
2025-07-14,12465,2025071403010751,MNBBL,Sani Securities Company Ltd.,Linch Stock Market Ltd.,30,390.0,11700.0,2025-07-14 14:41:01.330308
2025-07-14,12141,2025071403010835,MNBBL,Naasa Securities Co. Ltd.,Sumeru Securities Pvt. Ltd.,204,390.2,79600.8,2025-07-14 14:41:52.410701
2025-07-14,12022,2025071403010845,MNBBL,Bhrikuti Stock Broking Co. Pvt. Ltd.,Primo Securities (PVT) Ltd.,450,390.9,175905.0,2025-07-14 14:42:11.281385
2025-07-14,12021,2025071403010846,MNBBL,Bhrikuti Stock Broking Co. Pvt. Ltd.,Trisul Securities & Invt. Ltd.,14,390.9,5472.6,2025-07-14 14:42:11.281763
2025-07-14,12019,2025071403010847,MNBBL,Bhrikuti Stock Broking Co. Pvt. Ltd.,Nepal Stock House (PVT) Ltd.,4536,390.9,1773122.4,2025-07-14 14:42:11.282000
2025-07-14,11765,2025071403010886,MNBBL,Cristal Kanchanjanga Securites Pvt. Ltd.,Nepal Stock House (PVT) Ltd.,100,390.9,39090.0,2025-07-14 14:42:45.141718
2025-07-14,11673,2025071403010897,MNBBL,Naasa Securities Co. Ltd.,ABC Securities Private Limited,62,390.2,24192.4,2025-07-14 14:42:53.690324
2025-07-14,10868,2025071403011112,MNBBL,Naasa Securities Co. Ltd.,KALASH STOCK MARKET PVT. LTD.,34,390.2,13266.8,2025-07-14 14:44:35.500798
2025-07-14,10867,2025071403011113,MNBBL,Naasa Securities Co. Ltd.,KALASH STOCK MARKET PVT. LTD.,266,390.2,103793.2,2025-07-14 14:44:35.501042
2025-07-14,9812,2025071403011302,MNBBL,Naasa Securities Co. Ltd.,Aryatara Investment & Securities,34,390.2,13266.8,2025-07-14 14:46:45.568827
2025-07-14,9811,2025071403011303,MNBBL,Naasa Securities Co. Ltd.,Aryatara Investment & Securities,166,390.2,64773.2,2025-07-14 14:46:45.569003
2025-07-14,9718,2025071403011315,MNBBL,Kohinoor Investment & Securities Pvt. Ltd.,Nepal Stock House (PVT) Ltd.,30,390.9,11727.0,2025-07-14 14:46:58.154249
2025-07-14,9309,2025071403011370,MNBBL,Naasa Securities Co. Ltd.,Dipshikha Dhitopatra Karobar Co. Pvt Ltd.,60,390.2,23412.0,2025-07-14 14:47:56.758769
2025-07-14,8326,2025071403011593,MNBBL,Naasa Securities Co. Ltd.,Kumari Securities Private Limited,74,390.2,28874.8,2025-07-14 14:50:02.760826
2025-07-14,8325,2025071403011594,MNBBL,Naasa Securities Co. Ltd.,Kumari Securities Private Limited,26,390.2,10145.2,2025-07-14 14:50:02.761072
2025-07-14,7767,2025071403011719,MNBBL,Naasa Securities Co. Ltd.,Neev Securities Pvt. Ltd.,200,390.2,78040.0,2025-07-14 14:51:09.416336
2025-07-14,7715,2025071403011729,MNBBL,Sani Securities Company Ltd.,Imperial Securities Company Pvt. Ltd.,100,390.4,39040.0,2025-07-14 14:51:16.587702
2025-07-14,7694,2025071403011733,MNBBL,Naasa Securities Co. Ltd.,Kumari Securities Private Limited,74,390.2,28874.8,2025-07-14 14:51:18.271816
2025-07-14,7693,2025071403011734,MNBBL,Naasa Securities Co. Ltd.,Kumari Securities Private Limited,126,390.2,49165.2,2025-07-14 14:51:18.272021
2025-07-14,7641,2025071403011741,MNBBL,Naasa Securities Co. Ltd.,Dipshikha Dhitopatra Karobar Co. Pvt Ltd.,74,390.2,28874.8,2025-07-14 14:51:25.246892
2025-07-14,7640,2025071403011742,MNBBL,Magnet Securities and Investment Company Private Limited,Dipshikha Dhitopatra Karobar Co. Pvt Ltd.,584,390.1,227818.4,2025-07-14 14:51:25.247098
2025-07-14,7467,2025071403011769,MNBBL,Magnet Securities and Investment Company Private Limited,Kumari Securities Private Limited,1200,390.1,468120.0,2025-07-14 14:51:47.545392
2025-07-14,5718,2025071403012104,MNBBL,Magnet Securities and Investment Company Private Limited,Siprabi Securities Pvt. Ltd.,100,390.1,39010.0,2025-07-14 14:54:25.127350
2025-07-14,4517,2025071403012311,MNBBL,Kohinoor Investment & Securities Pvt. Ltd.,Sweta Securities Private Limited,1000,390.2,390200.0,2025-07-14 14:56:10.364208
2025-07-14,4083,2025071403012376,MNBBL,Nepal Investment And Securities Trading Private Limited,Dipshikha Dhitopatra Karobar Co. Pvt Ltd.,10,390.2,3902.0,2025-07-14 14:56:45.366584
2025-07-14,3916,2025071403012401,MNBBL,Magnet Securities and Investment Company Private Limited,Sweta Securities Private Limited,116,390.1,45251.6,2025-07-14 14:56:59.911010
2025-07-14,3915,2025071403012402,MNBBL,Shree Krishna Securities Ltd.,Sweta Securities Private Limited,884,390.1,344848.4,2025-07-14 14:56:59.911213
2025-07-14,3833,2025071403012409,MNBBL,Shree Krishna Securities Ltd.,Dipshikha Dhitopatra Karobar Co. Pvt Ltd.,116,390.1,45251.6,2025-07-14 14:57:06.491587
2025-07-14,3832,2025071403012410,MNBBL,Agrawal Securities (PVT) Ltd.,Dipshikha Dhitopatra Karobar Co. Pvt Ltd.,100,390.1,39010.0,2025-07-14 14:57:06.491939
2025-07-14,3612,2025071403012452,MNBBL,Sani Securities Company Ltd.,Imperial Securities Company Pvt. Ltd.,1000,390.0,390000.0,2025-07-14 14:57:20.181074
2025-07-14,3530,2025071403012470,MNBBL,Sani Securities Company Ltd.,Dipshikha Dhitopatra Karobar Co. Pvt Ltd.,84,390.0,32760.0,2025-07-14 14:57:27.733969
2025-07-14,3390,2025071403012496,MNBBL,South Asian Bulls Pvt. Ltd.,J.F. Securites (PVT) Ltd.,100,390.7,39070.0,2025-07-14 14:57:37.806876
2025-07-14,3374,2025071403012498,MNBBL,South Asian Bulls Pvt. Ltd.,Linch Stock Market Ltd.,12,390.7,4688.4,2025-07-14 14:57:38.497488
2025-07-14,3198,2025071403012542,MNBBL,Asian Securities Private Ltd.,Vision Securities Pvt. Ltd,22,390.8,8597.6,2025-07-14 14:57:49.239134
2025-07-14,3197,2025071403012543,MNBBL,Asian Securities Private Ltd.,ABC Securities Private Limited,50,390.8,19540.0,2025-07-14 14:57:49.239205
2025-07-14,3196,2025071403012544,MNBBL,Asian Securities Private Ltd.,Nepal Stock House (PVT) Ltd.,28,390.9,10945.2,2025-07-14 14:57:49.239235
2025-07-14,2491,2025071403012653,MNBBL,South Asian Bulls Pvt. Ltd.,Kalika Securities Pvt. Ltd.,13,390.7,5079.1,2025-07-14 14:58:32.592473
2025-07-14,1964,2025071403012815,MNBBL,Trishakti Securities Public Limited,Nepal Stock House (PVT) Ltd.,50,390.9,19545.0,2025-07-14 14:58:54.947101
2025-07-14,1662,2025071403012865,MNBBL,Primo Securities (PVT) Ltd.,Nepal Stock House (PVT) Ltd.,256,390.9,100070.4,2025-07-14 14:59:09.175324
2025-07-14,1661,2025071403012866,MNBBL,Primo Securities (PVT) Ltd.,Premier Securities Company Ltd.,44,390.9,17199.6,2025-07-14 14:59:09.175513
2025-07-14,750,2025071403013049,MNBBL,South Asian Bulls Pvt. Ltd.,Nepal Stock House (PVT) Ltd.,175,390.7,68372.5,2025-07-14 14:59:38.870642
2025-07-14,749,2025071403013050,MNBBL,Trishakti Securities Public Limited,Nepal Stock House (PVT) Ltd.,50,390.7,19535.0,2025-07-14 14:59:38.870832
2025-07-14,748,2025071403013051,MNBBL,Sani Securities Company Ltd.,Nepal Stock House (PVT) Ltd.,319,390.0,124410.0,2025-07-14 14:59:38.870949
2025-07-14,747,2025071403013052,MNBBL,Sri Hari Securities Pvt. Ltd.,Nepal Stock House (PVT) Ltd.,60,390.0,23400.0,2025-07-14 14:59:38.871035
2025-07-14,746,2025071403013053,MNBBL,Kumari Securities Private Limited,Nepal Stock House (PVT) Ltd.,50,390.0,19500.0,2025-07-14 14:59:38.871110
2025-07-14,745,2025071403013054,MNBBL,Neev Securities Pvt. Ltd.,Nepal Stock House (PVT) Ltd.,500,390.0,195000.0,2025-07-14 14:59:38.871187
2025-07-14,744,2025071403013055,MNBBL,South Asian Bulls Pvt. Ltd.,Nepal Stock House (PVT) Ltd.,200,390.0,78000.0,2025-07-14 14:59:38.871259
2025-07-14,743,2025071403013056,MNBBL,Sweta Securities Private Limited,Nepal Stock House (PVT) Ltd.,30,390.0,11700.0,2025-07-14 14:59:38.871332
2025-07-14,742,2025071403013057,MNBBL,Cristal Kanchanjanga Securites Pvt. Ltd.,Nepal Stock House (PVT) Ltd.,1616,390.0,630240.0,2025-07-14 14:59:38.871410
2025-07-14,340,2025071403013142,MNBBL,Cristal Kanchanjanga Securites Pvt. Ltd.,Sweta Securities Private Limited,384,390.0,149760.0,2025-07-14 14:59:52.092539
2025-07-14,167,2025071403013194,MNBBL,Aryatara Investment & Securities,Sweta Securities Private Limited,50,390.0,19500.0,2025-07-14 14:59:55.239509
2025-07-14,35,2025071403013233,MNBBL,KALASH STOCK MARKET PVT. LTD.,Sweta Securities Private Limited,200,390.0,78000.0,2025-07-14 14:59:58.981291
