Date,S.N.,Contract ID,Symbol,Buyer Broker,Seller Broker,volume,rate,amount,transaction_time
2025-07-14,71603,2025071403000101,MPFL,Aryatara Investment & Securities,Prabhu Stock Market Limited,150,624.0,93600.0,2025-07-14 11:03:30.571534
2025-07-14,70778,2025071403000208,MPFL,Naasa Securities Co. Ltd.,Investment Management Nepal Pvt. Ltd.,100,623.1,62310.0,2025-07-14 11:05:45.344782
2025-07-14,70733,2025071403000210,MPFL,Naasa Securities Co. Ltd.,Dynamic Money Managers Securities Pvt. Ltd.,100,623.1,62310.0,2025-07-14 11:05:49.483712
2025-07-14,70405,2025071403000255,MPFL,Agrawal Securities (PVT) Ltd.,Neev Securities Pvt. Ltd.,100,624.0,62400.0,2025-07-14 11:06:53.008593
2025-07-14,69911,2025071403000299,MPFL,Nepal Stock House (PVT) Ltd.,Primo Securities (PVT) Ltd.,100,625.0,62500.0,2025-07-14 11:08:36.422959
2025-07-14,69630,2025071403000332,MPFL,Prabhu Stock Market Limited,Pragyan Securities (PVT) Ltd.,100,632.8,63280.0,2025-07-14 11:09:46.244285
2025-07-14,69629,2025071403000333,MPFL,Prabhu Stock Market Limited,Kalika Securities Pvt. Ltd.,250,633.0,158250.0,2025-07-14 11:09:46.244358
2025-07-14,69499,2025071403000350,MPFL,Prabhu Stock Market Limited,Nepal Stock House (PVT) Ltd.,40,632.8,25312.0,2025-07-14 11:10:12.312937
2025-07-14,69424,2025071403000354,MPFL,South Asian Bulls Pvt. Ltd.,Nepal Stock House (PVT) Ltd.,50,632.8,31640.0,2025-07-14 11:10:25.378363
2025-07-14,67670,2025071403000577,MPFL,Primo Securities (PVT) Ltd.,Midas Stock Broking Company Private Limited,100,629.9,62990.0,2025-07-14 11:16:04.953151
2025-07-14,67669,2025071403000578,MPFL,Primo Securities (PVT) Ltd.,Sundhara Securities Limited,100,630.0,63000.0,2025-07-14 11:16:04.953251
2025-07-14,67668,2025071403000579,MPFL,Primo Securities (PVT) Ltd.,Imperial Securities Company Pvt. Ltd.,20,632.0,12640.0,2025-07-14 11:16:04.953315
2025-07-14,67667,2025071403000580,MPFL,Primo Securities (PVT) Ltd.,Neev Securities Pvt. Ltd.,50,632.0,31600.0,2025-07-14 11:16:04.953361
2025-07-14,67666,2025071403000581,MPFL,Primo Securities (PVT) Ltd.,Premier Securities Company Ltd.,30,632.7,18981.0,2025-07-14 11:16:04.953405
2025-07-14,67665,2025071403000582,MPFL,Primo Securities (PVT) Ltd.,Nepal Stock House (PVT) Ltd.,700,632.8,442960.0,2025-07-14 11:16:04.953450
2025-07-14,66273,2025071403000802,MPFL,Siprabi Securities Pvt. Ltd.,Premier Securities Company Ltd.,15,632.6,9489.0,2025-07-14 11:20:49.962544
2025-07-14,66043,2025071403000845,MPFL,Imperial Securities Company Pvt. Ltd.,Premier Securities Company Ltd.,55,632.6,34793.0,2025-07-14 11:21:38.760540
2025-07-14,66042,2025071403000846,MPFL,Imperial Securities Company Pvt. Ltd.,Nepal Stock House (PVT) Ltd.,210,632.8,132888.0,2025-07-14 11:21:38.760746
2025-07-14,65539,2025071403000923,MPFL,Shree Krishna Securities Ltd.,Arun Securities (PVT) Ltd.,300,632.4,189720.0,2025-07-14 11:23:10.848093
2025-07-14,65531,2025071403000924,MPFL,Kalika Securities Pvt. Ltd.,Arun Securities (PVT) Ltd.,25,632.4,15810.0,2025-07-14 11:23:12.029594
2025-07-14,65530,2025071403000925,MPFL,Kalika Securities Pvt. Ltd.,Midas Stock Broking Company Private Limited,120,632.5,75900.0,2025-07-14 11:23:12.029714
2025-07-14,64430,2025071403001115,MPFL,Naasa Securities Co. Ltd.,Imperial Securities Company Pvt. Ltd.,20,632.4,12648.0,2025-07-14 11:26:27.640322
2025-07-14,64429,2025071403001116,MPFL,Naasa Securities Co. Ltd.,Naasa Securities Co. Ltd.,46,632.4,29090.4,2025-07-14 11:26:27.640424
2025-07-14,64079,2025071403001159,MPFL,Naasa Securities Co. Ltd.,Online Securities Pvt. Ltd.,100,632.0,63200.0,2025-07-14 11:27:39.693424
2025-07-14,64078,2025071403001160,MPFL,Naasa Securities Co. Ltd.,Nepal Stock House (PVT) Ltd.,99,632.0,62568.0,2025-07-14 11:27:39.693532
2025-07-14,63651,2025071403001225,MPFL,Premier Securities Company Ltd.,Vision Securities Pvt. Ltd,200,628.0,125600.0,2025-07-14 11:28:56.692713
2025-07-14,63383,2025071403001259,MPFL,Premier Securities Company Ltd.,Premier Securities Company Ltd.,50,628.0,31400.0,2025-07-14 11:29:26.259459
2025-07-14,62501,2025071403001430,MPFL,Imperial Securities Company Pvt. Ltd.,Creative Securities Pvt Ltd,100,627.0,62700.0,2025-07-14 11:32:01.965999
2025-07-14,61244,2025071403001651,MPFL,Pragyan Securities (PVT) Ltd.,Swarna Laxmi Securities Pvt. Ltd.,20,625.1,12502.0,2025-07-14 11:35:34.131278
2025-07-14,61243,2025071403001652,MPFL,Secured Securities Ltd.,Swarna Laxmi Securities Pvt. Ltd.,100,625.0,62500.0,2025-07-14 11:35:34.131390
2025-07-14,61117,2025071403001688,MPFL,Aryatara Investment & Securities,Swarna Laxmi Securities Pvt. Ltd.,50,625.0,31250.0,2025-07-14 11:35:52.289487
2025-07-14,60212,2025071403001858,MPFL,Primo Securities (PVT) Ltd.,KALASH STOCK MARKET PVT. LTD.,300,624.1,187230.0,2025-07-14 11:38:35.121203
2025-07-14,60119,2025071403001887,MPFL,Agrawal Securities (PVT) Ltd.,Naasa Securities Co. Ltd.,100,624.0,62400.0,2025-07-14 11:38:52.926654
2025-07-14,60118,2025071403001888,MPFL,Dipshikha Dhitopatra Karobar Co. Pvt Ltd.,Naasa Securities Co. Ltd.,50,624.0,31200.0,2025-07-14 11:38:52.926799
2025-07-14,60117,2025071403001889,MPFL,Online Securities Pvt. Ltd.,Naasa Securities Co. Ltd.,200,624.0,124800.0,2025-07-14 11:38:52.926849
2025-07-14,60018,2025071403001916,MPFL,Dipshikha Dhitopatra Karobar Co. Pvt Ltd.,Naasa Securities Co. Ltd.,30,624.0,18720.0,2025-07-14 11:39:13.541442
2025-07-14,59986,2025071403001925,MPFL,Dipshikha Dhitopatra Karobar Co. Pvt Ltd.,Deevyaa Securities & Stock House Pvt. Ltd,67,624.0,41808.0,2025-07-14 11:39:16.838256
2025-07-14,59909,2025071403001936,MPFL,Imperial Securities Company Pvt. Ltd.,Investment Management Nepal Pvt. Ltd.,1000,624.5,624500.0,2025-07-14 11:39:33.295013
2025-07-14,59862,2025071403001948,MPFL,Aryatara Investment & Securities,South Asian Bulls Pvt. Ltd.,10,623.1,6231.0,2025-07-14 11:39:43.144952
2025-07-14,59861,2025071403001949,MPFL,Primo Securities (PVT) Ltd.,South Asian Bulls Pvt. Ltd.,170,623.0,105910.0,2025-07-14 11:39:43.145065
2025-07-14,59814,2025071403001963,MPFL,Primo Securities (PVT) Ltd.,South Asian Bulls Pvt. Ltd.,30,623.0,18690.0,2025-07-14 11:39:51.201693
2025-07-14,59813,2025071403001964,MPFL,Premier Securities Company Ltd.,South Asian Bulls Pvt. Ltd.,470,623.0,292810.0,2025-07-14 11:39:51.201826
2025-07-14,59775,2025071403001977,MPFL,Premier Securities Company Ltd.,Linch Stock Market Ltd.,10,623.0,6230.0,2025-07-14 11:39:58.875391
2025-07-14,59658,2025071403002004,MPFL,Premier Securities Company Ltd.,Nepal Stock House (PVT) Ltd.,20,623.0,12460.0,2025-07-14 11:40:23.380228
2025-07-14,59361,2025071403002066,MPFL,Sani Securities Company Ltd.,ABC Securities Private Limited,100,622.0,62200.0,2025-07-14 11:41:22.161514
2025-07-14,59283,2025071403002090,MPFL,Sani Securities Company Ltd.,Vision Securities Pvt. Ltd,115,622.0,71530.0,2025-07-14 11:41:30.953124
2025-07-14,59179,2025071403002106,MPFL,Opal Securities Investment (PVT) Ltd.,Nepal Stock House (PVT) Ltd.,18,623.0,11214.0,2025-07-14 11:41:48.935865
2025-07-14,59073,2025071403002127,MPFL,Opal Securities Investment (PVT) Ltd.,Aryatara Investment & Securities,85,623.0,52955.0,2025-07-14 11:42:10.545568
2025-07-14,58964,2025071403002148,MPFL,Opal Securities Investment (PVT) Ltd.,Agrawal Securities (PVT) Ltd.,25,623.0,15575.0,2025-07-14 11:42:28.641051
2025-07-14,57736,2025071403002402,MPFL,Vision Securities Pvt. Ltd,Sundhara Securities Limited,50,624.0,31200.0,2025-07-14 11:46:00.138981
2025-07-14,55806,2025071403002777,MPFL,Kohinoor Investment & Securities Pvt. Ltd.,Sani Securities Company Ltd.,20,624.5,12490.0,2025-07-14 11:52:07.451300
2025-07-14,55630,2025071403002788,MPFL,Aryatara Investment & Securities,Sani Securities Company Ltd.,80,624.5,49960.0,2025-07-14 11:52:47.217512
2025-07-14,55629,2025071403002789,MPFL,Aryatara Investment & Securities,Swarna Laxmi Securities Pvt. Ltd.,30,625.0,18750.0,2025-07-14 11:52:47.217654
2025-07-14,55628,2025071403002790,MPFL,Aryatara Investment & Securities,Thrive Brokerage House Pvt. Ltd,390,625.0,243750.0,2025-07-14 11:52:47.217705
2025-07-14,55161,2025071403002865,MPFL,Linch Stock Market Ltd.,Thrive Brokerage House Pvt. Ltd,110,625.0,68750.0,2025-07-14 11:54:24.298482
2025-07-14,55160,2025071403002866,MPFL,Linch Stock Market Ltd.,Thrive Brokerage House Pvt. Ltd,500,625.0,312500.0,2025-07-14 11:54:24.298712
2025-07-14,55159,2025071403002867,MPFL,Linch Stock Market Ltd.,Blue Chip Securities Ltd,25,625.0,15625.0,2025-07-14 11:54:24.298855
2025-07-14,54018,2025071403003055,MPFL,Linch Stock Market Ltd.,Premier Securities Company Ltd.,20,626.0,12520.0,2025-07-14 11:57:33.473299
2025-07-14,53991,2025071403003056,MPFL,Kohinoor Investment & Securities Pvt. Ltd.,Premier Securities Company Ltd.,20,626.0,12520.0,2025-07-14 11:57:38.054037
2025-07-14,53653,2025071403003128,MPFL,Ashutosh Brokerage & Securities (PVT) Ltd.,Premier Securities Company Ltd.,10,626.0,6260.0,2025-07-14 11:58:39.576685
2025-07-14,53557,2025071403003136,MPFL,Ashutosh Brokerage & Securities (PVT) Ltd.,Vision Securities Pvt. Ltd,10,626.8,6268.0,2025-07-14 11:58:55.704973
2025-07-14,53506,2025071403003139,MPFL,Online Securities Pvt. Ltd.,Vision Securities Pvt. Ltd,79,626.0,49454.0,2025-07-14 11:59:04.758105
2025-07-14,53347,2025071403003158,MPFL,Online Securities Pvt. Ltd.,Vision Securities Pvt. Ltd,61,626.0,38186.0,2025-07-14 11:59:31.936475
2025-07-14,48765,2025071403003996,MPFL,Sani Securities Company Ltd.,Sewa Securities Pvt. Ltd.,50,626.0,31300.0,2025-07-14 12:17:45.431651
2025-07-14,48764,2025071403003997,MPFL,Sani Securities Company Ltd.,Sewa Securities Pvt. Ltd.,50,626.0,31300.0,2025-07-14 12:17:45.431788
2025-07-14,48698,2025071403004004,MPFL,Sani Securities Company Ltd.,Naasa Securities Co. Ltd.,54,626.0,33804.0,2025-07-14 12:18:04.135152
2025-07-14,48685,2025071403004006,MPFL,Premier Securities Company Ltd.,Agrawal Securities (PVT) Ltd.,60,626.9,37614.0,2025-07-14 12:18:11.380084
2025-07-14,48684,2025071403004007,MPFL,Premier Securities Company Ltd.,ABC Securities Private Limited,300,627.0,188100.0,2025-07-14 12:18:11.380283
2025-07-14,48516,2025071403004043,MPFL,Sani Securities Company Ltd.,Premier Securities Company Ltd.,150,628.0,94200.0,2025-07-14 12:18:55.026668
2025-07-14,48515,2025071403004044,MPFL,Sani Securities Company Ltd.,Agrawal Securities (PVT) Ltd.,500,630.0,315000.0,2025-07-14 12:18:55.026802
2025-07-14,48514,2025071403004045,MPFL,Sani Securities Company Ltd.,Trishakti Securities Public Limited,130,630.0,81900.0,2025-07-14 12:18:55.026884
2025-07-14,48513,2025071403004046,MPFL,Sani Securities Company Ltd.,Vision Securities Pvt. Ltd,100,630.0,63000.0,2025-07-14 12:18:55.026950
2025-07-14,48512,2025071403004047,MPFL,Sani Securities Company Ltd.,SHUBHAKAMANA SECURITIES PVT. LTD,120,630.0,75600.0,2025-07-14 12:18:55.027001
2025-07-14,48058,2025071403004104,MPFL,ABC Securities Private Limited,SHUBHAKAMANA SECURITIES PVT. LTD,380,630.0,239400.0,2025-07-14 12:21:04.467974
2025-07-14,47790,2025071403004148,MPFL,ABC Securities Private Limited,Online Securities Pvt. Ltd.,120,630.0,75600.0,2025-07-14 12:22:12.235994
2025-07-14,45402,2025071403004527,MPFL,Midas Stock Broking Company Private Limited,Dipshikha Dhitopatra Karobar Co. Pvt Ltd.,40,630.0,25200.0,2025-07-14 12:33:22.469985
2025-07-14,45401,2025071403004528,MPFL,Midas Stock Broking Company Private Limited,Sani Securities Company Ltd.,10,630.0,6300.0,2025-07-14 12:33:22.470167
2025-07-14,45400,2025071403004529,MPFL,Midas Stock Broking Company Private Limited,Nepal Investment And Securities Trading Private Limited,30,630.0,18900.0,2025-07-14 12:33:22.470228
2025-07-14,45399,2025071403004530,MPFL,Midas Stock Broking Company Private Limited,Agrawal Securities (PVT) Ltd.,50,630.0,31500.0,2025-07-14 12:33:22.470281
2025-07-14,45398,2025071403004531,MPFL,Midas Stock Broking Company Private Limited,Investment Management Nepal Pvt. Ltd.,20,630.0,12600.0,2025-07-14 12:33:22.470336
2025-07-14,44655,2025071403004620,MPFL,Asian Securities Private Ltd.,Investment Management Nepal Pvt. Ltd.,80,630.0,50400.0,2025-07-14 12:36:33.320519
2025-07-14,44654,2025071403004621,MPFL,Asian Securities Private Ltd.,Midas Stock Broking Company Private Limited,220,630.0,138600.0,2025-07-14 12:36:33.320825
2025-07-14,42494,2025071403004989,MPFL,Imperial Securities Company Pvt. Ltd.,Pragyan Securities (PVT) Ltd.,60,627.0,37620.0,2025-07-14 12:46:20.517329
2025-07-14,42493,2025071403004990,MPFL,Premier Securities Company Ltd.,Pragyan Securities (PVT) Ltd.,40,627.0,25080.0,2025-07-14 12:46:20.517603
2025-07-14,42364,2025071403005008,MPFL,Premier Securities Company Ltd.,Naasa Securities Co. Ltd.,22,627.0,13794.0,2025-07-14 12:47:00.150719
2025-07-14,41985,2025071403005080,MPFL,Premier Securities Company Ltd.,Investment Management Nepal Pvt. Ltd.,78,627.0,48906.0,2025-07-14 12:48:49.826901
2025-07-14,41984,2025071403005081,MPFL,Premier Securities Company Ltd.,Investment Management Nepal Pvt. Ltd.,100,627.0,62700.0,2025-07-14 12:48:49.827074
2025-07-14,41983,2025071403005082,MPFL,Sharepro Securities Private Limited,Investment Management Nepal Pvt. Ltd.,312,627.0,195624.0,2025-07-14 12:48:49.827163
2025-07-14,41455,2025071403005168,MPFL,Sharepro Securities Private Limited,Naasa Securities Co. Ltd.,75,627.0,47025.0,2025-07-14 12:51:08.360350
2025-07-14,41398,2025071403005181,MPFL,Sharepro Securities Private Limited,Midas Stock Broking Company Private Limited,10,627.0,6270.0,2025-07-14 12:51:20.636212
2025-07-14,41006,2025071403005241,MPFL,Kumari Securities Private Limited,Naasa Securities Co. Ltd.,5,627.0,3135.0,2025-07-14 12:53:02.419489
2025-07-14,39431,2025071403005448,MPFL,Elite Stock House Limited,Naasa Securities Co. Ltd.,20,625.1,12502.0,2025-07-14 12:58:55.953077
2025-07-14,37189,2025071403005869,MPFL,Opal Securities Investment (PVT) Ltd.,Sundhara Securities Limited,250,627.0,156750.0,2025-07-14 13:09:53.807958
2025-07-14,36559,2025071403005965,MPFL,Opal Securities Investment (PVT) Ltd.,Midas Stock Broking Company Private Limited,100,627.0,62700.0,2025-07-14 13:12:44.746234
2025-07-14,36289,2025071403006002,MPFL,Imperial Securities Company Pvt. Ltd.,Cristal Kanchanjanga Securites Pvt. Ltd.,20,628.0,12560.0,2025-07-14 13:14:05.757856
2025-07-14,35679,2025071403006124,MPFL,Imperial Securities Company Pvt. Ltd.,Naasa Securities Co. Ltd.,20,628.0,12560.0,2025-07-14 13:17:05.693715
2025-07-14,35104,2025071403006231,MPFL,Online Securities Pvt. Ltd.,Dynamic Money Managers Securities Pvt. Ltd.,100,628.0,62800.0,2025-07-14 13:19:28.041087
2025-07-14,34412,2025071403006404,MPFL,J.F. Securites (PVT) Ltd.,Dynamic Money Managers Securities Pvt. Ltd.,100,629.0,62900.0,2025-07-14 13:22:12.484335
2025-07-14,34411,2025071403006405,MPFL,J.F. Securites (PVT) Ltd.,Naasa Securities Co. Ltd.,50,630.0,31500.0,2025-07-14 13:22:12.484658
2025-07-14,34410,2025071403006406,MPFL,J.F. Securites (PVT) Ltd.,Dipshikha Dhitopatra Karobar Co. Pvt Ltd.,20,630.0,12600.0,2025-07-14 13:22:12.484902
2025-07-14,34409,2025071403006407,MPFL,J.F. Securites (PVT) Ltd.,Naasa Securities Co. Ltd.,200,630.0,126000.0,2025-07-14 13:22:12.485170
2025-07-14,34408,2025071403006408,MPFL,J.F. Securites (PVT) Ltd.,Dipshikha Dhitopatra Karobar Co. Pvt Ltd.,500,630.0,315000.0,2025-07-14 13:22:12.485419
2025-07-14,34407,2025071403006409,MPFL,J.F. Securites (PVT) Ltd.,Dipshikha Dhitopatra Karobar Co. Pvt Ltd.,130,630.0,81900.0,2025-07-14 13:22:12.485649
2025-07-14,34393,2025071403006411,MPFL,ABC Securities Private Limited,Dipshikha Dhitopatra Karobar Co. Pvt Ltd.,70,630.0,44100.0,2025-07-14 13:22:14.900705
2025-07-14,34392,2025071403006412,MPFL,ABC Securities Private Limited,Online Securities Pvt. Ltd.,200,630.0,126000.0,2025-07-14 13:22:14.900748
2025-07-14,34391,2025071403006413,MPFL,ABC Securities Private Limited,Linch Stock Market Ltd.,100,631.0,63100.0,2025-07-14 13:22:14.900774
2025-07-14,34390,2025071403006414,MPFL,ABC Securities Private Limited,Nepal Stock House (PVT) Ltd.,122,631.8,77079.6,2025-07-14 13:22:14.900802
2025-07-14,34149,2025071403006461,MPFL,Elite Stock House Limited,Trademow Securities Private Limited,480,630.0,302400.0,2025-07-14 13:23:15.086654
2025-07-14,31423,2025071403007002,MPFL,Vision Securities Pvt. Ltd,Dipshikha Dhitopatra Karobar Co. Pvt Ltd.,50,627.2,31360.0,2025-07-14 13:34:04.902892
2025-07-14,31422,2025071403007003,MPFL,Premier Securities Company Ltd.,Dipshikha Dhitopatra Karobar Co. Pvt Ltd.,50,627.2,31360.0,2025-07-14 13:34:04.903212
2025-07-14,30456,2025071403007230,MPFL,Opal Securities Investment (PVT) Ltd.,Investment Management Nepal Pvt. Ltd.,100,629.9,62990.0,2025-07-14 13:37:34.706464
2025-07-14,30213,2025071403007285,MPFL,Opal Securities Investment (PVT) Ltd.,Sewa Securities Pvt. Ltd.,20,630.0,12600.0,2025-07-14 13:38:27.658871
2025-07-14,30190,2025071403007287,MPFL,Opal Securities Investment (PVT) Ltd.,Imperial Securities Company Pvt. Ltd.,200,630.0,126000.0,2025-07-14 13:38:31.443969
2025-07-14,29833,2025071403007368,MPFL,Opal Securities Investment (PVT) Ltd.,Naasa Securities Co. Ltd.,50,630.0,31500.0,2025-07-14 13:39:48.627426
2025-07-14,29086,2025071403007500,MPFL,Naasa Securities Co. Ltd.,Midas Stock Broking Company Private Limited,200,630.1,126020.0,2025-07-14 13:42:52.623795
2025-07-14,29085,2025071403007501,MPFL,Opal Securities Investment (PVT) Ltd.,Midas Stock Broking Company Private Limited,424,630.0,267120.0,2025-07-14 13:42:52.623952
2025-07-14,28912,2025071403007517,MPFL,Opal Securities Investment (PVT) Ltd.,Trisul Securities & Invt. Ltd.,400,630.0,252000.0,2025-07-14 13:43:31.880170
2025-07-14,28810,2025071403007529,MPFL,Opal Securities Investment (PVT) Ltd.,Online Securities Pvt. Ltd.,52,630.0,32760.0,2025-07-14 13:44:04.214264
2025-07-14,28577,2025071403007588,MPFL,Online Securities Pvt. Ltd.,Sewa Securities Pvt. Ltd.,10,631.4,6314.0,2025-07-14 13:45:01.734614
2025-07-14,28576,2025071403007589,MPFL,Online Securities Pvt. Ltd.,Sewa Securities Pvt. Ltd.,10,631.5,6315.0,2025-07-14 13:45:01.734786
2025-07-14,28575,2025071403007590,MPFL,Online Securities Pvt. Ltd.,Sani Securities Company Ltd.,100,631.6,63160.0,2025-07-14 13:45:01.734849
2025-07-14,28574,2025071403007591,MPFL,Online Securities Pvt. Ltd.,Nepal Stock House (PVT) Ltd.,100,631.6,63160.0,2025-07-14 13:45:01.734904
2025-07-14,28573,2025071403007592,MPFL,Online Securities Pvt. Ltd.,Capital Max Securities Ltd,280,631.9,176932.0,2025-07-14 13:45:01.734965
2025-07-14,28373,2025071403007662,MPFL,Opal Securities Investment (PVT) Ltd.,Investment Management Nepal Pvt. Ltd.,100,630.0,63000.0,2025-07-14 13:45:51.076307
2025-07-14,27281,2025071403007876,MPFL,Naasa Securities Co. Ltd.,Online Securities Pvt. Ltd.,157,630.1,98925.7,2025-07-14 13:51:15.152234
2025-07-14,27280,2025071403007877,MPFL,Imperial Securities Company Pvt. Ltd.,Online Securities Pvt. Ltd.,117,630.1,73721.7,2025-07-14 13:51:15.152408
2025-07-14,27279,2025071403007878,MPFL,Opal Securities Investment (PVT) Ltd.,Online Securities Pvt. Ltd.,226,630.0,142380.0,2025-07-14 13:51:15.152467
2025-07-14,27217,2025071403007888,MPFL,Opal Securities Investment (PVT) Ltd.,Trisul Securities & Invt. Ltd.,330,630.0,207900.0,2025-07-14 13:51:37.473426
2025-07-14,27208,2025071403007890,MPFL,Opal Securities Investment (PVT) Ltd.,Market Securities & Exchange (PVT) Ltd.,1198,630.0,754740.0,2025-07-14 13:51:42.192839
2025-07-14,26813,2025071403007974,MPFL,Naasa Securities Co. Ltd.,Capital Max Securities Ltd,19,630.5,11979.5,2025-07-14 13:53:16.109535
2025-07-14,24686,2025071403008373,MPFL,Naasa Securities Co. Ltd.,Aryatara Investment & Securities,16,627.8,10044.8,2025-07-14 14:02:14.220694
2025-07-14,24622,2025071403008387,MPFL,Naasa Securities Co. Ltd.,Aryatara Investment & Securities,14,627.7,8787.8,2025-07-14 14:02:35.438963
2025-07-14,21193,2025071403009032,MPFL,Market Securities & Exchange (PVT) Ltd.,Online Securities Pvt. Ltd.,100,628.0,62800.0,2025-07-14 14:16:20.833640
2025-07-14,20417,2025071403009186,MPFL,Naasa Securities Co. Ltd.,Sani Securities Company Ltd.,20,627.7,12554.0,2025-07-14 14:19:30.213380
2025-07-14,19768,2025071403009320,MPFL,Naasa Securities Co. Ltd.,Naasa Securities Co. Ltd.,30,627.7,18831.0,2025-07-14 14:21:32.057717
2025-07-14,19723,2025071403009334,MPFL,Naasa Securities Co. Ltd.,Dipshikha Dhitopatra Karobar Co. Pvt Ltd.,10,627.7,6277.0,2025-07-14 14:21:37.809651
2025-07-14,17790,2025071403009720,MPFL,ABC Securities Private Limited,Aryatara Investment & Securities,100,627.8,62780.0,2025-07-14 14:27:30.664075
2025-07-14,17227,2025071403009820,MPFL,Naasa Securities Co. Ltd.,Aryatara Investment & Securities,45,627.7,28246.5,2025-07-14 14:29:02.716509
2025-07-14,16728,2025071403009901,MPFL,Premier Securities Company Ltd.,Nabil Stock Dealer Ltd.,500,627.6,313800.0,2025-07-14 14:30:42.419557
2025-07-14,16727,2025071403009902,MPFL,Premier Securities Company Ltd.,Nabil Stock Dealer Ltd.,500,627.6,313800.0,2025-07-14 14:30:42.419977
2025-07-14,16455,2025071403009938,MPFL,Market Securities & Exchange (PVT) Ltd.,Aryatara Investment & Securities,100,627.5,62750.0,2025-07-14 14:31:30.697728
2025-07-14,16454,2025071403009939,MPFL,Premier Securities Company Ltd.,Aryatara Investment & Securities,20,627.4,12548.0,2025-07-14 14:31:30.697894
2025-07-14,16290,2025071403009965,MPFL,Premier Securities Company Ltd.,Nabil Stock Dealer Ltd.,154,627.4,96619.6,2025-07-14 14:31:49.631560
2025-07-14,15560,2025071403010114,MPFL,Premier Securities Company Ltd.,Asian Securities Private Ltd.,100,627.4,62740.0,2025-07-14 14:33:49.272444
2025-07-14,14525,2025071403010299,MPFL,Premier Securities Company Ltd.,Trisul Securities & Invt. Ltd.,88,627.4,55211.2,2025-07-14 14:35:52.386819
2025-07-14,13677,2025071403010497,MPFL,Premier Securities Company Ltd.,Midas Stock Broking Company Private Limited,88,627.4,55211.2,2025-07-14 14:38:00.967863
2025-07-14,13676,2025071403010498,MPFL,Bhrikuti Stock Broking Co. Pvt. Ltd.,Midas Stock Broking Company Private Limited,22,627.3,13800.6,2025-07-14 14:38:00.968186
2025-07-14,13261,2025071403010571,MPFL,Bhrikuti Stock Broking Co. Pvt. Ltd.,Dipshikha Dhitopatra Karobar Co. Pvt Ltd.,240,627.3,150552.0,2025-07-14 14:39:14.026422
2025-07-14,12261,2025071403010808,MPFL,Citizens Share Broker Limited,Online Securities Pvt. Ltd.,50,628.0,31400.0,2025-07-14 14:41:35.911713
2025-07-14,11199,2025071403010978,MPFL,Oxford Securities Pvt. Ltd.,Vision Securities Pvt. Ltd,80,628.9,50312.0,2025-07-14 14:44:00.154905
2025-07-14,10075,2025071403011239,MPFL,Bhrikuti Stock Broking Co. Pvt. Ltd.,Malla & Malla Stock Broking Company Pvt. Limited,238,627.1,149249.8,2025-07-14 14:46:09.858484
2025-07-14,10074,2025071403011240,MPFL,Opal Securities Investment (PVT) Ltd.,Malla & Malla Stock Broking Company Pvt. Limited,762,627.0,477774.0,2025-07-14 14:46:09.858669
2025-07-14,9870,2025071403011272,MPFL,Opal Securities Investment (PVT) Ltd.,Online Securities Pvt. Ltd.,200,627.0,125400.0,2025-07-14 14:46:37.953771
2025-07-14,9059,2025071403011396,MPFL,Cristal Kanchanjanga Securites Pvt. Ltd.,Pragyan Securities (PVT) Ltd.,150,627.1,94065.0,2025-07-14 14:48:27.852203
2025-07-14,8756,2025071403011458,MPFL,Cristal Kanchanjanga Securites Pvt. Ltd.,Agrawal Securities (PVT) Ltd.,200,627.1,125420.0,2025-07-14 14:49:04.863607
2025-07-14,8270,2025071403011602,MPFL,Opal Securities Investment (PVT) Ltd.,Vision Securities Pvt. Ltd,120,628.7,75444.0,2025-07-14 14:50:08.722168
2025-07-14,8269,2025071403011603,MPFL,Opal Securities Investment (PVT) Ltd.,Dynamic Money Managers Securities Pvt. Ltd.,1000,628.8,628800.0,2025-07-14 14:50:08.722457
2025-07-14,8268,2025071403011604,MPFL,Opal Securities Investment (PVT) Ltd.,Capital Max Securities Ltd,61,629.0,38369.0,2025-07-14 14:50:08.722641
2025-07-14,8267,2025071403011605,MPFL,Opal Securities Investment (PVT) Ltd.,Online Securities Pvt. Ltd.,15,629.0,9435.0,2025-07-14 14:50:08.722818
2025-07-14,8266,2025071403011606,MPFL,Opal Securities Investment (PVT) Ltd.,Creative Securities Pvt Ltd,100,629.8,62980.0,2025-07-14 14:50:08.723021
2025-07-14,8265,2025071403011607,MPFL,Opal Securities Investment (PVT) Ltd.,Naasa Securities Co. Ltd.,300,629.9,188970.0,2025-07-14 14:50:08.723221
2025-07-14,8264,2025071403011608,MPFL,Opal Securities Investment (PVT) Ltd.,Dipshikha Dhitopatra Karobar Co. Pvt Ltd.,30,630.0,18900.0,2025-07-14 14:50:08.723390
2025-07-14,8263,2025071403011609,MPFL,Opal Securities Investment (PVT) Ltd.,Nagarik Stock Dealer ,500,630.0,315000.0,2025-07-14 14:50:08.723560
2025-07-14,8262,2025071403011610,MPFL,Opal Securities Investment (PVT) Ltd.,Sumeru Securities Pvt. Ltd.,103,630.0,64890.0,2025-07-14 14:50:08.723729
2025-07-14,8261,2025071403011611,MPFL,Opal Securities Investment (PVT) Ltd.,Agrawal Securities (PVT) Ltd.,50,630.0,31500.0,2025-07-14 14:50:08.723897
2025-07-14,7957,2025071403011681,MPFL,Opal Securities Investment (PVT) Ltd.,Vision Securities Pvt. Ltd,500,630.0,315000.0,2025-07-14 14:50:47.275856
2025-07-14,7920,2025071403011695,MPFL,Opal Securities Investment (PVT) Ltd.,Online Securities Pvt. Ltd.,100,630.0,63000.0,2025-07-14 14:50:53.992136
2025-07-14,7811,2025071403011714,MPFL,Opal Securities Investment (PVT) Ltd.,Aryatara Investment & Securities,181,630.0,114030.0,2025-07-14 14:51:06.187965
2025-07-14,6523,2025071403011902,MPFL,South Asian Bulls Pvt. Ltd.,Siprabi Securities Pvt. Ltd.,50,629.0,31450.0,2025-07-14 14:53:10.318707
2025-07-14,6522,2025071403011903,MPFL,Sri Hari Securities Pvt. Ltd.,Siprabi Securities Pvt. Ltd.,200,629.0,125800.0,2025-07-14 14:53:10.318854
2025-07-14,6521,2025071403011904,MPFL,Dynamic Money Managers Securities Pvt. Ltd.,Siprabi Securities Pvt. Ltd.,380,628.8,238944.0,2025-07-14 14:53:10.318914
2025-07-14,5978,2025071403012066,MPFL,Dynamic Money Managers Securities Pvt. Ltd.,Siprabi Securities Pvt. Ltd.,20,628.8,12576.0,2025-07-14 14:54:00.843830
2025-07-14,5915,2025071403012074,MPFL,Aryatara Investment & Securities,Market Securities & Exchange (PVT) Ltd.,72,630.0,45360.0,2025-07-14 14:54:07.146786
2025-07-14,4640,2025071403012296,MPFL,Cristal Kanchanjanga Securites Pvt. Ltd.,Aryatara Investment & Securities,119,629.0,74851.0,2025-07-14 14:55:59.710362
2025-07-14,4549,2025071403012309,MPFL,Cristal Kanchanjanga Securites Pvt. Ltd.,Linch Stock Market Ltd.,10,629.0,6290.0,2025-07-14 14:56:07.874636
2025-07-14,4178,2025071403012364,MPFL,Cristal Kanchanjanga Securites Pvt. Ltd.,Naasa Securities Co. Ltd.,21,629.0,13209.0,2025-07-14 14:56:36.797275
2025-07-14,4166,2025071403012367,MPFL,Nepal Investment And Securities Trading Private Limited,Naasa Securities Co. Ltd.,300,629.0,188700.0,2025-07-14 14:56:39.300209
2025-07-14,3551,2025071403012464,MPFL,NIMB Stock Markets Limited,Pragyan Securities (PVT) Ltd.,50,628.0,31400.0,2025-07-14 14:57:24.808963
2025-07-14,3527,2025071403012471,MPFL,Sri Hari Securities Pvt. Ltd.,Market Securities & Exchange (PVT) Ltd.,300,627.3,188190.0,2025-07-14 14:57:27.954968
2025-07-14,3401,2025071403012493,MPFL,Sri Hari Securities Pvt. Ltd.,Market Securities & Exchange (PVT) Ltd.,200,627.3,125460.0,2025-07-14 14:57:37.019172
2025-07-14,2083,2025071403012791,MPFL,Cristal Kanchanjanga Securites Pvt. Ltd.,Naasa Securities Co. Ltd.,50,627.1,31355.0,2025-07-14 14:58:48.190179
2025-07-14,1311,2025071403012921,MPFL,Sani Securities Company Ltd.,Midas Stock Broking Company Private Limited,185,628.0,116180.0,2025-07-14 14:59:21.184272
2025-07-14,1070,2025071403012970,MPFL,Sani Securities Company Ltd.,Dakshinkali Investment & Securities Pvt. Ltd.,160,628.0,100480.0,2025-07-14 14:59:28.974681
2025-07-14,1069,2025071403012971,MPFL,Dynamic Money Managers Securities Pvt. Ltd.,Dakshinkali Investment & Securities Pvt. Ltd.,340,627.0,213180.0,2025-07-14 14:59:28.974823
