Date,S.N.,contract_id,symbol,buyer_broker,seller_broker,volume,price,amount,transaction_time
2025-07-14,71249,2025071401000615,PCBL,Imperial Securities Company Pvt. Ltd.,K.B.L. Securities Limited ,45,270.1,12154.5,2025-07-14 11:04:28.902135
2025-07-14,71248,2025071401000616,PCBL,Asian Securities Private Ltd.,K.B.L. Securities Limited ,23,270.0,6210.0,2025-07-14 11:04:28.902301
2025-07-14,71045,2025071401000715,PCBL,Asian Securities Private Ltd.,Naasa Securities Co. Ltd.,246,270.0,66420.0,2025-07-14 11:05:05.423215
2025-07-14,70750,2025071401000839,PCBL,Online Securities Pvt. Ltd.,Naasa Securities Co. Ltd.,100,270.1,27010.0,2025-07-14 11:05:46.984000
2025-07-14,70749,2025071401000840,PCBL,Asian Securities Private Ltd.,Naasa Securities Co. Ltd.,231,270.0,62370.0,2025-07-14 11:05:46.984111
2025-07-14,70748,2025071401000841,PCBL,ABC Securities Private Limited,Naasa Securities Co. Ltd.,399,270.0,107730.0,2025-07-14 11:05:46.984181
2025-07-14,70617,2025071401000896,PCBL,Secured Securities Ltd.,Nepal Stock House (PVT) Ltd.,50,274.9,13745.0,2025-07-14 11:06:13.668608
2025-07-14,69097,2025071401001665,PCBL,Opal Securities Investment (PVT) Ltd.,Imperial Securities Company Pvt. Ltd.,150,272.9,40935.0,2025-07-14 11:11:34.727571
2025-07-14,69043,2025071401001692,PCBL,Opal Securities Investment (PVT) Ltd.,Imperial Securities Company Pvt. Ltd.,650,272.9,177385.0,2025-07-14 11:11:45.767399
2025-07-14,69042,2025071401001693,PCBL,Opal Securities Investment (PVT) Ltd.,Opal Securities Investment (PVT) Ltd.,155,273.0,42315.0,2025-07-14 11:11:45.767572
2025-07-14,69041,2025071401001694,PCBL,Opal Securities Investment (PVT) Ltd.,Dakshinkali Investment & Securities Pvt. Ltd.,50,273.5,13675.0,2025-07-14 11:11:45.767631
2025-07-14,69040,2025071401001695,PCBL,Opal Securities Investment (PVT) Ltd.,Kalika Securities Pvt. Ltd.,145,273.5,39657.5,2025-07-14 11:11:45.767701
2025-07-14,68736,2025071401001854,PCBL,Deevyaa Securities & Stock House Pvt. Ltd,Online Securities Pvt. Ltd.,225,273.4,61515.0,2025-07-14 11:12:45.247263
2025-07-14,68403,2025071401001989,PCBL,Opal Securities Investment (PVT) Ltd.,Opal Securities Investment (PVT) Ltd.,150,271.0,40650.0,2025-07-14 11:13:43.364576
2025-07-14,68021,2025071401002181,PCBL,Trisul Securities & Invt. Ltd.,Online Securities Pvt. Ltd.,175,270.5,47337.5,2025-07-14 11:14:52.570376
2025-07-14,67685,2025071401002350,PCBL,Imperial Securities Company Pvt. Ltd.,Nepal Stock House (PVT) Ltd.,500,271.0,135500.0,2025-07-14 11:15:58.848828
2025-07-14,67684,2025071401002351,PCBL,Miyo Securities Pvt Ltd,Nepal Stock House (PVT) Ltd.,20,270.6,5412.0,2025-07-14 11:15:58.848953
2025-07-14,67683,2025071401002352,PCBL,Trisul Securities & Invt. Ltd.,Nepal Stock House (PVT) Ltd.,325,270.5,87912.5,2025-07-14 11:15:58.849010
2025-07-14,67682,2025071401002353,PCBL,Premier Securities Company Ltd.,Nepal Stock House (PVT) Ltd.,200,270.5,54100.0,2025-07-14 11:15:58.849083
2025-07-14,67475,2025071401002422,PCBL,Siprabi Securities Pvt. Ltd.,Nepal Stock House (PVT) Ltd.,20,270.4,5408.0,2025-07-14 11:16:40.533727
2025-07-14,67460,2025071401002424,PCBL,Capital Max Securities Ltd,Nepal Stock House (PVT) Ltd.,36,270.5,9738.0,2025-07-14 11:16:42.238841
2025-07-14,67339,2025071401002474,PCBL,Agrawal Securities (PVT) Ltd.,Naasa Securities Co. Ltd.,100,270.6,27060.0,2025-07-14 11:17:09.600653
2025-07-14,66841,2025071401002700,PCBL,South Asian Bulls Pvt. Ltd.,Kumari Securities Private Limited,100,273.3,27330.0,2025-07-14 11:18:57.456332
2025-07-14,66840,2025071401002701,PCBL,South Asian Bulls Pvt. Ltd.,South Asian Bulls Pvt. Ltd.,40,273.4,10936.0,2025-07-14 11:18:57.456524
2025-07-14,66839,2025071401002702,PCBL,South Asian Bulls Pvt. Ltd.,Kalika Securities Pvt. Ltd.,275,273.5,75212.5,2025-07-14 11:18:57.456586
2025-07-14,66838,2025071401002703,PCBL,South Asian Bulls Pvt. Ltd.,Imperial Securities Company Pvt. Ltd.,50,273.5,13675.0,2025-07-14 11:18:57.456641
2025-07-14,66837,2025071401002704,PCBL,South Asian Bulls Pvt. Ltd.,Opal Securities Investment (PVT) Ltd.,135,273.7,36949.5,2025-07-14 11:18:57.456696
2025-07-14,66836,2025071401002705,PCBL,South Asian Bulls Pvt. Ltd.,Trishakti Securities Public Limited,100,273.9,27390.0,2025-07-14 11:18:57.456753
2025-07-14,66835,2025071401002706,PCBL,South Asian Bulls Pvt. Ltd.,Imperial Securities Company Pvt. Ltd.,1000,273.9,273900.0,2025-07-14 11:18:57.456811
2025-07-14,66716,2025071401002763,PCBL,South Asian Bulls Pvt. Ltd.,Sharepro Securities Private Limited,300,273.9,82170.0,2025-07-14 11:19:28.315576
2025-07-14,66643,2025071401002805,PCBL,Agrawal Securities (PVT) Ltd.,Premier Securities Company Ltd.,48,271.0,13008.0,2025-07-14 11:19:42.199823
2025-07-14,66532,2025071401002857,PCBL,Agrawal Securities (PVT) Ltd.,Aryatara Investment & Securities,11,271.0,2981.0,2025-07-14 11:20:02.179395
2025-07-14,66371,2025071401002934,PCBL,Agrawal Securities (PVT) Ltd.,Siprabi Securities Pvt. Ltd.,10,271.0,2710.0,2025-07-14 11:20:31.798245
2025-07-14,66279,2025071401002973,PCBL,Siprabi Securities Pvt. Ltd.,Naasa Securities Co. Ltd.,22,272.0,5984.0,2025-07-14 11:20:48.956242
2025-07-14,66278,2025071401002974,PCBL,Siprabi Securities Pvt. Ltd.,Kumari Securities Private Limited,10,273.9,2739.0,2025-07-14 11:20:48.956398
2025-07-14,65406,2025071401003348,PCBL,South Asian Bulls Pvt. Ltd.,Vision Securities Pvt. Ltd,500,272.0,136000.0,2025-07-14 11:23:30.473664
2025-07-14,65258,2025071401003434,PCBL,Imperial Securities Company Pvt. Ltd.,Swarna Laxmi Securities Pvt. Ltd.,200,271.5,54300.0,2025-07-14 11:23:58.953737
2025-07-14,65154,2025071401003473,PCBL,Malla & Malla Stock Broking Company Pvt. Limited,Swarna Laxmi Securities Pvt. Ltd.,20,271.4,5428.0,2025-07-14 11:24:24.160042
2025-07-14,65153,2025071401003474,PCBL,Naasa Securities Co. Ltd.,Swarna Laxmi Securities Pvt. Ltd.,14,271.4,3799.6,2025-07-14 11:24:24.160180
2025-07-14,64982,2025071401003542,PCBL,Imperial Securities Company Pvt. Ltd.,Swarna Laxmi Securities Pvt. Ltd.,16,271.4,4342.4,2025-07-14 11:24:54.650490
2025-07-14,64475,2025071401003779,PCBL,Imperial Securities Company Pvt. Ltd.,Kumari Securities Private Limited,18,271.4,4885.2,2025-07-14 11:26:19.343750
2025-07-14,64474,2025071401003780,PCBL,South Asian Bulls Pvt. Ltd.,Kumari Securities Private Limited,282,271.3,76506.6,2025-07-14 11:26:19.343885
2025-07-14,63650,2025071401004205,PCBL,Neev Securities Pvt. Ltd.,ABC Securities Private Limited,50,272.0,13600.0,2025-07-14 11:28:56.791858
2025-07-14,63417,2025071401004335,PCBL,Neev Securities Pvt. Ltd.,Kumari Securities Private Limited,150,272.0,40800.0,2025-07-14 11:29:21.677123
2025-07-14,63207,2025071401004425,PCBL,Opal Securities Investment (PVT) Ltd.,Magnet Securities and Investment Company Private Limited,200,271.5,54300.0,2025-07-14 11:29:59.091689
2025-07-14,63206,2025071401004426,PCBL,South Asian Bulls Pvt. Ltd.,Magnet Securities and Investment Company Private Limited,800,271.5,217200.0,2025-07-14 11:29:59.091983
2025-07-14,63180,2025071401004435,PCBL,South Asian Bulls Pvt. Ltd.,Sri Hari Securities Pvt. Ltd.,30,271.5,8145.0,2025-07-14 11:30:04.999696
2025-07-14,63163,2025071401004440,PCBL,South Asian Bulls Pvt. Ltd.,Imperial Securities Company Pvt. Ltd.,100,271.5,27150.0,2025-07-14 11:30:05.715070
2025-07-14,62881,2025071401004545,PCBL,South Asian Bulls Pvt. Ltd.,Kumari Securities Private Limited,140,271.5,38010.0,2025-07-14 11:30:53.675486
2025-07-14,62665,2025071401004628,PCBL,South Asian Bulls Pvt. Ltd.,Primo Securities (PVT) Ltd.,400,271.5,108600.0,2025-07-14 11:31:26.394894
2025-07-14,62454,2025071401004707,PCBL,South Asian Bulls Pvt. Ltd.,Miyo Securities Pvt Ltd,248,271.5,67332.0,2025-07-14 11:32:10.289544
2025-07-14,62453,2025071401004708,PCBL,South Asian Bulls Pvt. Ltd.,Miyo Securities Pvt Ltd,10,271.3,2713.0,2025-07-14 11:32:10.289585
2025-07-14,62452,2025071401004709,PCBL,South Asian Bulls Pvt. Ltd.,Miyo Securities Pvt Ltd,20,271.3,5426.0,2025-07-14 11:32:10.289614
2025-07-14,62451,2025071401004710,PCBL,South Asian Bulls Pvt. Ltd.,Miyo Securities Pvt Ltd,1000,271.3,271300.0,2025-07-14 11:32:10.289638
2025-07-14,62450,2025071401004711,PCBL,Malla & Malla Stock Broking Company Pvt. Limited,Miyo Securities Pvt Ltd,10,271.2,2712.0,2025-07-14 11:32:10.289662
2025-07-14,62449,2025071401004712,PCBL,Capital Max Securities Ltd,Miyo Securities Pvt Ltd,1964,271.2,532636.8,2025-07-14 11:32:10.289695
2025-07-14,62448,2025071401004713,PCBL,Capital Max Securities Ltd,Miyo Securities Pvt Ltd,5000,271.1,1355500.0,2025-07-14 11:32:10.289729
2025-07-14,62447,2025071401004714,PCBL,Malla & Malla Stock Broking Company Pvt. Limited,Miyo Securities Pvt Ltd,10,271.1,2711.0,2025-07-14 11:32:10.289754
2025-07-14,62446,2025071401004715,PCBL,Capital Max Securities Ltd,Miyo Securities Pvt Ltd,1800,271.1,487980.0,2025-07-14 11:32:10.289779
2025-07-14,62445,2025071401004716,PCBL,Miyo Securities Pvt Ltd,Miyo Securities Pvt Ltd,30,270.7,8121.0,2025-07-14 11:32:10.289803
2025-07-14,62444,2025071401004717,PCBL,Capital Max Securities Ltd,Miyo Securities Pvt Ltd,8908,270.7,2411395.6,2025-07-14 11:32:10.289840
2025-07-14,61466,2025071401005124,PCBL,Opal Securities Investment (PVT) Ltd.,Aryatara Investment & Securities,200,270.8,54160.0,2025-07-14 11:34:46.684786
2025-07-14,61465,2025071401005125,PCBL,Capital Max Securities Ltd,Aryatara Investment & Securities,500,270.7,135350.0,2025-07-14 11:34:46.684925
2025-07-14,61276,2025071401005189,PCBL,Capital Max Securities Ltd,Naasa Securities Co. Ltd.,50,270.7,13535.0,2025-07-14 11:35:28.482464
2025-07-14,61257,2025071401005197,PCBL,ABC Securities Private Limited,Dipshikha Dhitopatra Karobar Co. Pvt Ltd.,100,270.8,27080.0,2025-07-14 11:35:31.851775
2025-07-14,61087,2025071401005258,PCBL,Sri Hari Securities Pvt. Ltd.,Pragyan Securities (PVT) Ltd.,11,271.0,2981.0,2025-07-14 11:36:02.700598
2025-07-14,61050,2025071401005271,PCBL,Sri Hari Securities Pvt. Ltd.,Sani Securities Company Ltd.,489,271.0,132519.0,2025-07-14 11:36:10.737278
2025-07-14,61007,2025071401005288,PCBL,ABC Securities Private Limited,Naasa Securities Co. Ltd.,501,270.8,135670.8,2025-07-14 11:36:19.837006
2025-07-14,61006,2025071401005289,PCBL,South Asian Bulls Pvt. Ltd.,Naasa Securities Co. Ltd.,499,270.8,135129.2,2025-07-14 11:36:19.837140
2025-07-14,60962,2025071401005309,PCBL,South Asian Bulls Pvt. Ltd.,Ashutosh Brokerage & Securities (PVT) Ltd.,1000,270.8,270800.0,2025-07-14 11:36:30.409780
2025-07-14,60866,2025071401005353,PCBL,South Asian Bulls Pvt. Ltd.,Kumari Securities Private Limited,500,270.8,135400.0,2025-07-14 11:36:45.180725
2025-07-14,60680,2025071401005422,PCBL,Capital Max Securities Ltd,Kohinoor Investment & Securities Pvt. Ltd.,542,270.7,146719.4,2025-07-14 11:37:18.207614
2025-07-14,60679,2025071401005423,PCBL,Capital Max Securities Ltd,Kohinoor Investment & Securities Pvt. Ltd.,9458,270.7,2560280.6,2025-07-14 11:37:18.207805
2025-07-14,60575,2025071401005461,PCBL,Capital Max Securities Ltd,Sani Securities Company Ltd.,511,270.7,138327.7,2025-07-14 11:37:34.904754
2025-07-14,60564,2025071401005465,PCBL,Capital Max Securities Ltd,South Asian Bulls Pvt. Ltd.,31,270.7,8391.7,2025-07-14 11:37:36.170429
2025-07-14,60395,2025071401005520,PCBL,Siprabi Securities Pvt. Ltd.,Deevyaa Securities & Stock House Pvt. Ltd,980,270.4,264992.0,2025-07-14 11:38:04.356709
2025-07-14,60394,2025071401005521,PCBL,Sumeru Securities Pvt. Ltd.,Deevyaa Securities & Stock House Pvt. Ltd,20,270.4,5408.0,2025-07-14 11:38:04.356981
2025-07-14,60308,2025071401005549,PCBL,Sumeru Securities Pvt. Ltd.,Cristal Kanchanjanga Securites Pvt. Ltd.,120,270.4,32448.0,2025-07-14 11:38:18.482354
2025-07-14,60057,2025071401005624,PCBL,Sumeru Securities Pvt. Ltd.,Dipshikha Dhitopatra Karobar Co. Pvt Ltd.,200,270.4,54080.0,2025-07-14 11:39:06.702252
2025-07-14,59918,2025071401005674,PCBL,Sumeru Securities Pvt. Ltd.,Capital Hub P. Ltd,160,270.4,43264.0,2025-07-14 11:39:32.143890
2025-07-14,59917,2025071401005675,PCBL,Kumari Securities Private Limited,Capital Hub P. Ltd,270,270.2,72954.0,2025-07-14 11:39:32.144057
2025-07-14,59916,2025071401005676,PCBL,Sumeru Securities Pvt. Ltd.,Capital Hub P. Ltd,1570,270.1,424057.0,2025-07-14 11:39:32.144119
2025-07-14,59776,2025071401005728,PCBL,Sumeru Securities Pvt. Ltd.,Sweta Securities Private Limited,20,270.1,5402.0,2025-07-14 11:39:58.254418
2025-07-14,59753,2025071401005740,PCBL,Sumeru Securities Pvt. Ltd.,Miyo Securities Pvt Ltd,410,270.1,110741.0,2025-07-14 11:40:01.586652
2025-07-14,59752,2025071401005741,PCBL,ABC Securities Private Limited,Miyo Securities Pvt Ltd,1000,270.1,270100.0,2025-07-14 11:40:01.586697
2025-07-14,59751,2025071401005742,PCBL,Malla & Malla Stock Broking Company Pvt. Limited,Miyo Securities Pvt Ltd,1000,270.0,270000.0,2025-07-14 11:40:01.586731
2025-07-14,59750,2025071401005743,PCBL,Dipshikha Dhitopatra Karobar Co. Pvt Ltd.,Miyo Securities Pvt Ltd,20,270.0,5400.0,2025-07-14 11:40:01.586761
2025-07-14,59749,2025071401005744,PCBL,Deevyaa Securities & Stock House Pvt. Ltd,Miyo Securities Pvt Ltd,30,269.9,8097.0,2025-07-14 11:40:01.586804
2025-07-14,59559,2025071401005812,PCBL,Deevyaa Securities & Stock House Pvt. Ltd,Sundhara Securities Limited,365,269.9,98513.5,2025-07-14 11:40:44.909100
2025-07-14,59472,2025071401005851,PCBL,Deevyaa Securities & Stock House Pvt. Ltd,South Asian Bulls Pvt. Ltd.,69,269.9,18623.1,2025-07-14 11:41:01.751135
2025-07-14,59467,2025071401005856,PCBL,Deevyaa Securities & Stock House Pvt. Ltd,Premier Securities Company Ltd.,500,269.9,134950.0,2025-07-14 11:41:02.570011
2025-07-14,59274,2025071401005930,PCBL,Deevyaa Securities & Stock House Pvt. Ltd,Online Securities Pvt. Ltd.,150,269.9,40485.0,2025-07-14 11:41:35.083819
2025-07-14,59139,2025071401005986,PCBL,Deevyaa Securities & Stock House Pvt. Ltd,Dynamic Money Managers Securities Pvt. Ltd.,500,269.9,134950.0,2025-07-14 11:41:57.511687
2025-07-14,59097,2025071401006009,PCBL,Deevyaa Securities & Stock House Pvt. Ltd,J.F. Securites (PVT) Ltd.,386,269.9,104181.4,2025-07-14 11:42:05.355935
2025-07-14,59094,2025071401006012,PCBL,Sri Hari Securities Pvt. Ltd.,Imperial Securities Company Pvt. Ltd.,360,269.6,97056.0,2025-07-14 11:42:06.154703
2025-07-14,59093,2025071401006013,PCBL,Sri Hari Securities Pvt. Ltd.,Imperial Securities Company Pvt. Ltd.,640,269.6,172544.0,2025-07-14 11:42:06.154863
2025-07-14,59088,2025071401006015,PCBL,Sewa Securities Pvt. Ltd.,J.F. Securites (PVT) Ltd.,14,269.9,3778.6,2025-07-14 11:42:07.778536
2025-07-14,59087,2025071401006016,PCBL,Sewa Securities Pvt. Ltd.,Midas Stock Broking Company Private Limited,236,270.0,63720.0,2025-07-14 11:42:07.778676
2025-07-14,58885,2025071401006100,PCBL,Sri Hari Securities Pvt. Ltd.,MILKY WAY SHARE BROKER COMPANY LTD ,60,269.6,16176.0,2025-07-14 11:42:40.364692
2025-07-14,58884,2025071401006101,PCBL,Cristal Kanchanjanga Securites Pvt. Ltd.,MILKY WAY SHARE BROKER COMPANY LTD ,290,269.6,78184.0,2025-07-14 11:42:40.364948
2025-07-14,58577,2025071401006259,PCBL,Cristal Kanchanjanga Securites Pvt. Ltd.,Dynamic Money Managers Securities Pvt. Ltd.,10,269.6,2696.0,2025-07-14 11:43:25.516369
2025-07-14,58434,2025071401006326,PCBL,Sani Securities Company Ltd.,Oxford Securities Pvt. Ltd.,50,269.1,13455.0,2025-07-14 11:43:51.725181
2025-07-14,58224,2025071401006405,PCBL,Sewa Securities Pvt. Ltd.,Oxford Securities Pvt. Ltd.,50,269.0,13450.0,2025-07-14 11:44:31.703346
2025-07-14,58083,2025071401006446,PCBL,Sani Securities Company Ltd.,Agrawal Securities (PVT) Ltd.,10,268.0,2680.0,2025-07-14 11:44:50.656728
2025-07-14,58052,2025071401006464,PCBL,Sani Securities Company Ltd.,Imperial Securities Company Pvt. Ltd.,90,268.0,24120.0,2025-07-14 11:44:57.861416
2025-07-14,58051,2025071401006465,PCBL,Premier Securities Company Ltd.,Imperial Securities Company Pvt. Ltd.,50,267.1,13355.0,2025-07-14 11:44:57.861496
2025-07-14,58050,2025071401006466,PCBL,Agrawal Securities (PVT) Ltd.,Imperial Securities Company Pvt. Ltd.,1160,267.0,309720.0,2025-07-14 11:44:57.861545
2025-07-14,57976,2025071401006506,PCBL,Agrawal Securities (PVT) Ltd.,Capital Max Securities Ltd,56,267.0,14952.0,2025-07-14 11:45:15.585210
2025-07-14,57975,2025071401006507,PCBL,Deevyaa Securities & Stock House Pvt. Ltd,Capital Max Securities Ltd,500,267.0,133500.0,2025-07-14 11:45:15.585294
2025-07-14,57974,2025071401006508,PCBL,Vision Securities Pvt. Ltd,Capital Max Securities Ltd,3000,267.0,801000.0,2025-07-14 11:45:15.585322
2025-07-14,57973,2025071401006509,PCBL,Investment Management Nepal Pvt. Ltd.,Capital Max Securities Ltd,200,266.0,53200.0,2025-07-14 11:45:15.585348
2025-07-14,57972,2025071401006510,PCBL,Property Wiard Limited,Capital Max Securities Ltd,4500,266.0,1197000.0,2025-07-14 11:45:15.585369
2025-07-14,57971,2025071401006511,PCBL,Neev Securities Pvt. Ltd.,Capital Max Securities Ltd,200,266.0,53200.0,2025-07-14 11:45:15.585395
2025-07-14,57970,2025071401006512,PCBL,Linch Stock Market Ltd.,Capital Max Securities Ltd,200,266.0,53200.0,2025-07-14 11:45:15.585420
2025-07-14,57969,2025071401006513,PCBL,Naasa Securities Co. Ltd.,Capital Max Securities Ltd,344,265.4,91297.6,2025-07-14 11:45:15.585439
2025-07-14,57930,2025071401006533,PCBL,Agrawal Securities (PVT) Ltd.,K.B.L. Securities Limited ,2000,267.1,534200.0,2025-07-14 11:45:23.208755
2025-07-14,57673,2025071401006629,PCBL,Naasa Securities Co. Ltd.,South Asian Bulls Pvt. Ltd.,50,265.4,13270.0,2025-07-14 11:46:11.764552
2025-07-14,57480,2025071401006704,PCBL,Sani Securities Company Ltd.,Citizens Share Broker Limited,10,265.3,2653.0,2025-07-14 11:46:41.766060
2025-07-14,57417,2025071401006728,PCBL,Agrawal Securities (PVT) Ltd.,Shree Krishna Securities Ltd.,160,265.4,42464.0,2025-07-14 11:46:51.971953
2025-07-14,57163,2025071401006835,PCBL,Agrawal Securities (PVT) Ltd.,Sumeru Securities Pvt. Ltd.,800,265.7,212560.0,2025-07-14 11:47:41.267291
2025-07-14,57015,2025071401006890,PCBL,Cristal Kanchanjanga Securites Pvt. Ltd.,Premier Securities Company Ltd.,300,268.0,80400.0,2025-07-14 11:48:07.028393
2025-07-14,56570,2025071401007097,PCBL,Agrawal Securities (PVT) Ltd.,Premier Securities Company Ltd.,100,268.0,26800.0,2025-07-14 11:49:27.834377
2025-07-14,56569,2025071401007098,PCBL,Agrawal Securities (PVT) Ltd.,MILKY WAY SHARE BROKER COMPANY LTD ,150,268.0,40200.0,2025-07-14 11:49:27.834579
2025-07-14,56568,2025071401007099,PCBL,Agrawal Securities (PVT) Ltd.,Vision Securities Pvt. Ltd,1000,268.8,268800.0,2025-07-14 11:49:27.834679
2025-07-14,56567,2025071401007100,PCBL,Agrawal Securities (PVT) Ltd.,Kumari Securities Private Limited,50,268.9,13445.0,2025-07-14 11:49:27.834752
2025-07-14,56554,2025071401007108,PCBL,Online Securities Pvt. Ltd.,Kumari Securities Private Limited,606,266.0,161196.0,2025-07-14 11:49:30.184923
2025-07-14,56064,2025071401007337,PCBL,Agrawal Securities (PVT) Ltd.,Kumari Securities Private Limited,50,268.9,13445.0,2025-07-14 11:51:13.594259
2025-07-14,56063,2025071401007338,PCBL,Agrawal Securities (PVT) Ltd.,Creative Securities Pvt Ltd,950,268.9,255455.0,2025-07-14 11:51:13.594418
2025-07-14,55951,2025071401007391,PCBL,Agrawal Securities (PVT) Ltd.,Linch Stock Market Ltd.,50,266.3,13315.0,2025-07-14 11:51:35.969685
2025-07-14,55419,2025071401007629,PCBL,Agrawal Securities (PVT) Ltd.,Creative Securities Pvt Ltd,990,268.8,266112.0,2025-07-14 11:53:29.439679
2025-07-14,55418,2025071401007630,PCBL,Agrawal Securities (PVT) Ltd.,Creative Securities Pvt Ltd,50,268.9,13445.0,2025-07-14 11:53:29.439838
2025-07-14,55417,2025071401007631,PCBL,Agrawal Securities (PVT) Ltd.,J.F. Securites (PVT) Ltd.,960,268.9,258144.0,2025-07-14 11:53:29.439902
2025-07-14,55088,2025071401007803,PCBL,Kumari Securities Private Limited,J.F. Securites (PVT) Ltd.,40,268.9,10756.0,2025-07-14 11:54:39.789403
2025-07-14,55051,2025071401007817,PCBL,Capital Hub P. Ltd,Oxford Securities Pvt. Ltd.,19,269.0,5111.0,2025-07-14 11:54:46.081673
2025-07-14,55050,2025071401007818,PCBL,Capital Hub P. Ltd,Online Securities Pvt. Ltd.,981,269.0,263889.0,2025-07-14 11:54:46.081853
2025-07-14,54925,2025071401007867,PCBL,Opal Securities Investment (PVT) Ltd.,Online Securities Pvt. Ltd.,200,269.0,53800.0,2025-07-14 11:55:09.714078
2025-07-14,54867,2025071401007898,PCBL,Sani Securities Company Ltd.,Online Securities Pvt. Ltd.,500,269.0,134500.0,2025-07-14 11:55:21.018466
2025-07-14,54683,2025071401007967,PCBL,Vision Securities Pvt. Ltd,Online Securities Pvt. Ltd.,3000,269.0,807000.0,2025-07-14 11:55:45.288411
2025-07-14,54617,2025071401008014,PCBL,Kumari Securities Private Limited,Agrawal Securities (PVT) Ltd.,10,268.9,2689.0,2025-07-14 11:55:55.509676
2025-07-14,54583,2025071401008031,PCBL,Agrawal Securities (PVT) Ltd.,Agrawal Securities (PVT) Ltd.,700,268.0,187600.0,2025-07-14 11:56:03.612522
2025-07-14,54506,2025071401008077,PCBL,Online Securities Pvt. Ltd.,Agrawal Securities (PVT) Ltd.,3293,268.0,882524.0,2025-07-14 11:56:18.060105
2025-07-14,54449,2025071401008104,PCBL,Sharepro Securities Private Limited,Online Securities Pvt. Ltd.,165,269.0,44385.0,2025-07-14 11:56:24.948293
2025-07-14,54448,2025071401008105,PCBL,Sharepro Securities Private Limited,Dynamic Money Managers Securities Pvt. Ltd.,190,269.6,51224.0,2025-07-14 11:56:24.948360
2025-07-14,54447,2025071401008106,PCBL,Sharepro Securities Private Limited,Midas Stock Broking Company Private Limited,64,270.0,17280.0,2025-07-14 11:56:24.948393
2025-07-14,54446,2025071401008107,PCBL,Sharepro Securities Private Limited,Naasa Securities Co. Ltd.,200,270.0,54000.0,2025-07-14 11:56:24.948421
2025-07-14,54445,2025071401008108,PCBL,Sharepro Securities Private Limited,Aryatara Investment & Securities,2674,270.0,721980.0,2025-07-14 11:56:24.948445
2025-07-14,54170,2025071401008228,PCBL,Dakshinkali Investment & Securities Pvt. Ltd.,Creative Securities Pvt Ltd,10,269.9,2699.0,2025-07-14 11:57:07.973361
2025-07-14,54169,2025071401008229,PCBL,Dakshinkali Investment & Securities Pvt. Ltd.,Aryatara Investment & Securities,990,270.0,267300.0,2025-07-14 11:57:07.973555
2025-07-14,54129,2025071401008249,PCBL,Online Securities Pvt. Ltd.,Aryatara Investment & Securities,1336,270.0,360720.0,2025-07-14 11:57:13.850928
2025-07-14,54128,2025071401008250,PCBL,Online Securities Pvt. Ltd.,Premier Securities Company Ltd.,1190,270.0,321300.0,2025-07-14 11:57:13.851256
2025-07-14,54127,2025071401008251,PCBL,Online Securities Pvt. Ltd.,Sri Hari Securities Pvt. Ltd.,577,270.0,155790.0,2025-07-14 11:57:13.851454
2025-07-14,54126,2025071401008252,PCBL,Online Securities Pvt. Ltd.,Linch Stock Market Ltd.,104,270.0,28080.0,2025-07-14 11:57:13.851639
2025-07-14,54125,2025071401008253,PCBL,Online Securities Pvt. Ltd.,Sani Securities Company Ltd.,400,270.0,108000.0,2025-07-14 11:57:13.851847
2025-07-14,54124,2025071401008254,PCBL,Online Securities Pvt. Ltd.,MILKY WAY SHARE BROKER COMPANY LTD ,100,270.0,27000.0,2025-07-14 11:57:13.852052
2025-07-14,53063,2025071401008643,PCBL,Capital Hub P. Ltd,Imperial Securities Company Pvt. Ltd.,20,270.9,5418.0,2025-07-14 12:00:33.134260
2025-07-14,53062,2025071401008644,PCBL,Capital Hub P. Ltd,Naasa Securities Co. Ltd.,100,270.9,27090.0,2025-07-14 12:00:33.134430
2025-07-14,53040,2025071401008654,PCBL,Agrawal Securities (PVT) Ltd.,Magnet Securities and Investment Company Private Limited,570,271.0,154470.0,2025-07-14 12:00:38.728983
2025-07-14,53039,2025071401008655,PCBL,Agrawal Securities (PVT) Ltd.,Naasa Securities Co. Ltd.,430,271.0,116530.0,2025-07-14 12:00:38.729307
2025-07-14,51809,2025071401009156,PCBL,Property Wiard Limited,Ashutosh Brokerage & Securities (PVT) Ltd.,12,270.9,3250.8,2025-07-14 12:05:22.472243
2025-07-14,51797,2025071401009159,PCBL,Dynamic Money Managers Securities Pvt. Ltd.,Naasa Securities Co. Ltd.,200,270.0,54000.0,2025-07-14 12:05:26.396606
2025-07-14,51588,2025071401009252,PCBL,Online Securities Pvt. Ltd.,Online Securities Pvt. Ltd.,1293,269.0,347817.0,2025-07-14 12:06:15.904954
2025-07-14,51536,2025071401009267,PCBL,Online Securities Pvt. Ltd.,Naasa Securities Co. Ltd.,1000,268.0,268000.0,2025-07-14 12:06:23.732430
2025-07-14,51462,2025071401009302,PCBL,Online Securities Pvt. Ltd.,Naasa Securities Co. Ltd.,101,268.0,27068.0,2025-07-14 12:06:38.126209
2025-07-14,51461,2025071401009303,PCBL,J.F. Securites (PVT) Ltd.,Naasa Securities Co. Ltd.,400,268.0,107200.0,2025-07-14 12:06:38.126397
2025-07-14,51460,2025071401009304,PCBL,Agrawal Securities (PVT) Ltd.,Naasa Securities Co. Ltd.,1150,267.3,307395.0,2025-07-14 12:06:38.126476
2025-07-14,51383,2025071401009320,PCBL,Secured Securities Ltd.,Naasa Securities Co. Ltd.,300,267.2,80160.0,2025-07-14 12:06:54.630923
2025-07-14,51369,2025071401009328,PCBL,Secured Securities Ltd.,Trisul Securities & Invt. Ltd.,50,267.2,13360.0,2025-07-14 12:06:57.203386
2025-07-14,51166,2025071401009423,PCBL,Secured Securities Ltd.,Naasa Securities Co. Ltd.,150,267.2,40080.0,2025-07-14 12:07:42.066358
2025-07-14,51165,2025071401009424,PCBL,Deevyaa Securities & Stock House Pvt. Ltd,Naasa Securities Co. Ltd.,20,267.1,5342.0,2025-07-14 12:07:42.066538
2025-07-14,51104,2025071401009444,PCBL,South Asian Bulls Pvt. Ltd.,Online Securities Pvt. Ltd.,50,267.2,13360.0,2025-07-14 12:07:55.616870
2025-07-14,51103,2025071401009445,PCBL,South Asian Bulls Pvt. Ltd.,Naasa Securities Co. Ltd.,299,267.3,79922.7,2025-07-14 12:07:55.617057
2025-07-14,51067,2025071401009455,PCBL,Deevyaa Securities & Stock House Pvt. Ltd,Naasa Securities Co. Ltd.,40,267.1,10684.0,2025-07-14 12:08:11.136586
2025-07-14,50954,2025071401009506,PCBL,Creative Securities Pvt Ltd,Naasa Securities Co. Ltd.,50,267.3,13365.0,2025-07-14 12:08:41.601751
2025-07-14,50926,2025071401009519,PCBL,Creative Securities Pvt Ltd,Nepal Stock House (PVT) Ltd.,400,267.3,106920.0,2025-07-14 12:08:48.762443
2025-07-14,50883,2025071401009541,PCBL,Aryatara Investment & Securities,Pragyan Securities (PVT) Ltd.,72,268.0,19296.0,2025-07-14 12:08:59.084709
2025-07-14,50522,2025071401009691,PCBL,Online Securities Pvt. Ltd.,Online Securities Pvt. Ltd.,408,269.0,109752.0,2025-07-14 12:10:27.148648
2025-07-14,50521,2025071401009692,PCBL,Online Securities Pvt. Ltd.,Nepal Stock House (PVT) Ltd.,92,269.0,24748.0,2025-07-14 12:10:27.148816
2025-07-14,49624,2025071401010046,PCBL,Agrawal Securities (PVT) Ltd.,Kumari Securities Private Limited,500,270.0,135000.0,2025-07-14 12:14:08.376740
2025-07-14,48718,2025071401010420,PCBL,Online Securities Pvt. Ltd.,Secured Securities Ltd.,2000,268.0,536000.0,2025-07-14 12:17:55.055833
2025-07-14,48717,2025071401010421,PCBL,Online Securities Pvt. Ltd.,Secured Securities Ltd.,1000,268.0,268000.0,2025-07-14 12:17:55.055932
2025-07-14,48716,2025071401010422,PCBL,ABC Securities Private Limited,Secured Securities Ltd.,1000,267.7,267700.0,2025-07-14 12:17:55.056154
2025-07-14,47822,2025071401010778,PCBL,Agrawal Securities (PVT) Ltd.,Vision Securities Pvt. Ltd,100,270.0,27000.0,2025-07-14 12:22:04.569583
2025-07-14,47821,2025071401010779,PCBL,Agrawal Securities (PVT) Ltd.,Vision Securities Pvt. Ltd,100,270.0,27000.0,2025-07-14 12:22:04.569811
2025-07-14,47820,2025071401010780,PCBL,Agrawal Securities (PVT) Ltd.,Imperial Securities Company Pvt. Ltd.,1000,270.6,270600.0,2025-07-14 12:22:04.569885
2025-07-14,47819,2025071401010781,PCBL,Agrawal Securities (PVT) Ltd.,Asian Securities Private Ltd.,250,270.6,67650.0,2025-07-14 12:22:04.569955
2025-07-14,47818,2025071401010782,PCBL,Agrawal Securities (PVT) Ltd.,Nepal Stock House (PVT) Ltd.,333,270.8,90176.4,2025-07-14 12:22:04.570032
2025-07-14,47817,2025071401010783,PCBL,Agrawal Securities (PVT) Ltd.,Cristal Kanchanjanga Securites Pvt. Ltd.,217,270.8,58763.6,2025-07-14 12:22:04.570103
2025-07-14,47445,2025071401010898,PCBL,Premier Securities Company Ltd.,K.B.L. Securities Limited ,1000,270.5,270500.0,2025-07-14 12:23:52.287088
2025-07-14,46895,2025071401011035,PCBL,Trisul Securities & Invt. Ltd.,Secured Securities Ltd.,50,270.4,13520.0,2025-07-14 12:25:55.766835
2025-07-14,46760,2025071401011066,PCBL,Asian Securities Private Ltd.,Opal Securities Investment (PVT) Ltd.,1500,270.0,405000.0,2025-07-14 12:26:37.590273
2025-07-14,46732,2025071401011082,PCBL,Capital Max Securities Ltd,Sani Securities Company Ltd.,65,270.0,17550.0,2025-07-14 12:26:43.973351
2025-07-14,46662,2025071401011095,PCBL,Capital Max Securities Ltd,Thrive Brokerage House Pvt. Ltd,90,270.0,24300.0,2025-07-14 12:27:01.039372
2025-07-14,46581,2025071401011123,PCBL,Capital Max Securities Ltd,Midas Stock Broking Company Private Limited,520,270.0,140400.0,2025-07-14 12:27:35.489308
2025-07-14,46103,2025071401011284,PCBL,Capital Max Securities Ltd,Property Wiard Limited,1000,270.0,270000.0,2025-07-14 12:29:49.507276
2025-07-14,46070,2025071401011291,PCBL,Agrawal Securities (PVT) Ltd.,Secured Securities Ltd.,450,270.4,121680.0,2025-07-14 12:29:56.913632
2025-07-14,46069,2025071401011292,PCBL,Agrawal Securities (PVT) Ltd.,Cristal Kanchanjanga Securites Pvt. Ltd.,50,270.8,13540.0,2025-07-14 12:29:56.913845
2025-07-14,45550,2025071401011488,PCBL,Capital Max Securities Ltd,Vision Securities Pvt. Ltd,147,270.1,39704.7,2025-07-14 12:32:44.464278
2025-07-14,45348,2025071401011572,PCBL,Capital Max Securities Ltd,Primo Securities (PVT) Ltd.,100,270.1,27010.0,2025-07-14 12:33:36.775173
2025-07-14,45228,2025071401011639,PCBL,Capital Max Securities Ltd,Miyo Securities Pvt Ltd,253,270.1,68335.3,2025-07-14 12:34:01.694786
2025-07-14,45227,2025071401011640,PCBL,Capital Max Securities Ltd,Miyo Securities Pvt Ltd,325,270.0,87750.0,2025-07-14 12:34:01.694898
2025-07-14,45226,2025071401011641,PCBL,Capital Max Securities Ltd,Miyo Securities Pvt Ltd,2000,270.0,540000.0,2025-07-14 12:34:01.694976
2025-07-14,45225,2025071401011642,PCBL,Malla & Malla Stock Broking Company Pvt. Limited,Miyo Securities Pvt Ltd,50,269.8,13490.0,2025-07-14 12:34:01.695070
2025-07-14,45224,2025071401011643,PCBL,Imperial Securities Company Pvt. Ltd.,Miyo Securities Pvt Ltd,42,268.5,11277.0,2025-07-14 12:34:01.695148
2025-07-14,45146,2025071401011672,PCBL,Trishakti Securities Public Limited,Secured Securities Ltd.,500,270.0,135000.0,2025-07-14 12:34:23.885420
2025-07-14,45145,2025071401011673,PCBL,Trishakti Securities Public Limited,Cristal Kanchanjanga Securites Pvt. Ltd.,233,270.8,63096.4,2025-07-14 12:34:23.885669
2025-07-14,45144,2025071401011674,PCBL,Trishakti Securities Public Limited,Ashutosh Brokerage & Securities (PVT) Ltd.,38,270.9,10294.2,2025-07-14 12:34:23.885756
2025-07-14,45143,2025071401011675,PCBL,Trishakti Securities Public Limited,Naasa Securities Co. Ltd.,70,271.0,18970.0,2025-07-14 12:34:23.885838
2025-07-14,45142,2025071401011676,PCBL,Trishakti Securities Public Limited,Ashutosh Brokerage & Securities (PVT) Ltd.,159,271.0,43089.0,2025-07-14 12:34:23.885950
2025-07-14,44420,2025071401011902,PCBL,Nepal Investment And Securities Trading Private Limited,Sani Securities Company Ltd.,10,270.0,2700.0,2025-07-14 12:37:45.818874
2025-07-14,44419,2025071401011903,PCBL,Nepal Investment And Securities Trading Private Limited,Oxford Securities Pvt. Ltd.,55,270.0,14850.0,2025-07-14 12:37:45.819069
2025-07-14,43673,2025071401012183,PCBL,Premier Securities Company Ltd.,Sani Securities Company Ltd.,120,268.6,32232.0,2025-07-14 12:40:43.542392
2025-07-14,43183,2025071401012338,PCBL,Capital Max Securities Ltd,ABC Securities Private Limited,2000,268.7,537400.0,2025-07-14 12:43:00.904390
2025-07-14,43182,2025071401012339,PCBL,Premier Securities Company Ltd.,ABC Securities Private Limited,880,268.6,236368.0,2025-07-14 12:43:00.904584
2025-07-14,43181,2025071401012340,PCBL,Imperial Securities Company Pvt. Ltd.,ABC Securities Private Limited,158,268.5,42423.0,2025-07-14 12:43:00.904667
2025-07-14,43180,2025071401012341,PCBL,Capital Max Securities Ltd,ABC Securities Private Limited,962,268.5,258297.0,2025-07-14 12:43:00.904740
2025-07-14,43165,2025071401012345,PCBL,Vision Securities Pvt. Ltd,Kumari Securities Private Limited,50,269.9,13495.0,2025-07-14 12:43:08.728483
2025-07-14,43164,2025071401012346,PCBL,Vision Securities Pvt. Ltd,Shree Krishna Securities Ltd.,50,270.0,13500.0,2025-07-14 12:43:08.728695
2025-07-14,43163,2025071401012347,PCBL,Vision Securities Pvt. Ltd,NIMB Stock Markets Limited,3900,270.0,1053000.0,2025-07-14 12:43:08.728777
2025-07-14,43067,2025071401012375,PCBL,Capital Max Securities Ltd,ABC Securities Private Limited,38,268.5,10203.0,2025-07-14 12:43:37.323256
2025-07-14,43066,2025071401012376,PCBL,Investment Management Nepal Pvt. Ltd.,ABC Securities Private Limited,250,268.4,67100.0,2025-07-14 12:43:37.323441
2025-07-14,43065,2025071401012377,PCBL,Malla & Malla Stock Broking Company Pvt. Limited,ABC Securities Private Limited,100,268.0,26800.0,2025-07-14 12:43:37.323513
2025-07-14,43064,2025071401012378,PCBL,Asian Securities Private Ltd.,ABC Securities Private Limited,1000,267.8,267800.0,2025-07-14 12:43:37.323589
2025-07-14,43063,2025071401012379,PCBL,Online Securities Pvt. Ltd.,ABC Securities Private Limited,1612,267.7,431532.4,2025-07-14 12:43:37.323662
2025-07-14,42969,2025071401012390,PCBL,Vision Securities Pvt. Ltd,Dakshinkali Investment & Securities Pvt. Ltd.,300,268.0,80400.0,2025-07-14 12:44:07.150361
2025-07-14,42685,2025071401012476,PCBL,Vision Securities Pvt. Ltd,Kumari Securities Private Limited,50,269.9,13495.0,2025-07-14 12:45:36.901425
2025-07-14,42684,2025071401012477,PCBL,Vision Securities Pvt. Ltd,Kumari Securities Private Limited,30,269.9,8097.0,2025-07-14 12:45:36.901754
2025-07-14,42683,2025071401012478,PCBL,Vision Securities Pvt. Ltd,J.F. Securites (PVT) Ltd.,2100,269.9,566790.0,2025-07-14 12:45:36.901963
2025-07-14,42682,2025071401012479,PCBL,Vision Securities Pvt. Ltd,NIMB Stock Markets Limited,520,270.0,140400.0,2025-07-14 12:45:36.902185
2025-07-14,42546,2025071401012528,PCBL,Agrawal Securities (PVT) Ltd.,ABC Securities Private Limited,1000,268.1,268100.0,2025-07-14 12:46:11.563925
2025-07-14,42502,2025071401012536,PCBL,Vision Securities Pvt. Ltd,NIMB Stock Markets Limited,580,270.0,156600.0,2025-07-14 12:46:19.231253
2025-07-14,42501,2025071401012537,PCBL,Vision Securities Pvt. Ltd,Sani Securities Company Ltd.,420,270.0,113400.0,2025-07-14 12:46:19.231599
2025-07-14,41888,2025071401012760,PCBL,Agrawal Securities (PVT) Ltd.,SHUBHAKAMANA SECURITIES PVT. LTD,1000,269.5,269500.0,2025-07-14 12:49:17.657603
2025-07-14,41791,2025071401012787,PCBL,Capital Max Securities Ltd,SHUBHAKAMANA SECURITIES PVT. LTD,500,269.5,134750.0,2025-07-14 12:49:49.751119
2025-07-14,41352,2025071401012963,PCBL,Capital Max Securities Ltd,Sani Securities Company Ltd.,500,268.5,134250.0,2025-07-14 12:51:37.342809
2025-07-14,41350,2025071401012964,PCBL,Agrawal Securities (PVT) Ltd.,SHUBHAKAMANA SECURITIES PVT. LTD,2000,269.5,539000.0,2025-07-14 12:51:37.742484
2025-07-14,41286,2025071401012993,PCBL,Capital Max Securities Ltd,SHUBHAKAMANA SECURITIES PVT. LTD,1400,269.5,377300.0,2025-07-14 12:52:01.219967
2025-07-14,40575,2025071401013252,PCBL,Capital Max Securities Ltd,Sewa Securities Pvt. Ltd.,11,268.5,2953.5,2025-07-14 12:54:37.369247
2025-07-14,39069,2025071401013751,PCBL,Capital Max Securities Ltd,Naasa Securities Co. Ltd.,489,268.5,131296.5,2025-07-14 13:00:43.252848
2025-07-14,39068,2025071401013752,PCBL,Capital Max Securities Ltd,Naasa Securities Co. Ltd.,311,268.1,83379.1,2025-07-14 13:00:43.253113
2025-07-14,38951,2025071401013803,PCBL,Capital Max Securities Ltd,SHUBHAKAMANA SECURITIES PVT. LTD,5750,269.4,1549050.0,2025-07-14 13:01:17.464865
2025-07-14,38895,2025071401013826,PCBL,Online Securities Pvt. Ltd.,Online Securities Pvt. Ltd.,1,264.3,264.3,2025-07-14 13:01:43.983306
2025-07-14,38834,2025071401013838,PCBL,Nepal Investment And Securities Trading Private Limited,SHUBHAKAMANA SECURITIES PVT. LTD,91,269.5,24524.5,2025-07-14 13:02:01.327101
2025-07-14,38651,2025071401013889,PCBL,Agrawal Securities (PVT) Ltd.,Sri Hari Securities Pvt. Ltd.,1000,268.3,268300.0,2025-07-14 13:02:58.727425
2025-07-14,38553,2025071401013921,PCBL,Capital Max Securities Ltd,Sri Hari Securities Pvt. Ltd.,250,268.2,67050.0,2025-07-14 13:03:20.941451
2025-07-14,38536,2025071401013932,PCBL,Capital Hub P. Ltd,Sri Hari Securities Pvt. Ltd.,20,268.2,5364.0,2025-07-14 13:03:26.905657
2025-07-14,37503,2025071401014242,PCBL,Online Securities Pvt. Ltd.,Kumari Securities Private Limited,50,268.3,13415.0,2025-07-14 13:08:33.018328
2025-07-14,37333,2025071401014297,PCBL,Online Securities Pvt. Ltd.,Kumari Securities Private Limited,20,268.3,5366.0,2025-07-14 13:09:17.209577
2025-07-14,36484,2025071401014565,PCBL,Capital Max Securities Ltd,Nepal Investment And Securities Trading Private Limited,75,268.4,20130.0,2025-07-14 13:13:06.956525
2025-07-14,36268,2025071401014645,PCBL,Neev Securities Pvt. Ltd.,Imperial Securities Company Pvt. Ltd.,60,269.7,16182.0,2025-07-14 13:14:13.798417
2025-07-14,36216,2025071401014669,PCBL,Capital Max Securities Ltd,Opal Securities Investment (PVT) Ltd.,425,268.4,114070.0,2025-07-14 13:14:24.058466
2025-07-14,36215,2025071401014670,PCBL,Online Securities Pvt. Ltd.,Opal Securities Investment (PVT) Ltd.,430,268.3,115369.0,2025-07-14 13:14:24.058675
2025-07-14,36214,2025071401014671,PCBL,South Asian Bulls Pvt. Ltd.,Opal Securities Investment (PVT) Ltd.,300,268.3,80490.0,2025-07-14 13:14:24.058762
2025-07-14,36213,2025071401014672,PCBL,Capital Hub P. Ltd,Opal Securities Investment (PVT) Ltd.,250,268.2,67050.0,2025-07-14 13:14:24.058846
2025-07-14,36212,2025071401014673,PCBL,Online Securities Pvt. Ltd.,Opal Securities Investment (PVT) Ltd.,500,268.2,134100.0,2025-07-14 13:14:24.058926
2025-07-14,36211,2025071401014674,PCBL,Online Securities Pvt. Ltd.,Opal Securities Investment (PVT) Ltd.,500,268.2,134100.0,2025-07-14 13:14:24.059004
2025-07-14,36210,2025071401014675,PCBL,Capital Max Securities Ltd,Opal Securities Investment (PVT) Ltd.,1345,268.1,360594.5,2025-07-14 13:14:24.059089
2025-07-14,35445,2025071401014944,PCBL,Naasa Securities Co. Ltd.,Vision Securities Pvt. Ltd,50,268.5,13425.0,2025-07-14 13:18:05.558395
2025-07-14,35444,2025071401014945,PCBL,Capital Max Securities Ltd,Vision Securities Pvt. Ltd,344,268.1,92226.4,2025-07-14 13:18:05.558785
2025-07-14,35443,2025071401014946,PCBL,Online Securities Pvt. Ltd.,Vision Securities Pvt. Ltd,145,268.1,38874.5,2025-07-14 13:18:05.559067
2025-07-14,35096,2025071401015031,PCBL,Online Securities Pvt. Ltd.,Sundhara Securities Limited,355,268.1,95175.5,2025-07-14 13:19:30.297316
2025-07-14,35095,2025071401015032,PCBL,Nepal Investment And Securities Trading Private Limited,Sundhara Securities Limited,50,268.1,13405.0,2025-07-14 13:19:30.297515
2025-07-14,34730,2025071401015175,PCBL,Capital Max Securities Ltd,Sundhara Securities Limited,25,268.0,6700.0,2025-07-14 13:20:36.875808
2025-07-14,34694,2025071401015186,PCBL,Capital Max Securities Ltd,Nepal Stock House (PVT) Ltd.,1172,268.0,314096.0,2025-07-14 13:20:48.449186
2025-07-14,34604,2025071401015218,PCBL,Capital Max Securities Ltd,Sumeru Securities Pvt. Ltd.,803,268.0,215204.0,2025-07-14 13:21:14.803888
2025-07-14,34603,2025071401015219,PCBL,Online Securities Pvt. Ltd.,Sumeru Securities Pvt. Ltd.,197,268.0,52796.0,2025-07-14 13:21:14.804100
2025-07-14,34338,2025071401015337,PCBL,Online Securities Pvt. Ltd.,Indira securities pvt. ltd,303,268.0,81204.0,2025-07-14 13:22:31.144923
2025-07-14,34337,2025071401015338,PCBL,J.F. Securites (PVT) Ltd.,Indira securities pvt. ltd,197,268.0,52796.0,2025-07-14 13:22:31.145159
2025-07-14,34147,2025071401015437,PCBL,Agrawal Securities (PVT) Ltd.,Siprabi Securities Pvt. Ltd.,280,268.1,75068.0,2025-07-14 13:23:17.577638
2025-07-14,34051,2025071401015475,PCBL,Agrawal Securities (PVT) Ltd.,Indira securities pvt. ltd,500,268.1,134050.0,2025-07-14 13:23:48.323913
2025-07-14,33392,2025071401015668,PCBL,Agrawal Securities (PVT) Ltd.,Sumeru Securities Pvt. Ltd.,500,269.0,134500.0,2025-07-14 13:26:39.818273
2025-07-14,33391,2025071401015669,PCBL,Agrawal Securities (PVT) Ltd.,Imperial Securities Company Pvt. Ltd.,40,269.7,10788.0,2025-07-14 13:26:39.818550
2025-07-14,33390,2025071401015670,PCBL,Agrawal Securities (PVT) Ltd.,Market Securities & Exchange (PVT) Ltd.,27,269.9,7287.3,2025-07-14 13:26:39.818649
2025-07-14,33389,2025071401015671,PCBL,Agrawal Securities (PVT) Ltd.,Vision Securities Pvt. Ltd,433,269.9,116866.7,2025-07-14 13:26:39.818730
2025-07-14,33309,2025071401015697,PCBL,Agrawal Securities (PVT) Ltd.,Trishakti Securities Public Limited,60,268.1,16086.0,2025-07-14 13:26:57.649560
2025-07-14,33308,2025071401015698,PCBL,Naasa Securities Co. Ltd.,Trishakti Securities Public Limited,50,268.0,13400.0,2025-07-14 13:26:57.649770
2025-07-14,33307,2025071401015699,PCBL,Naasa Securities Co. Ltd.,Trishakti Securities Public Limited,10,268.0,2680.0,2025-07-14 13:26:57.649855
2025-07-14,33011,2025071401015769,PCBL,Online Securities Pvt. Ltd.,Trisul Securities & Invt. Ltd.,10,267.9,2679.0,2025-07-14 13:27:53.574779
2025-07-14,31855,2025071401016119,PCBL,Capital Max Securities Ltd,Midas Stock Broking Company Private Limited,500,268.2,134100.0,2025-07-14 13:32:27.325327
2025-07-14,31634,2025071401016195,PCBL,Capital Max Securities Ltd,ABC Securities Private Limited,1500,268.2,402300.0,2025-07-14 13:33:24.510207
2025-07-14,30251,2025071401016623,PCBL,Shree Krishna Securities Ltd.,ABC Securities Private Limited,100,268.0,26800.0,2025-07-14 13:38:21.707333
2025-07-14,30238,2025071401016632,PCBL,Capital Max Securities Ltd,ABC Securities Private Limited,400,268.0,107200.0,2025-07-14 13:38:25.112111
2025-07-14,30237,2025071401016633,PCBL,Capital Max Securities Ltd,Linch Stock Market Ltd.,600,268.0,160800.0,2025-07-14 13:38:25.112508
2025-07-14,29970,2025071401016740,PCBL,Neev Securities Pvt. Ltd.,Linch Stock Market Ltd.,90,268.0,24120.0,2025-07-14 13:39:13.311254
2025-07-14,29870,2025071401016771,PCBL,Online Securities Pvt. Ltd.,Dipshikha Dhitopatra Karobar Co. Pvt Ltd.,490,267.9,131271.0,2025-07-14 13:39:32.789930
2025-07-14,29869,2025071401016772,PCBL,Trishakti Securities Public Limited,Dipshikha Dhitopatra Karobar Co. Pvt Ltd.,100,267.9,26790.0,2025-07-14 13:39:32.790349
2025-07-14,29868,2025071401016773,PCBL,Agrawal Securities (PVT) Ltd.,Dipshikha Dhitopatra Karobar Co. Pvt Ltd.,470,267.8,125866.0,2025-07-14 13:39:32.790606
2025-07-14,28262,2025071401017356,PCBL,Capital Max Securities Ltd,ABC Securities Private Limited,100,268.0,26800.0,2025-07-14 13:46:13.077695
2025-07-14,28186,2025071401017387,PCBL,Capital Max Securities Ltd,SHUBHAKAMANA SECURITIES PVT. LTD,1900,268.0,509200.0,2025-07-14 13:46:40.551476
2025-07-14,28185,2025071401017388,PCBL,Oxford Securities Pvt. Ltd.,SHUBHAKAMANA SECURITIES PVT. LTD,100,267.9,26790.0,2025-07-14 13:46:40.551678
2025-07-14,28184,2025071401017389,PCBL,Capital Max Securities Ltd,SHUBHAKAMANA SECURITIES PVT. LTD,2000,267.9,535800.0,2025-07-14 13:46:40.551759
2025-07-14,28183,2025071401017390,PCBL,Agrawal Securities (PVT) Ltd.,SHUBHAKAMANA SECURITIES PVT. LTD,530,267.8,141934.0,2025-07-14 13:46:40.551843
2025-07-14,28182,2025071401017391,PCBL,Online Securities Pvt. Ltd.,SHUBHAKAMANA SECURITIES PVT. LTD,388,267.7,103867.6,2025-07-14 13:46:40.551928
2025-07-14,28181,2025071401017392,PCBL,Capital Max Securities Ltd,SHUBHAKAMANA SECURITIES PVT. LTD,1082,267.5,289435.0,2025-07-14 13:46:40.552011
2025-07-14,26856,2025071401017813,PCBL,Capital Max Securities Ltd,Imperial Securities Company Pvt. Ltd.,100,267.9,26790.0,2025-07-14 13:53:02.623869
2025-07-14,26822,2025071401017822,PCBL,Agrawal Securities (PVT) Ltd.,Oxford Securities Pvt. Ltd.,100,268.0,26800.0,2025-07-14 13:53:12.640012
2025-07-14,26741,2025071401017872,PCBL,Agrawal Securities (PVT) Ltd.,South Asian Bulls Pvt. Ltd.,50,268.0,13400.0,2025-07-14 13:53:34.359467
2025-07-14,26596,2025071401017933,PCBL,Agrawal Securities (PVT) Ltd.,Agrawal Securities (PVT) Ltd.,350,268.0,93800.0,2025-07-14 13:54:12.087369
2025-07-14,26595,2025071401017934,PCBL,Nepal Investment And Securities Trading Private Limited,Agrawal Securities (PVT) Ltd.,150,268.0,40200.0,2025-07-14 13:54:12.088045
2025-07-14,26343,2025071401018023,PCBL,Nepal Investment And Securities Trading Private Limited,Opal Securities Investment (PVT) Ltd.,50,268.0,13400.0,2025-07-14 13:55:27.769059
2025-07-14,26081,2025071401018094,PCBL,Nepal Investment And Securities Trading Private Limited,Vision Securities Pvt. Ltd,31,269.0,8339.0,2025-07-14 13:56:34.447999
2025-07-14,25338,2025071401018382,PCBL,Online Securities Pvt. Ltd.,Online Securities Pvt. Ltd.,100,268.1,26810.0,2025-07-14 13:59:33.580516
2025-07-14,25337,2025071401018383,PCBL,Agrawal Securities (PVT) Ltd.,Online Securities Pvt. Ltd.,100,268.0,26800.0,2025-07-14 13:59:33.580904
2025-07-14,25267,2025071401018411,PCBL,Agrawal Securities (PVT) Ltd.,Sri Hari Securities Pvt. Ltd.,220,268.0,58960.0,2025-07-14 13:59:54.600875
2025-07-14,25178,2025071401018445,PCBL,Capital Max Securities Ltd,Sweta Securities Private Limited,1800,268.5,483300.0,2025-07-14 14:00:19.565732
2025-07-14,25005,2025071401018496,PCBL,Capital Max Securities Ltd,Vision Securities Pvt. Ltd,14,269.0,3766.0,2025-07-14 14:00:57.709952
2025-07-14,25004,2025071401018497,PCBL,Capital Max Securities Ltd,ABC Securities Private Limited,290,269.0,78010.0,2025-07-14 14:00:57.710186
2025-07-14,25003,2025071401018498,PCBL,Capital Max Securities Ltd,SHUBHAKAMANA SECURITIES PVT. LTD,2100,269.0,564900.0,2025-07-14 14:00:57.710279
2025-07-14,25002,2025071401018499,PCBL,Capital Max Securities Ltd,Imperial Securities Company Pvt. Ltd.,104,269.5,28028.0,2025-07-14 14:00:57.710369
2025-07-14,25001,2025071401018500,PCBL,Capital Max Securities Ltd,Vision Securities Pvt. Ltd,89,269.5,23985.5,2025-07-14 14:00:57.710457
2025-07-14,25000,2025071401018501,PCBL,Capital Max Securities Ltd,Linch Stock Market Ltd.,44,269.8,11871.2,2025-07-14 14:00:57.710546
2025-07-14,24999,2025071401018502,PCBL,Capital Max Securities Ltd,Vision Securities Pvt. Ltd,567,269.9,153033.3,2025-07-14 14:00:57.710634
2025-07-14,24998,2025071401018503,PCBL,Capital Max Securities Ltd,South Asian Bulls Pvt. Ltd.,50,269.9,13495.0,2025-07-14 14:00:57.710717
2025-07-14,24997,2025071401018504,PCBL,Capital Max Securities Ltd,Naasa Securities Co. Ltd.,282,270.0,76140.0,2025-07-14 14:00:57.710799
2025-07-14,24996,2025071401018505,PCBL,Capital Max Securities Ltd,Sundhara Securities Limited,120,270.0,32400.0,2025-07-14 14:00:57.710887
2025-07-14,24995,2025071401018506,PCBL,Capital Max Securities Ltd,Online Securities Pvt. Ltd.,100,270.0,27000.0,2025-07-14 14:00:57.710971
2025-07-14,24994,2025071401018507,PCBL,Capital Max Securities Ltd,Oxford Securities Pvt. Ltd.,100,270.0,27000.0,2025-07-14 14:00:57.711059
2025-07-14,24993,2025071401018508,PCBL,Capital Max Securities Ltd,Trishakti Securities Public Limited,80,270.0,21600.0,2025-07-14 14:00:57.711142
2025-07-14,24992,2025071401018509,PCBL,Capital Max Securities Ltd,Agrawal Securities (PVT) Ltd.,100,270.0,27000.0,2025-07-14 14:00:57.711239
2025-07-14,24991,2025071401018510,PCBL,Capital Max Securities Ltd,Imperial Securities Company Pvt. Ltd.,50,270.0,13500.0,2025-07-14 14:00:57.711319
2025-07-14,24990,2025071401018511,PCBL,Capital Max Securities Ltd,Sundhara Securities Limited,100,270.0,27000.0,2025-07-14 14:00:57.711403
2025-07-14,24989,2025071401018512,PCBL,Capital Max Securities Ltd,Imperial Securities Company Pvt. Ltd.,810,270.0,218700.0,2025-07-14 14:00:57.711485
2025-07-14,24871,2025071401018565,PCBL,Capital Max Securities Ltd,Imperial Securities Company Pvt. Ltd.,190,270.0,51300.0,2025-07-14 14:01:32.867518
2025-07-14,24870,2025071401018566,PCBL,Capital Max Securities Ltd,Kumari Securities Private Limited,1000,270.0,270000.0,2025-07-14 14:01:32.867727
2025-07-14,24869,2025071401018567,PCBL,Capital Max Securities Ltd,ABC Securities Private Limited,50,270.0,13500.0,2025-07-14 14:01:32.867828
2025-07-14,24596,2025071401018647,PCBL,Capital Max Securities Ltd,Sundhara Securities Limited,760,270.0,205200.0,2025-07-14 14:02:43.835178
2025-07-14,24188,2025071401018781,PCBL,Agrawal Securities (PVT) Ltd.,Sundhara Securities Limited,180,270.0,48600.0,2025-07-14 14:04:30.170908
2025-07-14,23323,2025071401019067,PCBL,Capital Max Securities Ltd,Sundhara Securities Limited,60,270.0,16200.0,2025-07-14 14:07:50.417916
2025-07-14,23322,2025071401019068,PCBL,Capital Max Securities Ltd,Secured Securities Ltd.,400,270.0,108000.0,2025-07-14 14:07:50.418156
2025-07-14,23321,2025071401019069,PCBL,Capital Max Securities Ltd,Indira securities pvt. ltd,500,270.0,135000.0,2025-07-14 14:07:50.418245
2025-07-14,23320,2025071401019070,PCBL,Capital Max Securities Ltd,Opal Securities Investment (PVT) Ltd.,340,270.0,91800.0,2025-07-14 14:07:50.418343
2025-07-14,23112,2025071401019153,PCBL,Capital Max Securities Ltd,Imperial Securities Company Pvt. Ltd.,2000,269.9,539800.0,2025-07-14 14:08:36.590625
2025-07-14,22617,2025071401019356,PCBL,ABC Securities Private Limited,Vision Securities Pvt. Ltd,1000,268.6,268600.0,2025-07-14 14:10:36.192970
2025-07-14,22616,2025071401019357,PCBL,Capital Max Securities Ltd,Vision Securities Pvt. Ltd,2200,268.5,590700.0,2025-07-14 14:10:36.193054
2025-07-14,22615,2025071401019358,PCBL,Agrawal Securities (PVT) Ltd.,Vision Securities Pvt. Ltd,500,268.1,134050.0,2025-07-14 14:10:36.193086
2025-07-14,22614,2025071401019359,PCBL,Capital Max Securities Ltd,Vision Securities Pvt. Ltd,500,268.0,134000.0,2025-07-14 14:10:36.193124
2025-07-14,22613,2025071401019360,PCBL,Capital Max Securities Ltd,Vision Securities Pvt. Ltd,800,268.0,214400.0,2025-07-14 14:10:36.193151
2025-07-14,22612,2025071401019361,PCBL,Capital Max Securities Ltd,Miyo Securities Pvt Ltd,1200,268.0,321600.0,2025-07-14 14:10:36.385411
2025-07-14,22611,2025071401019362,PCBL,Capital Max Securities Ltd,Miyo Securities Pvt Ltd,1900,267.9,509010.0,2025-07-14 14:10:36.385520
2025-07-14,22610,2025071401019363,PCBL,Agrawal Securities (PVT) Ltd.,Miyo Securities Pvt Ltd,2500,267.8,669500.0,2025-07-14 14:10:36.385602
2025-07-14,22609,2025071401019364,PCBL,Deevyaa Securities & Stock House Pvt. Ltd,Miyo Securities Pvt Ltd,100,267.7,26770.0,2025-07-14 14:10:36.385680
2025-07-14,22608,2025071401019365,PCBL,Arun Securities (PVT) Ltd.,Miyo Securities Pvt Ltd,200,267.7,53540.0,2025-07-14 14:10:36.385760
2025-07-14,22607,2025071401019366,PCBL,Sumeru Securities Pvt. Ltd.,Miyo Securities Pvt Ltd,600,267.6,160560.0,2025-07-14 14:10:36.385864
2025-07-14,22571,2025071401019379,PCBL,Sumeru Securities Pvt. Ltd.,Vision Securities Pvt. Ltd,4400,267.6,1177440.0,2025-07-14 14:10:45.263011
2025-07-14,22570,2025071401019380,PCBL,Capital Max Securities Ltd,Vision Securities Pvt. Ltd,100,267.5,26750.0,2025-07-14 14:10:45.263075
2025-07-14,22295,2025071401019440,PCBL,Linch Stock Market Ltd.,Opal Securities Investment (PVT) Ltd.,30,270.0,8100.0,2025-07-14 14:11:36.960695
2025-07-14,22294,2025071401019441,PCBL,Linch Stock Market Ltd.,Online Securities Pvt. Ltd.,270,270.0,72900.0,2025-07-14 14:11:36.961163
2025-07-14,21689,2025071401019588,PCBL,Stoxkarts Securities Limited,Opal Securities Investment (PVT) Ltd.,10,268.0,2680.0,2025-07-14 14:14:00.032131
2025-07-14,20230,2025071401020088,PCBL,Nepal Stock House (PVT) Ltd.,Hatemalo Financial Services Private Limited,50,269.5,13475.0,2025-07-14 14:20:05.314122
2025-07-14,19597,2025071401020338,PCBL,Kalika Securities Pvt. Ltd.,Naasa Securities Co. Ltd.,40,268.0,10720.0,2025-07-14 14:22:01.295553
2025-07-14,19073,2025071401020497,PCBL,ABC Securities Private Limited,Hatemalo Financial Services Private Limited,1000,268.1,268100.0,2025-07-14 14:23:48.945536
2025-07-14,18706,2025071401020606,PCBL,Kalika Securities Pvt. Ltd.,Naasa Securities Co. Ltd.,10,268.0,2680.0,2025-07-14 14:24:45.777061
2025-07-14,18705,2025071401020607,PCBL,Sumeru Securities Pvt. Ltd.,Naasa Securities Co. Ltd.,190,268.0,50920.0,2025-07-14 14:24:45.777294
2025-07-14,18469,2025071401020692,PCBL,Opal Securities Investment (PVT) Ltd.,Opal Securities Investment (PVT) Ltd.,4,263.5,1054.0,2025-07-14 14:25:30.726357
2025-07-14,18353,2025071401020745,PCBL,Sumeru Securities Pvt. Ltd.,Capital Max Securities Ltd,4810,268.0,1289080.0,2025-07-14 14:25:52.113798
2025-07-14,18352,2025071401020746,PCBL,Stoxkarts Securities Limited,Capital Max Securities Ltd,10,268.0,2680.0,2025-07-14 14:25:52.113854
2025-07-14,18351,2025071401020747,PCBL,Stoxkarts Securities Limited,Capital Max Securities Ltd,10,268.0,2680.0,2025-07-14 14:25:52.113882
2025-07-14,18205,2025071401020775,PCBL,Primo Securities (PVT) Ltd.,Dynamic Money Managers Securities Pvt. Ltd.,300,267.8,80340.0,2025-07-14 14:26:23.051733
2025-07-14,18121,2025071401020823,PCBL,Agrawal Securities (PVT) Ltd.,Hatemalo Financial Services Private Limited,1000,268.9,268900.0,2025-07-14 14:26:39.664479
2025-07-14,17669,2025071401021009,PCBL,Capital Hub P. Ltd,Hatemalo Financial Services Private Limited,20,268.9,5378.0,2025-07-14 14:27:53.162254
2025-07-14,17668,2025071401021010,PCBL,Capital Hub P. Ltd,ABC Securities Private Limited,150,269.0,40350.0,2025-07-14 14:27:53.162475
2025-07-14,17667,2025071401021011,PCBL,Capital Hub P. Ltd,Malla & Malla Stock Broking Company Pvt. Limited,195,269.0,52455.0,2025-07-14 14:27:53.162569
2025-07-14,17451,2025071401021088,PCBL,Primo Securities (PVT) Ltd.,SHUBHAKAMANA SECURITIES PVT. LTD,4700,267.8,1258660.0,2025-07-14 14:28:28.935218
2025-07-14,17450,2025071401021089,PCBL,Agrawal Securities (PVT) Ltd.,SHUBHAKAMANA SECURITIES PVT. LTD,76,267.7,20345.2,2025-07-14 14:28:28.935452
2025-07-14,17188,2025071401021185,PCBL,Trishakti Securities Public Limited,Investment Management Nepal Pvt. Ltd.,10,269.0,2690.0,2025-07-14 14:29:12.060962
2025-07-14,16910,2025071401021266,PCBL,Agrawal Securities (PVT) Ltd.,Miyo Securities Pvt Ltd,424,267.7,113504.8,2025-07-14 14:30:11.785891
2025-07-14,16673,2025071401021315,PCBL,Malla & Malla Stock Broking Company Pvt. Limited,Hatemalo Financial Services Private Limited,10,267.6,2676.0,2025-07-14 14:30:46.086412
2025-07-14,16623,2025071401021340,PCBL,Capital Max Securities Ltd,Sani Securities Company Ltd.,474,267.6,126842.4,2025-07-14 14:30:56.179602
2025-07-14,16621,2025071401021341,PCBL,Capital Max Securities Ltd,Agrawal Securities (PVT) Ltd.,26,267.6,6957.6,2025-07-14 14:30:58.065467
2025-07-14,16620,2025071401021342,PCBL,Capital Max Securities Ltd,Agrawal Securities (PVT) Ltd.,650,267.5,173875.0,2025-07-14 14:30:58.065878
2025-07-14,16097,2025071401021533,PCBL,Sumeru Securities Pvt. Ltd.,Miyo Securities Pvt Ltd,1446,267.7,387094.2,2025-07-14 14:32:21.756684
2025-07-14,15798,2025071401021630,PCBL,Sumeru Securities Pvt. Ltd.,Global IME Securities Limited,554,267.7,148305.8,2025-07-14 14:33:15.413128
2025-07-14,15797,2025071401021631,PCBL,Capital Max Securities Ltd,Global IME Securities Limited,168,267.5,44940.0,2025-07-14 14:33:15.413590
2025-07-14,15796,2025071401021632,PCBL,Deevyaa Securities & Stock House Pvt. Ltd,Global IME Securities Limited,196,267.5,52430.0,2025-07-14 14:33:15.413857
2025-07-14,15795,2025071401021633,PCBL,Stoxkarts Securities Limited,Global IME Securities Limited,10,267.5,2675.0,2025-07-14 14:33:15.414128
2025-07-14,15794,2025071401021634,PCBL,Dakshinkali Investment & Securities Pvt. Ltd.,Global IME Securities Limited,300,267.5,80250.0,2025-07-14 14:33:15.414380
2025-07-14,15793,2025071401021635,PCBL,Cristal Kanchanjanga Securites Pvt. Ltd.,Global IME Securities Limited,300,267.2,80160.0,2025-07-14 14:33:15.414635
2025-07-14,15792,2025071401021636,PCBL,Deevyaa Securities & Stock House Pvt. Ltd,Global IME Securities Limited,240,267.1,64104.0,2025-07-14 14:33:15.414918
2025-07-14,15791,2025071401021637,PCBL,Cristal Kanchanjanga Securites Pvt. Ltd.,Global IME Securities Limited,300,267.1,80130.0,2025-07-14 14:33:15.415211
2025-07-14,15790,2025071401021638,PCBL,ABC Securities Private Limited,Global IME Securities Limited,100,267.0,26700.0,2025-07-14 14:33:15.415513
2025-07-14,15789,2025071401021639,PCBL,Online Securities Pvt. Ltd.,Global IME Securities Limited,187,267.0,49929.0,2025-07-14 14:33:15.415778
2025-07-14,14715,2025071401022069,PCBL,Online Securities Pvt. Ltd.,Sundhara Securities Limited,313,267.0,83571.0,2025-07-14 14:35:26.056821
2025-07-14,14714,2025071401022070,PCBL,Nepal Investment And Securities Trading Private Limited,Sundhara Securities Limited,20,267.0,5340.0,2025-07-14 14:35:26.057304
2025-07-14,14713,2025071401022071,PCBL,Oxford Securities Pvt. Ltd.,Sundhara Securities Limited,100,267.0,26700.0,2025-07-14 14:35:26.057609
2025-07-14,14712,2025071401022072,PCBL,Linch Stock Market Ltd.,Sundhara Securities Limited,150,267.0,40050.0,2025-07-14 14:35:26.057877
2025-07-14,14711,2025071401022073,PCBL,Linch Stock Market Ltd.,Sundhara Securities Limited,500,267.0,133500.0,2025-07-14 14:35:26.058125
2025-07-14,14710,2025071401022074,PCBL,Sewa Securities Pvt. Ltd.,Sundhara Securities Limited,310,267.0,82770.0,2025-07-14 14:35:26.058384
2025-07-14,14709,2025071401022075,PCBL,Kumari Securities Private Limited,Sundhara Securities Limited,107,267.0,28569.0,2025-07-14 14:35:26.058641
2025-07-14,13257,2025071401022548,PCBL,Kumari Securities Private Limited,Linch Stock Market Ltd.,116,267.0,30972.0,2025-07-14 14:39:15.390769
2025-07-14,13256,2025071401022549,PCBL,Sweta Securities Private Limited,Linch Stock Market Ltd.,300,267.0,80100.0,2025-07-14 14:39:15.391302
2025-07-14,13255,2025071401022550,PCBL,Trishakti Securities Public Limited,Linch Stock Market Ltd.,100,267.0,26700.0,2025-07-14 14:39:15.391608
2025-07-14,13254,2025071401022551,PCBL,South Asian Bulls Pvt. Ltd.,Linch Stock Market Ltd.,100,266.5,26650.0,2025-07-14 14:39:15.392010
2025-07-14,13253,2025071401022552,PCBL,Kumari Securities Private Limited,Linch Stock Market Ltd.,230,266.3,61249.0,2025-07-14 14:39:15.392370
2025-07-14,13252,2025071401022553,PCBL,South Asian Bulls Pvt. Ltd.,Linch Stock Market Ltd.,654,266.3,174160.2,2025-07-14 14:39:15.392814
2025-07-14,10028,2025071401023474,PCBL,BHOLE GANESH SECURITIES LTD,Nepal Investment And Securities Trading Private Limited,200,267.0,53400.0,2025-07-14 14:46:16.203591
2025-07-14,9614,2025071401023597,PCBL,BHOLE GANESH SECURITIES LTD,South Asian Bulls Pvt. Ltd.,300,267.0,80100.0,2025-07-14 14:47:16.128494
2025-07-14,9613,2025071401023598,PCBL,ABC Securities Private Limited,South Asian Bulls Pvt. Ltd.,1000,267.0,267000.0,2025-07-14 14:47:16.128610
2025-07-14,9612,2025071401023599,PCBL,Creative Securities Pvt Ltd,South Asian Bulls Pvt. Ltd.,20,266.7,5334.0,2025-07-14 14:47:16.128686
2025-07-14,9611,2025071401023600,PCBL,Neev Securities Pvt. Ltd.,South Asian Bulls Pvt. Ltd.,1681,266.6,448154.6,2025-07-14 14:47:16.128762
2025-07-14,9460,2025071401023652,PCBL,Investment Management Nepal Pvt. Ltd.,Siprabi Securities Pvt. Ltd.,15,267.9,4018.5,2025-07-14 14:47:36.066896
2025-07-14,9459,2025071401023653,PCBL,Investment Management Nepal Pvt. Ltd.,Online Securities Pvt. Ltd.,85,268.0,22780.0,2025-07-14 14:47:36.067135
2025-07-14,8862,2025071401023840,PCBL,Himalayan Brokerage Company Limited,Himalayan Brokerage Company Limited,10000,267.9,2679000.0,2025-07-14 14:48:50.169736
2025-07-14,8226,2025071401024023,PCBL,Sweta Securities Private Limited,Primo Securities (PVT) Ltd.,200,267.0,53400.0,2025-07-14 14:50:12.749120
2025-07-14,8225,2025071401024024,PCBL,Capital Max Securities Ltd,Primo Securities (PVT) Ltd.,290,267.0,77430.0,2025-07-14 14:50:12.749377
2025-07-14,7292,2025071401024298,PCBL,Naasa Securities Co. Ltd.,Linch Stock Market Ltd.,120,267.0,32040.0,2025-07-14 14:52:06.285554
2025-07-14,7111,2025071401024323,PCBL,Capital Max Securities Ltd,Linch Stock Market Ltd.,110,267.0,29370.0,2025-07-14 14:52:12.247353
2025-07-14,6590,2025071401024521,PCBL,Vision Securities Pvt. Ltd,Linch Stock Market Ltd.,200,267.0,53400.0,2025-07-14 14:53:02.082227
2025-07-14,6505,2025071401024561,PCBL,Online Securities Pvt. Ltd.,Linch Stock Market Ltd.,595,267.0,158865.0,2025-07-14 14:53:13.697151
2025-07-14,6182,2025071401024673,PCBL,Online Securities Pvt. Ltd.,N.M.B. SECURITIES LIMITED,1000,267.8,267800.0,2025-07-14 14:53:40.967788
2025-07-14,5843,2025071401024812,PCBL,ABC Securities Private Limited,Shree Krishna Securities Ltd.,113,266.7,30137.1,2025-07-14 14:54:14.791236
2025-07-14,5062,2025071401025075,PCBL,ABC Securities Private Limited,J.F. Securites (PVT) Ltd.,887,266.7,236562.9,2025-07-14 14:55:19.582986
2025-07-14,5061,2025071401025076,PCBL,Aryatara Investment & Securities,J.F. Securites (PVT) Ltd.,28,266.7,7467.6,2025-07-14 14:55:19.583046
2025-07-14,5060,2025071401025077,PCBL,Neev Securities Pvt. Ltd.,J.F. Securites (PVT) Ltd.,819,266.6,218345.4,2025-07-14 14:55:19.583075
2025-07-14,5059,2025071401025078,PCBL,South Asian Bulls Pvt. Ltd.,J.F. Securites (PVT) Ltd.,269,266.5,71688.5,2025-07-14 14:55:19.583102
2025-07-14,4558,2025071401025245,PCBL,Deevyaa Securities & Stock House Pvt. Ltd,Siprabi Securities Pvt. Ltd.,100,266.7,26670.0,2025-07-14 14:56:07.650693
2025-07-14,4145,2025071401025357,PCBL,Kumari Securities Private Limited,Siprabi Securities Pvt. Ltd.,50,266.7,13335.0,2025-07-14 14:56:41.444204
2025-07-14,4101,2025071401025377,PCBL,Neev Securities Pvt. Ltd.,Siprabi Securities Pvt. Ltd.,650,266.7,173355.0,2025-07-14 14:56:44.552265
2025-07-14,3461,2025071401025568,PCBL,Neev Securities Pvt. Ltd.,Naasa Securities Co. Ltd.,50,266.7,13335.0,2025-07-14 14:57:33.081655
2025-07-14,3460,2025071401025569,PCBL,Trishakti Securities Public Limited,Naasa Securities Co. Ltd.,50,266.7,13335.0,2025-07-14 14:57:33.081852
2025-07-14,3045,2025071401025711,PCBL,Capital Max Securities Ltd,Naasa Securities Co. Ltd.,10,267.0,2670.0,2025-07-14 14:58:00.046244
2025-07-14,2800,2025071401025803,PCBL,Trishakti Securities Public Limited,Dynamic Money Managers Securities Pvt. Ltd.,50,266.7,13335.0,2025-07-14 14:58:14.041951
2025-07-14,2799,2025071401025804,PCBL,Neev Securities Pvt. Ltd.,Dynamic Money Managers Securities Pvt. Ltd.,350,266.7,93345.0,2025-07-14 14:58:14.042153
2025-07-14,2796,2025071401025806,PCBL,Imperial Securities Company Pvt. Ltd.,Naasa Securities Co. Ltd.,190,267.0,50730.0,2025-07-14 14:58:14.232297
2025-07-14,2658,2025071401025862,PCBL,Neev Securities Pvt. Ltd.,Aryatara Investment & Securities,362,266.7,96545.4,2025-07-14 14:58:22.267459
2025-07-14,2449,2025071401025937,PCBL,Imperial Securities Company Pvt. Ltd.,Kohinoor Investment & Securities Pvt. Ltd.,20,267.0,5340.0,2025-07-14 14:58:34.650460
2025-07-14,1908,2025071401026079,PCBL,Neev Securities Pvt. Ltd.,Nepal Investment And Securities Trading Private Limited,788,266.7,210159.6,2025-07-14 14:58:57.216337
2025-07-14,1907,2025071401026080,PCBL,Sweta Securities Private Limited,Nepal Investment And Securities Trading Private Limited,100,266.7,26670.0,2025-07-14 14:58:57.216725
2025-07-14,1906,2025071401026081,PCBL,Sani Securities Company Ltd.,Nepal Investment And Securities Trading Private Limited,350,266.7,93345.0,2025-07-14 14:58:57.217093
2025-07-14,1804,2025071401026115,PCBL,South Asian Bulls Pvt. Ltd.,Nepal Investment And Securities Trading Private Limited,304,266.7,81076.8,2025-07-14 14:59:02.173914
2025-07-14,1783,2025071401026122,PCBL,Capital Max Securities Ltd,Kohinoor Investment & Securities Pvt. Ltd.,418,267.0,111606.0,2025-07-14 14:59:03.420966
2025-07-14,1782,2025071401026123,PCBL,Capital Max Securities Ltd,Naasa Securities Co. Ltd.,200,267.0,53400.0,2025-07-14 14:59:03.421177
2025-07-14,1651,2025071401026155,PCBL,Capital Max Securities Ltd,Asian Securities Private Ltd.,123,267.9,32951.7,2025-07-14 14:59:09.475844
2025-07-14,1650,2025071401026156,PCBL,Capital Max Securities Ltd,Siprabi Securities Pvt. Ltd.,25,267.9,6697.5,2025-07-14 14:59:09.475896
2025-07-14,1649,2025071401026157,PCBL,Capital Max Securities Ltd,Online Securities Pvt. Ltd.,110,268.0,29480.0,2025-07-14 14:59:09.475925
2025-07-14,1648,2025071401026158,PCBL,Capital Max Securities Ltd,J.F. Securites (PVT) Ltd.,500,268.9,134450.0,2025-07-14 14:59:09.475962
2025-07-14,1647,2025071401026159,PCBL,Capital Max Securities Ltd,Investment Management Nepal Pvt. Ltd.,390,269.0,104910.0,2025-07-14 14:59:09.476005
2025-07-14,1646,2025071401026160,PCBL,Capital Max Securities Ltd,Naasa Securities Co. Ltd.,110,269.0,29590.0,2025-07-14 14:59:09.476035
2025-07-14,1645,2025071401026161,PCBL,Capital Max Securities Ltd,Asian Securities Private Ltd.,742,269.3,199820.6,2025-07-14 14:59:09.476073
2025-07-14,795,2025071401026401,PCBL,Capital Max Securities Ltd,Asian Securities Private Ltd.,258,269.3,69479.4,2025-07-14 14:59:37.656918
2025-07-14,794,2025071401026402,PCBL,Capital Max Securities Ltd,Vision Securities Pvt. Ltd,140,269.3,37702.0,2025-07-14 14:59:37.657074
2025-07-14,793,2025071401026403,PCBL,Capital Max Securities Ltd,Asian Securities Private Ltd.,1000,269.4,269400.0,2025-07-14 14:59:37.657167
2025-07-14,792,2025071401026404,PCBL,Capital Max Securities Ltd,Oxford Securities Pvt. Ltd.,1500,269.5,404250.0,2025-07-14 14:59:37.657242
2025-07-14,791,2025071401026405,PCBL,Capital Max Securities Ltd,Premier Securities Company Ltd.,1000,269.9,269900.0,2025-07-14 14:59:37.657313
2025-07-14,790,2025071401026406,PCBL,Capital Max Securities Ltd,Primo Securities (PVT) Ltd.,1000,270.0,270000.0,2025-07-14 14:59:37.657388
2025-07-14,789,2025071401026407,PCBL,Capital Max Securities Ltd,Trishakti Securities Public Limited,102,270.0,27540.0,2025-07-14 14:59:37.657481
2025-07-14,529,2025071401026486,PCBL,Capital Max Securities Ltd,Trishakti Securities Public Limited,398,270.0,107460.0,2025-07-14 14:59:46.717715
2025-07-14,528,2025071401026487,PCBL,Capital Max Securities Ltd,Sani Securities Company Ltd.,102,270.0,27540.0,2025-07-14 14:59:46.717782
