Date,S.N.,Contract ID,Symbol,Buyer Broker,Seller Broker,quantity,rate,amount,transaction_time
2025-07-14,72452,2025071404000054,PMHPL,Naasa Securities Co. Ltd.,Oxford Securities Pvt. Ltd.,20,375.0,7500.0,2025-07-14 11:00:30.909469
2025-07-14,72299,2025071404000112,PMHPL,Naasa Securities Co. Ltd.,Vision Securities Pvt. Ltd,10,382.0,3820.0,2025-07-14 11:01:06.558673
2025-07-14,72201,2025071404000162,PMHPL,Sanima Securities Limited,Blue Chip Securities Ltd,10,360.4,3604.0,2025-07-14 11:01:24.651508
2025-07-14,71905,2025071404000273,PMHPL,Blue Chip Securities Ltd,Vision Securities Pvt. Ltd,10,382.0,3820.0,2025-07-14 11:02:30.873195
2025-07-14,71612,2025071404000379,PMHPL,Sanima Securities Limited,Prabhu Stock Market Limited,10,360.7,3607.0,2025-07-14 11:03:26.562071
2025-07-14,71521,2025071404000419,PMHPL,Blue Chip Securities Ltd,Nepal Investment And Securities Trading Private Limited,10,379.0,3790.0,2025-07-14 11:03:46.064695
2025-07-14,71476,2025071404000432,PMHPL,K.B.L. Securities Limited ,Prabhu Stock Market Limited,10,360.9,3609.0,2025-07-14 11:03:56.641973
2025-07-14,71286,2025071404000486,PMHPL,Blue Chip Securities Ltd,Nepal Investment And Securities Trading Private Limited,10,379.0,3790.0,2025-07-14 11:04:22.169897
2025-07-14,70681,2025071404000700,PMHPL,Prabhu Stock Market Limited,Nepal Stock House (PVT) Ltd.,290,377.5,109475.0,2025-07-14 11:06:05.229923
2025-07-14,70680,2025071404000701,PMHPL,Prabhu Stock Market Limited,Sharepro Securities Private Limited,30,377.8,11334.0,2025-07-14 11:06:05.230036
2025-07-14,70679,2025071404000702,PMHPL,Prabhu Stock Market Limited,Dynamic Money Managers Securities Pvt. Ltd.,300,377.9,113370.0,2025-07-14 11:06:05.230113
2025-07-14,70678,2025071404000703,PMHPL,Prabhu Stock Market Limited,Kumari Securities Private Limited,380,378.0,143640.0,2025-07-14 11:06:05.230233
2025-07-14,70349,2025071404000799,PMHPL,K.B.L. Securities Limited ,Aryatara Investment & Securities,200,370.5,74100.0,2025-07-14 11:07:04.877992
2025-07-14,70166,2025071404000869,PMHPL,Naasa Securities Co. Ltd.,Capital Max Securities Ltd,10,377.9,3779.0,2025-07-14 11:07:42.181838
2025-07-14,69811,2025071404000951,PMHPL,Trishakti Securities Public Limited,Nepal Investment And Securities Trading Private Limited,40,377.0,15080.0,2025-07-14 11:09:04.638388
2025-07-14,69735,2025071404000964,PMHPL,Trishakti Securities Public Limited,Agrawal Securities (PVT) Ltd.,30,377.0,11310.0,2025-07-14 11:09:20.387664
2025-07-14,69734,2025071404000965,PMHPL,Trishakti Securities Public Limited,Nepal Investment And Securities Trading Private Limited,100,377.0,37700.0,2025-07-14 11:09:20.908547
2025-07-14,69724,2025071404000969,PMHPL,Trishakti Securities Public Limited,Imperial Securities Company Pvt. Ltd.,500,377.0,188500.0,2025-07-14 11:09:24.997241
2025-07-14,69655,2025071404000987,PMHPL,Trishakti Securities Public Limited,Shree Krishna Securities Ltd.,200,377.0,75400.0,2025-07-14 11:09:40.455272
2025-07-14,69626,2025071404000993,PMHPL,Trishakti Securities Public Limited,Nepal Stock House (PVT) Ltd.,100,377.0,37700.0,2025-07-14 11:09:46.967671
2025-07-14,69612,2025071404000995,PMHPL,Trishakti Securities Public Limited,Aryatara Investment & Securities,200,377.0,75400.0,2025-07-14 11:09:50.100348
2025-07-14,69575,2025071404001005,PMHPL,Trishakti Securities Public Limited,Imperial Securities Company Pvt. Ltd.,330,377.0,124410.0,2025-07-14 11:09:57.458439
2025-07-14,69574,2025071404001006,PMHPL,Neev Securities Pvt. Ltd.,Imperial Securities Company Pvt. Ltd.,33,377.0,12441.0,2025-07-14 11:09:57.458625
2025-07-14,69524,2025071404001018,PMHPL,Neev Securities Pvt. Ltd.,Agrawal Securities (PVT) Ltd.,10,377.0,3770.0,2025-07-14 11:10:07.746973
2025-07-14,69469,2025071404001035,PMHPL,Neev Securities Pvt. Ltd.,Sri Hari Securities Pvt. Ltd.,57,377.0,21489.0,2025-07-14 11:10:16.754380
2025-07-14,69078,2025071404001156,PMHPL,Premier Securities Company Ltd.,Sri Hari Securities Pvt. Ltd.,443,377.0,167011.0,2025-07-14 11:11:38.225562
2025-07-14,69077,2025071404001157,PMHPL,Premier Securities Company Ltd.,Kumari Securities Private Limited,300,377.0,113100.0,2025-07-14 11:11:38.225721
2025-07-14,69019,2025071404001172,PMHPL,Premier Securities Company Ltd.,K.B.L. Securities Limited ,250,377.0,94250.0,2025-07-14 11:11:52.573936
2025-07-14,68739,2025071404001246,PMHPL,Blue Chip Securities Ltd,Ashutosh Brokerage & Securities (PVT) Ltd.,10,371.5,3715.0,2025-07-14 11:12:44.341449
2025-07-14,68692,2025071404001263,PMHPL,Blue Chip Securities Ltd,Imperial Securities Company Pvt. Ltd.,490,371.5,182035.0,2025-07-14 11:12:54.094198
2025-07-14,68691,2025071404001264,PMHPL,Kohinoor Investment & Securities Pvt. Ltd.,Imperial Securities Company Pvt. Ltd.,1000,371.0,371000.0,2025-07-14 11:12:54.094248
2025-07-14,68690,2025071404001265,PMHPL,Imperial Securities Company Pvt. Ltd.,Imperial Securities Company Pvt. Ltd.,10,370.4,3704.0,2025-07-14 11:12:54.094277
2025-07-14,68689,2025071404001266,PMHPL,ABC Securities Private Limited,Imperial Securities Company Pvt. Ltd.,40,370.4,14816.0,2025-07-14 11:12:54.094300
2025-07-14,68581,2025071404001299,PMHPL,Prabhu Stock Market Limited,Capital Max Securities Ltd,30,377.8,11334.0,2025-07-14 11:13:14.798266
2025-07-14,68580,2025071404001300,PMHPL,Prabhu Stock Market Limited,Kumari Securities Private Limited,620,378.0,234360.0,2025-07-14 11:13:14.798360
2025-07-14,68579,2025071404001301,PMHPL,Prabhu Stock Market Limited,SHUBHAKAMANA SECURITIES PVT. LTD,350,379.5,132825.0,2025-07-14 11:13:14.798391
2025-07-14,68264,2025071404001419,PMHPL,Sweta Securities Private Limited,Blue Chip Securities Ltd,10,372.0,3720.0,2025-07-14 11:14:04.690248
2025-07-14,68187,2025071404001444,PMHPL,Blue Chip Securities Ltd,Naasa Securities Co. Ltd.,10,379.0,3790.0,2025-07-14 11:14:19.742152
2025-07-14,68075,2025071404001470,PMHPL,Trisul Securities & Invt. Ltd.,Naasa Securities Co. Ltd.,450,379.0,170550.0,2025-07-14 11:14:41.471997
2025-07-14,66537,2025071404001844,PMHPL,Neev Securities Pvt. Ltd.,SHUBHAKAMANA SECURITIES PVT. LTD,250,377.9,94475.0,2025-07-14 11:20:00.925826
2025-07-14,66230,2025071404001912,PMHPL,Neev Securities Pvt. Ltd.,Aryatara Investment & Securities,500,378.0,189000.0,2025-07-14 11:20:58.236165
2025-07-14,66051,2025071404001951,PMHPL,Sani Securities Company Ltd.,Sri Hari Securities Pvt. Ltd.,500,378.0,189000.0,2025-07-14 11:21:36.660679
2025-07-14,65956,2025071404001970,PMHPL,Sani Securities Company Ltd.,Sundhara Securities Limited,30,378.0,11340.0,2025-07-14 11:21:53.179694
2025-07-14,65955,2025071404001971,PMHPL,Neev Securities Pvt. Ltd.,Sundhara Securities Limited,45,378.0,17010.0,2025-07-14 11:21:53.179820
2025-07-14,65866,2025071404001994,PMHPL,Neev Securities Pvt. Ltd.,K.B.L. Securities Limited ,200,378.0,75600.0,2025-07-14 11:22:10.491998
2025-07-14,65710,2025071404002033,PMHPL,Naasa Securities Co. Ltd.,K.B.L. Securities Limited ,100,377.9,37790.0,2025-07-14 11:22:43.599546
2025-07-14,64742,2025071404002275,PMHPL,Infinity Securities Limited,Creative Securities Pvt Ltd,10,375.0,3750.0,2025-07-14 11:25:31.586786
2025-07-14,64682,2025071404002290,PMHPL,Neev Securities Pvt. Ltd.,K.B.L. Securities Limited ,500,377.0,188500.0,2025-07-14 11:25:42.856837
2025-07-14,64681,2025071404002291,PMHPL,Neev Securities Pvt. Ltd.,K.B.L. Securities Limited ,222,378.7,84071.4,2025-07-14 11:25:42.857063
2025-07-14,64680,2025071404002292,PMHPL,Neev Securities Pvt. Ltd.,Agrawal Securities (PVT) Ltd.,20,378.9,7578.0,2025-07-14 11:25:42.857182
2025-07-14,64679,2025071404002293,PMHPL,Neev Securities Pvt. Ltd.,Neev Securities Pvt. Ltd.,10,378.9,3789.0,2025-07-14 11:25:42.857296
2025-07-14,64678,2025071404002294,PMHPL,Neev Securities Pvt. Ltd.,Naasa Securities Co. Ltd.,15,379.0,5685.0,2025-07-14 11:25:42.857442
2025-07-14,64677,2025071404002295,PMHPL,Neev Securities Pvt. Ltd.,Nepal Investment And Securities Trading Private Limited,40,379.0,15160.0,2025-07-14 11:25:42.857562
2025-07-14,64676,2025071404002296,PMHPL,Neev Securities Pvt. Ltd.,NIMB Stock Markets Limited,193,379.0,73147.0,2025-07-14 11:25:42.857690
2025-07-14,63256,2025071404002602,PMHPL,Neev Securities Pvt. Ltd.,K.B.L. Securities Limited ,500,377.0,188500.0,2025-07-14 11:29:48.073975
2025-07-14,63099,2025071404002652,PMHPL,Neev Securities Pvt. Ltd.,Sani Securities Company Ltd.,500,377.0,188500.0,2025-07-14 11:30:21.346502
2025-07-14,62912,2025071404002691,PMHPL,S.P.S.A. Securities Limited,K.B.L. Securities Limited ,228,378.9,86389.2,2025-07-14 11:30:49.727474
2025-07-14,62911,2025071404002692,PMHPL,S.P.S.A. Securities Limited,NIMB Stock Markets Limited,372,379.0,140988.0,2025-07-14 11:30:49.727664
2025-07-14,62742,2025071404002732,PMHPL,NIMB Stock Markets Limited,NIMB Stock Markets Limited,435,379.0,164865.0,2025-07-14 11:31:21.496204
2025-07-14,62741,2025071404002733,PMHPL,NIMB Stock Markets Limited,Neev Securities Pvt. Ltd.,10,379.3,3793.0,2025-07-14 11:31:21.496426
2025-07-14,62740,2025071404002734,PMHPL,NIMB Stock Markets Limited,Naasa Securities Co. Ltd.,55,379.4,20867.0,2025-07-14 11:31:21.496556
2025-07-14,62387,2025071404002840,PMHPL,Capital Max Securities Ltd,K.B.L. Securities Limited ,500,379.0,189500.0,2025-07-14 11:32:20.829056
2025-07-14,62386,2025071404002841,PMHPL,Capital Max Securities Ltd,Naasa Securities Co. Ltd.,100,379.4,37940.0,2025-07-14 11:32:20.829251
2025-07-14,61321,2025071404003167,PMHPL,Thrive Brokerage House Pvt. Ltd,K.B.L. Securities Limited ,333,379.2,126273.6,2025-07-14 11:35:20.340874
2025-07-14,61320,2025071404003168,PMHPL,Thrive Brokerage House Pvt. Ltd,Kumari Securities Private Limited,30,379.3,11379.0,2025-07-14 11:35:20.340981
2025-07-14,61272,2025071404003181,PMHPL,Thrive Brokerage House Pvt. Ltd,Agrawal Securities (PVT) Ltd.,10,379.3,3793.0,2025-07-14 11:35:29.677548
2025-07-14,61271,2025071404003182,PMHPL,Thrive Brokerage House Pvt. Ltd,Nabil Stock Dealer Ltd.,127,379.3,48171.1,2025-07-14 11:35:29.979938
2025-07-14,61242,2025071404003191,PMHPL,Online Securities Pvt. Ltd.,Nabil Stock Dealer Ltd.,10,379.0,3790.0,2025-07-14 11:35:34.652480
2025-07-14,61192,2025071404003197,PMHPL,Capital Max Securities Ltd,Nabil Stock Dealer Ltd.,1213,379.0,459727.0,2025-07-14 11:35:42.506720
2025-07-14,61191,2025071404003198,PMHPL,Capital Max Securities Ltd,KALASH STOCK MARKET PVT. LTD.,100,379.5,37950.0,2025-07-14 11:35:42.506820
2025-07-14,61190,2025071404003199,PMHPL,Capital Max Securities Ltd,K.B.L. Securities Limited ,500,379.5,189750.0,2025-07-14 11:35:42.506865
2025-07-14,61189,2025071404003200,PMHPL,Capital Max Securities Ltd,NIMB Stock Markets Limited,787,379.8,298902.6,2025-07-14 11:35:42.506906
2025-07-14,61037,2025071404003236,PMHPL,Capital Max Securities Ltd,Vision Securities Pvt. Ltd,500,379.3,189650.0,2025-07-14 11:36:13.612863
2025-07-14,60806,2025071404003288,PMHPL,Infinity Securities Limited,Sani Securities Company Ltd.,990,379.0,375210.0,2025-07-14 11:36:54.659874
2025-07-14,60786,2025071404003294,PMHPL,Capital Max Securities Ltd,Sani Securities Company Ltd.,10,379.0,3790.0,2025-07-14 11:37:02.815527
2025-07-14,60785,2025071404003295,PMHPL,Capital Max Securities Ltd,Trisul Securities & Invt. Ltd.,10,379.7,3797.0,2025-07-14 11:37:02.815640
2025-07-14,60784,2025071404003296,PMHPL,Capital Max Securities Ltd,NIMB Stock Markets Limited,1180,379.8,448164.0,2025-07-14 11:37:02.815682
2025-07-14,60593,2025071404003358,PMHPL,Dipshikha Dhitopatra Karobar Co. Pvt Ltd.,K.B.L. Securities Limited ,100,379.5,37950.0,2025-07-14 11:37:32.902995
2025-07-14,60036,2025071404003531,PMHPL,South Asian Bulls Pvt. Ltd.,Pragyan Securities (PVT) Ltd.,150,376.1,56415.0,2025-07-14 11:39:09.415481
2025-07-14,59804,2025071404003590,PMHPL,South Asian Bulls Pvt. Ltd.,Elite Stock House Limited,100,376.1,37610.0,2025-07-14 11:39:54.837982
2025-07-14,59700,2025071404003615,PMHPL,Aryatara Investment & Securities,Trisul Securities & Invt. Ltd.,10,379.0,3790.0,2025-07-14 11:40:10.520173
2025-07-14,59699,2025071404003616,PMHPL,Aryatara Investment & Securities,K.B.L. Securities Limited ,400,379.5,151800.0,2025-07-14 11:40:10.520415
2025-07-14,59698,2025071404003617,PMHPL,Aryatara Investment & Securities,Premier Securities Company Ltd.,590,379.5,223905.0,2025-07-14 11:40:10.520539
2025-07-14,59538,2025071404003660,PMHPL,Trishakti Securities Public Limited,Elite Stock House Limited,100,379.4,37940.0,2025-07-14 11:40:47.800037
2025-07-14,59537,2025071404003661,PMHPL,Trishakti Securities Public Limited,Premier Securities Company Ltd.,900,379.5,341550.0,2025-07-14 11:40:47.800357
2025-07-14,59384,2025071404003688,PMHPL,Trishakti Securities Public Limited,K.B.L. Securities Limited ,222,379.4,84226.8,2025-07-14 11:41:16.971582
2025-07-14,59383,2025071404003689,PMHPL,Trishakti Securities Public Limited,Premier Securities Company Ltd.,10,379.5,3795.0,2025-07-14 11:41:16.971670
2025-07-14,59382,2025071404003690,PMHPL,Trishakti Securities Public Limited,Primo Securities (PVT) Ltd.,768,379.5,291456.0,2025-07-14 11:41:16.971711
2025-07-14,59059,2025071404003779,PMHPL,South Asian Bulls Pvt. Ltd.,Malla & Malla Stock Broking Company Pvt. Limited,140,376.1,52654.0,2025-07-14 11:42:13.457302
2025-07-14,58719,2025071404003867,PMHPL,South Asian Bulls Pvt. Ltd.,Primo Securities (PVT) Ltd.,10,376.1,3761.0,2025-07-14 11:43:05.654951
2025-07-14,58191,2025071404003987,PMHPL,South Asian Bulls Pvt. Ltd.,K.B.L. Securities Limited ,333,376.1,125241.3,2025-07-14 11:44:36.071106
2025-07-14,57719,2025071404004113,PMHPL,South Asian Bulls Pvt. Ltd.,Imperial Securities Company Pvt. Ltd.,50,376.1,18805.0,2025-07-14 11:46:04.578892
2025-07-14,56070,2025071404004473,PMHPL,South Asian Bulls Pvt. Ltd.,Trisul Securities & Invt. Ltd.,200,376.1,75220.0,2025-07-14 11:51:10.902065
2025-07-14,55974,2025071404004504,PMHPL,Blue Chip Securities Ltd,Naasa Securities Co. Ltd.,10,377.9,3779.0,2025-07-14 11:51:28.776257
2025-07-14,55390,2025071404004667,PMHPL,Himalayan Brokerage Company Limited,Naasa Securities Co. Ltd.,435,377.9,164386.5,2025-07-14 11:53:35.562581
2025-07-14,55317,2025071404004686,PMHPL,S.P.S.A. Securities Limited,Naasa Securities Co. Ltd.,90,378.0,34020.0,2025-07-14 11:53:51.275217
2025-07-14,55304,2025071404004688,PMHPL,Sumeru Securities Pvt. Ltd.,Naasa Securities Co. Ltd.,20,378.0,7560.0,2025-07-14 11:53:54.630249
2025-07-14,55296,2025071404004692,PMHPL,Himalayan Brokerage Company Limited,Aryatara Investment & Securities,50,377.9,18895.0,2025-07-14 11:53:55.728693
2025-07-14,54944,2025071404004763,PMHPL,Himalayan Brokerage Company Limited,Malla & Malla Stock Broking Company Pvt. Limited,50,377.9,18895.0,2025-07-14 11:55:05.696121
2025-07-14,54845,2025071404004783,PMHPL,SHUBHAKAMANA SECURITIES PVT. LTD,Naasa Securities Co. Ltd.,390,378.0,147420.0,2025-07-14 11:55:24.669893
2025-07-14,54844,2025071404004784,PMHPL,SHUBHAKAMANA SECURITIES PVT. LTD,Siprabi Securities Pvt. Ltd.,190,379.0,72010.0,2025-07-14 11:55:24.670042
2025-07-14,54843,2025071404004785,PMHPL,SHUBHAKAMANA SECURITIES PVT. LTD,Sweta Securities Private Limited,200,379.7,75940.0,2025-07-14 11:55:24.670090
2025-07-14,54842,2025071404004786,PMHPL,SHUBHAKAMANA SECURITIES PVT. LTD,NIMB Stock Markets Limited,33,379.8,12533.4,2025-07-14 11:55:24.670133
2025-07-14,54841,2025071404004787,PMHPL,SHUBHAKAMANA SECURITIES PVT. LTD,Thrive Brokerage House Pvt. Ltd,100,379.9,37990.0,2025-07-14 11:55:24.670178
2025-07-14,54840,2025071404004788,PMHPL,SHUBHAKAMANA SECURITIES PVT. LTD,S.P.S.A. Securities Limited,50,379.9,18995.0,2025-07-14 11:55:24.670277
2025-07-14,54839,2025071404004789,PMHPL,SHUBHAKAMANA SECURITIES PVT. LTD,Pragyan Securities (PVT) Ltd.,100,380.0,38000.0,2025-07-14 11:55:24.670338
2025-07-14,54838,2025071404004790,PMHPL,SHUBHAKAMANA SECURITIES PVT. LTD,South Asian Bulls Pvt. Ltd.,100,380.0,38000.0,2025-07-14 11:55:24.670378
2025-07-14,54837,2025071404004791,PMHPL,SHUBHAKAMANA SECURITIES PVT. LTD,Midas Stock Broking Company Private Limited,337,380.0,128060.0,2025-07-14 11:55:24.670418
2025-07-14,54710,2025071404004815,PMHPL,Premier Securities Company Ltd.,Midas Stock Broking Company Private Limited,1663,380.0,631940.0,2025-07-14 11:55:43.406626
2025-07-14,54709,2025071404004816,PMHPL,Premier Securities Company Ltd.,Naasa Securities Co. Ltd.,145,380.0,55100.0,2025-07-14 11:55:43.406764
2025-07-14,54708,2025071404004817,PMHPL,Premier Securities Company Ltd.,Aryatara Investment & Securities,50,380.0,19000.0,2025-07-14 11:55:43.406810
2025-07-14,54707,2025071404004818,PMHPL,Premier Securities Company Ltd.,NIMB Stock Markets Limited,2000,381.0,762000.0,2025-07-14 11:55:43.406855
2025-07-14,54706,2025071404004819,PMHPL,Premier Securities Company Ltd.,Thrive Brokerage House Pvt. Ltd,100,381.9,38190.0,2025-07-14 11:55:43.406895
2025-07-14,54705,2025071404004820,PMHPL,Premier Securities Company Ltd.,Vision Securities Pvt. Ltd,980,382.0,374360.0,2025-07-14 11:55:43.406936
2025-07-14,54704,2025071404004821,PMHPL,Premier Securities Company Ltd.,Online Securities Pvt. Ltd.,30,382.0,11460.0,2025-07-14 11:55:43.406976
2025-07-14,54703,2025071404004822,PMHPL,Premier Securities Company Ltd.,Arun Securities (PVT) Ltd.,20,382.0,7640.0,2025-07-14 11:55:43.407016
2025-07-14,54702,2025071404004823,PMHPL,Premier Securities Company Ltd.,Sani Securities Company Ltd.,12,382.0,4584.0,2025-07-14 11:55:43.407054
2025-07-14,54596,2025071404004835,PMHPL,Premier Securities Company Ltd.,Sani Securities Company Ltd.,488,382.0,186416.0,2025-07-14 11:56:02.514110
2025-07-14,54595,2025071404004836,PMHPL,Premier Securities Company Ltd.,K.B.L. Securities Limited ,333,382.4,127339.2,2025-07-14 11:56:02.514206
2025-07-14,54594,2025071404004837,PMHPL,Premier Securities Company Ltd.,NIMB Stock Markets Limited,1500,383.0,574500.0,2025-07-14 11:56:02.514284
2025-07-14,54593,2025071404004838,PMHPL,Premier Securities Company Ltd.,Nepal Investment And Securities Trading Private Limited,50,384.0,19200.0,2025-07-14 11:56:02.514375
2025-07-14,54592,2025071404004839,PMHPL,Premier Securities Company Ltd.,Linch Stock Market Ltd.,500,384.0,192000.0,2025-07-14 11:56:02.514445
2025-07-14,54591,2025071404004840,PMHPL,Premier Securities Company Ltd.,NIMB Stock Markets Limited,1500,384.0,576000.0,2025-07-14 11:56:02.514515
2025-07-14,54590,2025071404004841,PMHPL,Premier Securities Company Ltd.,Dipshikha Dhitopatra Karobar Co. Pvt Ltd.,629,384.5,241850.5,2025-07-14 11:56:02.514586
2025-07-14,54442,2025071404004871,PMHPL,Sharepro Securities Private Limited,Nepal Investment And Securities Trading Private Limited,60,384.0,23040.0,2025-07-14 11:56:25.793631
2025-07-14,54355,2025071404004898,PMHPL,Sharepro Securities Private Limited,Kumari Securities Private Limited,30,384.0,11520.0,2025-07-14 11:56:38.427413
2025-07-14,54274,2025071404004917,PMHPL,Aryatara Investment & Securities,Dipshikha Dhitopatra Karobar Co. Pvt Ltd.,300,384.5,115350.0,2025-07-14 11:56:51.169830
2025-07-14,54240,2025071404004924,PMHPL,Sumeru Securities Pvt. Ltd.,Dipshikha Dhitopatra Karobar Co. Pvt Ltd.,50,384.5,19225.0,2025-07-14 11:56:58.420528
2025-07-14,54118,2025071404004948,PMHPL,Sharepro Securities Private Limited,Midas Stock Broking Company Private Limited,100,384.0,38400.0,2025-07-14 11:57:15.830558
2025-07-14,54072,2025071404004968,PMHPL,Sharepro Securities Private Limited,K.B.L. Securities Limited ,500,384.0,192000.0,2025-07-14 11:57:22.568109
2025-07-14,53984,2025071404004987,PMHPL,Sharepro Securities Private Limited,K.B.L. Securities Limited ,310,384.0,119040.0,2025-07-14 11:57:38.615821
2025-07-14,52950,2025071404005295,PMHPL,Premier Securities Company Ltd.,K.B.L. Securities Limited ,229,383.7,87867.3,2025-07-14 12:01:01.625279
2025-07-14,52388,2025071404005502,PMHPL,Secured Securities Ltd.,K.B.L. Securities Limited ,100,383.0,38300.0,2025-07-14 12:02:57.597806
2025-07-14,52313,2025071404005532,PMHPL,Vision Securities Pvt. Ltd,K.B.L. Securities Limited ,200,383.0,76600.0,2025-07-14 12:03:12.365179
2025-07-14,52197,2025071404005544,PMHPL,Stoxkarts Securities Limited,K.B.L. Securities Limited ,56,383.0,21448.0,2025-07-14 12:03:44.477983
2025-07-14,52196,2025071404005545,PMHPL,Stoxkarts Securities Limited,Online Securities Pvt. Ltd.,17,383.0,6511.0,2025-07-14 12:03:44.478080
2025-07-14,52195,2025071404005546,PMHPL,Stoxkarts Securities Limited,Midas Stock Broking Company Private Limited,100,383.8,38380.0,2025-07-14 12:03:44.478126
2025-07-14,52194,2025071404005547,PMHPL,Stoxkarts Securities Limited,K.B.L. Securities Limited ,190,384.0,72960.0,2025-07-14 12:03:44.478170
2025-07-14,52193,2025071404005548,PMHPL,Stoxkarts Securities Limited,Agrawal Securities (PVT) Ltd.,15,384.0,5760.0,2025-07-14 12:03:44.478242
2025-07-14,52192,2025071404005549,PMHPL,Stoxkarts Securities Limited,Naasa Securities Co. Ltd.,100,385.0,38500.0,2025-07-14 12:03:44.478284
2025-07-14,52191,2025071404005550,PMHPL,Stoxkarts Securities Limited,ABC Securities Private Limited,265,385.0,102025.0,2025-07-14 12:03:44.478347
2025-07-14,52190,2025071404005551,PMHPL,Stoxkarts Securities Limited,Asian Securities Private Ltd.,100,385.0,38500.0,2025-07-14 12:03:44.478390
2025-07-14,52189,2025071404005552,PMHPL,Stoxkarts Securities Limited,Opal Securities Investment (PVT) Ltd.,90,385.0,34650.0,2025-07-14 12:03:44.478431
2025-07-14,52188,2025071404005553,PMHPL,Stoxkarts Securities Limited,Oxford Securities Pvt. Ltd.,50,385.0,19250.0,2025-07-14 12:03:44.478474
2025-07-14,52137,2025071404005579,PMHPL,Stoxkarts Securities Limited,Elite Stock House Limited,1000,386.5,386500.0,2025-07-14 12:03:56.442940
2025-07-14,52073,2025071404005599,PMHPL,Stoxkarts Securities Limited,Elite Stock House Limited,17,387.0,6579.0,2025-07-14 12:04:09.487778
2025-07-14,51954,2025071404005620,PMHPL,J.F. Securites (PVT) Ltd.,K.B.L. Securities Limited ,500,386.0,193000.0,2025-07-14 12:04:46.128444
2025-07-14,51907,2025071404005637,PMHPL,J.F. Securites (PVT) Ltd.,Neev Securities Pvt. Ltd.,10,386.0,3860.0,2025-07-14 12:05:00.274108
2025-07-14,51889,2025071404005641,PMHPL,J.F. Securites (PVT) Ltd.,K.B.L. Securities Limited ,490,386.0,189140.0,2025-07-14 12:05:05.092566
2025-07-14,51800,2025071404005686,PMHPL,Elite Stock House Limited,K.B.L. Securities Limited ,10,386.0,3860.0,2025-07-14 12:05:25.263214
2025-07-14,51194,2025071404005859,PMHPL,Shree Krishna Securities Ltd.,K.B.L. Securities Limited ,150,383.0,57450.0,2025-07-14 12:07:36.628408
2025-07-14,50706,2025071404005991,PMHPL,Kumari Securities Private Limited,K.B.L. Securities Limited ,200,381.1,76220.0,2025-07-14 12:09:41.126995
2025-07-14,50658,2025071404006010,PMHPL,Stoxkarts Securities Limited,K.B.L. Securities Limited ,200,381.0,76200.0,2025-07-14 12:09:56.180240
2025-07-14,50556,2025071404006039,PMHPL,Premier Securities Company Ltd.,K.B.L. Securities Limited ,200,381.1,76220.0,2025-07-14 12:10:17.257148
2025-07-14,49880,2025071404006223,PMHPL,Stoxkarts Securities Limited,K.B.L. Securities Limited ,300,381.0,114300.0,2025-07-14 12:12:59.756017
2025-07-14,49751,2025071404006254,PMHPL,Stoxkarts Securities Limited,K.B.L. Securities Limited ,500,381.0,190500.0,2025-07-14 12:13:38.863306
2025-07-14,49601,2025071404006289,PMHPL,Trishakti Securities Public Limited,K.B.L. Securities Limited ,200,381.0,76200.0,2025-07-14 12:14:17.998405
2025-07-14,49412,2025071404006344,PMHPL,Infinity Securities Limited,K.B.L. Securities Limited ,300,380.2,114060.0,2025-07-14 12:15:13.176506
2025-07-14,49197,2025071404006386,PMHPL,Infinity Securities Limited,Oxford Securities Pvt. Ltd.,50,380.2,19010.0,2025-07-14 12:16:14.722735
2025-07-14,47718,2025071404006817,PMHPL,Sumeru Securities Pvt. Ltd.,Sani Securities Company Ltd.,20,381.0,7620.0,2025-07-14 12:22:38.906981
2025-07-14,47469,2025071404006900,PMHPL,Naasa Securities Co. Ltd.,Sani Securities Company Ltd.,30,381.0,11430.0,2025-07-14 12:23:46.428166
2025-07-14,47286,2025071404007014,PMHPL,Sharepro Securities Private Limited,Sani Securities Company Ltd.,50,381.0,19050.0,2025-07-14 12:24:16.103963
2025-07-14,47285,2025071404007015,PMHPL,Sharepro Securities Private Limited,K.B.L. Securities Limited ,450,382.0,171900.0,2025-07-14 12:24:16.104124
2025-07-14,47242,2025071404007023,PMHPL,Sumeru Securities Pvt. Ltd.,Deevyaa Securities & Stock House Pvt. Ltd,10,381.0,3810.0,2025-07-14 12:24:31.294900
2025-07-14,47165,2025071404007045,PMHPL,Trisul Securities & Invt. Ltd.,K.B.L. Securities Limited ,50,382.0,19100.0,2025-07-14 12:24:55.298815
2025-07-14,47103,2025071404007076,PMHPL,Stoxkarts Securities Limited,Citizens Share Broker Limited,1000,384.8,384800.0,2025-07-14 12:25:12.855285
2025-07-14,46993,2025071404007138,PMHPL,Magnet Securities and Investment Company Private Limited,Elite Stock House Limited,283,384.9,108926.7,2025-07-14 12:25:34.562374
2025-07-14,46992,2025071404007139,PMHPL,Magnet Securities and Investment Company Private Limited,Trisul Securities & Invt. Ltd.,10,385.0,3850.0,2025-07-14 12:25:34.562491
2025-07-14,46991,2025071404007140,PMHPL,Magnet Securities and Investment Company Private Limited,Dynamic Money Managers Securities Pvt. Ltd.,200,385.0,77000.0,2025-07-14 12:25:34.562540
2025-07-14,46990,2025071404007141,PMHPL,Magnet Securities and Investment Company Private Limited,N.M.B. SECURITIES LIMITED,390,385.0,150150.0,2025-07-14 12:25:34.562588
2025-07-14,46989,2025071404007142,PMHPL,Magnet Securities and Investment Company Private Limited,Nepal Stock House (PVT) Ltd.,117,385.0,45045.0,2025-07-14 12:25:34.562641
2025-07-14,46856,2025071404007172,PMHPL,SHUBHAKAMANA SECURITIES PVT. LTD,Nepal Stock House (PVT) Ltd.,883,385.0,339955.0,2025-07-14 12:26:09.894404
2025-07-14,45931,2025071404007456,PMHPL,Deevyaa Securities & Stock House Pvt. Ltd,K.B.L. Securities Limited ,100,385.0,38500.0,2025-07-14 12:30:41.036624
2025-07-14,45905,2025071404007462,PMHPL,Premier Securities Company Ltd.,K.B.L. Securities Limited ,62,385.0,23870.0,2025-07-14 12:30:45.767939
2025-07-14,45904,2025071404007463,PMHPL,Premier Securities Company Ltd.,Imperial Securities Company Pvt. Ltd.,188,386.8,72718.4,2025-07-14 12:30:45.768061
2025-07-14,44624,2025071404007857,PMHPL,Arun Securities (PVT) Ltd.,Nepal Investment And Securities Trading Private Limited,40,386.0,15440.0,2025-07-14 12:36:39.217103
2025-07-14,44623,2025071404007858,PMHPL,Arun Securities (PVT) Ltd.,Malla & Malla Stock Broking Company Pvt. Limited,50,387.0,19350.0,2025-07-14 12:36:39.217342
2025-07-14,44622,2025071404007859,PMHPL,Arun Securities (PVT) Ltd.,Vision Securities Pvt. Ltd,105,387.0,40635.0,2025-07-14 12:36:39.217537
2025-07-14,44484,2025071404007901,PMHPL,Stoxkarts Securities Limited,K.B.L. Securities Limited ,300,386.9,116070.0,2025-07-14 12:37:28.903258
2025-07-14,44483,2025071404007902,PMHPL,Stoxkarts Securities Limited,Vision Securities Pvt. Ltd,395,387.0,152865.0,2025-07-14 12:37:28.903443
2025-07-14,44432,2025071404007915,PMHPL,Magnet Securities and Investment Company Private Limited,Nepal Investment And Securities Trading Private Limited,100,389.0,38900.0,2025-07-14 12:37:40.608173
2025-07-14,44269,2025071404007949,PMHPL,Stoxkarts Securities Limited,Kumari Securities Private Limited,30,389.0,11670.0,2025-07-14 12:38:16.039621
2025-07-14,44268,2025071404007950,PMHPL,Stoxkarts Securities Limited,Vision Securities Pvt. Ltd,275,389.0,106975.0,2025-07-14 12:38:16.039764
2025-07-14,44073,2025071404007998,PMHPL,Elite Stock House Limited,Vision Securities Pvt. Ltd,135,389.0,52515.0,2025-07-14 12:39:08.272668
2025-07-14,43432,2025071404008186,PMHPL,Dakshinkali Investment & Securities Pvt. Ltd.,Sweta Securities Private Limited,50,386.0,19300.0,2025-07-14 12:41:52.956579
2025-07-14,43431,2025071404008187,PMHPL,Kohinoor Investment & Securities Pvt. Ltd.,Sweta Securities Private Limited,450,386.0,173700.0,2025-07-14 12:41:52.956738
2025-07-14,43409,2025071404008195,PMHPL,Cristal Kanchanjanga Securites Pvt. Ltd.,Nepal Investment And Securities Trading Private Limited,40,389.0,15560.0,2025-07-14 12:41:57.505192
2025-07-14,43408,2025071404008196,PMHPL,Cristal Kanchanjanga Securites Pvt. Ltd.,Thrive Brokerage House Pvt. Ltd,100,389.0,38900.0,2025-07-14 12:41:57.505459
2025-07-14,43407,2025071404008197,PMHPL,Cristal Kanchanjanga Securites Pvt. Ltd.,Imperial Securities Company Pvt. Ltd.,10,389.0,3890.0,2025-07-14 12:41:57.505604
2025-07-14,43406,2025071404008198,PMHPL,Cristal Kanchanjanga Securites Pvt. Ltd.,Kumari Securities Private Limited,10,389.0,3890.0,2025-07-14 12:41:57.505796
2025-07-14,43405,2025071404008199,PMHPL,Cristal Kanchanjanga Securites Pvt. Ltd.,Imperial Securities Company Pvt. Ltd.,200,389.9,77980.0,2025-07-14 12:41:57.506029
2025-07-14,43404,2025071404008200,PMHPL,Cristal Kanchanjanga Securites Pvt. Ltd.,Bhrikuti Stock Broking Co. Pvt. Ltd.,40,389.9,15596.0,2025-07-14 12:41:57.506228
2025-07-14,43043,2025071404008341,PMHPL,Sani Securities Company Ltd.,Bhrikuti Stock Broking Co. Pvt. Ltd.,60,389.9,23394.0,2025-07-14 12:43:46.132864
2025-07-14,43042,2025071404008342,PMHPL,Sani Securities Company Ltd.,Blue Chip Securities Ltd,500,389.9,194950.0,2025-07-14 12:43:46.132995
2025-07-14,43041,2025071404008343,PMHPL,Sani Securities Company Ltd.,SHUBHAKAMANA SECURITIES PVT. LTD,1000,390.0,390000.0,2025-07-14 12:43:46.133045
2025-07-14,43040,2025071404008344,PMHPL,Sani Securities Company Ltd.,Aryatara Investment & Securities,50,390.0,19500.0,2025-07-14 12:43:46.133203
2025-07-14,43039,2025071404008345,PMHPL,Sani Securities Company Ltd.,Trisul Securities & Invt. Ltd.,20,390.0,7800.0,2025-07-14 12:43:46.133260
2025-07-14,43038,2025071404008346,PMHPL,Sani Securities Company Ltd.,K.B.L. Securities Limited ,120,390.0,46800.0,2025-07-14 12:43:46.133309
2025-07-14,42980,2025071404008372,PMHPL,Premier Securities Company Ltd.,K.B.L. Securities Limited ,11,386.1,4247.1,2025-07-14 12:44:03.482268
2025-07-14,42877,2025071404008420,PMHPL,Linch Stock Market Ltd.,K.B.L. Securities Limited ,380,390.0,148200.0,2025-07-14 12:44:42.272902
2025-07-14,42876,2025071404008421,PMHPL,Linch Stock Market Ltd.,Vision Securities Pvt. Ltd,50,390.0,19500.0,2025-07-14 12:44:42.273019
2025-07-14,42875,2025071404008422,PMHPL,Linch Stock Market Ltd.,J.F. Securites (PVT) Ltd.,570,391.5,223155.0,2025-07-14 12:44:42.273069
2025-07-14,42801,2025071404008441,PMHPL,Sani Securities Company Ltd.,K.B.L. Securities Limited ,489,390.0,190710.0,2025-07-14 12:45:08.673527
2025-07-14,42707,2025071404008454,PMHPL,Sani Securities Company Ltd.,Trishakti Securities Public Limited,141,390.0,54990.0,2025-07-14 12:45:29.812676
2025-07-14,42678,2025071404008470,PMHPL,Sumeru Securities Pvt. Ltd.,Trishakti Securities Public Limited,10,390.0,3900.0,2025-07-14 12:45:37.646506
2025-07-14,42677,2025071404008471,PMHPL,Sani Securities Company Ltd.,Trishakti Securities Public Limited,367,390.0,143130.0,2025-07-14 12:45:38.268157
2025-07-14,42612,2025071404008504,PMHPL,Kohinoor Investment & Securities Pvt. Ltd.,J.F. Securites (PVT) Ltd.,1000,391.5,391500.0,2025-07-14 12:45:49.897958
2025-07-14,42589,2025071404008508,PMHPL,Sumeru Securities Pvt. Ltd.,J.F. Securites (PVT) Ltd.,10,391.5,3915.0,2025-07-14 12:45:57.726869
2025-07-14,42560,2025071404008519,PMHPL,Kohinoor Investment & Securities Pvt. Ltd.,J.F. Securites (PVT) Ltd.,420,391.5,164430.0,2025-07-14 12:46:08.993334
2025-07-14,42559,2025071404008520,PMHPL,Kohinoor Investment & Securities Pvt. Ltd.,Bhrikuti Stock Broking Co. Pvt. Ltd.,170,392.0,66640.0,2025-07-14 12:46:08.993557
2025-07-14,42558,2025071404008521,PMHPL,Sani Securities Company Ltd.,Trishakti Securities Public Limited,1000,391.0,391000.0,2025-07-14 12:46:09.087552
2025-07-14,42486,2025071404008558,PMHPL,Sani Securities Company Ltd.,Bhrikuti Stock Broking Co. Pvt. Ltd.,330,392.0,129360.0,2025-07-14 12:46:22.869553
2025-07-14,42438,2025071404008577,PMHPL,Sani Securities Company Ltd.,K.B.L. Securities Limited ,200,392.0,78400.0,2025-07-14 12:46:33.951203
2025-07-14,42403,2025071404008585,PMHPL,Sani Securities Company Ltd.,J.F. Securites (PVT) Ltd.,970,392.5,380725.0,2025-07-14 12:46:48.097502
2025-07-14,42365,2025071404008596,PMHPL,Shree Krishna Securities Ltd.,J.F. Securites (PVT) Ltd.,500,392.5,196250.0,2025-07-14 12:46:59.734940
2025-07-14,42345,2025071404008606,PMHPL,Sani Securities Company Ltd.,J.F. Securites (PVT) Ltd.,30,392.5,11775.0,2025-07-14 12:47:01.249864
2025-07-14,42239,2025071404008625,PMHPL,Sani Securities Company Ltd.,South Asian Bulls Pvt. Ltd.,33,392.7,12959.1,2025-07-14 12:47:27.565347
2025-07-14,41956,2025071404008713,PMHPL,Naasa Securities Co. Ltd.,Nepal Investment And Securities Trading Private Limited,10,392.0,3920.0,2025-07-14 12:48:57.345145
2025-07-14,41934,2025071404008724,PMHPL,Premier Securities Company Ltd.,Nepal Investment And Securities Trading Private Limited,30,392.0,11760.0,2025-07-14 12:49:05.814041
2025-07-14,41863,2025071404008756,PMHPL,Kumari Securities Private Limited,South Asian Bulls Pvt. Ltd.,167,392.7,65580.9,2025-07-14 12:49:29.405393
2025-07-14,41862,2025071404008757,PMHPL,Kumari Securities Private Limited,Vision Securities Pvt. Ltd,100,392.7,39270.0,2025-07-14 12:49:29.405516
2025-07-14,41640,2025071404008834,PMHPL,Kohinoor Investment & Securities Pvt. Ltd.,Naasa Securities Co. Ltd.,300,393.7,118110.0,2025-07-14 12:50:19.060573
2025-07-14,41639,2025071404008835,PMHPL,Kohinoor Investment & Securities Pvt. Ltd.,J.F. Securites (PVT) Ltd.,2500,393.7,984250.0,2025-07-14 12:50:19.060836
2025-07-14,41634,2025071404008838,PMHPL,Premier Securities Company Ltd.,Citizens Share Broker Limited,500,394.0,197000.0,2025-07-14 12:50:20.233541
2025-07-14,41535,2025071404008867,PMHPL,Aryatara Investment & Securities,Citizens Share Broker Limited,130,394.0,51220.0,2025-07-14 12:50:43.989619
2025-07-14,41528,2025071404008869,PMHPL,Sani Securities Company Ltd.,Citizens Share Broker Limited,370,394.0,145780.0,2025-07-14 12:50:44.851502
2025-07-14,41441,2025071404008895,PMHPL,J.F. Securites (PVT) Ltd.,Nepal Investment And Securities Trading Private Limited,60,396.0,23760.0,2025-07-14 12:51:11.771130
2025-07-14,41440,2025071404008896,PMHPL,J.F. Securites (PVT) Ltd.,Pragyan Securities (PVT) Ltd.,100,396.0,39600.0,2025-07-14 12:51:11.771261
2025-07-14,41439,2025071404008897,PMHPL,J.F. Securites (PVT) Ltd.,Midas Stock Broking Company Private Limited,840,397.0,333480.0,2025-07-14 12:51:11.771310
2025-07-14,41428,2025071404008901,PMHPL,Online Securities Pvt. Ltd.,Midas Stock Broking Company Private Limited,160,397.0,63520.0,2025-07-14 12:51:14.856611
2025-07-14,41427,2025071404008902,PMHPL,Online Securities Pvt. Ltd.,Trishakti Securities Public Limited,95,397.0,37715.0,2025-07-14 12:51:14.856834
2025-07-14,41373,2025071404008927,PMHPL,Magnet Securities and Investment Company Private Limited,Online Securities Pvt. Ltd.,500,398.0,199000.0,2025-07-14 12:51:28.351394
2025-07-14,41372,2025071404008928,PMHPL,Magnet Securities and Investment Company Private Limited,Nepal Investment And Securities Trading Private Limited,60,399.0,23940.0,2025-07-14 12:51:28.351606
2025-07-14,41371,2025071404008929,PMHPL,Magnet Securities and Investment Company Private Limited,Agrawal Securities (PVT) Ltd.,40,400.0,16000.0,2025-07-14 12:51:28.351740
2025-07-14,41087,2025071404008991,PMHPL,Premier Securities Company Ltd.,Hatemalo Financial Services Private Limited,500,399.9,199950.0,2025-07-14 12:52:47.974891
2025-07-14,40957,2025071404009028,PMHPL,Sani Securities Company Ltd.,Hatemalo Financial Services Private Limited,300,399.9,119970.0,2025-07-14 12:53:17.345435
2025-07-14,40956,2025071404009029,PMHPL,Sani Securities Company Ltd.,Naasa Securities Co. Ltd.,1000,399.9,399900.0,2025-07-14 12:53:17.345538
2025-07-14,40955,2025071404009030,PMHPL,Sani Securities Company Ltd.,Aryatara Investment & Securities,50,400.0,20000.0,2025-07-14 12:53:17.345584
2025-07-14,40954,2025071404009031,PMHPL,Sani Securities Company Ltd.,Vision Securities Pvt. Ltd,121,400.0,48400.0,2025-07-14 12:53:17.345627
2025-07-14,40926,2025071404009038,PMHPL,Sani Securities Company Ltd.,K.B.L. Securities Limited ,89,400.0,35600.0,2025-07-14 12:53:18.640820
2025-07-14,40887,2025071404009064,PMHPL,Sumeru Securities Pvt. Ltd.,K.B.L. Securities Limited ,10,399.8,3998.0,2025-07-14 12:53:27.409149
2025-07-14,40569,2025071404009168,PMHPL,Miyo Securities Pvt Ltd,Pragyan Securities (PVT) Ltd.,10,399.0,3990.0,2025-07-14 12:54:40.084694
2025-07-14,40341,2025071404009240,PMHPL,Dakshinkali Investment & Securities Pvt. Ltd.,Pragyan Securities (PVT) Ltd.,50,395.1,19755.0,2025-07-14 12:55:33.206945
2025-07-14,40340,2025071404009241,PMHPL,Naasa Securities Co. Ltd.,Pragyan Securities (PVT) Ltd.,20,395.0,7900.0,2025-07-14 12:55:33.207102
2025-07-14,40339,2025071404009242,PMHPL,Imperial Securities Company Pvt. Ltd.,Pragyan Securities (PVT) Ltd.,50,394.5,19725.0,2025-07-14 12:55:33.207154
2025-07-14,40058,2025071404009346,PMHPL,Kumari Securities Private Limited,South Asian Bulls Pvt. Ltd.,10,392.7,3927.0,2025-07-14 12:56:40.334882
2025-07-14,39630,2025071404009483,PMHPL,Kumari Securities Private Limited,Pragyan Securities (PVT) Ltd.,80,392.7,31416.0,2025-07-14 12:58:17.270891
2025-07-14,39416,2025071404009539,PMHPL,Kumari Securities Private Limited,Malla & Malla Stock Broking Company Pvt. Limited,10,392.7,3927.0,2025-07-14 12:59:01.256328
2025-07-14,39177,2025071404009594,PMHPL,Siprabi Securities Pvt. Ltd.,Trishakti Securities Public Limited,50,393.0,19650.0,2025-07-14 13:00:05.858080
2025-07-14,39176,2025071404009595,PMHPL,Kumari Securities Private Limited,Trishakti Securities Public Limited,33,392.7,12959.1,2025-07-14 13:00:05.858150
2025-07-14,39175,2025071404009596,PMHPL,Aakashbhairab Securities Ltd.,Trishakti Securities Public Limited,417,392.7,163755.9,2025-07-14 13:00:05.858188
2025-07-14,38996,2025071404009645,PMHPL,Asian Securities Private Ltd.,Imperial Securities Company Pvt. Ltd.,80,396.5,31720.0,2025-07-14 13:01:07.128105
2025-07-14,38995,2025071404009646,PMHPL,Asian Securities Private Ltd.,Imperial Securities Company Pvt. Ltd.,45,396.5,17842.5,2025-07-14 13:01:07.128197
2025-07-14,37856,2025071404010060,PMHPL,Aakashbhairab Securities Ltd.,Sumeru Securities Pvt. Ltd.,83,392.7,32594.1,2025-07-14 13:06:32.377816
2025-07-14,37855,2025071404010061,PMHPL,Thrive Brokerage House Pvt. Ltd,Sumeru Securities Pvt. Ltd.,500,390.5,195250.0,2025-07-14 13:06:32.378061
2025-07-14,37854,2025071404010062,PMHPL,Sani Securities Company Ltd.,Sumeru Securities Pvt. Ltd.,500,390.0,195000.0,2025-07-14 13:06:32.378219
2025-07-14,37853,2025071404010063,PMHPL,Naasa Securities Co. Ltd.,Sumeru Securities Pvt. Ltd.,10,390.0,3900.0,2025-07-14 13:06:32.378395
2025-07-14,37852,2025071404010064,PMHPL,Aakashbhairab Securities Ltd.,Sumeru Securities Pvt. Ltd.,407,389.0,158323.0,2025-07-14 13:06:32.378531
2025-07-14,37164,2025071404010306,PMHPL,Trishakti Securities Public Limited,Imperial Securities Company Pvt. Ltd.,1000,390.0,390000.0,2025-07-14 13:10:00.312694
2025-07-14,35858,2025071404010745,PMHPL,Dipshikha Dhitopatra Karobar Co. Pvt Ltd.,Sweta Securities Private Limited,90,390.0,35100.0,2025-07-14 13:16:13.853701
2025-07-14,35593,2025071404010807,PMHPL,Aakashbhairab Securities Ltd.,Primo Securities (PVT) Ltd.,93,389.0,36177.0,2025-07-14 13:17:14.974808
2025-07-14,35592,2025071404010808,PMHPL,Sumeru Securities Pvt. Ltd.,Primo Securities (PVT) Ltd.,30,387.0,11610.0,2025-07-14 13:17:14.974964
2025-07-14,35591,2025071404010809,PMHPL,Dakshinkali Investment & Securities Pvt. Ltd.,Primo Securities (PVT) Ltd.,59,387.0,22833.0,2025-07-14 13:17:14.975020
2025-07-14,35527,2025071404010833,PMHPL,Dakshinkali Investment & Securities Pvt. Ltd.,Primo Securities (PVT) Ltd.,441,387.0,170667.0,2025-07-14 13:17:36.063886
2025-07-14,35453,2025071404010872,PMHPL,Magnet Securities and Investment Company Private Limited,Aryatara Investment & Securities,93,386.7,35963.1,2025-07-14 13:18:02.270898
2025-07-14,35403,2025071404010891,PMHPL,Kumari Securities Private Limited,Aryatara Investment & Securities,407,386.7,157386.9,2025-07-14 13:18:17.792491
2025-07-14,35272,2025071404010951,PMHPL,Kumari Securities Private Limited,Kohinoor Investment & Securities Pvt. Ltd.,10,386.7,3867.0,2025-07-14 13:18:47.007783
2025-07-14,34676,2025071404011106,PMHPL,Kumari Securities Private Limited,Dynamic Money Managers Securities Pvt. Ltd.,10,386.9,3869.0,2025-07-14 13:20:56.958933
2025-07-14,34235,2025071404011221,PMHPL,Kumari Securities Private Limited,Online Securities Pvt. Ltd.,73,386.9,28243.7,2025-07-14 13:22:52.100120
2025-07-14,34234,2025071404011222,PMHPL,Dynamic Money Managers Securities Pvt. Ltd.,Online Securities Pvt. Ltd.,500,386.2,193100.0,2025-07-14 13:22:52.100305
2025-07-14,34233,2025071404011223,PMHPL,Creative Securities Pvt Ltd,Online Securities Pvt. Ltd.,100,386.2,38620.0,2025-07-14 13:22:52.100416
2025-07-14,34232,2025071404011224,PMHPL,Dakshinkali Investment & Securities Pvt. Ltd.,Online Securities Pvt. Ltd.,500,386.1,193050.0,2025-07-14 13:22:52.100473
2025-07-14,34231,2025071404011225,PMHPL,Secured Securities Ltd.,Online Securities Pvt. Ltd.,85,386.0,32810.0,2025-07-14 13:22:52.100535
2025-07-14,34219,2025071404011226,PMHPL,Secured Securities Ltd.,Sumeru Securities Pvt. Ltd.,200,386.0,77200.0,2025-07-14 13:22:56.099190
2025-07-14,34177,2025071404011231,PMHPL,Secured Securities Ltd.,Trishakti Securities Public Limited,35,386.0,13510.0,2025-07-14 13:23:11.188137
2025-07-14,34176,2025071404011232,PMHPL,Imperial Securities Company Pvt. Ltd.,Trishakti Securities Public Limited,1100,386.0,424600.0,2025-07-14 13:23:11.188329
2025-07-14,34175,2025071404011233,PMHPL,Sani Securities Company Ltd.,Trishakti Securities Public Limited,300,386.0,115800.0,2025-07-14 13:23:11.188387
2025-07-14,34152,2025071404011237,PMHPL,Kumari Securities Private Limited,Trishakti Securities Public Limited,400,386.0,154400.0,2025-07-14 13:23:12.987668
2025-07-14,34108,2025071404011246,PMHPL,Dakshinkali Investment & Securities Pvt. Ltd.,Trishakti Securities Public Limited,165,386.0,63690.0,2025-07-14 13:23:31.304901
2025-07-14,34085,2025071404011257,PMHPL,Dakshinkali Investment & Securities Pvt. Ltd.,Aakashbhairab Securities Ltd.,335,386.0,129310.0,2025-07-14 13:23:38.582710
2025-07-14,34084,2025071404011258,PMHPL,Aryatara Investment & Securities,Aakashbhairab Securities Ltd.,291,385.5,112180.5,2025-07-14 13:23:38.582772
2025-07-14,34028,2025071404011275,PMHPL,Blue Chip Securities Ltd,Primo Securities (PVT) Ltd.,10,387.0,3870.0,2025-07-14 13:23:56.747839
2025-07-14,33316,2025071404011496,PMHPL,Sharepro Securities Private Limited,Primo Securities (PVT) Ltd.,49,387.0,18963.0,2025-07-14 13:26:55.707744
2025-07-14,33315,2025071404011497,PMHPL,Sharepro Securities Private Limited,Market Securities & Exchange (PVT) Ltd.,20,387.0,7740.0,2025-07-14 13:26:55.708007
2025-07-14,33314,2025071404011498,PMHPL,Sharepro Securities Private Limited,Trishakti Securities Public Limited,700,387.0,270900.0,2025-07-14 13:26:55.708170
2025-07-14,32924,2025071404011683,PMHPL,Blue Chip Securities Ltd,Himalayan Brokerage Company Limited,10,390.0,3900.0,2025-07-14 13:28:15.530421
2025-07-14,32865,2025071404011701,PMHPL,Sharepro Securities Private Limited,Sani Securities Company Ltd.,231,387.0,89397.0,2025-07-14 13:28:26.275147
2025-07-14,32864,2025071404011702,PMHPL,Premier Securities Company Ltd.,Sani Securities Company Ltd.,22,387.0,8514.0,2025-07-14 13:28:26.275324
2025-07-14,32821,2025071404011704,PMHPL,Blue Chip Securities Ltd,Himalayan Brokerage Company Limited,10,390.0,3900.0,2025-07-14 13:28:35.588824
2025-07-14,32571,2025071404011822,PMHPL,Naasa Securities Co. Ltd.,Himalayan Brokerage Company Limited,13,390.0,5070.0,2025-07-14 13:29:20.814514
2025-07-14,32533,2025071404011835,PMHPL,Online Securities Pvt. Ltd.,Himalayan Brokerage Company Limited,17,390.0,6630.0,2025-07-14 13:29:34.435936
2025-07-14,32532,2025071404011836,PMHPL,Online Securities Pvt. Ltd.,Property Wiard Limited,500,390.0,195000.0,2025-07-14 13:29:34.436065
2025-07-14,32531,2025071404011837,PMHPL,Online Securities Pvt. Ltd.,Market Securities & Exchange (PVT) Ltd.,20,390.0,7800.0,2025-07-14 13:29:34.436134
2025-07-14,32429,2025071404011853,PMHPL,K.B.L. Securities Limited ,SHUBHAKAMANA SECURITIES PVT. LTD,290,392.0,113680.0,2025-07-14 13:30:05.815453
2025-07-14,32337,2025071404011884,PMHPL,Online Securities Pvt. Ltd.,Trishakti Securities Public Limited,1500,390.0,585000.0,2025-07-14 13:30:27.905433
2025-07-14,32289,2025071404011893,PMHPL,Blue Chip Securities Ltd,Imperial Securities Company Pvt. Ltd.,10,391.9,3919.0,2025-07-14 13:30:45.990619
2025-07-14,32288,2025071404011894,PMHPL,Online Securities Pvt. Ltd.,Elite Stock House Limited,100,390.0,39000.0,2025-07-14 13:30:46.255162
2025-07-14,32201,2025071404011935,PMHPL,Blue Chip Securities Ltd,Imperial Securities Company Pvt. Ltd.,10,391.9,3919.0,2025-07-14 13:31:07.047952
2025-07-14,32138,2025071404011945,PMHPL,Online Securities Pvt. Ltd.,Imperial Securities Company Pvt. Ltd.,280,390.0,109200.0,2025-07-14 13:31:21.083475
2025-07-14,32062,2025071404011957,PMHPL,Online Securities Pvt. Ltd.,Linch Stock Market Ltd.,29,390.0,11310.0,2025-07-14 13:31:34.160798
2025-07-14,31736,2025071404012074,PMHPL,Online Securities Pvt. Ltd.,Vision Securities Pvt. Ltd,54,390.0,21060.0,2025-07-14 13:32:58.718043
2025-07-14,31735,2025071404012075,PMHPL,Sani Securities Company Ltd.,Vision Securities Pvt. Ltd,760,390.0,296400.0,2025-07-14 13:32:58.718198
2025-07-14,31734,2025071404012076,PMHPL,Online Securities Pvt. Ltd.,Vision Securities Pvt. Ltd,186,390.0,72540.0,2025-07-14 13:32:58.718260
2025-07-14,31729,2025071404012078,PMHPL,Online Securities Pvt. Ltd.,Imperial Securities Company Pvt. Ltd.,314,390.0,122460.0,2025-07-14 13:33:02.317013
2025-07-14,31728,2025071404012079,PMHPL,Premier Securities Company Ltd.,Imperial Securities Company Pvt. Ltd.,186,387.0,71982.0,2025-07-14 13:33:02.317056
2025-07-14,31683,2025071404012094,PMHPL,Aryatara Investment & Securities,SHUBHAKAMANA SECURITIES PVT. LTD,60,392.0,23520.0,2025-07-14 13:33:12.343819
2025-07-14,31214,2025071404012262,PMHPL,Imperial Securities Company Pvt. Ltd.,SHUBHAKAMANA SECURITIES PVT. LTD,500,391.8,195900.0,2025-07-14 13:34:56.110027
2025-07-14,31213,2025071404012263,PMHPL,Imperial Securities Company Pvt. Ltd.,Imperial Securities Company Pvt. Ltd.,167,391.8,65430.6,2025-07-14 13:34:56.110178
2025-07-14,31212,2025071404012264,PMHPL,Imperial Securities Company Pvt. Ltd.,Naasa Securities Co. Ltd.,560,391.9,219464.0,2025-07-14 13:34:56.110237
2025-07-14,31211,2025071404012265,PMHPL,Imperial Securities Company Pvt. Ltd.,SHUBHAKAMANA SECURITIES PVT. LTD,150,392.0,58800.0,2025-07-14 13:34:56.110299
2025-07-14,31210,2025071404012266,PMHPL,Imperial Securities Company Pvt. Ltd.,Oxford Securities Pvt. Ltd.,300,392.0,117600.0,2025-07-14 13:34:56.110374
2025-07-14,31209,2025071404012267,PMHPL,Imperial Securities Company Pvt. Ltd.,Naasa Securities Co. Ltd.,10,392.0,3920.0,2025-07-14 13:34:56.110420
2025-07-14,31208,2025071404012268,PMHPL,Imperial Securities Company Pvt. Ltd.,Cristal Kanchanjanga Securites Pvt. Ltd.,313,392.0,122696.0,2025-07-14 13:34:56.110475
2025-07-14,30698,2025071404012428,PMHPL,Naasa Securities Co. Ltd.,K.B.L. Securities Limited ,150,390.0,58500.0,2025-07-14 13:36:43.039917
2025-07-14,30595,2025071404012468,PMHPL,Premier Securities Company Ltd.,Prabhu Stock Market Limited,751,387.0,290637.0,2025-07-14 13:37:09.884549
2025-07-14,30594,2025071404012469,PMHPL,Sani Securities Company Ltd.,Prabhu Stock Market Limited,596,387.0,230652.0,2025-07-14 13:37:09.884803
2025-07-14,30593,2025071404012470,PMHPL,Neev Securities Pvt. Ltd.,Prabhu Stock Market Limited,1000,387.0,387000.0,2025-07-14 13:37:09.884962
2025-07-14,30458,2025071404012536,PMHPL,Aryatara Investment & Securities,S.P.S.A. Securities Limited,10,385.5,3855.0,2025-07-14 13:37:33.749437
2025-07-14,30313,2025071404012593,PMHPL,Blue Chip Securities Ltd,Prabhu Stock Market Limited,53,387.0,20511.0,2025-07-14 13:38:11.344693
2025-07-14,27834,2025071404013317,PMHPL,Naasa Securities Co. Ltd.,Midas Stock Broking Company Private Limited,100,389.8,38980.0,2025-07-14 13:48:32.750292
2025-07-14,27833,2025071404013318,PMHPL,Naasa Securities Co. Ltd.,Imperial Securities Company Pvt. Ltd.,50,389.8,19490.0,2025-07-14 13:48:32.750339
2025-07-14,27832,2025071404013319,PMHPL,Naasa Securities Co. Ltd.,Dipshikha Dhitopatra Karobar Co. Pvt Ltd.,100,389.9,38990.0,2025-07-14 13:48:32.750370
2025-07-14,27831,2025071404013320,PMHPL,Naasa Securities Co. Ltd.,S.P.S.A. Securities Limited,126,389.9,49127.4,2025-07-14 13:48:32.750397
2025-07-14,22934,2025071404014737,PMHPL,NIMB Stock Markets Limited,Linch Stock Market Ltd.,490,386.2,189238.0,2025-07-14 14:09:24.779599
2025-07-14,22930,2025071404014741,PMHPL,Sani Securities Company Ltd.,Imperial Securities Company Pvt. Ltd.,32,389.7,12470.4,2025-07-14 14:09:25.323207
2025-07-14,22859,2025071404014777,PMHPL,Sri Hari Securities Pvt. Ltd.,Imperial Securities Company Pvt. Ltd.,168,389.7,65469.6,2025-07-14 14:09:44.507131
2025-07-14,21678,2025071404015128,PMHPL,NIMB Stock Markets Limited,Dipshikha Dhitopatra Karobar Co. Pvt Ltd.,10,386.2,3862.0,2025-07-14 14:14:04.258774
2025-07-14,21567,2025071404015170,PMHPL,Blue Chip Securities Ltd,Midas Stock Broking Company Private Limited,10,389.6,3896.0,2025-07-14 14:14:42.285063
2025-07-14,21566,2025071404015171,PMHPL,Blue Chip Securities Ltd,Kumari Securities Private Limited,50,389.8,19490.0,2025-07-14 14:14:42.285131
2025-07-14,21565,2025071404015172,PMHPL,Blue Chip Securities Ltd,S.P.S.A. Securities Limited,10,389.9,3899.0,2025-07-14 14:14:42.285166
2025-07-14,21013,2025071404015370,PMHPL,Sumeru Securities Pvt. Ltd.,S.P.S.A. Securities Limited,10,389.9,3899.0,2025-07-14 14:17:04.123651
2025-07-14,20776,2025071404015441,PMHPL,INDEX SECURITIES LIMITED,S.P.S.A. Securities Limited,50,389.9,19495.0,2025-07-14 14:18:03.888569
2025-07-14,20669,2025071404015468,PMHPL,INDEX SECURITIES LIMITED,S.P.S.A. Securities Limited,94,389.9,36650.6,2025-07-14 14:18:29.956876
2025-07-14,20668,2025071404015469,PMHPL,INDEX SECURITIES LIMITED,Sani Securities Company Ltd.,280,389.9,109172.0,2025-07-14 14:18:29.956970
2025-07-14,20667,2025071404015470,PMHPL,INDEX SECURITIES LIMITED,Trishakti Securities Public Limited,10,390.0,3900.0,2025-07-14 14:18:29.957008
2025-07-14,20618,2025071404015489,PMHPL,Sumeru Securities Pvt. Ltd.,Trishakti Securities Public Limited,10,390.0,3900.0,2025-07-14 14:18:41.591508
2025-07-14,20572,2025071404015494,PMHPL,INDEX SECURITIES LIMITED,Trishakti Securities Public Limited,60,390.0,23400.0,2025-07-14 14:18:58.099453
2025-07-14,20571,2025071404015495,PMHPL,INDEX SECURITIES LIMITED,Blue Chip Securities Ltd,60,390.0,23400.0,2025-07-14 14:18:58.099541
2025-07-14,20570,2025071404015496,PMHPL,INDEX SECURITIES LIMITED,Vision Securities Pvt. Ltd,50,390.0,19500.0,2025-07-14 14:18:58.099588
2025-07-14,20569,2025071404015497,PMHPL,INDEX SECURITIES LIMITED,Sani Securities Company Ltd.,200,390.0,78000.0,2025-07-14 14:18:58.099611
2025-07-14,20568,2025071404015498,PMHPL,INDEX SECURITIES LIMITED,Trishakti Securities Public Limited,10,391.5,3915.0,2025-07-14 14:18:58.099635
2025-07-14,20057,2025071404015623,PMHPL,J.F. Securites (PVT) Ltd.,Trishakti Securities Public Limited,10,386.2,3862.0,2025-07-14 14:20:38.249215
2025-07-14,19912,2025071404015664,PMHPL,Blue Chip Securities Ltd,Trishakti Securities Public Limited,10,391.5,3915.0,2025-07-14 14:21:02.353339
2025-07-14,19277,2025071404015824,PMHPL,Sumeru Securities Pvt. Ltd.,Blue Chip Securities Ltd,10,386.3,3863.0,2025-07-14 14:23:01.677371
2025-07-14,19276,2025071404015825,PMHPL,J.F. Securites (PVT) Ltd.,Blue Chip Securities Ltd,990,386.2,382338.0,2025-07-14 14:23:01.677412
2025-07-14,19126,2025071404015883,PMHPL,Blue Chip Securities Ltd,Agrawal Securities (PVT) Ltd.,10,391.4,3914.0,2025-07-14 14:23:34.780247
2025-07-14,17682,2025071404016327,PMHPL,INDEX SECURITIES LIMITED,Sri Hari Securities Pvt. Ltd.,373,390.0,145470.0,2025-07-14 14:27:50.465946
2025-07-14,17681,2025071404016328,PMHPL,INDEX SECURITIES LIMITED,Trishakti Securities Public Limited,10,391.1,3911.0,2025-07-14 14:27:50.466077
2025-07-14,17027,2025071404016527,PMHPL,J.F. Securites (PVT) Ltd.,Agrawal Securities (PVT) Ltd.,300,388.9,116670.0,2025-07-14 14:29:51.058455
2025-07-14,16848,2025071404016601,PMHPL,J.F. Securites (PVT) Ltd.,Agrawal Securities (PVT) Ltd.,700,388.9,272230.0,2025-07-14 14:30:22.606578
2025-07-14,16130,2025071404016809,PMHPL,Asian Securities Private Ltd.,K.B.L. Securities Limited ,100,386.2,38620.0,2025-07-14 14:32:17.013472
2025-07-14,16129,2025071404016810,PMHPL,J.F. Securites (PVT) Ltd.,K.B.L. Securities Limited ,12,386.2,4634.4,2025-07-14 14:32:17.013619
2025-07-14,16128,2025071404016811,PMHPL,Dakshinkali Investment & Securities Pvt. Ltd.,K.B.L. Securities Limited ,500,386.1,193050.0,2025-07-14 14:32:17.013697
2025-07-14,16127,2025071404016812,PMHPL,Blue Chip Securities Ltd,K.B.L. Securities Limited ,350,386.1,135135.0,2025-07-14 14:32:17.013758
2025-07-14,16126,2025071404016813,PMHPL,INDEX SECURITIES LIMITED,K.B.L. Securities Limited ,2000,386.1,772200.0,2025-07-14 14:32:17.013821
2025-07-14,16125,2025071404016814,PMHPL,J.F. Securites (PVT) Ltd.,K.B.L. Securities Limited ,10,386.1,3861.0,2025-07-14 14:32:17.013879
2025-07-14,15682,2025071404016939,PMHPL,Dakshinkali Investment & Securities Pvt. Ltd.,K.B.L. Securities Limited ,1000,386.0,386000.0,2025-07-14 14:33:31.778335
2025-07-14,15548,2025071404016971,PMHPL,J.F. Securites (PVT) Ltd.,Online Securities Pvt. Ltd.,26,385.6,10025.6,2025-07-14 14:33:50.182867
2025-07-14,15547,2025071404016972,PMHPL,Aryatara Investment & Securities,Online Securities Pvt. Ltd.,64,385.5,24672.0,2025-07-14 14:33:50.183010
2025-07-14,15439,2025071404016997,PMHPL,Magnet Securities and Investment Company Private Limited,K.B.L. Securities Limited ,200,386.0,77200.0,2025-07-14 14:34:02.500022
2025-07-14,15319,2025071404017033,PMHPL,Blue Chip Securities Ltd,K.B.L. Securities Limited ,600,386.0,231600.0,2025-07-14 14:34:13.984613
2025-07-14,14950,2025071404017160,PMHPL,Capital Max Securities Ltd,K.B.L. Securities Limited ,78,386.0,30108.0,2025-07-14 14:35:01.453174
2025-07-14,14949,2025071404017161,PMHPL,Capital Max Securities Ltd,Premier Securities Company Ltd.,522,388.9,203005.8,2025-07-14 14:35:01.453348
2025-07-14,14388,2025071404017317,PMHPL,Trishakti Securities Public Limited,Sani Securities Company Ltd.,500,387.0,193500.0,2025-07-14 14:36:15.444834
2025-07-14,14151,2025071404017407,PMHPL,Sumeru Securities Pvt. Ltd.,Sani Securities Company Ltd.,10,387.0,3870.0,2025-07-14 14:36:46.909201
2025-07-14,13089,2025071404017715,PMHPL,Aryatara Investment & Securities,Vision Securities Pvt. Ltd,169,385.5,65149.5,2025-07-14 14:39:45.417846
2025-07-14,13088,2025071404017716,PMHPL,J.F. Securites (PVT) Ltd.,Vision Securities Pvt. Ltd,70,385.5,26985.0,2025-07-14 14:39:45.417911
2025-07-14,13087,2025071404017717,PMHPL,Naasa Securities Co. Ltd.,Vision Securities Pvt. Ltd,44,385.5,16962.0,2025-07-14 14:39:45.417933
2025-07-14,13086,2025071404017718,PMHPL,Blue Chip Securities Ltd,Vision Securities Pvt. Ltd,500,385.4,192700.0,2025-07-14 14:39:45.417979
2025-07-14,13085,2025071404017719,PMHPL,Dynamic Money Managers Securities Pvt. Ltd.,Vision Securities Pvt. Ltd,50,385.3,19265.0,2025-07-14 14:39:45.418014
2025-07-14,13084,2025071404017720,PMHPL,Blue Chip Securities Ltd,Vision Securities Pvt. Ltd,237,385.3,91316.1,2025-07-14 14:39:45.418039
2025-07-14,13020,2025071404017737,PMHPL,Blue Chip Securities Ltd,INDEX SECURITIES LIMITED,263,385.3,101333.9,2025-07-14 14:39:57.391946
2025-07-14,13019,2025071404017738,PMHPL,Dynamic Money Managers Securities Pvt. Ltd.,INDEX SECURITIES LIMITED,500,385.2,192600.0,2025-07-14 14:39:57.392012
2025-07-14,13018,2025071404017739,PMHPL,Imperial Securities Company Pvt. Ltd.,INDEX SECURITIES LIMITED,15,385.0,5775.0,2025-07-14 14:39:57.392043
2025-07-14,13017,2025071404017740,PMHPL,Online Securities Pvt. Ltd.,INDEX SECURITIES LIMITED,500,385.0,192500.0,2025-07-14 14:39:57.392071
2025-07-14,13016,2025071404017741,PMHPL,Asian Securities Private Ltd.,INDEX SECURITIES LIMITED,100,385.0,38500.0,2025-07-14 14:39:57.392099
2025-07-14,13015,2025071404017742,PMHPL,Kohinoor Investment & Securities Pvt. Ltd.,INDEX SECURITIES LIMITED,93,385.0,35805.0,2025-07-14 14:39:57.392125
2025-07-14,12924,2025071404017783,PMHPL,Blue Chip Securities Ltd,Naasa Securities Co. Ltd.,10,386.0,3860.0,2025-07-14 14:40:09.622167
2025-07-14,12916,2025071404017786,PMHPL,Kohinoor Investment & Securities Pvt. Ltd.,Sani Securities Company Ltd.,407,385.0,156695.0,2025-07-14 14:40:10.602096
2025-07-14,12877,2025071404017792,PMHPL,Aryatara Investment & Securities,Imperial Securities Company Pvt. Ltd.,10,383.7,3837.0,2025-07-14 14:40:17.100038
2025-07-14,12876,2025071404017793,PMHPL,Sewa Securities Pvt. Ltd.,Imperial Securities Company Pvt. Ltd.,51,383.0,19533.0,2025-07-14 14:40:17.100135
2025-07-14,12875,2025071404017794,PMHPL,Imperial Securities Company Pvt. Ltd.,Imperial Securities Company Pvt. Ltd.,35,382.0,13370.0,2025-07-14 14:40:17.100205
2025-07-14,12874,2025071404017795,PMHPL,Property Wiard Limited,Imperial Securities Company Pvt. Ltd.,50,381.2,19060.0,2025-07-14 14:40:17.100270
2025-07-14,12873,2025071404017796,PMHPL,Kalika Securities Pvt. Ltd.,Imperial Securities Company Pvt. Ltd.,12,380.4,4564.8,2025-07-14 14:40:17.100363
2025-07-14,12872,2025071404017797,PMHPL,Infinity Securities Limited,Imperial Securities Company Pvt. Ltd.,42,380.2,15968.4,2025-07-14 14:40:17.100432
2025-07-14,11295,2025071404018261,PMHPL,Blue Chip Securities Ltd,Naasa Securities Co. Ltd.,50,386.0,19300.0,2025-07-14 14:43:46.235712
2025-07-14,10765,2025071404018389,PMHPL,Kumari Securities Private Limited,Linch Stock Market Ltd.,500,381.1,190550.0,2025-07-14 14:44:45.834494
2025-07-14,10764,2025071404018390,PMHPL,Dakshinkali Investment & Securities Pvt. Ltd.,Linch Stock Market Ltd.,1000,381.0,381000.0,2025-07-14 14:44:45.834589
2025-07-14,10763,2025071404018391,PMHPL,Sani Securities Company Ltd.,Linch Stock Market Ltd.,800,381.0,304800.0,2025-07-14 14:44:45.834617
2025-07-14,10597,2025071404018418,PMHPL,Sani Securities Company Ltd.,Blue Chip Securities Ltd,250,381.0,95250.0,2025-07-14 14:45:02.443352
2025-07-14,10596,2025071404018419,PMHPL,Infinity Securities Limited,Blue Chip Securities Ltd,108,380.2,41061.6,2025-07-14 14:45:02.443494
2025-07-14,10595,2025071404018420,PMHPL,Naasa Securities Co. Ltd.,Blue Chip Securities Ltd,20,380.2,7604.0,2025-07-14 14:45:02.443556
2025-07-14,10594,2025071404018421,PMHPL,Agrawal Securities (PVT) Ltd.,Blue Chip Securities Ltd,162,380.1,61576.2,2025-07-14 14:45:02.443622
2025-07-14,10566,2025071404018437,PMHPL,Blue Chip Securities Ltd,Naasa Securities Co. Ltd.,10,386.0,3860.0,2025-07-14 14:45:08.467258
2025-07-14,10414,2025071404018500,PMHPL,Blue Chip Securities Ltd,Sani Securities Company Ltd.,50,385.9,19295.0,2025-07-14 14:45:30.532471
2025-07-14,10098,2025071404018672,PMHPL,Imperial Securities Company Pvt. Ltd.,Online Securities Pvt. Ltd.,50,385.0,19250.0,2025-07-14 14:46:05.561371
2025-07-14,9910,2025071404018740,PMHPL,Blue Chip Securities Ltd,Sani Securities Company Ltd.,20,385.9,7718.0,2025-07-14 14:46:32.714140
2025-07-14,9863,2025071404018751,PMHPL,Premier Securities Company Ltd.,Sani Securities Company Ltd.,200,385.9,77180.0,2025-07-14 14:46:39.798069
2025-07-14,9649,2025071404018817,PMHPL,SHUBHAKAMANA SECURITIES PVT. LTD,Sani Securities Company Ltd.,13,380.3,4943.9,2025-07-14 14:47:10.710607
2025-07-14,9424,2025071404018916,PMHPL,Blue Chip Securities Ltd,Imperial Securities Company Pvt. Ltd.,20,385.9,7718.0,2025-07-14 14:47:38.952378
2025-07-14,8701,2025071404019184,PMHPL,Premier Securities Company Ltd.,Online Securities Pvt. Ltd.,200,380.4,76080.0,2025-07-14 14:49:11.920841
2025-07-14,8052,2025071404019401,PMHPL,Blue Chip Securities Ltd,Thrive Brokerage House Pvt. Ltd,20,384.0,7680.0,2025-07-14 14:50:34.455055
2025-07-14,6956,2025071404019847,PMHPL,Premier Securities Company Ltd.,Thrive Brokerage House Pvt. Ltd,200,384.0,76800.0,2025-07-14 14:52:27.625939
2025-07-14,6356,2025071404019983,PMHPL,Blue Chip Securities Ltd,Thrive Brokerage House Pvt. Ltd,20,384.0,7680.0,2025-07-14 14:53:23.961434
2025-07-14,5804,2025071404020135,PMHPL,Trishakti Securities Public Limited,Thrive Brokerage House Pvt. Ltd,500,381.1,190550.0,2025-07-14 14:54:19.391861
2025-07-14,5153,2025071404020334,PMHPL,Blue Chip Securities Ltd,K.B.L. Securities Limited ,10,383.9,3839.0,2025-07-14 14:55:12.302649
2025-07-14,5136,2025071404020344,PMHPL,Kalika Securities Pvt. Ltd.,Aakashbhairab Securities Ltd.,300,381.0,114300.0,2025-07-14 14:55:13.209244
2025-07-14,4928,2025071404020429,PMHPL,Trishakti Securities Public Limited,Himalayan Brokerage Company Limited,300,383.0,114900.0,2025-07-14 14:55:30.611403
2025-07-14,4927,2025071404020430,PMHPL,Trishakti Securities Public Limited,K.B.L. Securities Limited ,200,383.9,76780.0,2025-07-14 14:55:30.611452
2025-07-14,4920,2025071404020432,PMHPL,Kalika Securities Pvt. Ltd.,Investment Management Nepal Pvt. Ltd.,100,381.0,38100.0,2025-07-14 14:55:31.519858
2025-07-14,4620,2025071404020513,PMHPL,Blue Chip Securities Ltd,Agrawal Securities (PVT) Ltd.,20,383.5,7670.0,2025-07-14 14:56:01.442527
2025-07-14,4547,2025071404020538,PMHPL,Dipshikha Dhitopatra Karobar Co. Pvt Ltd.,Agrawal Securities (PVT) Ltd.,201,383.5,77083.5,2025-07-14 14:56:08.530648
2025-07-14,4174,2025071404020657,PMHPL,Kalika Securities Pvt. Ltd.,Agrawal Securities (PVT) Ltd.,119,383.5,45636.5,2025-07-14 14:56:37.241907
2025-07-14,4173,2025071404020658,PMHPL,Kalika Securities Pvt. Ltd.,K.B.L. Securities Limited ,81,383.9,31095.9,2025-07-14 14:56:37.242098
2025-07-14,4024,2025071404020693,PMHPL,Blue Chip Securities Ltd,K.B.L. Securities Limited ,20,383.9,7678.0,2025-07-14 14:56:50.607875
2025-07-14,2918,2025071404021019,PMHPL,Vision Securities Pvt. Ltd,K.B.L. Securities Limited ,189,381.0,72009.0,2025-07-14 14:58:07.996480
2025-07-14,2498,2025071404021138,PMHPL,Vision Securities Pvt. Ltd,Naasa Securities Co. Ltd.,111,381.0,42291.0,2025-07-14 14:58:32.167572
2025-07-14,2497,2025071404021139,PMHPL,Online Securities Pvt. Ltd.,Naasa Securities Co. Ltd.,30,381.0,11430.0,2025-07-14 14:58:32.167875
2025-07-14,2496,2025071404021140,PMHPL,Imperial Securities Company Pvt. Ltd.,Naasa Securities Co. Ltd.,89,381.0,33909.0,2025-07-14 14:58:32.168106
2025-07-14,2471,2025071404021148,PMHPL,Blue Chip Securities Ltd,Himalayan Brokerage Company Limited,10,383.0,3830.0,2025-07-14 14:58:33.932003
2025-07-14,2447,2025071404021153,PMHPL,Imperial Securities Company Pvt. Ltd.,Primo Securities (PVT) Ltd.,411,381.0,156591.0,2025-07-14 14:58:34.803025
2025-07-14,2446,2025071404021154,PMHPL,Naasa Securities Co. Ltd.,Primo Securities (PVT) Ltd.,30,381.0,11430.0,2025-07-14 14:58:34.803158
2025-07-14,2053,2025071404021270,PMHPL,Sumeru Securities Pvt. Ltd.,Primo Securities (PVT) Ltd.,10,381.0,3810.0,2025-07-14 14:58:51.264224
2025-07-14,2027,2025071404021282,PMHPL,Shree Krishna Securities Ltd.,Primo Securities (PVT) Ltd.,149,381.0,56769.0,2025-07-14 14:58:52.457232
2025-07-14,2026,2025071404021283,PMHPL,Shree Krishna Securities Ltd.,Himalayan Brokerage Company Limited,90,383.0,34470.0,2025-07-14 14:58:52.457400
2025-07-14,2025,2025071404021284,PMHPL,Shree Krishna Securities Ltd.,Nabil Stock Dealer Ltd.,15,383.8,5757.0,2025-07-14 14:58:52.457460
2025-07-14,2024,2025071404021285,PMHPL,Shree Krishna Securities Ltd.,Nepal Stock House (PVT) Ltd.,230,383.9,88297.0,2025-07-14 14:58:52.457514
2025-07-14,2023,2025071404021286,PMHPL,Shree Krishna Securities Ltd.,NIMB Stock Markets Limited,1986,383.9,762425.4,2025-07-14 14:58:52.457567
2025-07-14,1364,2025071404021516,PMHPL,Agrawal Securities (PVT) Ltd.,Kohinoor Investment & Securities Pvt. Ltd.,138,380.6,52522.8,2025-07-14 14:59:19.880888
2025-07-14,1363,2025071404021517,PMHPL,Vision Securities Pvt. Ltd,Kohinoor Investment & Securities Pvt. Ltd.,100,380.5,38050.0,2025-07-14 14:59:19.881012
2025-07-14,1362,2025071404021518,PMHPL,Premier Securities Company Ltd.,Kohinoor Investment & Securities Pvt. Ltd.,250,380.4,95100.0,2025-07-14 14:59:19.881069
2025-07-14,1361,2025071404021519,PMHPL,SHUBHAKAMANA SECURITIES PVT. LTD,Kohinoor Investment & Securities Pvt. Ltd.,12,380.3,4563.6,2025-07-14 14:59:19.881122
2025-07-14,797,2025071404021700,PMHPL,Siprabi Securities Pvt. Ltd.,Capital Max Securities Ltd,50,380.9,19045.0,2025-07-14 14:59:37.653462
2025-07-14,796,2025071404021701,PMHPL,SHUBHAKAMANA SECURITIES PVT. LTD,Capital Max Securities Ltd,200,380.3,76060.0,2025-07-14 14:59:37.653565
2025-07-14,36,2025071404021953,PMHPL,Shree Krishna Securities Ltd.,Nabil Stock Dealer Ltd.,570,383.8,218766.0,2025-07-14 14:59:58.977871
2025-07-14,5,2025071404021965,PMHPL,Thrive Brokerage House Pvt. Ltd,Trishakti Securities Public Limited,10,382.5,3825.0,2025-07-14 14:59:59.944417
