Date,S.N.,contract_id,symbol,buyer_broker,seller_broker,volume,price,amount,transaction_time
2025-07-14,72441,2025071404000056,PPCL,Imperial Securities Company Pvt. Ltd.,Dakshinkali Investment & Securities Pvt. Ltd.,20,360.0,7200.0,2025-07-14 11:00:35.787592
2025-07-14,72008,2025071404000255,PPCL,Sharepro Securities Private Limited,Imperial Securities Company Pvt. Ltd.,650,360.0,234000.0,2025-07-14 11:02:08.381205
2025-07-14,71445,2025071404000435,PPCL,Aryatara Investment & Securities,Naasa Securities Co. Ltd.,31,360.0,11160.0,2025-07-14 11:04:00.871026
2025-07-14,69260,2025071404001099,PPCL,Sharepro Securities Private Limited,Dakshinkali Investment & Securities Pvt. Ltd.,50,363.9,18195.0,2025-07-14 11:11:04.567064
2025-07-14,69130,2025071404001139,PPCL,Trishakti Securities Public Limited,Kumari Securities Private Limited,100,364.0,36400.0,2025-07-14 11:11:26.326825
2025-07-14,69129,2025071404001140,PPCL,Trishakti Securities Public Limited,Kalika Securities Pvt. Ltd.,308,364.0,112112.0,2025-07-14 11:11:26.326908
2025-07-14,69128,2025071404001141,PPCL,Trishakti Securities Public Limited,Kumari Securities Private Limited,92,364.0,33488.0,2025-07-14 11:11:26.326943
2025-07-14,69062,2025071404001159,PPCL,Market Securities & Exchange (PVT) Ltd.,Kumari Securities Private Limited,408,364.0,148512.0,2025-07-14 11:11:40.666850
2025-07-14,69061,2025071404001160,PPCL,Market Securities & Exchange (PVT) Ltd.,Nepal Stock House (PVT) Ltd.,92,364.0,33488.0,2025-07-14 11:11:40.666935
2025-07-14,68537,2025071404001318,PPCL,Secured Securities Ltd.,Nepal Stock House (PVT) Ltd.,18,364.0,6552.0,2025-07-14 11:13:21.248959
2025-07-14,68536,2025071404001319,PPCL,Secured Securities Ltd.,Agrawal Securities (PVT) Ltd.,20,364.0,7280.0,2025-07-14 11:13:21.249084
2025-07-14,68535,2025071404001320,PPCL,Secured Securities Ltd.,Indira securities pvt. ltd,62,364.9,22623.8,2025-07-14 11:13:21.249123
2025-07-14,68279,2025071404001414,PPCL,Deevyaa Securities & Stock House Pvt. Ltd,Imperial Securities Company Pvt. Ltd.,100,362.1,36210.0,2025-07-14 11:14:01.330684
2025-07-14,68278,2025071404001415,PPCL,Opal Securities Investment (PVT) Ltd.,Imperial Securities Company Pvt. Ltd.,735,362.0,266070.0,2025-07-14 11:14:01.330724
2025-07-14,67878,2025071404001505,PPCL,Naasa Securities Co. Ltd.,Sweta Securities Private Limited,50,363.0,18150.0,2025-07-14 11:15:17.519912
2025-07-14,67761,2025071404001528,PPCL,Opal Securities Investment (PVT) Ltd.,Sweta Securities Private Limited,265,363.0,96195.0,2025-07-14 11:15:43.147562
2025-07-14,67742,2025071404001533,PPCL,Trishakti Securities Public Limited,Sweta Securities Private Limited,100,363.0,36300.0,2025-07-14 11:15:47.652748
2025-07-14,67696,2025071404001550,PPCL,Trishakti Securities Public Limited,Sweta Securities Private Limited,53,363.0,19239.0,2025-07-14 11:15:55.740623
2025-07-14,67201,2025071404001661,PPCL,Sani Securities Company Ltd.,ABC Securities Private Limited,100,364.8,36480.0,2025-07-14 11:17:41.484249
2025-07-14,67029,2025071404001726,PPCL,Secured Securities Ltd.,Premier Securities Company Ltd.,100,364.7,36470.0,2025-07-14 11:18:20.793648
2025-07-14,66950,2025071404001747,PPCL,Sani Securities Company Ltd.,Premier Securities Company Ltd.,200,364.7,72940.0,2025-07-14 11:18:38.161517
2025-07-14,66612,2025071404001832,PPCL,Kumari Securities Private Limited,Cristal Kanchanjanga Securites Pvt. Ltd.,10,363.0,3630.0,2025-07-14 11:19:47.562900
2025-07-14,66378,2025071404001877,PPCL,Opal Securities Investment (PVT) Ltd.,Indira securities pvt. ltd,270,364.9,98523.0,2025-07-14 11:20:29.601922
2025-07-14,66190,2025071404001923,PPCL,Sundhara Securities Limited,Indira securities pvt. ltd,18,364.9,6568.2,2025-07-14 11:21:06.945962
2025-07-14,66189,2025071404001924,PPCL,Sundhara Securities Limited,Agrawal Securities (PVT) Ltd.,40,365.0,14600.0,2025-07-14 11:21:06.946148
2025-07-14,66188,2025071404001925,PPCL,Sundhara Securities Limited,Trisul Securities & Invt. Ltd.,200,365.0,73000.0,2025-07-14 11:21:06.946260
2025-07-14,65991,2025071404001966,PPCL,Sundhara Securities Limited,Aryatara Investment & Securities,50,366.0,18300.0,2025-07-14 11:21:47.571688
2025-07-14,65781,2025071404002020,PPCL,Investment Management Nepal Pvt. Ltd.,Siprabi Securities Pvt. Ltd.,170,366.8,62356.0,2025-07-14 11:22:32.030121
2025-07-14,64996,2025071404002229,PPCL,Sundhara Securities Limited,Nepal Investment And Securities Trading Private Limited,80,366.0,29280.0,2025-07-14 11:24:52.170478
2025-07-14,64976,2025071404002233,PPCL,Kumari Securities Private Limited,Sani Securities Company Ltd.,210,366.9,77049.0,2025-07-14 11:24:55.674267
2025-07-14,64617,2025071404002304,PPCL,Sundhara Securities Limited,Investment Management Nepal Pvt. Ltd.,100,366.0,36600.0,2025-07-14 11:25:52.604106
2025-07-14,64613,2025071404002305,PPCL,Sundhara Securities Limited,Online Securities Pvt. Ltd.,328,366.0,120048.0,2025-07-14 11:25:53.551249
2025-07-14,64305,2025071404002393,PPCL,Sundhara Securities Limited,Market Securities & Exchange (PVT) Ltd.,184,366.0,67344.0,2025-07-14 11:26:46.029681
2025-07-14,64114,2025071404002431,PPCL,Sumeru Securities Pvt. Ltd.,Investment Management Nepal Pvt. Ltd.,200,366.0,73200.0,2025-07-14 11:27:31.860746
2025-07-14,64057,2025071404002444,PPCL,Sumeru Securities Pvt. Ltd.,S.P.S.A. Securities Limited,1000,366.0,366000.0,2025-07-14 11:27:46.245759
2025-07-14,63883,2025071404002475,PPCL,Asian Securities Private Ltd.,Sri Hari Securities Pvt. Ltd.,100,366.1,36610.0,2025-07-14 11:28:14.545704
2025-07-14,62802,2025071404002716,PPCL,Trishakti Securities Public Limited,J.F. Securites (PVT) Ltd.,200,366.2,73240.0,2025-07-14 11:31:09.526816
2025-07-14,62457,2025071404002812,PPCL,Asian Securities Private Ltd.,Market Securities & Exchange (PVT) Ltd.,38,366.1,13911.8,2025-07-14 11:32:08.594923
2025-07-14,62260,2025071404002861,PPCL,Asian Securities Private Ltd.,Dakshinkali Investment & Securities Pvt. Ltd.,162,366.1,59308.2,2025-07-14 11:32:35.957720
2025-07-14,62259,2025071404002862,PPCL,Sumeru Securities Pvt. Ltd.,Dakshinkali Investment & Securities Pvt. Ltd.,338,366.0,123708.0,2025-07-14 11:32:35.957902
2025-07-14,60767,2025071404003303,PPCL,Sumeru Securities Pvt. Ltd.,Sharepro Securities Private Limited,62,366.0,22692.0,2025-07-14 11:37:05.474381
2025-07-14,60193,2025071404003488,PPCL,Sumeru Securities Pvt. Ltd.,Sharepro Securities Private Limited,400,366.0,146400.0,2025-07-14 11:38:37.922490
2025-07-14,58056,2025071404004029,PPCL,Aryatara Investment & Securities,Capital Hub P. Ltd,266,362.3,96371.8,2025-07-14 11:44:57.531632
2025-07-14,57870,2025071404004075,PPCL,Aryatara Investment & Securities,Online Securities Pvt. Ltd.,200,362.3,72460.0,2025-07-14 11:45:34.711887
2025-07-14,57513,2025071404004154,PPCL,Aryatara Investment & Securities,Sharepro Securities Private Limited,17,362.3,6159.1,2025-07-14 11:46:35.864757
2025-07-14,57045,2025071404004279,PPCL,Aryatara Investment & Securities,Bhrikuti Stock Broking Co. Pvt. Ltd.,17,362.3,6159.1,2025-07-14 11:48:02.750479
2025-07-14,56816,2025071404004319,PPCL,Deevyaa Securities & Stock House Pvt. Ltd,Online Securities Pvt. Ltd.,20,362.2,7244.0,2025-07-14 11:48:28.767370
2025-07-14,56729,2025071404004342,PPCL,Primo Securities (PVT) Ltd.,Online Securities Pvt. Ltd.,10,362.3,3623.0,2025-07-14 11:48:50.343650
2025-07-14,56725,2025071404004346,PPCL,Primo Securities (PVT) Ltd.,Online Securities Pvt. Ltd.,40,362.5,14500.0,2025-07-14 11:48:51.978455
2025-07-14,56668,2025071404004358,PPCL,Primo Securities (PVT) Ltd.,Online Securities Pvt. Ltd.,110,362.5,39875.0,2025-07-14 11:49:05.153951
2025-07-14,56111,2025071404004468,PPCL,Dipshikha Dhitopatra Karobar Co. Pvt Ltd.,Naasa Securities Co. Ltd.,95,362.6,34447.0,2025-07-14 11:51:03.817759
2025-07-14,55960,2025071404004507,PPCL,Primo Securities (PVT) Ltd.,ABC Securities Private Limited,10,362.5,3625.0,2025-07-14 11:51:34.574571
2025-07-14,55588,2025071404004600,PPCL,Primo Securities (PVT) Ltd.,Vision Securities Pvt. Ltd,100,362.5,36250.0,2025-07-14 11:52:57.230753
2025-07-14,55152,2025071404004711,PPCL,Kohinoor Investment & Securities Pvt. Ltd.,Naasa Securities Co. Ltd.,61,362.6,22118.6,2025-07-14 11:54:27.114024
2025-07-14,53502,2025071404005098,PPCL,Kohinoor Investment & Securities Pvt. Ltd.,Capital Max Securities Ltd,169,362.6,61279.4,2025-07-14 11:59:05.436388
2025-07-14,53501,2025071404005099,PPCL,Vision Securities Pvt. Ltd,Capital Max Securities Ltd,91,362.6,32996.6,2025-07-14 11:59:05.436619
2025-07-14,53320,2025071404005167,PPCL,Nepal Stock House (PVT) Ltd.,Vision Securities Pvt. Ltd,500,364.0,182000.0,2025-07-14 11:59:35.913241
2025-07-14,53241,2025071404005191,PPCL,Trisul Securities & Invt. Ltd.,Nabil Stock Dealer Ltd.,500,364.0,182000.0,2025-07-14 11:59:52.414669
2025-07-14,52693,2025071404005390,PPCL,ABC Securities Private Limited,Capital Max Securities Ltd,31,365.0,11315.0,2025-07-14 12:01:57.698157
2025-07-14,52692,2025071404005391,PPCL,ABC Securities Private Limited,S.P.S.A. Securities Limited,1000,365.0,365000.0,2025-07-14 12:01:57.698350
2025-07-14,52691,2025071404005392,PPCL,ABC Securities Private Limited,J.F. Securites (PVT) Ltd.,215,365.0,78475.0,2025-07-14 12:01:57.698423
2025-07-14,52651,2025071404005409,PPCL,Kohinoor Investment & Securities Pvt. Ltd.,ABC Securities Private Limited,50,365.7,18285.0,2025-07-14 12:02:07.461159
2025-07-14,52650,2025071404005410,PPCL,Kohinoor Investment & Securities Pvt. Ltd.,Sani Securities Company Ltd.,490,365.8,179242.0,2025-07-14 12:02:07.461412
2025-07-14,52649,2025071404005411,PPCL,Kohinoor Investment & Securities Pvt. Ltd.,Creative Securities Pvt Ltd,205,366.0,75030.0,2025-07-14 12:02:07.461557
2025-07-14,52648,2025071404005412,PPCL,Kohinoor Investment & Securities Pvt. Ltd.,Arun Securities (PVT) Ltd.,10,366.0,3660.0,2025-07-14 12:02:07.461684
2025-07-14,52647,2025071404005413,PPCL,Kohinoor Investment & Securities Pvt. Ltd.,Trishakti Securities Public Limited,835,366.0,305610.0,2025-07-14 12:02:07.461815
2025-07-14,52646,2025071404005414,PPCL,Kohinoor Investment & Securities Pvt. Ltd.,Nepal Investment And Securities Trading Private Limited,110,366.0,40260.0,2025-07-14 12:02:07.461991
2025-07-14,51854,2025071404005657,PPCL,ABC Securities Private Limited,Nepal Investment And Securities Trading Private Limited,90,366.0,32940.0,2025-07-14 12:05:16.390964
2025-07-14,51853,2025071404005658,PPCL,ABC Securities Private Limited,Sundhara Securities Limited,20,366.0,7320.0,2025-07-14 12:05:16.391195
2025-07-14,51852,2025071404005659,PPCL,ABC Securities Private Limited,Sundhara Securities Limited,100,366.0,36600.0,2025-07-14 12:05:16.391351
2025-07-14,50961,2025071404005932,PPCL,Investment Management Nepal Pvt. Ltd.,Capital Max Securities Ltd,1000,366.0,366000.0,2025-07-14 12:08:40.282939
2025-07-14,50900,2025071404005954,PPCL,Dakshinkali Investment & Securities Pvt. Ltd.,Market Securities & Exchange (PVT) Ltd.,100,365.5,36550.0,2025-07-14 12:08:54.394108
2025-07-14,50899,2025071404005955,PPCL,Deevyaa Securities & Stock House Pvt. Ltd,Market Securities & Exchange (PVT) Ltd.,100,365.2,36520.0,2025-07-14 12:08:54.394266
2025-07-14,50898,2025071404005956,PPCL,ABC Securities Private Limited,Market Securities & Exchange (PVT) Ltd.,200,365.1,73020.0,2025-07-14 12:08:54.394325
2025-07-14,50372,2025071404006102,PPCL,Kohinoor Investment & Securities Pvt. Ltd.,Sweta Securities Private Limited,100,366.8,36680.0,2025-07-14 12:11:08.227261
2025-07-14,50371,2025071404006103,PPCL,Kohinoor Investment & Securities Pvt. Ltd.,Trishakti Securities Public Limited,200,366.8,73360.0,2025-07-14 12:11:08.227415
2025-07-14,50284,2025071404006132,PPCL,Trishakti Securities Public Limited,Premier Securities Company Ltd.,47,365.2,17164.4,2025-07-14 12:11:24.050402
2025-07-14,50283,2025071404006133,PPCL,Dakshinkali Investment & Securities Pvt. Ltd.,Premier Securities Company Ltd.,290,365.2,105908.0,2025-07-14 12:11:24.050634
2025-07-14,50282,2025071404006134,PPCL,ABC Securities Private Limited,Premier Securities Company Ltd.,300,365.1,109530.0,2025-07-14 12:11:24.050775
2025-07-14,50235,2025071404006147,PPCL,Sundhara Securities Limited,Premier Securities Company Ltd.,425,364.0,154700.0,2025-07-14 12:11:36.117789
2025-07-14,50234,2025071404006148,PPCL,Oxford Securities Pvt. Ltd.,Premier Securities Company Ltd.,238,364.0,86632.0,2025-07-14 12:11:36.117927
2025-07-14,49978,2025071404006201,PPCL,Oxford Securities Pvt. Ltd.,Premier Securities Company Ltd.,224,364.0,81536.0,2025-07-14 12:12:37.568104
2025-07-14,47756,2025071404006804,PPCL,Prabhu Stock Market Limited,Capital Max Securities Ltd,230,365.5,84065.0,2025-07-14 12:22:26.549265
2025-07-14,47755,2025071404006805,PPCL,Prabhu Stock Market Limited,Kalika Securities Pvt. Ltd.,100,365.5,36550.0,2025-07-14 12:22:26.549442
2025-07-14,47643,2025071404006840,PPCL,Vision Securities Pvt. Ltd,Premier Securities Company Ltd.,100,366.6,36660.0,2025-07-14 12:23:02.577482
2025-07-14,46396,2025071404007317,PPCL,Online Securities Pvt. Ltd.,Dipshikha Dhitopatra Karobar Co. Pvt Ltd.,10,365.1,3651.0,2025-07-14 12:28:29.737153
2025-07-14,46309,2025071404007341,PPCL,Sri Hari Securities Pvt. Ltd.,Premier Securities Company Ltd.,172,366.6,63055.2,2025-07-14 12:28:55.614136
2025-07-14,46308,2025071404007342,PPCL,Sri Hari Securities Pvt. Ltd.,Imperial Securities Company Pvt. Ltd.,50,366.7,18335.0,2025-07-14 12:28:55.614383
2025-07-14,46307,2025071404007343,PPCL,Sri Hari Securities Pvt. Ltd.,Kalika Securities Pvt. Ltd.,100,366.7,36670.0,2025-07-14 12:28:55.614531
2025-07-14,46306,2025071404007344,PPCL,Sri Hari Securities Pvt. Ltd.,Trishakti Securities Public Limited,1178,366.8,432090.4,2025-07-14 12:28:55.614667
2025-07-14,46190,2025071404007375,PPCL,Online Securities Pvt. Ltd.,Trishakti Securities Public Limited,390,366.8,143052.0,2025-07-14 12:29:28.670072
2025-07-14,46092,2025071404007404,PPCL,Sri Hari Securities Pvt. Ltd.,Sani Securities Company Ltd.,100,366.9,36690.0,2025-07-14 12:29:51.293940
2025-07-14,46091,2025071404007405,PPCL,Sri Hari Securities Pvt. Ltd.,Sri Hari Securities Pvt. Ltd.,350,367.0,128450.0,2025-07-14 12:29:51.294173
2025-07-14,46090,2025071404007406,PPCL,Sri Hari Securities Pvt. Ltd.,Indira securities pvt. ltd,50,367.0,18350.0,2025-07-14 12:29:51.294335
2025-07-14,44975,2025071404007743,PPCL,Vision Securities Pvt. Ltd,Vision Securities Pvt. Ltd,10,367.0,3670.0,2025-07-14 12:35:16.386809
2025-07-14,44974,2025071404007744,PPCL,Vision Securities Pvt. Ltd,Siprabi Securities Pvt. Ltd.,500,368.0,184000.0,2025-07-14 12:35:16.386924
2025-07-14,44673,2025071404007845,PPCL,Vision Securities Pvt. Ltd,Secured Securities Ltd.,100,368.0,36800.0,2025-07-14 12:36:28.617256
2025-07-14,44252,2025071404007951,PPCL,Vision Securities Pvt. Ltd,Imperial Securities Company Pvt. Ltd.,50,369.0,18450.0,2025-07-14 12:38:21.103647
2025-07-14,44251,2025071404007952,PPCL,Vision Securities Pvt. Ltd,Thrive Brokerage House Pvt. Ltd,50,369.0,18450.0,2025-07-14 12:38:21.103884
2025-07-14,44250,2025071404007953,PPCL,Vision Securities Pvt. Ltd,Premier Securities Company Ltd.,228,369.0,84132.0,2025-07-14 12:38:21.104020
2025-07-14,44249,2025071404007954,PPCL,Vision Securities Pvt. Ltd,Capital Max Securities Ltd,30,369.0,11070.0,2025-07-14 12:38:21.104163
2025-07-14,44154,2025071404007963,PPCL,Vision Securities Pvt. Ltd,Sharepro Securities Private Limited,32,369.0,11808.0,2025-07-14 12:38:49.520217
2025-07-14,44153,2025071404007964,PPCL,Magnet Securities and Investment Company Private Limited,Agrawal Securities (PVT) Ltd.,32,369.0,11808.0,2025-07-14 12:38:49.824897
2025-07-14,44152,2025071404007965,PPCL,Magnet Securities and Investment Company Private Limited,Trishakti Securities Public Limited,168,369.2,62025.6,2025-07-14 12:38:49.825118
2025-07-14,44017,2025071404008003,PPCL,Sharepro Securities Private Limited,Dakshinkali Investment & Securities Pvt. Ltd.,10,368.0,3680.0,2025-07-14 12:39:18.308634
2025-07-14,43343,2025071404008231,PPCL,Trishakti Securities Public Limited,Dakshinkali Investment & Securities Pvt. Ltd.,90,368.0,33120.0,2025-07-14 12:42:15.485274
2025-07-14,43342,2025071404008232,PPCL,Trishakti Securities Public Limited,Midas Stock Broking Company Private Limited,50,369.0,18450.0,2025-07-14 12:42:15.485540
2025-07-14,43341,2025071404008233,PPCL,Trishakti Securities Public Limited,Trishakti Securities Public Limited,132,369.2,48734.4,2025-07-14 12:42:15.485663
2025-07-14,43340,2025071404008234,PPCL,Trishakti Securities Public Limited,Premier Securities Company Ltd.,140,369.4,51716.0,2025-07-14 12:42:15.485792
2025-07-14,43339,2025071404008235,PPCL,Trishakti Securities Public Limited,Siprabi Securities Pvt. Ltd.,300,369.8,110940.0,2025-07-14 12:42:15.485915
2025-07-14,43338,2025071404008236,PPCL,Trishakti Securities Public Limited,Dakshinkali Investment & Securities Pvt. Ltd.,50,370.0,18500.0,2025-07-14 12:42:15.486059
2025-07-14,43337,2025071404008237,PPCL,Trishakti Securities Public Limited,Secured Securities Ltd.,100,370.0,37000.0,2025-07-14 12:42:15.486179
2025-07-14,43336,2025071404008238,PPCL,Trishakti Securities Public Limited,J.F. Securites (PVT) Ltd.,138,370.0,51060.0,2025-07-14 12:42:15.486292
2025-07-14,42635,2025071404008487,PPCL,Creative Securities Pvt Ltd,Imperial Securities Company Pvt. Ltd.,10,369.9,3699.0,2025-07-14 12:45:47.663634
2025-07-14,42634,2025071404008488,PPCL,Creative Securities Pvt Ltd,J.F. Securites (PVT) Ltd.,40,370.0,14800.0,2025-07-14 12:45:47.663898
2025-07-14,42483,2025071404008559,PPCL,Creative Securities Pvt Ltd,Sumeru Securities Pvt. Ltd.,50,368.0,18400.0,2025-07-14 12:46:23.819529
2025-07-14,42482,2025071404008560,PPCL,Online Securities Pvt. Ltd.,Sumeru Securities Pvt. Ltd.,90,367.0,33030.0,2025-07-14 12:46:23.819713
2025-07-14,42063,2025071404008681,PPCL,Deevyaa Securities & Stock House Pvt. Ltd,Sweta Securities Private Limited,20,367.1,7342.0,2025-07-14 12:48:24.819733
2025-07-14,41728,2025071404008814,PPCL,Kumari Securities Private Limited,Midas Stock Broking Company Private Limited,100,369.9,36990.0,2025-07-14 12:50:04.532174
2025-07-14,41410,2025071404008909,PPCL,Online Securities Pvt. Ltd.,J.F. Securites (PVT) Ltd.,22,370.0,8140.0,2025-07-14 12:51:18.889873
2025-07-14,41409,2025071404008910,PPCL,Online Securities Pvt. Ltd.,Capital Max Securities Ltd,167,370.0,61790.0,2025-07-14 12:51:18.890109
2025-07-14,41408,2025071404008911,PPCL,Online Securities Pvt. Ltd.,Arun Securities (PVT) Ltd.,10,370.0,3700.0,2025-07-14 12:51:18.890238
2025-07-14,41407,2025071404008912,PPCL,Online Securities Pvt. Ltd.,Naasa Securities Co. Ltd.,10,370.0,3700.0,2025-07-14 12:51:18.890383
2025-07-14,41406,2025071404008913,PPCL,Online Securities Pvt. Ltd.,Sumeru Securities Pvt. Ltd.,1300,370.0,481000.0,2025-07-14 12:51:18.890520
2025-07-14,41268,2025071404008951,PPCL,Deevyaa Securities & Stock House Pvt. Ltd,Midas Stock Broking Company Private Limited,50,371.9,18595.0,2025-07-14 12:52:06.815273
2025-07-14,41267,2025071404008952,PPCL,Deevyaa Securities & Stock House Pvt. Ltd,Sumeru Securities Pvt. Ltd.,50,372.0,18600.0,2025-07-14 12:52:06.815431
2025-07-14,40767,2025071404009108,PPCL,ABC Securities Private Limited,Dynamic Money Managers Securities Pvt. Ltd.,950,371.0,352450.0,2025-07-14 12:53:56.307566
2025-07-14,39919,2025071404009385,PPCL,Dakshinkali Investment & Securities Pvt. Ltd.,Imperial Securities Company Pvt. Ltd.,10,370.9,3709.0,2025-07-14 12:57:16.194605
2025-07-14,39918,2025071404009386,PPCL,Dakshinkali Investment & Securities Pvt. Ltd.,Dynamic Money Managers Securities Pvt. Ltd.,1990,371.0,738290.0,2025-07-14 12:57:16.194776
2025-07-14,39784,2025071404009430,PPCL,Magnet Securities and Investment Company Private Limited,Dynamic Money Managers Securities Pvt. Ltd.,30,371.0,11130.0,2025-07-14 12:57:45.448072
2025-07-14,39433,2025071404009538,PPCL,Deevyaa Securities & Stock House Pvt. Ltd,Dynamic Money Managers Securities Pvt. Ltd.,30,371.0,11130.0,2025-07-14 12:58:54.447779
2025-07-14,39155,2025071404009604,PPCL,Dynamic Money Managers Securities Pvt. Ltd.,Dynamic Money Managers Securities Pvt. Ltd.,730,371.0,270830.0,2025-07-14 13:00:13.541069
2025-07-14,39151,2025071404009605,PPCL,Vision Securities Pvt. Ltd,Dynamic Money Managers Securities Pvt. Ltd.,500,371.0,185500.0,2025-07-14 13:00:15.976176
2025-07-14,38657,2025071404009754,PPCL,Deevyaa Securities & Stock House Pvt. Ltd,Kohinoor Investment & Securities Pvt. Ltd.,50,370.9,18545.0,2025-07-14 13:02:57.770105
2025-07-14,38649,2025071404009758,PPCL,Aryatara Investment & Securities,Dynamic Money Managers Securities Pvt. Ltd.,300,371.0,111300.0,2025-07-14 13:03:00.181425
2025-07-14,37937,2025071404010034,PPCL,Kumari Securities Private Limited,Dakshinkali Investment & Securities Pvt. Ltd.,100,370.0,37000.0,2025-07-14 13:06:07.278229
2025-07-14,37677,2025071404010122,PPCL,Deevyaa Securities & Stock House Pvt. Ltd,Dakshinkali Investment & Securities Pvt. Ltd.,100,370.9,37090.0,2025-07-14 13:07:42.793301
2025-07-14,37665,2025071404010127,PPCL,Dakshinkali Investment & Securities Pvt. Ltd.,Hatemalo Financial Services Private Limited,100,370.0,37000.0,2025-07-14 13:07:45.251555
2025-07-14,37623,2025071404010147,PPCL,Dakshinkali Investment & Securities Pvt. Ltd.,Dynamic Money Managers Securities Pvt. Ltd.,1900,370.0,703000.0,2025-07-14 13:07:56.280654
2025-07-14,37169,2025071404010305,PPCL,Deevyaa Securities & Stock House Pvt. Ltd,Aryatara Investment & Securities,10,370.0,3700.0,2025-07-14 13:09:57.339672
2025-07-14,36816,2025071404010397,PPCL,Online Securities Pvt. Ltd.,Kohinoor Investment & Securities Pvt. Ltd.,100,370.0,37000.0,2025-07-14 13:11:30.611163
2025-07-14,36815,2025071404010398,PPCL,Online Securities Pvt. Ltd.,Sundhara Securities Limited,500,370.0,185000.0,2025-07-14 13:11:30.611461
2025-07-14,36373,2025071404010578,PPCL,Deevyaa Securities & Stock House Pvt. Ltd,Trishakti Securities Public Limited,10,369.4,3694.0,2025-07-14 13:13:43.290881
2025-07-14,36372,2025071404010579,PPCL,Online Securities Pvt. Ltd.,Trishakti Securities Public Limited,90,369.4,33246.0,2025-07-14 13:13:43.291037
2025-07-14,35599,2025071404010802,PPCL,Online Securities Pvt. Ltd.,Dakshinkali Investment & Securities Pvt. Ltd.,391,369.4,144435.4,2025-07-14 13:17:14.236368
2025-07-14,35571,2025071404010812,PPCL,J.F. Securites (PVT) Ltd.,Neev Securities Pvt. Ltd.,10,369.9,3699.0,2025-07-14 13:17:22.323051
2025-07-14,35570,2025071404010813,PPCL,J.F. Securites (PVT) Ltd.,Indira securities pvt. ltd,190,370.0,70300.0,2025-07-14 13:17:22.323092
2025-07-14,35447,2025071404010874,PPCL,Naasa Securities Co. Ltd.,Indira securities pvt. ltd,20,370.0,7400.0,2025-07-14 13:18:05.229443
2025-07-14,35212,2025071404010976,PPCL,Sharepro Securities Private Limited,Indira securities pvt. ltd,600,370.0,222000.0,2025-07-14 13:19:01.820899
2025-07-14,35079,2025071404011012,PPCL,Sani Securities Company Ltd.,Market Securities & Exchange (PVT) Ltd.,100,369.3,36930.0,2025-07-14 13:19:33.595951
2025-07-14,34938,2025071404011053,PPCL,Sani Securities Company Ltd.,Kohinoor Investment & Securities Pvt. Ltd.,500,369.3,184650.0,2025-07-14 13:19:57.448941
2025-07-14,34731,2025071404011084,PPCL,Sani Securities Company Ltd.,Nepal Stock House (PVT) Ltd.,10,369.3,3693.0,2025-07-14 13:20:36.467614
2025-07-14,34447,2025071404011162,PPCL,Sani Securities Company Ltd.,Online Securities Pvt. Ltd.,32,369.3,11817.6,2025-07-14 13:22:07.779951
2025-07-14,34121,2025071404011243,PPCL,Sani Securities Company Ltd.,Kohinoor Investment & Securities Pvt. Ltd.,158,369.3,58349.4,2025-07-14 13:23:23.283429
2025-07-14,34120,2025071404011244,PPCL,Deevyaa Securities & Stock House Pvt. Ltd,Kohinoor Investment & Securities Pvt. Ltd.,42,369.1,15502.2,2025-07-14 13:23:23.283729
2025-07-14,33864,2025071404011316,PPCL,Naasa Securities Co. Ltd.,Agrawal Securities (PVT) Ltd.,28,369.1,10334.8,2025-07-14 13:24:39.341395
2025-07-14,33863,2025071404011317,PPCL,Naasa Securities Co. Ltd.,Indira securities pvt. ltd,35,370.0,12950.0,2025-07-14 13:24:39.341558
2025-07-14,33664,2025071404011383,PPCL,Deevyaa Securities & Stock House Pvt. Ltd,Agrawal Securities (PVT) Ltd.,30,368.7,11061.0,2025-07-14 13:25:36.438712
2025-07-14,32699,2025071404011776,PPCL,Deevyaa Securities & Stock House Pvt. Ltd,Vision Securities Pvt. Ltd,28,366.8,10270.4,2025-07-14 13:28:49.517220
2025-07-14,32698,2025071404011777,PPCL,Naasa Securities Co. Ltd.,Vision Securities Pvt. Ltd,22,366.7,8067.4,2025-07-14 13:28:49.517414
2025-07-14,32216,2025071404011927,PPCL,Naasa Securities Co. Ltd.,Sani Securities Company Ltd.,10,366.7,3667.0,2025-07-14 13:31:01.856459
2025-07-14,30538,2025071404012494,PPCL,Sumeru Securities Pvt. Ltd.,Sani Securities Company Ltd.,200,368.0,73600.0,2025-07-14 13:37:18.969089
2025-07-14,30455,2025071404012538,PPCL,Dakshinkali Investment & Securities Pvt. Ltd.,Sani Securities Company Ltd.,55,368.0,20240.0,2025-07-14 13:37:35.606685
2025-07-14,30454,2025071404012539,PPCL,Dakshinkali Investment & Securities Pvt. Ltd.,Investment Management Nepal Pvt. Ltd.,500,368.0,184000.0,2025-07-14 13:37:35.606971
2025-07-14,29864,2025071404012687,PPCL,Dakshinkali Investment & Securities Pvt. Ltd.,K.B.L. Securities Limited ,445,368.0,163760.0,2025-07-14 13:39:34.859151
2025-07-14,29127,2025071404012936,PPCL,Deevyaa Securities & Stock House Pvt. Ltd,Trishakti Securities Public Limited,10,367.3,3673.0,2025-07-14 13:42:44.289921
2025-07-14,28812,2025071404013048,PPCL,Dakshinkali Investment & Securities Pvt. Ltd.,Thrive Brokerage House Pvt. Ltd,100,367.9,36790.0,2025-07-14 13:44:03.709656
2025-07-14,28811,2025071404013049,PPCL,Dakshinkali Investment & Securities Pvt. Ltd.,K.B.L. Securities Limited ,1055,368.0,388240.0,2025-07-14 13:44:03.709798
2025-07-14,28247,2025071404013200,PPCL,Dakshinkali Investment & Securities Pvt. Ltd.,Imperial Securities Company Pvt. Ltd.,250,368.0,92000.0,2025-07-14 13:46:19.140538
2025-07-14,28180,2025071404013214,PPCL,Dakshinkali Investment & Securities Pvt. Ltd.,Creative Securities Pvt Ltd,595,368.0,218960.0,2025-07-14 13:46:40.717034
2025-07-14,27577,2025071404013391,PPCL,Primo Securities (PVT) Ltd.,Trishakti Securities Public Limited,10,368.7,3687.0,2025-07-14 13:49:34.970896
2025-07-14,27576,2025071404013392,PPCL,Primo Securities (PVT) Ltd.,Trishakti Securities Public Limited,10,368.8,3688.0,2025-07-14 13:49:34.971222
2025-07-14,27575,2025071404013393,PPCL,Primo Securities (PVT) Ltd.,Trishakti Securities Public Limited,10,368.9,3689.0,2025-07-14 13:49:34.971437
2025-07-14,27472,2025071404013431,PPCL,Naasa Securities Co. Ltd.,Aryatara Investment & Securities,110,369.0,40590.0,2025-07-14 13:50:08.566276
2025-07-14,27064,2025071404013541,PPCL,Dipshikha Dhitopatra Karobar Co. Pvt Ltd.,Aryatara Investment & Securities,10,369.0,3690.0,2025-07-14 13:52:12.499969
2025-07-14,27022,2025071404013548,PPCL,Dipshikha Dhitopatra Karobar Co. Pvt Ltd.,Aryatara Investment & Securities,100,369.0,36900.0,2025-07-14 13:52:22.568275
2025-07-14,26040,2025071404013868,PPCL,Deevyaa Securities & Stock House Pvt. Ltd,Sharepro Securities Private Limited,10,367.3,3673.0,2025-07-14 13:56:44.475744
2025-07-14,26039,2025071404013869,PPCL,Deevyaa Securities & Stock House Pvt. Ltd,Sharepro Securities Private Limited,10,367.2,3672.0,2025-07-14 13:56:44.475823
2025-07-14,26038,2025071404013870,PPCL,Deevyaa Securities & Stock House Pvt. Ltd,Sharepro Securities Private Limited,10,367.1,3671.0,2025-07-14 13:56:44.475857
2025-07-14,25395,2025071404014041,PPCL,Deevyaa Securities & Stock House Pvt. Ltd,Imperial Securities Company Pvt. Ltd.,20,367.9,7358.0,2025-07-14 13:59:18.686092
2025-07-14,25051,2025071404014130,PPCL,Primo Securities (PVT) Ltd.,Imperial Securities Company Pvt. Ltd.,10,367.9,3679.0,2025-07-14 14:00:46.339063
2025-07-14,25050,2025071404014131,PPCL,Primo Securities (PVT) Ltd.,Kumari Securities Private Limited,60,368.0,22080.0,2025-07-14 14:00:46.339202
2025-07-14,24526,2025071404014286,PPCL,Premier Securities Company Ltd.,Sanima Securities Limited,100,367.3,36730.0,2025-07-14 14:02:53.263787
2025-07-14,24525,2025071404014287,PPCL,Deevyaa Securities & Stock House Pvt. Ltd,Sanima Securities Limited,10,367.2,3672.0,2025-07-14 14:02:53.263935
2025-07-14,24524,2025071404014288,PPCL,Dakshinkali Investment & Securities Pvt. Ltd.,Sanima Securities Limited,20,367.2,7344.0,2025-07-14 14:02:53.264019
2025-07-14,23880,2025071404014474,PPCL,Dakshinkali Investment & Securities Pvt. Ltd.,Kumari Securities Private Limited,40,368.0,14720.0,2025-07-14 14:05:40.109822
2025-07-14,23879,2025071404014475,PPCL,Dakshinkali Investment & Securities Pvt. Ltd.,Vision Securities Pvt. Ltd,440,368.0,161920.0,2025-07-14 14:05:40.110101
2025-07-14,22297,2025071404014933,PPCL,Deevyaa Securities & Stock House Pvt. Ltd,Capital Hub P. Ltd,10,367.4,3674.0,2025-07-14 14:11:36.558358
2025-07-14,22296,2025071404014934,PPCL,Naasa Securities Co. Ltd.,Capital Hub P. Ltd,690,367.3,253437.0,2025-07-14 14:11:36.558567
2025-07-14,22112,2025071404014991,PPCL,Naasa Securities Co. Ltd.,Primo Securities (PVT) Ltd.,278,367.3,102109.4,2025-07-14 14:12:18.712840
2025-07-14,21630,2025071404015146,PPCL,Dakshinkali Investment & Securities Pvt. Ltd.,Primo Securities (PVT) Ltd.,222,367.0,81474.0,2025-07-14 14:14:22.350718
2025-07-14,20920,2025071404015393,PPCL,Nepal Stock House (PVT) Ltd.,Vision Securities Pvt. Ltd,110,367.3,40403.0,2025-07-14 14:17:30.655737
2025-07-14,20878,2025071404015407,PPCL,Dakshinkali Investment & Securities Pvt. Ltd.,Dynamic Money Managers Securities Pvt. Ltd.,2778,367.0,1019526.0,2025-07-14 14:17:41.503493
2025-07-14,20877,2025071404015408,PPCL,Malla & Malla Stock Broking Company Pvt. Limited,Dynamic Money Managers Securities Pvt. Ltd.,500,367.0,183500.0,2025-07-14 14:17:41.503781
2025-07-14,19848,2025071404015688,PPCL,Imperial Securities Company Pvt. Ltd.,Sani Securities Company Ltd.,10,367.0,3670.0,2025-07-14 14:21:12.633885
2025-07-14,19389,2025071404015799,PPCL,Trishakti Securities Public Limited,Sani Securities Company Ltd.,130,367.0,47710.0,2025-07-14 14:22:42.390648
2025-07-14,19388,2025071404015800,PPCL,Trishakti Securities Public Limited,Sundhara Securities Limited,20,367.0,7340.0,2025-07-14 14:22:42.390798
2025-07-14,18945,2025071404015944,PPCL,Dakshinkali Investment & Securities Pvt. Ltd.,Indira securities pvt. ltd,155,366.6,56823.0,2025-07-14 14:24:07.942723
2025-07-14,18555,2025071404016067,PPCL,Dakshinkali Investment & Securities Pvt. Ltd.,INDEX SECURITIES LIMITED,845,366.6,309777.0,2025-07-14 14:25:14.065638
2025-07-14,18554,2025071404016068,PPCL,Aryatara Investment & Securities,INDEX SECURITIES LIMITED,135,366.5,49477.5,2025-07-14 14:25:14.065683
2025-07-14,18553,2025071404016069,PPCL,Naasa Securities Co. Ltd.,INDEX SECURITIES LIMITED,250,366.4,91600.0,2025-07-14 14:25:14.065726
2025-07-14,18552,2025071404016070,PPCL,Kumari Securities Private Limited,INDEX SECURITIES LIMITED,100,366.3,36630.0,2025-07-14 14:25:14.065752
2025-07-14,18551,2025071404016071,PPCL,Trishakti Securities Public Limited,INDEX SECURITIES LIMITED,1000,366.3,366300.0,2025-07-14 14:25:14.065776
2025-07-14,18550,2025071404016072,PPCL,Dynamic Money Managers Securities Pvt. Ltd.,INDEX SECURITIES LIMITED,9670,366.2,3541154.0,2025-07-14 14:25:14.065805
2025-07-14,18328,2025071404016131,PPCL,Dynamic Money Managers Securities Pvt. Ltd.,Sharepro Securities Private Limited,100,366.2,36620.0,2025-07-14 14:25:59.830582
2025-07-14,18276,2025071404016151,PPCL,Dynamic Money Managers Securities Pvt. Ltd.,Sharepro Securities Private Limited,100,366.2,36620.0,2025-07-14 14:26:07.864925
2025-07-14,17794,2025071404016293,PPCL,Dynamic Money Managers Securities Pvt. Ltd.,Bhrikuti Stock Broking Co. Pvt. Ltd.,30,366.2,10986.0,2025-07-14 14:27:29.609851
2025-07-14,17616,2025071404016344,PPCL,Dynamic Money Managers Securities Pvt. Ltd.,Sharepro Securities Private Limited,100,366.2,36620.0,2025-07-14 14:28:04.327998
2025-07-14,17083,2025071404016519,PPCL,Linch Stock Market Ltd.,Market Securities & Exchange (PVT) Ltd.,10,366.0,3660.0,2025-07-14 14:29:36.116654
2025-07-14,17082,2025071404016520,PPCL,Dynamic Money Managers Securities Pvt. Ltd.,Market Securities & Exchange (PVT) Ltd.,90,366.0,32940.0,2025-07-14 14:29:36.116954
2025-07-14,16593,2025071404016673,PPCL,Dynamic Money Managers Securities Pvt. Ltd.,Imperial Securities Company Pvt. Ltd.,10,366.0,3660.0,2025-07-14 14:31:02.079262
2025-07-14,16462,2025071404016721,PPCL,Dynamic Money Managers Securities Pvt. Ltd.,Kohinoor Investment & Securities Pvt. Ltd.,200,366.0,73200.0,2025-07-14 14:31:29.987530
2025-07-14,15576,2025071404016967,PPCL,Secured Securities Ltd.,Sundhara Securities Limited,480,367.0,176160.0,2025-07-14 14:33:46.964006
2025-07-14,15575,2025071404016968,PPCL,Secured Securities Ltd.,Market Securities & Exchange (PVT) Ltd.,100,367.0,36700.0,2025-07-14 14:33:46.964294
2025-07-14,14546,2025071404017259,PPCL,Secured Securities Ltd.,Naasa Securities Co. Ltd.,250,367.0,91750.0,2025-07-14 14:35:49.660561
2025-07-14,14126,2025071404017416,PPCL,Secured Securities Ltd.,Sunrise Securities Limited,1000,367.0,367000.0,2025-07-14 14:36:51.736212
2025-07-14,13631,2025071404017546,PPCL,Secured Securities Ltd.,Imperial Securities Company Pvt. Ltd.,30,367.0,11010.0,2025-07-14 14:38:10.649469
2025-07-14,13496,2025071404017609,PPCL,Secured Securities Ltd.,Sharepro Securities Private Limited,40,367.0,14680.0,2025-07-14 14:38:35.625006
2025-07-14,12387,2025071404017898,PPCL,Dynamic Money Managers Securities Pvt. Ltd.,ABC Securities Private Limited,700,366.0,256200.0,2025-07-14 14:41:11.666459
2025-07-14,12386,2025071404017899,PPCL,Nepal Stock House (PVT) Ltd.,ABC Securities Private Limited,89,366.0,32574.0,2025-07-14 14:41:11.666617
2025-07-14,12293,2025071404017926,PPCL,Naasa Securities Co. Ltd.,ABC Securities Private Limited,20,366.9,7338.0,2025-07-14 14:41:31.257397
2025-07-14,12192,2025071404017962,PPCL,Naasa Securities Co. Ltd.,Dynamic Money Managers Securities Pvt. Ltd.,20,366.2,7324.0,2025-07-14 14:41:44.597071
2025-07-14,12191,2025071404017963,PPCL,Vision Securities Pvt. Ltd,Dynamic Money Managers Securities Pvt. Ltd.,457,365.2,166896.4,2025-07-14 14:41:44.597390
2025-07-14,12190,2025071404017964,PPCL,Online Securities Pvt. Ltd.,Dynamic Money Managers Securities Pvt. Ltd.,300,365.1,109530.0,2025-07-14 14:41:44.597580
2025-07-14,12189,2025071404017965,PPCL,Garima Securities Limited,Dynamic Money Managers Securities Pvt. Ltd.,500,365.0,182500.0,2025-07-14 14:41:44.597812
2025-07-14,12188,2025071404017966,PPCL,Dipshikha Dhitopatra Karobar Co. Pvt Ltd.,Dynamic Money Managers Securities Pvt. Ltd.,1000,365.0,365000.0,2025-07-14 14:41:44.598065
2025-07-14,12187,2025071404017967,PPCL,Asian Securities Private Ltd.,Dynamic Money Managers Securities Pvt. Ltd.,100,365.0,36500.0,2025-07-14 14:41:44.598279
2025-07-14,12186,2025071404017968,PPCL,Imperial Securities Company Pvt. Ltd.,Dynamic Money Managers Securities Pvt. Ltd.,500,365.0,182500.0,2025-07-14 14:41:44.598505
2025-07-14,11546,2025071404018200,PPCL,Bhrikuti Stock Broking Co. Pvt. Ltd.,Dynamic Money Managers Securities Pvt. Ltd.,100,365.0,36500.0,2025-07-14 14:43:12.786768
2025-07-14,10527,2025071404018448,PPCL,Oxford Securities Pvt. Ltd.,Trishakti Securities Public Limited,60,364.0,21840.0,2025-07-14 14:45:13.858262
2025-07-14,9318,2025071404018954,PPCL,Oxford Securities Pvt. Ltd.,ABC Securities Private Limited,128,364.0,46592.0,2025-07-14 14:47:55.719958
2025-07-14,9317,2025071404018955,PPCL,Dipshikha Dhitopatra Karobar Co. Pvt Ltd.,ABC Securities Private Limited,52,364.0,18928.0,2025-07-14 14:47:55.720109
2025-07-14,7656,2025071404019522,PPCL,Dipshikha Dhitopatra Karobar Co. Pvt Ltd.,Sani Securities Company Ltd.,48,364.0,17472.0,2025-07-14 14:51:22.732889
2025-07-14,7655,2025071404019523,PPCL,Sunrise Securities Limited,Sani Securities Company Ltd.,10,364.0,3640.0,2025-07-14 14:51:22.733067
2025-07-14,7654,2025071404019524,PPCL,Primo Securities (PVT) Ltd.,Sani Securities Company Ltd.,182,363.1,66084.2,2025-07-14 14:51:22.733130
2025-07-14,6866,2025071404019865,PPCL,Trisul Securities & Invt. Ltd.,BHOLE GANESH SECURITIES LTD,450,364.0,163800.0,2025-07-14 14:52:35.692985
2025-07-14,6836,2025071404019867,PPCL,Primo Securities (PVT) Ltd.,Premier Securities Company Ltd.,48,363.1,17428.8,2025-07-14 14:52:36.693051
2025-07-14,6835,2025071404019868,PPCL,Online Securities Pvt. Ltd.,Premier Securities Company Ltd.,452,363.0,164076.0,2025-07-14 14:52:36.693093
2025-07-14,6549,2025071404019955,PPCL,Sharepro Securities Private Limited,BHOLE GANESH SECURITIES LTD,20,364.0,7280.0,2025-07-14 14:53:07.228944
2025-07-14,5979,2025071404020075,PPCL,Online Securities Pvt. Ltd.,J.F. Securites (PVT) Ltd.,24,363.0,8712.0,2025-07-14 14:54:00.832376
2025-07-14,5784,2025071404020141,PPCL,Online Securities Pvt. Ltd.,J.F. Securites (PVT) Ltd.,100,363.0,36300.0,2025-07-14 14:54:21.139477
2025-07-14,5564,2025071404020189,PPCL,Online Securities Pvt. Ltd.,South Asian Bulls Pvt. Ltd.,424,363.0,153912.0,2025-07-14 14:54:38.267452
2025-07-14,5563,2025071404020190,PPCL,Market Securities & Exchange (PVT) Ltd.,South Asian Bulls Pvt. Ltd.,100,363.0,36300.0,2025-07-14 14:54:38.267595
2025-07-14,5467,2025071404020220,PPCL,Trishakti Securities Public Limited,South Asian Bulls Pvt. Ltd.,70,363.0,25410.0,2025-07-14 14:54:47.009652
2025-07-14,4606,2025071404020517,PPCL,Vision Securities Pvt. Ltd,Sunrise Securities Limited,150,363.0,54450.0,2025-07-14 14:56:02.942454
2025-07-14,4605,2025071404020518,PPCL,Opal Securities Investment (PVT) Ltd.,Sunrise Securities Limited,115,363.0,41745.0,2025-07-14 14:56:02.942610
2025-07-14,4587,2025071404020531,PPCL,Primo Securities (PVT) Ltd.,Sri Hari Securities Pvt. Ltd.,100,362.8,36280.0,2025-07-14 14:56:05.326232
2025-07-14,4586,2025071404020532,PPCL,Ashutosh Brokerage & Securities (PVT) Ltd.,Sri Hari Securities Pvt. Ltd.,500,362.8,181400.0,2025-07-14 14:56:05.326375
2025-07-14,3901,2025071404020723,PPCL,Kohinoor Investment & Securities Pvt. Ltd.,Sri Hari Securities Pvt. Ltd.,245,362.8,88886.0,2025-07-14 14:57:00.487669
2025-07-14,3900,2025071404020724,PPCL,Kohinoor Investment & Securities Pvt. Ltd.,Sunrise Securities Limited,55,363.0,19965.0,2025-07-14 14:57:00.487808
2025-07-14,3748,2025071404020763,PPCL,Imperial Securities Company Pvt. Ltd.,South Asian Bulls Pvt. Ltd.,100,362.7,36270.0,2025-07-14 14:57:13.391299
2025-07-14,3747,2025071404020764,PPCL,Trishakti Securities Public Limited,South Asian Bulls Pvt. Ltd.,100,362.7,36270.0,2025-07-14 14:57:13.391428
2025-07-14,3746,2025071404020765,PPCL,Agrawal Securities (PVT) Ltd.,South Asian Bulls Pvt. Ltd.,1000,362.6,362600.0,2025-07-14 14:57:13.391483
2025-07-14,3745,2025071404020766,PPCL,Creative Securities Pvt Ltd,South Asian Bulls Pvt. Ltd.,100,362.0,36200.0,2025-07-14 14:57:13.391538
2025-07-14,3744,2025071404020767,PPCL,Imperial Securities Company Pvt. Ltd.,South Asian Bulls Pvt. Ltd.,80,362.0,28960.0,2025-07-14 14:57:13.391590
2025-07-14,3743,2025071404020768,PPCL,Property Wiard Limited,South Asian Bulls Pvt. Ltd.,1000,362.0,362000.0,2025-07-14 14:57:13.391638
2025-07-14,3742,2025071404020769,PPCL,Vision Securities Pvt. Ltd,South Asian Bulls Pvt. Ltd.,150,362.0,54300.0,2025-07-14 14:57:13.391690
2025-07-14,3465,2025071404020864,PPCL,Aryatara Investment & Securities,South Asian Bulls Pvt. Ltd.,250,362.0,90500.0,2025-07-14 14:57:32.238906
2025-07-14,3399,2025071404020883,PPCL,Online Securities Pvt. Ltd.,South Asian Bulls Pvt. Ltd.,126,362.0,45612.0,2025-07-14 14:57:37.285449
2025-07-14,2901,2025071404021025,PPCL,Online Securities Pvt. Ltd.,Imperial Securities Company Pvt. Ltd.,200,362.8,72560.0,2025-07-14 14:58:09.154137
2025-07-14,2131,2025071404021248,PPCL,Dakshinkali Investment & Securities Pvt. Ltd.,Sunrise Securities Limited,680,363.0,246840.0,2025-07-14 14:58:45.451702
2025-07-14,2033,2025071404021281,PPCL,Dakshinkali Investment & Securities Pvt. Ltd.,SUN SECURITIES PVT LTD,1320,363.0,479160.0,2025-07-14 14:58:51.850260
2025-07-14,1788,2025071404021358,PPCL,Online Securities Pvt. Ltd.,BHOLE GANESH SECURITIES LTD,60,362.8,21768.0,2025-07-14 14:59:03.223638
2025-07-14,1771,2025071404021363,PPCL,Sewa Securities Pvt. Ltd.,SUN SECURITIES PVT LTD,70,363.0,25410.0,2025-07-14 14:59:03.964113
2025-07-14,1145,2025071404021596,PPCL,Online Securities Pvt. Ltd.,Sharepro Securities Private Limited,134,362.8,48615.2,2025-07-14 14:59:26.142273
2025-07-14,1144,2025071404021597,PPCL,Bhrikuti Stock Broking Co. Pvt. Ltd.,Sharepro Securities Private Limited,141,362.8,51154.8,2025-07-14 14:59:26.142444
2025-07-14,631,2025071404021765,PPCL,Bhrikuti Stock Broking Co. Pvt. Ltd.,SUN SECURITIES PVT LTD,359,362.8,130245.2,2025-07-14 14:59:43.079728
2025-07-14,394,2025071404021854,PPCL,Dynamic Money Managers Securities Pvt. Ltd.,SUN SECURITIES PVT LTD,1401,362.0,507162.0,2025-07-14 14:59:51.175836
