Date,S.N.,Contract ID,Symbol,Buyer Broker,Seller Broker,volume,rate,amount,transaction_time
2025-07-14,72489,2025071401000046,PRVU,Naasa Securities Co. Ltd.,Roadshow securities limited,52,225.0,11700.0,2025-07-14 11:00:23.534653
2025-07-14,72425,2025071401000093,PRVU,Secured Securities Ltd.,Agrawal Securities (PVT) Ltd.,200,224.0,44800.0,2025-07-14 11:00:39.629610
2025-07-14,72409,2025071401000102,PRVU,Secured Securities Ltd.,Capital Max Securities Ltd,200,224.0,44800.0,2025-07-14 11:00:45.511392
2025-07-14,72403,2025071401000104,PRVU,Secured Securities Ltd.,Nepal Investment And Securities Trading Private Limited,400,224.0,89600.0,2025-07-14 11:00:46.904085
2025-07-14,72402,2025071401000105,PRVU,Nepal Stock House (PVT) Ltd.,Nepal Investment And Securities Trading Private Limited,50,224.0,11200.0,2025-07-14 11:00:46.904158
2025-07-14,72251,2025071401000162,PRVU,Thrive Brokerage House Pvt. Ltd,Vision Securities Pvt. Ltd,1000,222.0,222000.0,2025-07-14 11:01:15.956382
2025-07-14,72136,2025071401000204,PRVU,Thrive Brokerage House Pvt. Ltd,Siprabi Securities Pvt. Ltd.,1000,222.0,222000.0,2025-07-14 11:01:38.795598
2025-07-14,72135,2025071401000205,PRVU,Sewa Securities Pvt. Ltd.,Siprabi Securities Pvt. Ltd.,100,221.0,22100.0,2025-07-14 11:01:38.795790
2025-07-14,71976,2025071401000272,PRVU,Global IME Securities Limited,Premier Securities Company Ltd.,80,222.0,17760.0,2025-07-14 11:02:16.035304
2025-07-14,71975,2025071401000273,PRVU,Deevyaa Securities & Stock House Pvt. Ltd,Premier Securities Company Ltd.,20,222.0,4440.0,2025-07-14 11:02:16.035384
2025-07-14,71946,2025071401000287,PRVU,Deevyaa Securities & Stock House Pvt. Ltd,Dipshikha Dhitopatra Karobar Co. Pvt Ltd.,30,222.0,6660.0,2025-07-14 11:02:24.215243
2025-07-14,71618,2025071401000447,PRVU,Secured Securities Ltd.,Aryatara Investment & Securities,110,222.0,24420.0,2025-07-14 11:03:25.741456
2025-07-14,71509,2025071401000493,PRVU,Midas Stock Broking Company Private Limited,Kohinoor Investment & Securities Pvt. Ltd.,1000,221.3,221300.0,2025-07-14 11:03:48.695736
2025-07-14,71508,2025071401000494,PRVU,Midas Stock Broking Company Private Limited,Kohinoor Investment & Securities Pvt. Ltd.,200,221.1,44220.0,2025-07-14 11:03:48.695859
2025-07-14,71507,2025071401000495,PRVU,Imperial Securities Company Pvt. Ltd.,Kohinoor Investment & Securities Pvt. Ltd.,800,221.1,176880.0,2025-07-14 11:03:48.695926
2025-07-14,71400,2025071401000545,PRVU,Imperial Securities Company Pvt. Ltd.,Naasa Securities Co. Ltd.,200,221.1,44220.0,2025-07-14 11:04:08.300528
2025-07-14,71399,2025071401000546,PRVU,Siprabi Securities Pvt. Ltd.,Naasa Securities Co. Ltd.,500,221.0,110500.0,2025-07-14 11:04:08.300734
2025-07-14,71398,2025071401000547,PRVU,Global IME Securities Limited,Naasa Securities Co. Ltd.,30,221.0,6630.0,2025-07-14 11:04:08.300880
2025-07-14,71397,2025071401000548,PRVU,Dipshikha Dhitopatra Karobar Co. Pvt Ltd.,Naasa Securities Co. Ltd.,270,221.0,59670.0,2025-07-14 11:04:08.301061
2025-07-14,71396,2025071401000549,PRVU,Dipshikha Dhitopatra Karobar Co. Pvt Ltd.,Trishakti Securities Public Limited,330,221.0,72930.0,2025-07-14 11:04:08.548394
2025-07-14,71395,2025071401000550,PRVU,Deevyaa Securities & Stock House Pvt. Ltd,Trishakti Securities Public Limited,1670,221.0,369070.0,2025-07-14 11:04:08.548490
2025-07-14,71357,2025071401000564,PRVU,Deevyaa Securities & Stock House Pvt. Ltd,Aryatara Investment & Securities,280,221.0,61880.0,2025-07-14 11:04:14.024221
2025-07-14,71225,2025071401000625,PRVU,Asian Securities Private Ltd.,Aryatara Investment & Securities,50,220.2,11010.0,2025-07-14 11:04:34.241524
2025-07-14,71224,2025071401000626,PRVU,Capital Max Securities Ltd,Aryatara Investment & Securities,204,220.1,44900.4,2025-07-14 11:04:34.241698
2025-07-14,71223,2025071401000627,PRVU,Kalika Securities Pvt. Ltd.,Aryatara Investment & Securities,390,220.1,85839.0,2025-07-14 11:04:34.241744
2025-07-14,71222,2025071401000628,PRVU,Trisul Securities & Invt. Ltd.,Aryatara Investment & Securities,100,220.0,22000.0,2025-07-14 11:04:34.241797
2025-07-14,71221,2025071401000629,PRVU,Deevyaa Securities & Stock House Pvt. Ltd,Aryatara Investment & Securities,341,220.0,75020.0,2025-07-14 11:04:34.241841
2025-07-14,71214,2025071401000632,PRVU,Deevyaa Securities & Stock House Pvt. Ltd,Sani Securities Company Ltd.,1020,220.0,224400.0,2025-07-14 11:04:35.855546
2025-07-14,71170,2025071401000644,PRVU,Deevyaa Securities & Stock House Pvt. Ltd,Dynamic Money Managers Securities Pvt. Ltd.,100,220.0,22000.0,2025-07-14 11:04:41.949904
2025-07-14,71134,2025071401000663,PRVU,Deevyaa Securities & Stock House Pvt. Ltd,Oxford Securities Pvt. Ltd.,39,220.0,8580.0,2025-07-14 11:04:48.450128
2025-07-14,71133,2025071401000664,PRVU,Nepal Stock House (PVT) Ltd.,Oxford Securities Pvt. Ltd.,100,220.0,22000.0,2025-07-14 11:04:48.450320
2025-07-14,71132,2025071401000665,PRVU,Nepal Stock House (PVT) Ltd.,Oxford Securities Pvt. Ltd.,872,220.0,191840.0,2025-07-14 11:04:48.450462
2025-07-14,71130,2025071401000667,PRVU,Nepal Stock House (PVT) Ltd.,Vision Securities Pvt. Ltd,50,220.0,11000.0,2025-07-14 11:04:49.265018
2025-07-14,71128,2025071401000668,PRVU,Nepal Stock House (PVT) Ltd.,Neev Securities Pvt. Ltd.,1000,220.0,220000.0,2025-07-14 11:04:49.383842
2025-07-14,71108,2025071401000680,PRVU,Nepal Stock House (PVT) Ltd.,Asian Securities Private Ltd.,78,220.0,17160.0,2025-07-14 11:04:51.942224
2025-07-14,71107,2025071401000681,PRVU,Asian Securities Private Ltd.,Asian Securities Private Ltd.,20,220.0,4400.0,2025-07-14 11:04:51.942323
2025-07-14,71106,2025071401000682,PRVU,ABC Securities Private Limited,Asian Securities Private Ltd.,200,220.0,44000.0,2025-07-14 11:04:51.942365
2025-07-14,71105,2025071401000683,PRVU,Imperial Securities Company Pvt. Ltd.,Asian Securities Private Ltd.,50,220.0,11000.0,2025-07-14 11:04:51.942410
2025-07-14,71104,2025071401000684,PRVU,Thrive Brokerage House Pvt. Ltd,Asian Securities Private Ltd.,152,220.0,33440.0,2025-07-14 11:04:51.942453
2025-07-14,71074,2025071401000702,PRVU,Thrive Brokerage House Pvt. Ltd,Bhrikuti Stock Broking Co. Pvt. Ltd.,500,220.0,110000.0,2025-07-14 11:04:58.781088
2025-07-14,71072,2025071401000703,PRVU,Thrive Brokerage House Pvt. Ltd,Thrive Brokerage House Pvt. Ltd,40,220.0,8800.0,2025-07-14 11:04:59.257782
2025-07-14,71040,2025071401000717,PRVU,Thrive Brokerage House Pvt. Ltd,Sani Securities Company Ltd.,1000,220.0,220000.0,2025-07-14 11:05:07.449337
2025-07-14,70994,2025071401000726,PRVU,Thrive Brokerage House Pvt. Ltd,Imperial Securities Company Pvt. Ltd.,25,220.0,5500.0,2025-07-14 11:05:15.300008
2025-07-14,70960,2025071401000736,PRVU,Thrive Brokerage House Pvt. Ltd,Aryatara Investment & Securities,283,220.0,62260.0,2025-07-14 11:05:20.703599
2025-07-14,70959,2025071401000737,PRVU,Agrawal Securities (PVT) Ltd.,Aryatara Investment & Securities,487,220.0,107140.0,2025-07-14 11:05:20.703685
2025-07-14,70946,2025071401000747,PRVU,Agrawal Securities (PVT) Ltd.,Deevyaa Securities & Stock House Pvt. Ltd,13,220.0,2860.0,2025-07-14 11:05:23.829280
2025-07-14,70945,2025071401000748,PRVU,Arun Securities (PVT) Ltd.,Deevyaa Securities & Stock House Pvt. Ltd,37,220.0,8140.0,2025-07-14 11:05:23.829389
2025-07-14,70873,2025071401000771,PRVU,Arun Securities (PVT) Ltd.,Premier Securities Company Ltd.,393,220.0,86460.0,2025-07-14 11:05:31.527927
2025-07-14,70872,2025071401000772,PRVU,Investment Management Nepal Pvt. Ltd.,Premier Securities Company Ltd.,30,220.0,6600.0,2025-07-14 11:05:31.528123
2025-07-14,70871,2025071401000773,PRVU,Sharepro Securities Private Limited,Premier Securities Company Ltd.,200,220.0,44000.0,2025-07-14 11:05:31.528256
2025-07-14,70745,2025071401000842,PRVU,Aryatara Investment & Securities,Premier Securities Company Ltd.,300,220.0,66000.0,2025-07-14 11:05:48.070997
2025-07-14,70693,2025071401000868,PRVU,Swarna Laxmi Securities Pvt. Ltd.,Oxford Securities Pvt. Ltd.,465,219.6,102114.0,2025-07-14 11:06:02.052334
2025-07-14,70522,2025071401000938,PRVU,Swarna Laxmi Securities Pvt. Ltd.,Aryatara Investment & Securities,35,219.6,7686.0,2025-07-14 11:06:26.501856
2025-07-14,70474,2025071401000964,PRVU,Indira securities pvt. ltd,Aryatara Investment & Securities,65,219.6,14274.0,2025-07-14 11:06:42.460017
2025-07-14,70473,2025071401000965,PRVU,Indira securities pvt. ltd,Aryatara Investment & Securities,25,219.9,5497.5,2025-07-14 11:06:42.460256
2025-07-14,70472,2025071401000966,PRVU,Indira securities pvt. ltd,Premier Securities Company Ltd.,77,220.0,16940.0,2025-07-14 11:06:42.460394
2025-07-14,70471,2025071401000967,PRVU,Indira securities pvt. ltd,Trishakti Securities Public Limited,33,220.0,7260.0,2025-07-14 11:06:42.460531
2025-07-14,70463,2025071401000968,PRVU,Naasa Securities Co. Ltd.,J.F. Securites (PVT) Ltd.,145,219.0,31755.0,2025-07-14 11:06:44.856801
2025-07-14,70462,2025071401000969,PRVU,Asian Securities Private Ltd.,J.F. Securites (PVT) Ltd.,500,219.0,109500.0,2025-07-14 11:06:44.857003
2025-07-14,70341,2025071401001034,PRVU,Online Securities Pvt. Ltd.,J.F. Securites (PVT) Ltd.,80,219.0,17520.0,2025-07-14 11:07:07.487607
2025-07-14,70315,2025071401001042,PRVU,Sri Hari Securities Pvt. Ltd.,Trishakti Securities Public Limited,967,220.0,212740.0,2025-07-14 11:07:11.849985
2025-07-14,70314,2025071401001043,PRVU,Sri Hari Securities Pvt. Ltd.,Bhrikuti Stock Broking Co. Pvt. Ltd.,500,220.0,110000.0,2025-07-14 11:07:11.850092
2025-07-14,70253,2025071401001072,PRVU,Thrive Brokerage House Pvt. Ltd,Naasa Securities Co. Ltd.,100,220.5,22050.0,2025-07-14 11:07:26.398002
2025-07-14,70134,2025071401001126,PRVU,KALASH STOCK MARKET PVT. LTD.,Nepal Stock House (PVT) Ltd.,1000,220.5,220500.0,2025-07-14 11:07:47.898601
2025-07-14,69864,2025071401001274,PRVU,Vision Securities Pvt. Ltd,Nepal Stock House (PVT) Ltd.,500,220.5,110250.0,2025-07-14 11:08:51.010636
2025-07-14,69863,2025071401001275,PRVU,Oxford Securities Pvt. Ltd.,Market Securities & Exchange (PVT) Ltd.,100,220.2,22020.0,2025-07-14 11:08:51.366976
2025-07-14,69862,2025071401001276,PRVU,Sundhara Securities Limited,Market Securities & Exchange (PVT) Ltd.,250,220.1,55025.0,2025-07-14 11:08:51.367283
2025-07-14,69832,2025071401001299,PRVU,Kumari Securities Private Limited,Nepal Stock House (PVT) Ltd.,50,220.5,11025.0,2025-07-14 11:08:56.304458
2025-07-14,69804,2025071401001311,PRVU,Sundhara Securities Limited,Dynamic Money Managers Securities Pvt. Ltd.,116,220.1,25531.6,2025-07-14 11:09:05.219975
2025-07-14,69715,2025071401001369,PRVU,Online Securities Pvt. Ltd.,Nepal Stock House (PVT) Ltd.,200,220.5,44100.0,2025-07-14 11:09:25.870293
2025-07-14,69705,2025071401001372,PRVU,Sundhara Securities Limited,Market Securities & Exchange (PVT) Ltd.,100,220.1,22010.0,2025-07-14 11:09:27.665704
2025-07-14,69541,2025071401001456,PRVU,Sundhara Securities Limited,Shree Krishna Securities Ltd.,34,220.1,7483.4,2025-07-14 11:10:04.548007
2025-07-14,69540,2025071401001457,PRVU,Sri Hari Securities Pvt. Ltd.,Shree Krishna Securities Ltd.,33,220.0,7260.0,2025-07-14 11:10:04.548264
2025-07-14,69539,2025071401001458,PRVU,Stoxkarts Securities Limited,Shree Krishna Securities Ltd.,24,220.0,5280.0,2025-07-14 11:10:04.548402
2025-07-14,69538,2025071401001459,PRVU,Trishakti Securities Public Limited,Shree Krishna Securities Ltd.,405,220.0,89100.0,2025-07-14 11:10:04.548545
2025-07-14,69537,2025071401001460,PRVU,Cristal Kanchanjanga Securites Pvt. Ltd.,Shree Krishna Securities Ltd.,100,220.0,22000.0,2025-07-14 11:10:04.548690
2025-07-14,69536,2025071401001461,PRVU,Asian Securities Private Ltd.,Shree Krishna Securities Ltd.,400,220.0,88000.0,2025-07-14 11:10:04.548860
2025-07-14,69404,2025071401001525,PRVU,Trisul Securities & Invt. Ltd.,Deevyaa Securities & Stock House Pvt. Ltd,300,220.1,66030.0,2025-07-14 11:10:29.212458
2025-07-14,69391,2025071401001532,PRVU,Nepal Stock House (PVT) Ltd.,Nepal Stock House (PVT) Ltd.,250,220.5,55125.0,2025-07-14 11:10:31.296126
2025-07-14,69322,2025071401001564,PRVU,Secured Securities Ltd.,Shree Krishna Securities Ltd.,300,220.2,66060.0,2025-07-14 11:10:47.798036
2025-07-14,69321,2025071401001565,PRVU,Nepal Stock House (PVT) Ltd.,Shree Krishna Securities Ltd.,204,220.2,44920.8,2025-07-14 11:10:47.798191
2025-07-14,69191,2025071401001620,PRVU,Imperial Securities Company Pvt. Ltd.,Naasa Securities Co. Ltd.,1979,222.0,439338.0,2025-07-14 11:11:14.248878
2025-07-14,69190,2025071401001621,PRVU,Imperial Securities Company Pvt. Ltd.,Kohinoor Investment & Securities Pvt. Ltd.,21,222.0,4662.0,2025-07-14 11:11:14.249001
2025-07-14,68881,2025071401001783,PRVU,Trishakti Securities Public Limited,Online Securities Pvt. Ltd.,300,221.9,66570.0,2025-07-14 11:12:17.884336
2025-07-14,68880,2025071401001784,PRVU,Trishakti Securities Public Limited,Sani Securities Company Ltd.,200,221.9,44380.0,2025-07-14 11:12:17.884471
2025-07-14,68819,2025071401001813,PRVU,Himalayan Securities Limited,Sani Securities Company Ltd.,55,221.9,12204.5,2025-07-14 11:12:32.329717
2025-07-14,68818,2025071401001814,PRVU,Himalayan Securities Limited,Kohinoor Investment & Securities Pvt. Ltd.,29,222.0,6438.0,2025-07-14 11:12:32.329793
2025-07-14,68817,2025071401001815,PRVU,Himalayan Securities Limited,Kohinoor Investment & Securities Pvt. Ltd.,228,222.0,50616.0,2025-07-14 11:12:32.329845
2025-07-14,68816,2025071401001816,PRVU,Himalayan Securities Limited,Premier Securities Company Ltd.,50,223.0,11150.0,2025-07-14 11:12:32.329866
2025-07-14,68815,2025071401001817,PRVU,Himalayan Securities Limited,Aryatara Investment & Securities,10,223.0,2230.0,2025-07-14 11:12:32.329891
2025-07-14,68814,2025071401001818,PRVU,Himalayan Securities Limited,Aryatara Investment & Securities,10,223.0,2230.0,2025-07-14 11:12:32.329921
2025-07-14,68813,2025071401001819,PRVU,Himalayan Securities Limited,Nepal Investment And Securities Trading Private Limited,769,224.0,172256.0,2025-07-14 11:12:32.329963
2025-07-14,68812,2025071401001820,PRVU,Himalayan Securities Limited,Online Securities Pvt. Ltd.,250,224.0,56000.0,2025-07-14 11:12:32.329995
2025-07-14,68811,2025071401001821,PRVU,Himalayan Securities Limited,Kohinoor Investment & Securities Pvt. Ltd.,180,224.0,40320.0,2025-07-14 11:12:32.330029
2025-07-14,68810,2025071401001822,PRVU,Himalayan Securities Limited,Dipshikha Dhitopatra Karobar Co. Pvt Ltd.,200,224.0,44800.0,2025-07-14 11:12:32.330051
2025-07-14,68809,2025071401001823,PRVU,Himalayan Securities Limited,Agrawal Securities (PVT) Ltd.,30,224.0,6720.0,2025-07-14 11:12:32.330072
2025-07-14,68808,2025071401001824,PRVU,Himalayan Securities Limited,Trisul Securities & Invt. Ltd.,189,224.0,42336.0,2025-07-14 11:12:32.330096
2025-07-14,68194,2025071401002078,PRVU,Sharepro Securities Private Limited,Trisul Securities & Invt. Ltd.,11,224.0,2464.0,2025-07-14 11:14:17.494419
2025-07-14,68193,2025071401002079,PRVU,Sharepro Securities Private Limited,Neev Securities Pvt. Ltd.,289,224.0,64736.0,2025-07-14 11:14:17.494568
2025-07-14,68145,2025071401002104,PRVU,Premier Securities Company Ltd.,Agrawal Securities (PVT) Ltd.,100,222.0,22200.0,2025-07-14 11:14:25.348343
2025-07-14,68144,2025071401002105,PRVU,Premier Securities Company Ltd.,Agrawal Securities (PVT) Ltd.,50,222.0,11100.0,2025-07-14 11:14:25.348389
2025-07-14,68143,2025071401002106,PRVU,Dipshikha Dhitopatra Karobar Co. Pvt Ltd.,Agrawal Securities (PVT) Ltd.,50,222.0,11100.0,2025-07-14 11:14:25.348416
2025-07-14,68142,2025071401002107,PRVU,South Asian Bulls Pvt. Ltd.,Agrawal Securities (PVT) Ltd.,100,221.6,22160.0,2025-07-14 11:14:25.348438
2025-07-14,67880,2025071401002255,PRVU,Online Securities Pvt. Ltd.,Vision Securities Pvt. Ltd,100,222.1,22210.0,2025-07-14 11:15:16.962902
2025-07-14,67771,2025071401002309,PRVU,Linch Stock Market Ltd.,Vision Securities Pvt. Ltd,40,222.0,8880.0,2025-07-14 11:15:37.144832
2025-07-14,67766,2025071401002312,PRVU,Linch Stock Market Ltd.,Vision Securities Pvt. Ltd,200,222.0,44400.0,2025-07-14 11:15:40.160387
2025-07-14,67726,2025071401002331,PRVU,Naasa Securities Co. Ltd.,Vision Securities Pvt. Ltd,13,222.0,2886.0,2025-07-14 11:15:50.277713
2025-07-14,67398,2025071401002447,PRVU,Agrawal Securities (PVT) Ltd.,Trisul Securities & Invt. Ltd.,816,221.9,181070.4,2025-07-14 11:16:55.848158
2025-07-14,67218,2025071401002533,PRVU,Aryatara Investment & Securities,Trisul Securities & Invt. Ltd.,184,221.9,40829.6,2025-07-14 11:17:34.814158
2025-07-14,66981,2025071401002640,PRVU,Capital Max Securities Ltd,Vision Securities Pvt. Ltd,130,222.0,28860.0,2025-07-14 11:18:30.603722
2025-07-14,66968,2025071401002644,PRVU,Aryatara Investment & Securities,South Asian Bulls Pvt. Ltd.,16,221.9,3550.4,2025-07-14 11:18:34.341524
2025-07-14,66931,2025071401002662,PRVU,Trishakti Securities Public Limited,South Asian Bulls Pvt. Ltd.,34,221.9,7544.6,2025-07-14 11:18:41.169296
2025-07-14,66930,2025071401002663,PRVU,Trishakti Securities Public Limited,Vision Securities Pvt. Ltd,466,222.0,103452.0,2025-07-14 11:18:41.169461
2025-07-14,66834,2025071401002707,PRVU,Siprabi Securities Pvt. Ltd.,Vision Securities Pvt. Ltd,52,222.0,11544.0,2025-07-14 11:18:57.550181
2025-07-14,66833,2025071401002708,PRVU,Siprabi Securities Pvt. Ltd.,Linch Stock Market Ltd.,69,222.0,15318.0,2025-07-14 11:18:57.550364
2025-07-14,66832,2025071401002709,PRVU,Siprabi Securities Pvt. Ltd.,Nepal Stock House (PVT) Ltd.,221,222.0,49062.0,2025-07-14 11:18:57.550440
2025-07-14,66831,2025071401002710,PRVU,Siprabi Securities Pvt. Ltd.,Vision Securities Pvt. Ltd,10,222.0,2220.0,2025-07-14 11:18:57.550563
2025-07-14,66830,2025071401002711,PRVU,Siprabi Securities Pvt. Ltd.,Vision Securities Pvt. Ltd,119,222.0,26418.0,2025-07-14 11:18:57.550773
2025-07-14,66829,2025071401002712,PRVU,Siprabi Securities Pvt. Ltd.,Imperial Securities Company Pvt. Ltd.,10,223.6,2236.0,2025-07-14 11:18:57.550985
2025-07-14,66482,2025071401002893,PRVU,Imperial Securities Company Pvt. Ltd.,Siprabi Securities Pvt. Ltd.,90,223.7,20133.0,2025-07-14 11:20:06.165247
2025-07-14,66441,2025071401002911,PRVU,Opal Securities Investment (PVT) Ltd.,Sipla Securities Private Limited,1000,223.0,223000.0,2025-07-14 11:20:15.546055
2025-07-14,65923,2025071401003133,PRVU,Oxford Securities Pvt. Ltd.,Trisul Securities & Invt. Ltd.,42,222.0,9324.0,2025-07-14 11:22:02.611185
2025-07-14,65746,2025071401003218,PRVU,Oxford Securities Pvt. Ltd.,Shree Krishna Securities Ltd.,58,222.0,12876.0,2025-07-14 11:22:39.643875
2025-07-14,65745,2025071401003219,PRVU,South Asian Bulls Pvt. Ltd.,Shree Krishna Securities Ltd.,442,222.0,98124.0,2025-07-14 11:22:39.644100
2025-07-14,65682,2025071401003253,PRVU,South Asian Bulls Pvt. Ltd.,Online Securities Pvt. Ltd.,138,222.0,30636.0,2025-07-14 11:22:51.085133
2025-07-14,65681,2025071401003254,PRVU,Sundhara Securities Limited,Online Securities Pvt. Ltd.,900,222.0,199800.0,2025-07-14 11:22:51.085525
2025-07-14,65680,2025071401003255,PRVU,Agrawal Securities (PVT) Ltd.,Online Securities Pvt. Ltd.,200,222.0,44400.0,2025-07-14 11:22:51.085761
2025-07-14,65679,2025071401003256,PRVU,Naasa Securities Co. Ltd.,Online Securities Pvt. Ltd.,90,222.0,19980.0,2025-07-14 11:22:51.085999
2025-07-14,65678,2025071401003257,PRVU,Aryatara Investment & Securities,Online Securities Pvt. Ltd.,150,222.0,33300.0,2025-07-14 11:22:51.086244
2025-07-14,65340,2025071401003383,PRVU,Kumari Securities Private Limited,Online Securities Pvt. Ltd.,522,222.0,115884.0,2025-07-14 11:23:42.904318
2025-07-14,65334,2025071401003384,PRVU,Kumari Securities Private Limited,Imperial Securities Company Pvt. Ltd.,50,222.0,11100.0,2025-07-14 11:23:45.204482
2025-07-14,65244,2025071401003438,PRVU,Kumari Securities Private Limited,Malla & Malla Stock Broking Company Pvt. Limited,200,222.0,44400.0,2025-07-14 11:24:02.369384
2025-07-14,65211,2025071401003450,PRVU,Kumari Securities Private Limited,NIMB Stock Markets Limited,228,222.0,50616.0,2025-07-14 11:24:09.361705
2025-07-14,65210,2025071401003451,PRVU,Imperial Securities Company Pvt. Ltd.,NIMB Stock Markets Limited,500,222.0,111000.0,2025-07-14 11:24:09.361892
2025-07-14,65209,2025071401003452,PRVU,Nepal Stock House (PVT) Ltd.,NIMB Stock Markets Limited,20,222.0,4440.0,2025-07-14 11:24:09.956696
2025-07-14,65143,2025071401003477,PRVU,Cristal Kanchanjanga Securites Pvt. Ltd.,NIMB Stock Markets Limited,120,222.0,26640.0,2025-07-14 11:24:27.935467
2025-07-14,65102,2025071401003490,PRVU,Dakshinkali Investment & Securities Pvt. Ltd.,Dakshinkali Investment & Securities Pvt. Ltd.,500,221.8,110900.0,2025-07-14 11:24:36.055150
2025-07-14,65101,2025071401003491,PRVU,Premier Securities Company Ltd.,Dakshinkali Investment & Securities Pvt. Ltd.,200,221.5,44300.0,2025-07-14 11:24:36.055199
2025-07-14,65100,2025071401003492,PRVU,Premier Securities Company Ltd.,Dakshinkali Investment & Securities Pvt. Ltd.,10,221.5,2215.0,2025-07-14 11:24:36.055228
2025-07-14,65099,2025071401003493,PRVU,Trishakti Securities Public Limited,Dakshinkali Investment & Securities Pvt. Ltd.,450,221.4,99630.0,2025-07-14 11:24:36.055256
2025-07-14,65098,2025071401003494,PRVU,Vision Securities Pvt. Ltd,Dakshinkali Investment & Securities Pvt. Ltd.,140,221.3,30982.0,2025-07-14 11:24:36.055281
2025-07-14,64836,2025071401003616,PRVU,Vision Securities Pvt. Ltd,APPLE SECURITIES PRIVATE LIMITED,500,221.3,110650.0,2025-07-14 11:25:18.394515
2025-07-14,64816,2025071401003624,PRVU,Vision Securities Pvt. Ltd,Online Securities Pvt. Ltd.,1000,221.3,221300.0,2025-07-14 11:25:21.099468
2025-07-14,64729,2025071401003669,PRVU,Vision Securities Pvt. Ltd,Siprabi Securities Pvt. Ltd.,50,221.3,11065.0,2025-07-14 11:25:34.642414
2025-07-14,64724,2025071401003673,PRVU,Vision Securities Pvt. Ltd,Dynamic Money Managers Securities Pvt. Ltd.,1500,221.3,331950.0,2025-07-14 11:25:36.005927
2025-07-14,64671,2025071401003693,PRVU,Vision Securities Pvt. Ltd,Agrawal Securities (PVT) Ltd.,810,221.3,179253.0,2025-07-14 11:25:43.025442
2025-07-14,64648,2025071401003699,PRVU,Trishakti Securities Public Limited,Dynamic Money Managers Securities Pvt. Ltd.,28,221.2,6193.6,2025-07-14 11:25:48.981646
2025-07-14,64647,2025071401003700,PRVU,Sewa Securities Pvt. Ltd.,Dynamic Money Managers Securities Pvt. Ltd.,1300,221.1,287430.0,2025-07-14 11:25:48.982050
2025-07-14,64646,2025071401003701,PRVU,Shree Krishna Securities Ltd.,Dynamic Money Managers Securities Pvt. Ltd.,172,221.1,38029.2,2025-07-14 11:25:48.982314
2025-07-14,64588,2025071401003730,PRVU,Shree Krishna Securities Ltd.,Sani Securities Company Ltd.,328,221.1,72520.8,2025-07-14 11:25:57.726191
2025-07-14,64587,2025071401003731,PRVU,Premier Securities Company Ltd.,Sani Securities Company Ltd.,100,221.0,22100.0,2025-07-14 11:25:57.726605
2025-07-14,64586,2025071401003732,PRVU,Kalika Securities Pvt. Ltd.,Sani Securities Company Ltd.,304,221.0,67184.0,2025-07-14 11:25:57.726858
2025-07-14,64549,2025071401003743,PRVU,Kalika Securities Pvt. Ltd.,Oxford Securities Pvt. Ltd.,400,221.0,88400.0,2025-07-14 11:26:04.545815
2025-07-14,64485,2025071401003777,PRVU,Kalika Securities Pvt. Ltd.,Neev Securities Pvt. Ltd.,1000,221.0,221000.0,2025-07-14 11:26:17.025637
2025-07-14,64448,2025071401003788,PRVU,Kalika Securities Pvt. Ltd.,Dynamic Money Managers Securities Pvt. Ltd.,100,221.0,22100.0,2025-07-14 11:26:24.822724
2025-07-14,64428,2025071401003801,PRVU,Kalika Securities Pvt. Ltd.,Oxford Securities Pvt. Ltd.,2000,221.0,442000.0,2025-07-14 11:26:27.753143
2025-07-14,64330,2025071401003863,PRVU,Kalika Securities Pvt. Ltd.,Dynamic Money Managers Securities Pvt. Ltd.,1196,221.0,264316.0,2025-07-14 11:26:40.071075
2025-07-14,64329,2025071401003864,PRVU,Miyo Securities Pvt Ltd,Dynamic Money Managers Securities Pvt. Ltd.,10,221.0,2210.0,2025-07-14 11:26:40.071314
2025-07-14,64328,2025071401003865,PRVU,Aryatara Investment & Securities,Dynamic Money Managers Securities Pvt. Ltd.,294,221.0,64974.0,2025-07-14 11:26:40.071406
2025-07-14,64321,2025071401003867,PRVU,Aryatara Investment & Securities,Online Securities Pvt. Ltd.,300,221.0,66300.0,2025-07-14 11:26:41.993808
2025-07-14,64304,2025071401003877,PRVU,Aryatara Investment & Securities,Dakshinkali Investment & Securities Pvt. Ltd.,406,221.0,89726.0,2025-07-14 11:26:46.403737
2025-07-14,64303,2025071401003878,PRVU,Premier Securities Company Ltd.,Dakshinkali Investment & Securities Pvt. Ltd.,200,221.0,44200.0,2025-07-14 11:26:46.403925
2025-07-14,64073,2025071401003982,PRVU,Sweta Securities Private Limited,Sani Securities Company Ltd.,95,220.6,20957.0,2025-07-14 11:27:40.913738
2025-07-14,63877,2025071401004094,PRVU,Swarna Laxmi Securities Pvt. Ltd.,Vision Securities Pvt. Ltd,185,220.7,40829.5,2025-07-14 11:28:17.333569
2025-07-14,63666,2025071401004200,PRVU,Swarna Laxmi Securities Pvt. Ltd.,Sweta Securities Private Limited,200,220.7,44140.0,2025-07-14 11:28:52.790837
2025-07-14,63514,2025071401004291,PRVU,Swarna Laxmi Securities Pvt. Ltd.,Imperial Securities Company Pvt. Ltd.,100,220.7,22070.0,2025-07-14 11:29:08.046215
2025-07-14,63428,2025071401004332,PRVU,Swarna Laxmi Securities Pvt. Ltd.,Naasa Securities Co. Ltd.,15,220.7,3310.5,2025-07-14 11:29:18.652078
2025-07-14,63322,2025071401004381,PRVU,Swarna Laxmi Securities Pvt. Ltd.,Neev Securities Pvt. Ltd.,332,220.7,73272.4,2025-07-14 11:29:37.022112
2025-07-14,63226,2025071401004414,PRVU,Swarna Laxmi Securities Pvt. Ltd.,ABC Securities Private Limited,168,220.7,37077.6,2025-07-14 11:29:56.392122
2025-07-14,63225,2025071401004415,PRVU,Sweta Securities Private Limited,ABC Securities Private Limited,105,220.6,23163.0,2025-07-14 11:29:56.392168
2025-07-14,63224,2025071401004416,PRVU,Secured Securities Ltd.,ABC Securities Private Limited,790,220.5,174195.0,2025-07-14 11:29:56.392199
2025-07-14,63223,2025071401004417,PRVU,Premier Securities Company Ltd.,ABC Securities Private Limited,100,220.5,22050.0,2025-07-14 11:29:56.392224
2025-07-14,63222,2025071401004418,PRVU,Premier Securities Company Ltd.,ABC Securities Private Limited,100,220.5,22050.0,2025-07-14 11:29:56.392254
2025-07-14,63221,2025071401004419,PRVU,Nepal Stock House (PVT) Ltd.,ABC Securities Private Limited,737,220.2,162287.4,2025-07-14 11:29:56.392321
2025-07-14,62846,2025071401004563,PRVU,Midas Stock Broking Company Private Limited,Online Securities Pvt. Ltd.,40,220.7,8828.0,2025-07-14 11:31:01.802600
2025-07-14,62845,2025071401004564,PRVU,Naasa Securities Co. Ltd.,Online Securities Pvt. Ltd.,25,220.7,5517.5,2025-07-14 11:31:01.802817
2025-07-14,62737,2025071401004608,PRVU,Nepal Stock House (PVT) Ltd.,Miyo Securities Pvt Ltd,230,220.5,50715.0,2025-07-14 11:31:22.072362
2025-07-14,62584,2025071401004650,PRVU,Trisul Securities & Invt. Ltd.,Primo Securities (PVT) Ltd.,102,220.2,22460.4,2025-07-14 11:31:46.487263
2025-07-14,62414,2025071401004730,PRVU,Trisul Securities & Invt. Ltd.,Kohinoor Investment & Securities Pvt. Ltd.,30,220.2,6606.0,2025-07-14 11:32:18.133996
2025-07-14,62384,2025071401004739,PRVU,Online Securities Pvt. Ltd.,Linch Stock Market Ltd.,150,220.4,33060.0,2025-07-14 11:32:21.333085
2025-07-14,62376,2025071401004747,PRVU,Trisul Securities & Invt. Ltd.,Trisul Securities & Invt. Ltd.,69,220.2,15193.8,2025-07-14 11:32:21.785269
2025-07-14,62375,2025071401004748,PRVU,Naasa Securities Co. Ltd.,Trisul Securities & Invt. Ltd.,99,220.1,21789.9,2025-07-14 11:32:21.785538
2025-07-14,62374,2025071401004749,PRVU,Vision Securities Pvt. Ltd,Trisul Securities & Invt. Ltd.,100,220.0,22000.0,2025-07-14 11:32:21.785633
2025-07-14,62373,2025071401004750,PRVU,Imperial Securities Company Pvt. Ltd.,Trisul Securities & Invt. Ltd.,100,220.0,22000.0,2025-07-14 11:32:21.785723
2025-07-14,62372,2025071401004751,PRVU,Kalika Securities Pvt. Ltd.,Trisul Securities & Invt. Ltd.,1100,220.0,242000.0,2025-07-14 11:32:21.785812
2025-07-14,62371,2025071401004752,PRVU,Agrawal Securities (PVT) Ltd.,Trisul Securities & Invt. Ltd.,50,220.0,11000.0,2025-07-14 11:32:21.785903
2025-07-14,62370,2025071401004753,PRVU,Naasa Securities Co. Ltd.,Trisul Securities & Invt. Ltd.,91,220.0,20020.0,2025-07-14 11:32:21.785988
2025-07-14,62369,2025071401004754,PRVU,Midas Stock Broking Company Private Limited,Trisul Securities & Invt. Ltd.,30,220.0,6600.0,2025-07-14 11:32:21.786083
2025-07-14,62368,2025071401004755,PRVU,Sani Securities Company Ltd.,Trisul Securities & Invt. Ltd.,100,220.0,22000.0,2025-07-14 11:32:21.786166
2025-07-14,62367,2025071401004756,PRVU,Imperial Securities Company Pvt. Ltd.,Trisul Securities & Invt. Ltd.,1000,220.0,220000.0,2025-07-14 11:32:21.786250
2025-07-14,62366,2025071401004757,PRVU,Vision Securities Pvt. Ltd,Trisul Securities & Invt. Ltd.,500,220.0,110000.0,2025-07-14 11:32:21.786338
2025-07-14,62365,2025071401004758,PRVU,Imperial Securities Company Pvt. Ltd.,Trisul Securities & Invt. Ltd.,50,220.0,11000.0,2025-07-14 11:32:21.786425
2025-07-14,62364,2025071401004759,PRVU,Dynamic Money Managers Securities Pvt. Ltd.,Trisul Securities & Invt. Ltd.,452,220.0,99440.0,2025-07-14 11:32:21.786506
2025-07-14,62363,2025071401004760,PRVU,Midas Stock Broking Company Private Limited,Trisul Securities & Invt. Ltd.,155,220.0,34100.0,2025-07-14 11:32:21.786609
2025-07-14,62362,2025071401004761,PRVU,Imperial Securities Company Pvt. Ltd.,Trisul Securities & Invt. Ltd.,150,220.0,33000.0,2025-07-14 11:32:21.786694
2025-07-14,62361,2025071401004762,PRVU,Siprabi Securities Pvt. Ltd.,Trisul Securities & Invt. Ltd.,10,220.0,2200.0,2025-07-14 11:32:21.786778
2025-07-14,62360,2025071401004763,PRVU,Investment Management Nepal Pvt. Ltd.,Trisul Securities & Invt. Ltd.,300,220.0,66000.0,2025-07-14 11:32:21.786866
2025-07-14,62359,2025071401004764,PRVU,Capital Max Securities Ltd,Trisul Securities & Invt. Ltd.,50,220.0,11000.0,2025-07-14 11:32:21.786973
2025-07-14,62358,2025071401004765,PRVU,Vision Securities Pvt. Ltd,Trisul Securities & Invt. Ltd.,100,220.0,22000.0,2025-07-14 11:32:21.787063
2025-07-14,62357,2025071401004766,PRVU,Siprabi Securities Pvt. Ltd.,Trisul Securities & Invt. Ltd.,10,220.0,2200.0,2025-07-14 11:32:21.787143
2025-07-14,62356,2025071401004767,PRVU,Sewa Securities Pvt. Ltd.,Trisul Securities & Invt. Ltd.,100,220.0,22000.0,2025-07-14 11:32:21.787226
2025-07-14,62355,2025071401004768,PRVU,Sundhara Securities Limited,Trisul Securities & Invt. Ltd.,384,220.0,84480.0,2025-07-14 11:32:21.787313
2025-07-14,62331,2025071401004789,PRVU,Sundhara Securities Limited,ABC Securities Private Limited,616,220.0,135520.0,2025-07-14 11:32:24.570499
2025-07-14,62330,2025071401004790,PRVU,Naasa Securities Co. Ltd.,ABC Securities Private Limited,890,220.0,195800.0,2025-07-14 11:32:24.570548
2025-07-14,62329,2025071401004791,PRVU,Imperial Securities Company Pvt. Ltd.,ABC Securities Private Limited,600,219.6,131760.0,2025-07-14 11:32:24.570590
2025-07-14,62328,2025071401004792,PRVU,Premier Securities Company Ltd.,ABC Securities Private Limited,300,219.6,65880.0,2025-07-14 11:32:24.570617
2025-07-14,62327,2025071401004793,PRVU,ABC Securities Private Limited,ABC Securities Private Limited,100,219.6,21960.0,2025-07-14 11:32:24.570641
2025-07-14,62326,2025071401004794,PRVU,Premier Securities Company Ltd.,ABC Securities Private Limited,50,219.6,10980.0,2025-07-14 11:32:24.570664
2025-07-14,62325,2025071401004795,PRVU,Market Securities & Exchange (PVT) Ltd.,ABC Securities Private Limited,100,219.6,21960.0,2025-07-14 11:32:24.570686
2025-07-14,62324,2025071401004796,PRVU,Dipshikha Dhitopatra Karobar Co. Pvt Ltd.,ABC Securities Private Limited,144,219.5,31608.0,2025-07-14 11:32:24.570710
2025-07-14,62223,2025071401004828,PRVU,Dipshikha Dhitopatra Karobar Co. Pvt Ltd.,Pragyan Securities (PVT) Ltd.,56,219.5,12292.0,2025-07-14 11:32:43.248703
2025-07-14,62222,2025071401004829,PRVU,Deevyaa Securities & Stock House Pvt. Ltd,Pragyan Securities (PVT) Ltd.,168,219.2,36825.6,2025-07-14 11:32:43.248932
2025-07-14,62089,2025071401004888,PRVU,Nepal Stock House (PVT) Ltd.,Pragyan Securities (PVT) Ltd.,314,219.3,68860.2,2025-07-14 11:33:09.567791
2025-07-14,61930,2025071401004936,PRVU,Nepal Stock House (PVT) Ltd.,Midas Stock Broking Company Private Limited,240,219.3,52632.0,2025-07-14 11:33:33.467005
2025-07-14,61912,2025071401004942,PRVU,Nepal Stock House (PVT) Ltd.,Sweta Securities Private Limited,46,219.3,10087.8,2025-07-14 11:33:37.642259
2025-07-14,61911,2025071401004943,PRVU,Aryatara Investment & Securities,Sweta Securities Private Limited,100,219.3,21930.0,2025-07-14 11:33:37.642474
2025-07-14,61778,2025071401004998,PRVU,Swarna Laxmi Securities Pvt. Ltd.,Online Securities Pvt. Ltd.,593,219.3,130044.9,2025-07-14 11:34:01.093071
2025-07-14,61697,2025071401005023,PRVU,Swarna Laxmi Securities Pvt. Ltd.,Miyo Securities Pvt Ltd,270,219.3,59211.0,2025-07-14 11:34:18.631030
2025-07-14,61676,2025071401005032,PRVU,Swarna Laxmi Securities Pvt. Ltd.,Agrawal Securities (PVT) Ltd.,137,219.3,30044.1,2025-07-14 11:34:21.136483
2025-07-14,61675,2025071401005033,PRVU,Primo Securities (PVT) Ltd.,Agrawal Securities (PVT) Ltd.,1000,219.3,219300.0,2025-07-14 11:34:21.136688
2025-07-14,61674,2025071401005034,PRVU,Deevyaa Securities & Stock House Pvt. Ltd,Agrawal Securities (PVT) Ltd.,53,219.2,11617.6,2025-07-14 11:34:21.136776
2025-07-14,61570,2025071401005072,PRVU,Sri Hari Securities Pvt. Ltd.,Trishakti Securities Public Limited,100,219.3,21930.0,2025-07-14 11:34:34.557966
2025-07-14,61569,2025071401005073,PRVU,Deevyaa Securities & Stock House Pvt. Ltd,Trishakti Securities Public Limited,2779,219.2,609156.8,2025-07-14 11:34:34.558244
2025-07-14,61568,2025071401005074,PRVU,Ashutosh Brokerage & Securities (PVT) Ltd.,Trishakti Securities Public Limited,121,219.2,26523.2,2025-07-14 11:34:34.558347
2025-07-14,61532,2025071401005096,PRVU,Nepal Stock House (PVT) Ltd.,Vision Securities Pvt. Ltd,209,219.6,45896.4,2025-07-14 11:34:37.864155
2025-07-14,61467,2025071401005123,PRVU,Sajilo Broker Limited,Vision Securities Pvt. Ltd,91,219.6,19983.6,2025-07-14 11:34:46.648392
2025-07-14,61426,2025071401005133,PRVU,Ashutosh Brokerage & Securities (PVT) Ltd.,Dakshinkali Investment & Securities Pvt. Ltd.,379,219.2,83076.8,2025-07-14 11:34:59.136315
2025-07-14,61425,2025071401005134,PRVU,Blue Chip Securities Ltd,Dakshinkali Investment & Securities Pvt. Ltd.,15,219.1,3286.5,2025-07-14 11:34:59.136588
2025-07-14,61393,2025071401005149,PRVU,Blue Chip Securities Ltd,Dipshikha Dhitopatra Karobar Co. Pvt Ltd.,1000,219.1,219100.0,2025-07-14 11:35:08.737165
2025-07-14,61327,2025071401005174,PRVU,Blue Chip Securities Ltd,Midas Stock Broking Company Private Limited,10,219.1,2191.0,2025-07-14 11:35:19.473926
2025-07-14,61240,2025071401005203,PRVU,Blue Chip Securities Ltd,ABC Securities Private Limited,975,219.1,213622.5,2025-07-14 11:35:34.887285
2025-07-14,61063,2025071401005265,PRVU,Naasa Securities Co. Ltd.,ABC Securities Private Limited,25,219.1,5477.5,2025-07-14 11:36:06.743307
2025-07-14,61059,2025071401005266,PRVU,Naasa Securities Co. Ltd.,Siprabi Securities Pvt. Ltd.,500,219.1,109550.0,2025-07-14 11:36:08.652978
2025-07-14,60991,2025071401005295,PRVU,Dipshikha Dhitopatra Karobar Co. Pvt Ltd.,Trishakti Securities Public Limited,100,220.0,22000.0,2025-07-14 11:36:26.373979
2025-07-14,60990,2025071401005296,PRVU,Dipshikha Dhitopatra Karobar Co. Pvt Ltd.,Opal Securities Investment (PVT) Ltd.,30,220.0,6600.0,2025-07-14 11:36:26.374426
2025-07-14,60968,2025071401005305,PRVU,Dipshikha Dhitopatra Karobar Co. Pvt Ltd.,Oxford Securities Pvt. Ltd.,50,220.0,11000.0,2025-07-14 11:36:29.179676
2025-07-14,60934,2025071401005317,PRVU,Dipshikha Dhitopatra Karobar Co. Pvt Ltd.,Siprabi Securities Pvt. Ltd.,320,220.0,70400.0,2025-07-14 11:36:36.172664
2025-07-14,60933,2025071401005318,PRVU,Naasa Securities Co. Ltd.,Siprabi Securities Pvt. Ltd.,25,219.1,5477.5,2025-07-14 11:36:36.172898
2025-07-14,60932,2025071401005319,PRVU,Kumari Securities Private Limited,Siprabi Securities Pvt. Ltd.,2000,219.0,438000.0,2025-07-14 11:36:36.172991
2025-07-14,60931,2025071401005320,PRVU,Imperial Securities Company Pvt. Ltd.,Siprabi Securities Pvt. Ltd.,355,219.0,77745.0,2025-07-14 11:36:36.173086
2025-07-14,60782,2025071401005384,PRVU,Imperial Securities Company Pvt. Ltd.,Pragyan Securities (PVT) Ltd.,11,219.0,2409.0,2025-07-14 11:37:03.103369
2025-07-14,60685,2025071401005417,PRVU,Imperial Securities Company Pvt. Ltd.,Cristal Kanchanjanga Securites Pvt. Ltd.,34,219.0,7446.0,2025-07-14 11:37:18.176210
2025-07-14,60684,2025071401005418,PRVU,Dipshikha Dhitopatra Karobar Co. Pvt Ltd.,Cristal Kanchanjanga Securites Pvt. Ltd.,30,219.0,6570.0,2025-07-14 11:37:18.176490
2025-07-14,60683,2025071401005419,PRVU,Dipshikha Dhitopatra Karobar Co. Pvt Ltd.,Cristal Kanchanjanga Securites Pvt. Ltd.,100,219.0,21900.0,2025-07-14 11:37:18.176591
2025-07-14,60682,2025071401005420,PRVU,Imperial Securities Company Pvt. Ltd.,Cristal Kanchanjanga Securites Pvt. Ltd.,50,219.0,10950.0,2025-07-14 11:37:18.176675
2025-07-14,60681,2025071401005421,PRVU,Agrawal Securities (PVT) Ltd.,Cristal Kanchanjanga Securites Pvt. Ltd.,11,219.0,2409.0,2025-07-14 11:37:18.176759
2025-07-14,60480,2025071401005488,PRVU,Agrawal Securities (PVT) Ltd.,Deevyaa Securities & Stock House Pvt. Ltd,39,219.0,8541.0,2025-07-14 11:37:52.307864
2025-07-14,60479,2025071401005489,PRVU,Nepal Stock House (PVT) Ltd.,Deevyaa Securities & Stock House Pvt. Ltd,50,219.0,10950.0,2025-07-14 11:37:52.308287
2025-07-14,60478,2025071401005490,PRVU,Thrive Brokerage House Pvt. Ltd,Deevyaa Securities & Stock House Pvt. Ltd,20,219.0,4380.0,2025-07-14 11:37:52.308539
2025-07-14,60477,2025071401005491,PRVU,ABC Securities Private Limited,Deevyaa Securities & Stock House Pvt. Ltd,100,219.0,21900.0,2025-07-14 11:37:52.308789
2025-07-14,60476,2025071401005492,PRVU,Premier Securities Company Ltd.,Deevyaa Securities & Stock House Pvt. Ltd,91,219.0,19929.0,2025-07-14 11:37:52.309080
2025-07-14,60379,2025071401005524,PRVU,Premier Securities Company Ltd.,Online Securities Pvt. Ltd.,100,219.0,21900.0,2025-07-14 11:38:07.886321
2025-07-14,60056,2025071401005625,PRVU,Neev Securities Pvt. Ltd.,Dipshikha Dhitopatra Karobar Co. Pvt Ltd.,500,219.1,109550.0,2025-07-14 11:39:06.706912
2025-07-14,59839,2025071401005703,PRVU,Midas Stock Broking Company Private Limited,Trishakti Securities Public Limited,1000,219.8,219800.0,2025-07-14 11:39:47.699150
2025-07-14,59838,2025071401005704,PRVU,Midas Stock Broking Company Private Limited,J.F. Securites (PVT) Ltd.,30,219.8,6594.0,2025-07-14 11:39:47.699363
2025-07-14,59755,2025071401005738,PRVU,Midas Stock Broking Company Private Limited,Kohinoor Investment & Securities Pvt. Ltd.,100,219.8,21980.0,2025-07-14 11:40:00.984013
2025-07-14,59729,2025071401005751,PRVU,Midas Stock Broking Company Private Limited,Online Securities Pvt. Ltd.,147,219.8,32310.6,2025-07-14 11:40:05.731206
2025-07-14,59693,2025071401005762,PRVU,Midas Stock Broking Company Private Limited,Premier Securities Company Ltd.,203,219.8,44619.4,2025-07-14 11:40:12.302755
2025-07-14,59481,2025071401005846,PRVU,Sani Securities Company Ltd.,Naasa Securities Co. Ltd.,200,219.2,43840.0,2025-07-14 11:41:00.952221
2025-07-14,59480,2025071401005847,PRVU,Shree Krishna Securities Ltd.,Naasa Securities Co. Ltd.,500,219.1,109550.0,2025-07-14 11:41:00.952450
2025-07-14,59479,2025071401005848,PRVU,Trishakti Securities Public Limited,Naasa Securities Co. Ltd.,20,219.1,4382.0,2025-07-14 11:41:00.952542
2025-07-14,59478,2025071401005849,PRVU,Imperial Securities Company Pvt. Ltd.,Naasa Securities Co. Ltd.,50,219.0,10950.0,2025-07-14 11:41:00.952631
2025-07-14,59477,2025071401005850,PRVU,Linch Stock Market Ltd.,Naasa Securities Co. Ltd.,230,219.0,50370.0,2025-07-14 11:41:00.952718
2025-07-14,59313,2025071401005924,PRVU,Linch Stock Market Ltd.,Hatemalo Financial Services Private Limited,1140,219.0,249660.0,2025-07-14 11:41:27.225815
2025-07-14,59213,2025071401005955,PRVU,Linch Stock Market Ltd.,Sundhara Securities Limited,230,219.0,50370.0,2025-07-14 11:41:43.165696
2025-07-14,59187,2025071401005968,PRVU,Linch Stock Market Ltd.,Naasa Securities Co. Ltd.,100,219.0,21900.0,2025-07-14 11:41:47.797229
2025-07-14,59183,2025071401005969,PRVU,Linch Stock Market Ltd.,Bhrikuti Stock Broking Co. Pvt. Ltd.,300,219.0,65700.0,2025-07-14 11:41:48.408563
2025-07-14,59182,2025071401005970,PRVU,Dipshikha Dhitopatra Karobar Co. Pvt Ltd.,Bhrikuti Stock Broking Co. Pvt. Ltd.,100,219.0,21900.0,2025-07-14 11:41:48.408803
2025-07-14,59181,2025071401005971,PRVU,Naasa Securities Co. Ltd.,Bhrikuti Stock Broking Co. Pvt. Ltd.,45,219.0,9855.0,2025-07-14 11:41:48.408925
2025-07-14,59180,2025071401005972,PRVU,Imperial Securities Company Pvt. Ltd.,Bhrikuti Stock Broking Co. Pvt. Ltd.,50,219.0,10950.0,2025-07-14 11:41:48.409012
2025-07-14,59083,2025071401006020,PRVU,Naasa Securities Co. Ltd.,Bhrikuti Stock Broking Co. Pvt. Ltd.,50,219.0,10950.0,2025-07-14 11:42:08.700243
2025-07-14,59061,2025071401006031,PRVU,Online Securities Pvt. Ltd.,Trisul Securities & Invt. Ltd.,13,218.6,2841.8,2025-07-14 11:42:12.996485
2025-07-14,59047,2025071401006035,PRVU,Online Securities Pvt. Ltd.,Imperial Securities Company Pvt. Ltd.,17,218.6,3716.2,2025-07-14 11:42:16.226522
2025-07-14,59046,2025071401006036,PRVU,Oxford Securities Pvt. Ltd.,Imperial Securities Company Pvt. Ltd.,83,218.6,18143.8,2025-07-14 11:42:16.226940
2025-07-14,59039,2025071401006043,PRVU,Oxford Securities Pvt. Ltd.,Naasa Securities Co. Ltd.,917,218.6,200456.2,2025-07-14 11:42:16.330473
2025-07-14,59038,2025071401006044,PRVU,Creative Securities Pvt Ltd,Naasa Securities Co. Ltd.,1000,218.5,218500.0,2025-07-14 11:42:16.330517
2025-07-14,59037,2025071401006045,PRVU,Premier Securities Company Ltd.,Naasa Securities Co. Ltd.,200,218.5,43700.0,2025-07-14 11:42:16.330547
2025-07-14,59036,2025071401006046,PRVU,Nepal Stock House (PVT) Ltd.,Naasa Securities Co. Ltd.,2883,218.3,629358.9,2025-07-14 11:42:16.330578
2025-07-14,58851,2025071401006117,PRVU,Nepal Stock House (PVT) Ltd.,Naasa Securities Co. Ltd.,117,218.3,25541.1,2025-07-14 11:42:43.594017
2025-07-14,58850,2025071401006118,PRVU,Naasa Securities Co. Ltd.,Naasa Securities Co. Ltd.,200,218.2,43640.0,2025-07-14 11:42:43.594072
2025-07-14,58849,2025071401006119,PRVU,Blue Chip Securities Ltd,Naasa Securities Co. Ltd.,2000,218.1,436200.0,2025-07-14 11:42:43.594101
2025-07-14,58848,2025071401006120,PRVU,Naasa Securities Co. Ltd.,Naasa Securities Co. Ltd.,200,218.1,43620.0,2025-07-14 11:42:43.594129
2025-07-14,58847,2025071401006121,PRVU,Thrive Brokerage House Pvt. Ltd,Naasa Securities Co. Ltd.,2000,218.0,436000.0,2025-07-14 11:42:43.594153
2025-07-14,58846,2025071401006122,PRVU,Online Securities Pvt. Ltd.,Naasa Securities Co. Ltd.,500,218.0,109000.0,2025-07-14 11:42:43.594192
2025-07-14,58845,2025071401006123,PRVU,Aryatara Investment & Securities,Naasa Securities Co. Ltd.,12,218.0,2616.0,2025-07-14 11:42:43.594216
2025-07-14,58844,2025071401006124,PRVU,Online Securities Pvt. Ltd.,Naasa Securities Co. Ltd.,200,218.0,43600.0,2025-07-14 11:42:43.594241
2025-07-14,58843,2025071401006125,PRVU,Aryatara Investment & Securities,Naasa Securities Co. Ltd.,100,218.0,21800.0,2025-07-14 11:42:43.594268
2025-07-14,58842,2025071401006126,PRVU,Asian Securities Private Ltd.,Naasa Securities Co. Ltd.,500,218.0,109000.0,2025-07-14 11:42:43.594303
2025-07-14,58841,2025071401006127,PRVU,Stoxkarts Securities Limited,Naasa Securities Co. Ltd.,1000,218.0,218000.0,2025-07-14 11:42:43.594331
2025-07-14,58840,2025071401006128,PRVU,Neev Securities Pvt. Ltd.,Naasa Securities Co. Ltd.,50,218.0,10900.0,2025-07-14 11:42:43.594352
2025-07-14,58839,2025071401006129,PRVU,Trisul Securities & Invt. Ltd.,Naasa Securities Co. Ltd.,100,218.0,21800.0,2025-07-14 11:42:43.594378
2025-07-14,58838,2025071401006130,PRVU,Malla & Malla Stock Broking Company Pvt. Limited,Naasa Securities Co. Ltd.,50,218.0,10900.0,2025-07-14 11:42:43.594402
2025-07-14,58837,2025071401006131,PRVU,Sundhara Securities Limited,Naasa Securities Co. Ltd.,220,218.0,47960.0,2025-07-14 11:42:43.594430
2025-07-14,58836,2025071401006132,PRVU,SUN SECURITIES PVT LTD,Naasa Securities Co. Ltd.,1000,218.0,218000.0,2025-07-14 11:42:43.594456
2025-07-14,58835,2025071401006133,PRVU,Imperial Securities Company Pvt. Ltd.,Naasa Securities Co. Ltd.,103,218.0,22454.0,2025-07-14 11:42:43.594479
2025-07-14,58834,2025071401006134,PRVU,Midas Stock Broking Company Private Limited,Naasa Securities Co. Ltd.,20,218.0,4360.0,2025-07-14 11:42:43.594504
2025-07-14,58833,2025071401006135,PRVU,Agrawal Securities (PVT) Ltd.,Naasa Securities Co. Ltd.,50,218.0,10900.0,2025-07-14 11:42:43.594527
2025-07-14,58832,2025071401006136,PRVU,Premier Securities Company Ltd.,Naasa Securities Co. Ltd.,50,218.0,10900.0,2025-07-14 11:42:43.594549
2025-07-14,58831,2025071401006137,PRVU,Pragyan Securities (PVT) Ltd.,Naasa Securities Co. Ltd.,1000,218.0,218000.0,2025-07-14 11:42:43.594572
2025-07-14,58830,2025071401006138,PRVU,Dipshikha Dhitopatra Karobar Co. Pvt Ltd.,Naasa Securities Co. Ltd.,200,218.0,43600.0,2025-07-14 11:42:43.594595
2025-07-14,58829,2025071401006139,PRVU,Bhrikuti Stock Broking Co. Pvt. Ltd.,Naasa Securities Co. Ltd.,100,218.0,21800.0,2025-07-14 11:42:43.594622
2025-07-14,58828,2025071401006140,PRVU,Online Securities Pvt. Ltd.,Naasa Securities Co. Ltd.,250,218.0,54500.0,2025-07-14 11:42:43.594645
2025-07-14,58827,2025071401006141,PRVU,Dipshikha Dhitopatra Karobar Co. Pvt Ltd.,Naasa Securities Co. Ltd.,978,218.0,213204.0,2025-07-14 11:42:43.594667
2025-07-14,58249,2025071401006394,PRVU,Sundhara Securities Limited,Naasa Securities Co. Ltd.,200,218.0,43600.0,2025-07-14 11:44:27.044468
2025-07-14,58248,2025071401006395,PRVU,ABC Securities Private Limited,Naasa Securities Co. Ltd.,100,218.0,21800.0,2025-07-14 11:44:27.044708
2025-07-14,58195,2025071401006414,PRVU,Kohinoor Investment & Securities Pvt. Ltd.,SUN SECURITIES PVT LTD,300,217.7,65310.0,2025-07-14 11:44:35.789291
2025-07-14,58194,2025071401006415,PRVU,Linch Stock Market Ltd.,SUN SECURITIES PVT LTD,1000,217.7,217700.0,2025-07-14 11:44:35.789504
2025-07-14,58193,2025071401006416,PRVU,Oxford Securities Pvt. Ltd.,SUN SECURITIES PVT LTD,1000,217.7,217700.0,2025-07-14 11:44:35.789587
2025-07-14,58192,2025071401006417,PRVU,Cristal Kanchanjanga Securites Pvt. Ltd.,SUN SECURITIES PVT LTD,200,217.6,43520.0,2025-07-14 11:44:35.789666
2025-07-14,58167,2025071401006422,PRVU,Cristal Kanchanjanga Securites Pvt. Ltd.,Premier Securities Company Ltd.,297,217.6,64627.2,2025-07-14 11:44:40.130043
2025-07-14,58093,2025071401006437,PRVU,Cristal Kanchanjanga Securites Pvt. Ltd.,Linch Stock Market Ltd.,150,217.6,32640.0,2025-07-14 11:44:48.854091
2025-07-14,58044,2025071401006470,PRVU,Cristal Kanchanjanga Securites Pvt. Ltd.,NIMB Stock Markets Limited,1553,217.6,337932.8,2025-07-14 11:44:59.584094
2025-07-14,58043,2025071401006471,PRVU,Cristal Kanchanjanga Securites Pvt. Ltd.,NIMB Stock Markets Limited,447,217.6,97267.2,2025-07-14 11:44:59.584340
2025-07-14,58041,2025071401006473,PRVU,Cristal Kanchanjanga Securites Pvt. Ltd.,APPLE SECURITIES PRIVATE LIMITED,1753,217.6,381452.8,2025-07-14 11:45:00.387727
2025-07-14,58040,2025071401006474,PRVU,Online Securities Pvt. Ltd.,APPLE SECURITIES PRIVATE LIMITED,2000,217.6,435200.0,2025-07-14 11:45:00.387773
2025-07-14,58039,2025071401006475,PRVU,Midas Stock Broking Company Private Limited,APPLE SECURITIES PRIVATE LIMITED,400,217.6,87040.0,2025-07-14 11:45:00.387824
2025-07-14,58038,2025071401006476,PRVU,Sewa Securities Pvt. Ltd.,APPLE SECURITIES PRIVATE LIMITED,400,217.5,87000.0,2025-07-14 11:45:00.387858
2025-07-14,58037,2025071401006477,PRVU,Premier Securities Company Ltd.,APPLE SECURITIES PRIVATE LIMITED,200,217.5,43500.0,2025-07-14 11:45:00.387894
2025-07-14,58036,2025071401006478,PRVU,Market Securities & Exchange (PVT) Ltd.,APPLE SECURITIES PRIVATE LIMITED,247,217.5,53722.5,2025-07-14 11:45:00.387916
2025-07-14,57985,2025071401006501,PRVU,Bhrikuti Stock Broking Co. Pvt. Ltd.,Naasa Securities Co. Ltd.,200,218.0,43600.0,2025-07-14 11:45:13.719943
2025-07-14,57984,2025071401006502,PRVU,Bhrikuti Stock Broking Co. Pvt. Ltd.,Secured Securities Ltd.,400,218.0,87200.0,2025-07-14 11:45:13.720193
2025-07-14,57983,2025071401006503,PRVU,Bhrikuti Stock Broking Co. Pvt. Ltd.,Arun Securities (PVT) Ltd.,200,218.0,43600.0,2025-07-14 11:45:13.720275
2025-07-14,57958,2025071401006517,PRVU,Market Securities & Exchange (PVT) Ltd.,Sri Hari Securities Pvt. Ltd.,453,217.5,98527.5,2025-07-14 11:45:17.101625
2025-07-14,57949,2025071401006521,PRVU,Blue Chip Securities Ltd,NIMB Stock Markets Limited,2000,217.1,434200.0,2025-07-14 11:45:19.646072
2025-07-14,57878,2025071401006551,PRVU,J.F. Securites (PVT) Ltd.,NIMB Stock Markets Limited,30,217.1,6513.0,2025-07-14 11:45:34.697266
2025-07-14,57877,2025071401006552,PRVU,Aryatara Investment & Securities,NIMB Stock Markets Limited,125,217.1,27137.5,2025-07-14 11:45:34.697492
2025-07-14,57876,2025071401006553,PRVU,Online Securities Pvt. Ltd.,NIMB Stock Markets Limited,1000,217.0,217000.0,2025-07-14 11:45:34.697585
2025-07-14,57875,2025071401006554,PRVU,Linch Stock Market Ltd.,NIMB Stock Markets Limited,510,217.0,110670.0,2025-07-14 11:45:34.697663
2025-07-14,57874,2025071401006555,PRVU,Midas Stock Broking Company Private Limited,NIMB Stock Markets Limited,335,217.0,72695.0,2025-07-14 11:45:34.697738
2025-07-14,57786,2025071401006576,PRVU,Online Securities Pvt. Ltd.,Sri Hari Securities Pvt. Ltd.,500,217.5,108750.0,2025-07-14 11:45:50.819732
2025-07-14,57767,2025071401006588,PRVU,Sani Securities Company Ltd.,Naasa Securities Co. Ltd.,500,217.1,108550.0,2025-07-14 11:45:54.261953
2025-07-14,57766,2025071401006589,PRVU,Midas Stock Broking Company Private Limited,Naasa Securities Co. Ltd.,665,217.0,144305.0,2025-07-14 11:45:54.262174
2025-07-14,57765,2025071401006590,PRVU,Agrawal Securities (PVT) Ltd.,Naasa Securities Co. Ltd.,50,217.0,10850.0,2025-07-14 11:45:54.262257
2025-07-14,57764,2025071401006591,PRVU,Premier Securities Company Ltd.,Naasa Securities Co. Ltd.,50,217.0,10850.0,2025-07-14 11:45:54.262334
2025-07-14,57763,2025071401006592,PRVU,Online Securities Pvt. Ltd.,Naasa Securities Co. Ltd.,200,217.0,43400.0,2025-07-14 11:45:54.262413
2025-07-14,57762,2025071401006593,PRVU,Dynamic Money Managers Securities Pvt. Ltd.,Naasa Securities Co. Ltd.,50,217.0,10850.0,2025-07-14 11:45:54.262508
2025-07-14,57761,2025071401006594,PRVU,Naasa Securities Co. Ltd.,Naasa Securities Co. Ltd.,200,217.0,43400.0,2025-07-14 11:45:54.262580
2025-07-14,57760,2025071401006595,PRVU,Midas Stock Broking Company Private Limited,Naasa Securities Co. Ltd.,100,217.0,21700.0,2025-07-14 11:45:54.262676
2025-07-14,57748,2025071401006599,PRVU,Vision Securities Pvt. Ltd,Naasa Securities Co. Ltd.,1185,217.0,257145.0,2025-07-14 11:45:56.108823
2025-07-14,57729,2025071401006610,PRVU,Vision Securities Pvt. Ltd,Siprabi Securities Pvt. Ltd.,495,217.0,107415.0,2025-07-14 11:46:03.419732
2025-07-14,57674,2025071401006628,PRVU,Vision Securities Pvt. Ltd,Sweta Securities Private Limited,150,217.0,32550.0,2025-07-14 11:46:11.649610
2025-07-14,57585,2025071401006669,PRVU,Naasa Securities Co. Ltd.,Sri Hari Securities Pvt. Ltd.,47,217.5,10222.5,2025-07-14 11:46:27.728142
2025-07-14,57548,2025071401006675,PRVU,Vision Securities Pvt. Ltd,NIMB Stock Markets Limited,170,217.0,36890.0,2025-07-14 11:46:30.855782
2025-07-14,57547,2025071401006676,PRVU,Sharepro Securities Private Limited,NIMB Stock Markets Limited,200,217.0,43400.0,2025-07-14 11:46:30.855971
2025-07-14,57546,2025071401006677,PRVU,Vision Securities Pvt. Ltd,NIMB Stock Markets Limited,1630,217.0,353710.0,2025-07-14 11:46:30.856077
2025-07-14,57438,2025071401006721,PRVU,Vision Securities Pvt. Ltd,Trisul Securities & Invt. Ltd.,370,217.0,80290.0,2025-07-14 11:46:49.015993
2025-07-14,57437,2025071401006722,PRVU,Agrawal Securities (PVT) Ltd.,Trisul Securities & Invt. Ltd.,400,217.0,86800.0,2025-07-14 11:46:49.016406
2025-07-14,57436,2025071401006723,PRVU,Linch Stock Market Ltd.,Trisul Securities & Invt. Ltd.,200,217.0,43400.0,2025-07-14 11:46:49.016662
2025-07-14,57435,2025071401006724,PRVU,Sani Securities Company Ltd.,Trisul Securities & Invt. Ltd.,230,217.0,49910.0,2025-07-14 11:46:49.016905
2025-07-14,57205,2025071401006813,PRVU,Kohinoor Investment & Securities Pvt. Ltd.,Midas Stock Broking Company Private Limited,320,217.2,69504.0,2025-07-14 11:47:31.636463
2025-07-14,57204,2025071401006814,PRVU,Kohinoor Investment & Securities Pvt. Ltd.,Midas Stock Broking Company Private Limited,13,217.2,2823.6,2025-07-14 11:47:31.639068
2025-07-14,57190,2025071401006820,PRVU,J.F. Securites (PVT) Ltd.,South Asian Bulls Pvt. Ltd.,50,217.9,10895.0,2025-07-14 11:47:35.806035
2025-07-14,57189,2025071401006821,PRVU,J.F. Securites (PVT) Ltd.,NIMB Stock Markets Limited,400,217.9,87160.0,2025-07-14 11:47:35.806235
2025-07-14,57082,2025071401006851,PRVU,Kohinoor Investment & Securities Pvt. Ltd.,Naasa Securities Co. Ltd.,167,217.2,36272.4,2025-07-14 11:47:57.485896
2025-07-14,56772,2025071401007010,PRVU,Premier Securities Company Ltd.,NIMB Stock Markets Limited,100,217.9,21790.0,2025-07-14 11:48:42.605133
2025-07-14,56667,2025071401007057,PRVU,Sipla Securities Private Limited,J.F. Securites (PVT) Ltd.,100,217.5,21750.0,2025-07-14 11:49:05.819110
2025-07-14,56666,2025071401007058,PRVU,Naasa Securities Co. Ltd.,J.F. Securites (PVT) Ltd.,900,217.3,195570.0,2025-07-14 11:49:05.819402
2025-07-14,56634,2025071401007074,PRVU,Asian Securities Private Ltd.,NIMB Stock Markets Limited,400,217.9,87160.0,2025-07-14 11:49:14.326782
2025-07-14,56530,2025071401007119,PRVU,Kumari Securities Private Limited,Nepal Stock House (PVT) Ltd.,230,217.5,50025.0,2025-07-14 11:49:38.896000
2025-07-14,56447,2025071401007158,PRVU,Roadshow securities limited,NIMB Stock Markets Limited,100,217.9,21790.0,2025-07-14 11:49:52.756108
2025-07-14,56446,2025071401007159,PRVU,Roadshow securities limited,Online Securities Pvt. Ltd.,80,217.9,17432.0,2025-07-14 11:49:52.756342
2025-07-14,56445,2025071401007160,PRVU,Kumari Securities Private Limited,Kalika Securities Pvt. Ltd.,200,217.5,43500.0,2025-07-14 11:49:52.888599
2025-07-14,56431,2025071401007167,PRVU,Kumari Securities Private Limited,Midas Stock Broking Company Private Limited,48,217.5,10440.0,2025-07-14 11:49:56.223233
2025-07-14,56424,2025071401007172,PRVU,South Asian Bulls Pvt. Ltd.,Opal Securities Investment (PVT) Ltd.,1000,217.9,217900.0,2025-07-14 11:49:58.305960
2025-07-14,56423,2025071401007173,PRVU,South Asian Bulls Pvt. Ltd.,Capital Max Securities Ltd,600,218.0,130800.0,2025-07-14 11:49:58.306510
2025-07-14,56391,2025071401007181,PRVU,Kumari Securities Private Limited,Deevyaa Securities & Stock House Pvt. Ltd,10,217.5,2175.0,2025-07-14 11:50:07.625908
2025-07-14,56340,2025071401007214,PRVU,Naasa Securities Co. Ltd.,Capital Max Securities Ltd,70,218.0,15260.0,2025-07-14 11:50:16.153203
2025-07-14,56339,2025071401007215,PRVU,Naasa Securities Co. Ltd.,Midas Stock Broking Company Private Limited,25,218.0,5450.0,2025-07-14 11:50:16.153473
2025-07-14,56322,2025071401007228,PRVU,Sanima Securities Limited,Midas Stock Broking Company Private Limited,75,218.0,16350.0,2025-07-14 11:50:18.737290
2025-07-14,56321,2025071401007229,PRVU,Sanima Securities Limited,Opal Securities Investment (PVT) Ltd.,1000,218.0,218000.0,2025-07-14 11:50:18.737604
2025-07-14,56270,2025071401007255,PRVU,Sanima Securities Limited,Deevyaa Securities & Stock House Pvt. Ltd,925,218.0,201650.0,2025-07-14 11:50:24.737234
2025-07-14,56269,2025071401007256,PRVU,Aryatara Investment & Securities,Deevyaa Securities & Stock House Pvt. Ltd,200,217.6,43520.0,2025-07-14 11:50:24.737341
2025-07-14,56268,2025071401007257,PRVU,Kumari Securities Private Limited,Deevyaa Securities & Stock House Pvt. Ltd,512,217.5,111360.0,2025-07-14 11:50:24.737433
2025-07-14,56267,2025071401007258,PRVU,Naasa Securities Co. Ltd.,Deevyaa Securities & Stock House Pvt. Ltd,100,217.3,21730.0,2025-07-14 11:50:24.737508
2025-07-14,56266,2025071401007259,PRVU,Online Securities Pvt. Ltd.,Deevyaa Securities & Stock House Pvt. Ltd,180,217.2,39096.0,2025-07-14 11:50:24.737592
2025-07-14,56265,2025071401007260,PRVU,Trishakti Securities Public Limited,Deevyaa Securities & Stock House Pvt. Ltd,15,217.1,3256.5,2025-07-14 11:50:24.737666
2025-07-14,56264,2025071401007261,PRVU,Sani Securities Company Ltd.,Deevyaa Securities & Stock House Pvt. Ltd,68,217.1,14762.8,2025-07-14 11:50:24.737737
2025-07-14,56253,2025071401007265,PRVU,Online Securities Pvt. Ltd.,Bhrikuti Stock Broking Co. Pvt. Ltd.,20,219.0,4380.0,2025-07-14 11:50:31.138269
2025-07-14,56017,2025071401007354,PRVU,Shree Krishna Securities Ltd.,Naasa Securities Co. Ltd.,20,217.5,4350.0,2025-07-14 11:51:23.187431
2025-07-14,56016,2025071401007355,PRVU,Trishakti Securities Public Limited,Naasa Securities Co. Ltd.,200,217.2,43440.0,2025-07-14 11:51:23.187520
2025-07-14,56015,2025071401007356,PRVU,Sewa Securities Pvt. Ltd.,Naasa Securities Co. Ltd.,500,217.2,108600.0,2025-07-14 11:51:23.187542
2025-07-14,56014,2025071401007357,PRVU,Sani Securities Company Ltd.,Naasa Securities Co. Ltd.,432,217.1,93787.2,2025-07-14 11:51:23.187564
2025-07-14,56013,2025071401007358,PRVU,Trishakti Securities Public Limited,Naasa Securities Co. Ltd.,500,217.1,108550.0,2025-07-14 11:51:23.187586
2025-07-14,56012,2025071401007359,PRVU,Himalayan Brokerage Company Limited,Naasa Securities Co. Ltd.,50,217.1,10855.0,2025-07-14 11:51:23.187607
2025-07-14,56011,2025071401007360,PRVU,Midas Stock Broking Company Private Limited,Naasa Securities Co. Ltd.,200,217.1,43420.0,2025-07-14 11:51:23.187644
2025-07-14,56010,2025071401007361,PRVU,Sani Securities Company Ltd.,Naasa Securities Co. Ltd.,270,217.0,58590.0,2025-07-14 11:51:23.187664
2025-07-14,56009,2025071401007362,PRVU,Vision Securities Pvt. Ltd,Naasa Securities Co. Ltd.,500,217.0,108500.0,2025-07-14 11:51:23.187686
2025-07-14,56008,2025071401007363,PRVU,Midas Stock Broking Company Private Limited,Naasa Securities Co. Ltd.,100,217.0,21700.0,2025-07-14 11:51:23.187705
2025-07-14,56007,2025071401007364,PRVU,Naasa Securities Co. Ltd.,Naasa Securities Co. Ltd.,50,217.0,10850.0,2025-07-14 11:51:23.187727
2025-07-14,56006,2025071401007365,PRVU,Malla & Malla Stock Broking Company Pvt. Limited,Naasa Securities Co. Ltd.,800,217.0,173600.0,2025-07-14 11:51:23.187748
2025-07-14,56005,2025071401007366,PRVU,Asian Securities Private Ltd.,Naasa Securities Co. Ltd.,59,217.0,12803.0,2025-07-14 11:51:23.187769
2025-07-14,56004,2025071401007367,PRVU,Malla & Malla Stock Broking Company Pvt. Limited,Naasa Securities Co. Ltd.,500,217.0,108500.0,2025-07-14 11:51:23.187787
2025-07-14,56003,2025071401007368,PRVU,Nepal Stock House (PVT) Ltd.,Naasa Securities Co. Ltd.,50,217.0,10850.0,2025-07-14 11:51:23.187809
2025-07-14,56002,2025071401007369,PRVU,Naasa Securities Co. Ltd.,Naasa Securities Co. Ltd.,251,217.0,54467.0,2025-07-14 11:51:23.187832
2025-07-14,56001,2025071401007370,PRVU,Sani Securities Company Ltd.,Naasa Securities Co. Ltd.,500,217.0,108500.0,2025-07-14 11:51:23.187853
2025-07-14,56000,2025071401007371,PRVU,Dynamic Money Managers Securities Pvt. Ltd.,Naasa Securities Co. Ltd.,500,217.0,108500.0,2025-07-14 11:51:23.187874
2025-07-14,55999,2025071401007372,PRVU,Trisul Securities & Invt. Ltd.,Naasa Securities Co. Ltd.,100,217.0,21700.0,2025-07-14 11:51:23.187895
2025-07-14,55998,2025071401007373,PRVU,Deevyaa Securities & Stock House Pvt. Ltd,Naasa Securities Co. Ltd.,10,217.0,2170.0,2025-07-14 11:51:23.187915
2025-07-14,55997,2025071401007374,PRVU,Aakashbhairab Securities Ltd.,Naasa Securities Co. Ltd.,1000,217.0,217000.0,2025-07-14 11:51:23.187939
2025-07-14,55996,2025071401007375,PRVU,Dipshikha Dhitopatra Karobar Co. Pvt Ltd.,Naasa Securities Co. Ltd.,422,217.0,91574.0,2025-07-14 11:51:23.187958
2025-07-14,55995,2025071401007376,PRVU,Midas Stock Broking Company Private Limited,Naasa Securities Co. Ltd.,1000,217.0,217000.0,2025-07-14 11:51:23.187982
2025-07-14,55994,2025071401007377,PRVU,Nepal Stock House (PVT) Ltd.,Naasa Securities Co. Ltd.,509,216.8,110351.2,2025-07-14 11:51:23.188049
2025-07-14,55401,2025071401007642,PRVU,Sri Hari Securities Pvt. Ltd.,Dipshikha Dhitopatra Karobar Co. Pvt Ltd.,10,217.2,2172.0,2025-07-14 11:53:33.550578
2025-07-14,55185,2025071401007749,PRVU,Kumari Securities Private Limited,J.F. Securites (PVT) Ltd.,50,218.0,10900.0,2025-07-14 11:54:14.563618
2025-07-14,55120,2025071401007789,PRVU,Property Wiard Limited,J.F. Securites (PVT) Ltd.,750,218.0,163500.0,2025-07-14 11:54:33.676367
2025-07-14,55119,2025071401007790,PRVU,Property Wiard Limited,Aryatara Investment & Securities,995,218.0,216910.0,2025-07-14 11:54:33.676657
2025-07-14,55118,2025071401007791,PRVU,Property Wiard Limited,Prabhu Stock Market Limited,200,218.0,43600.0,2025-07-14 11:54:33.676773
2025-07-14,55038,2025071401007825,PRVU,Dipshikha Dhitopatra Karobar Co. Pvt Ltd.,Bhrikuti Stock Broking Co. Pvt. Ltd.,100,219.0,21900.0,2025-07-14 11:54:48.091245
2025-07-14,55035,2025071401007826,PRVU,Malla & Malla Stock Broking Company Pvt. Limited,Bhrikuti Stock Broking Co. Pvt. Ltd.,45,219.0,9855.0,2025-07-14 11:54:48.611325
2025-07-14,54911,2025071401007873,PRVU,Property Wiard Limited,Bhrikuti Stock Broking Co. Pvt. Ltd.,1055,219.0,231045.0,2025-07-14 11:55:13.765083
2025-07-14,54900,2025071401007879,PRVU,South Asian Bulls Pvt. Ltd.,Bhrikuti Stock Broking Co. Pvt. Ltd.,235,219.0,51465.0,2025-07-14 11:55:15.119665
2025-07-14,54899,2025071401007880,PRVU,South Asian Bulls Pvt. Ltd.,Dynamic Money Managers Securities Pvt. Ltd.,91,219.0,19929.0,2025-07-14 11:55:15.120183
2025-07-14,54898,2025071401007881,PRVU,South Asian Bulls Pvt. Ltd.,Nepal Investment And Securities Trading Private Limited,193,219.0,42267.0,2025-07-14 11:55:15.120663
2025-07-14,54897,2025071401007882,PRVU,South Asian Bulls Pvt. Ltd.,Opal Securities Investment (PVT) Ltd.,1481,219.0,324339.0,2025-07-14 11:55:15.121157
2025-07-14,54860,2025071401007901,PRVU,Stoxkarts Securities Limited,Opal Securities Investment (PVT) Ltd.,519,219.0,113661.0,2025-07-14 11:55:22.950811
2025-07-14,54859,2025071401007902,PRVU,Stoxkarts Securities Limited,Naasa Securities Co. Ltd.,178,219.0,38982.0,2025-07-14 11:55:22.951077
2025-07-14,54858,2025071401007903,PRVU,Stoxkarts Securities Limited,Asian Securities Private Ltd.,270,219.0,59130.0,2025-07-14 11:55:22.951217
2025-07-14,54857,2025071401007904,PRVU,Stoxkarts Securities Limited,Kohinoor Investment & Securities Pvt. Ltd.,33,219.0,7227.0,2025-07-14 11:55:22.951322
2025-07-14,54803,2025071401007920,PRVU,Dipshikha Dhitopatra Karobar Co. Pvt Ltd.,Kohinoor Investment & Securities Pvt. Ltd.,130,219.0,28470.0,2025-07-14 11:55:29.367885
2025-07-14,54759,2025071401007928,PRVU,Sewa Securities Pvt. Ltd.,Kohinoor Investment & Securities Pvt. Ltd.,137,219.0,30003.0,2025-07-14 11:55:36.264944
2025-07-14,54758,2025071401007929,PRVU,Sewa Securities Pvt. Ltd.,Malla & Malla Stock Broking Company Pvt. Limited,100,219.0,21900.0,2025-07-14 11:55:36.265253
2025-07-14,54757,2025071401007930,PRVU,Sewa Securities Pvt. Ltd.,Opal Securities Investment (PVT) Ltd.,300,219.0,65700.0,2025-07-14 11:55:36.265366
2025-07-14,54756,2025071401007931,PRVU,Sewa Securities Pvt. Ltd.,Online Securities Pvt. Ltd.,59,219.0,12921.0,2025-07-14 11:55:36.265468
2025-07-14,54680,2025071401007970,PRVU,Sewa Securities Pvt. Ltd.,Sani Securities Company Ltd.,21,219.0,4599.0,2025-07-14 11:55:46.271955
2025-07-14,54606,2025071401008021,PRVU,Capital Hub P. Ltd,South Asian Bulls Pvt. Ltd.,100,219.9,21990.0,2025-07-14 11:56:00.287999
2025-07-14,54597,2025071401008028,PRVU,Naasa Securities Co. Ltd.,Midas Stock Broking Company Private Limited,130,220.0,28600.0,2025-07-14 11:56:02.349077
2025-07-14,54560,2025071401008041,PRVU,Aryatara Investment & Securities,Midas Stock Broking Company Private Limited,170,220.0,37400.0,2025-07-14 11:56:09.852826
2025-07-14,54559,2025071401008042,PRVU,Aryatara Investment & Securities,Vision Securities Pvt. Ltd,100,220.0,22000.0,2025-07-14 11:56:09.853140
2025-07-14,54558,2025071401008043,PRVU,Aryatara Investment & Securities,Opal Securities Investment (PVT) Ltd.,730,220.0,160600.0,2025-07-14 11:56:09.853253
2025-07-14,54528,2025071401008059,PRVU,Sewa Securities Pvt. Ltd.,Opal Securities Investment (PVT) Ltd.,270,220.0,59400.0,2025-07-14 11:56:15.508589
2025-07-14,54441,2025071401008110,PRVU,Sewa Securities Pvt. Ltd.,Naasa Securities Co. Ltd.,113,220.0,24860.0,2025-07-14 11:56:25.916163
2025-07-14,54383,2025071401008130,PRVU,Thrive Brokerage House Pvt. Ltd,Naasa Securities Co. Ltd.,23,219.9,5057.7,2025-07-14 11:56:33.998973
2025-07-14,54194,2025071401008211,PRVU,Elite Stock House Limited,Midas Stock Broking Company Private Limited,200,221.0,44200.0,2025-07-14 11:57:05.479979
2025-07-14,54193,2025071401008212,PRVU,Elite Stock House Limited,Linch Stock Market Ltd.,100,221.0,22100.0,2025-07-14 11:57:05.480265
2025-07-14,54192,2025071401008213,PRVU,Elite Stock House Limited,Sri Hari Securities Pvt. Ltd.,90,221.0,19890.0,2025-07-14 11:57:05.480373
2025-07-14,54191,2025071401008214,PRVU,Elite Stock House Limited,Sundhara Securities Limited,100,221.0,22100.0,2025-07-14 11:57:05.480496
2025-07-14,54190,2025071401008215,PRVU,Elite Stock House Limited,Sani Securities Company Ltd.,2890,221.0,638690.0,2025-07-14 11:57:05.480602
2025-07-14,54189,2025071401008216,PRVU,Elite Stock House Limited,Nepal Stock House (PVT) Ltd.,200,221.0,44200.0,2025-07-14 11:57:05.480703
2025-07-14,54188,2025071401008217,PRVU,Elite Stock House Limited,Aryatara Investment & Securities,420,221.0,92820.0,2025-07-14 11:57:05.480816
2025-07-14,53919,2025071401008327,PRVU,Imperial Securities Company Pvt. Ltd.,Siprabi Securities Pvt. Ltd.,15,220.1,3301.5,2025-07-14 11:57:53.954727
2025-07-14,53918,2025071401008328,PRVU,Thrive Brokerage House Pvt. Ltd,Siprabi Securities Pvt. Ltd.,385,220.0,84700.0,2025-07-14 11:57:53.955003
2025-07-14,53573,2025071401008467,PRVU,Aryatara Investment & Securities,Vision Securities Pvt. Ltd,200,220.5,44100.0,2025-07-14 11:58:53.673724
2025-07-14,53572,2025071401008468,PRVU,Naasa Securities Co. Ltd.,Vision Securities Pvt. Ltd,50,220.2,11010.0,2025-07-14 11:58:53.674286
2025-07-14,53571,2025071401008469,PRVU,Trishakti Securities Public Limited,Vision Securities Pvt. Ltd,50,220.1,11005.0,2025-07-14 11:58:53.674711
2025-07-14,53570,2025071401008470,PRVU,Thrive Brokerage House Pvt. Ltd,Vision Securities Pvt. Ltd,42,220.0,9240.0,2025-07-14 11:58:53.675198
2025-07-14,53569,2025071401008471,PRVU,Naasa Securities Co. Ltd.,Vision Securities Pvt. Ltd,10,220.0,2200.0,2025-07-14 11:58:53.675616
2025-07-14,53551,2025071401008483,PRVU,Nepal Stock House (PVT) Ltd.,Vision Securities Pvt. Ltd,200,220.0,44000.0,2025-07-14 11:58:58.133370
2025-07-14,53478,2025071401008516,PRVU,Oxford Securities Pvt. Ltd.,Vision Securities Pvt. Ltd,500,220.0,110000.0,2025-07-14 11:59:12.563008
2025-07-14,53396,2025071401008548,PRVU,Imperial Securities Company Pvt. Ltd.,Vision Securities Pvt. Ltd,15,220.0,3300.0,2025-07-14 11:59:23.668394
2025-07-14,53371,2025071401008564,PRVU,Sundhara Securities Limited,Vision Securities Pvt. Ltd,500,220.0,110000.0,2025-07-14 11:59:28.609779
2025-07-14,53363,2025071401008568,PRVU,Investment Management Nepal Pvt. Ltd.,Vision Securities Pvt. Ltd,100,220.0,22000.0,2025-07-14 11:59:30.267316
2025-07-14,53295,2025071401008583,PRVU,Naasa Securities Co. Ltd.,Naasa Securities Co. Ltd.,2,220.0,440.0,2025-07-14 11:59:39.724267
2025-07-14,53055,2025071401008647,PRVU,Oxford Securities Pvt. Ltd.,Premier Securities Company Ltd.,100,219.4,21940.0,2025-07-14 12:00:34.444778
2025-07-14,52978,2025071401008681,PRVU,Oxford Securities Pvt. Ltd.,Sani Securities Company Ltd.,100,219.4,21940.0,2025-07-14 12:00:54.840986
2025-07-14,52943,2025071401008699,PRVU,Oxford Securities Pvt. Ltd.,Trishakti Securities Public Limited,50,219.4,10970.0,2025-07-14 12:01:02.534675
2025-07-14,52888,2025071401008732,PRVU,SUN SECURITIES PVT LTD,Trishakti Securities Public Limited,450,219.4,98730.0,2025-07-14 12:01:12.845509
2025-07-14,52360,2025071401008929,PRVU,Nepal Stock House (PVT) Ltd.,Vision Securities Pvt. Ltd,338,220.0,74360.0,2025-07-14 12:03:03.893353
2025-07-14,52359,2025071401008930,PRVU,Nepal Stock House (PVT) Ltd.,Imperial Securities Company Pvt. Ltd.,162,220.0,35640.0,2025-07-14 12:03:03.893659
2025-07-14,52202,2025071401008998,PRVU,Naasa Securities Co. Ltd.,Imperial Securities Company Pvt. Ltd.,136,220.0,29920.0,2025-07-14 12:03:42.224774
2025-07-14,52200,2025071401008999,PRVU,Imperial Securities Company Pvt. Ltd.,Imperial Securities Company Pvt. Ltd.,500,220.0,110000.0,2025-07-14 12:03:44.026860
2025-07-14,52004,2025071401009078,PRVU,Market Securities & Exchange (PVT) Ltd.,Dipshikha Dhitopatra Karobar Co. Pvt Ltd.,310,219.9,68169.0,2025-07-14 12:04:29.314567
2025-07-14,51888,2025071401009121,PRVU,Sri Hari Securities Pvt. Ltd.,Dipshikha Dhitopatra Karobar Co. Pvt Ltd.,100,219.9,21990.0,2025-07-14 12:05:05.245093
2025-07-14,51859,2025071401009133,PRVU,Miyo Securities Pvt Ltd,K.B.L. Securities Limited ,1000,219.6,219600.0,2025-07-14 12:05:12.113720
2025-07-14,51851,2025071401009138,PRVU,Dakshinkali Investment & Securities Pvt. Ltd.,Dipshikha Dhitopatra Karobar Co. Pvt Ltd.,290,219.9,63771.0,2025-07-14 12:05:17.060047
2025-07-14,51850,2025071401009139,PRVU,Dakshinkali Investment & Securities Pvt. Ltd.,Naasa Securities Co. Ltd.,10,219.9,2199.0,2025-07-14 12:05:17.060325
2025-07-14,51698,2025071401009205,PRVU,Dakshinkali Investment & Securities Pvt. Ltd.,Sri Hari Securities Pvt. Ltd.,59,219.9,12974.1,2025-07-14 12:05:51.715089
2025-07-14,51664,2025071401009222,PRVU,Dakshinkali Investment & Securities Pvt. Ltd.,Premier Securities Company Ltd.,41,219.9,9015.9,2025-07-14 12:06:00.873006
2025-07-14,51663,2025071401009223,PRVU,Miyo Securities Pvt Ltd,Premier Securities Company Ltd.,449,219.6,98600.4,2025-07-14 12:06:00.873332
2025-07-14,51619,2025071401009240,PRVU,Aryatara Investment & Securities,Imperial Securities Company Pvt. Ltd.,100,219.9,21990.0,2025-07-14 12:06:07.820460
2025-07-14,51618,2025071401009241,PRVU,Miyo Securities Pvt Ltd,Imperial Securities Company Pvt. Ltd.,102,219.6,22399.2,2025-07-14 12:06:07.820813
2025-07-14,51496,2025071401009281,PRVU,Miyo Securities Pvt Ltd,Sumeru Securities Pvt. Ltd.,101,219.6,22179.6,2025-07-14 12:06:32.851067
2025-07-14,51463,2025071401009301,PRVU,Sani Securities Company Ltd.,Linch Stock Market Ltd.,220,220.0,48400.0,2025-07-14 12:06:37.906487
2025-07-14,51341,2025071401009349,PRVU,Nepal Investment And Securities Trading Private Limited,Sewa Securities Pvt. Ltd.,500,219.9,109950.0,2025-07-14 12:07:01.772628
2025-07-14,51340,2025071401009350,PRVU,Nepal Investment And Securities Trading Private Limited,Linch Stock Market Ltd.,780,220.0,171600.0,2025-07-14 12:07:01.772980
2025-07-14,51339,2025071401009351,PRVU,Nepal Investment And Securities Trading Private Limited,Online Securities Pvt. Ltd.,100,220.9,22090.0,2025-07-14 12:07:01.773110
2025-07-14,51338,2025071401009352,PRVU,Nepal Investment And Securities Trading Private Limited,Trisul Securities & Invt. Ltd.,620,221.0,137020.0,2025-07-14 12:07:01.773218
2025-07-14,51176,2025071401009416,PRVU,Premier Securities Company Ltd.,Imperial Securities Company Pvt. Ltd.,10,220.0,2200.0,2025-07-14 12:07:40.463941
2025-07-14,51032,2025071401009467,PRVU,Imperial Securities Company Pvt. Ltd.,Imperial Securities Company Pvt. Ltd.,90,220.0,19800.0,2025-07-14 12:08:18.953596
2025-07-14,51031,2025071401009468,PRVU,Imperial Securities Company Pvt. Ltd.,Naasa Securities Co. Ltd.,107,220.0,23540.0,2025-07-14 12:08:18.953894
2025-07-14,51030,2025071401009469,PRVU,Imperial Securities Company Pvt. Ltd.,Sharepro Securities Private Limited,800,220.0,176000.0,2025-07-14 12:08:18.954007
2025-07-14,50965,2025071401009502,PRVU,Imperial Securities Company Pvt. Ltd.,Sewa Securities Pvt. Ltd.,300,220.0,66000.0,2025-07-14 12:08:39.322338
2025-07-14,50952,2025071401009508,PRVU,Imperial Securities Company Pvt. Ltd.,Siprabi Securities Pvt. Ltd.,703,220.0,154660.0,2025-07-14 12:08:42.515069
2025-07-14,50933,2025071401009518,PRVU,Linch Stock Market Ltd.,Siprabi Securities Pvt. Ltd.,11,220.0,2420.0,2025-07-14 12:08:46.648402
2025-07-14,50786,2025071401009581,PRVU,Miyo Securities Pvt Ltd,Sumeru Securities Pvt. Ltd.,80,219.6,17568.0,2025-07-14 12:09:26.555624
2025-07-14,50741,2025071401009614,PRVU,Miyo Securities Pvt Ltd,Online Securities Pvt. Ltd.,20,219.6,4392.0,2025-07-14 12:09:34.830855
2025-07-14,50684,2025071401009638,PRVU,Miyo Securities Pvt Ltd,Opal Securities Investment (PVT) Ltd.,248,219.6,54460.8,2025-07-14 12:09:48.849503
2025-07-14,50683,2025071401009639,PRVU,Aryatara Investment & Securities,Opal Securities Investment (PVT) Ltd.,152,219.6,33379.2,2025-07-14 12:09:48.849952
2025-07-14,50610,2025071401009668,PRVU,Aryatara Investment & Securities,K.B.L. Securities Limited ,48,219.6,10540.8,2025-07-14 12:10:05.211991
2025-07-14,50609,2025071401009669,PRVU,Trisul Securities & Invt. Ltd.,K.B.L. Securities Limited ,200,219.6,43920.0,2025-07-14 12:10:05.212334
2025-07-14,50608,2025071401009670,PRVU,Cristal Kanchanjanga Securites Pvt. Ltd.,K.B.L. Securities Limited ,100,219.5,21950.0,2025-07-14 12:10:05.212483
2025-07-14,50438,2025071401009719,PRVU,Oxford Securities Pvt. Ltd.,Siprabi Securities Pvt. Ltd.,500,219.2,109600.0,2025-07-14 12:10:45.785835
2025-07-14,50437,2025071401009720,PRVU,K.B.L. Securities Limited ,Siprabi Securities Pvt. Ltd.,500,219.2,109600.0,2025-07-14 12:10:45.786135
2025-07-14,50436,2025071401009721,PRVU,K.B.L. Securities Limited ,Opal Securities Investment (PVT) Ltd.,95,219.2,20824.0,2025-07-14 12:10:46.105847
2025-07-14,50406,2025071401009733,PRVU,K.B.L. Securities Limited ,Siprabi Securities Pvt. Ltd.,286,219.2,62691.2,2025-07-14 12:10:54.842014
2025-07-14,50204,2025071401009826,PRVU,K.B.L. Securities Limited ,ABC Securities Private Limited,119,219.2,26084.8,2025-07-14 12:11:43.273549
2025-07-14,50203,2025071401009827,PRVU,Dipshikha Dhitopatra Karobar Co. Pvt Ltd.,ABC Securities Private Limited,300,219.1,65730.0,2025-07-14 12:11:43.273850
2025-07-14,50202,2025071401009828,PRVU,Premier Securities Company Ltd.,ABC Securities Private Limited,45,219.0,9855.0,2025-07-14 12:11:43.273974
2025-07-14,50201,2025071401009829,PRVU,Cristal Kanchanjanga Securites Pvt. Ltd.,ABC Securities Private Limited,100,219.0,21900.0,2025-07-14 12:11:43.274129
2025-07-14,50200,2025071401009830,PRVU,Property Wiard Limited,ABC Securities Private Limited,10,219.0,2190.0,2025-07-14 12:11:43.274301
2025-07-14,50199,2025071401009831,PRVU,Oxford Securities Pvt. Ltd.,ABC Securities Private Limited,26,219.0,5694.0,2025-07-14 12:11:43.274472
2025-07-14,50188,2025071401009835,PRVU,Oxford Securities Pvt. Ltd.,S.P.S.A. Securities Limited,74,219.0,16206.0,2025-07-14 12:11:49.910292
2025-07-14,50187,2025071401009836,PRVU,Sumeru Securities Pvt. Ltd.,S.P.S.A. Securities Limited,126,219.0,27594.0,2025-07-14 12:11:49.910576
2025-07-14,50167,2025071401009842,PRVU,Aakashbhairab Securities Ltd.,Arun Securities (PVT) Ltd.,1000,219.2,219200.0,2025-07-14 12:11:55.530144
2025-07-14,49997,2025071401009897,PRVU,Sumeru Securities Pvt. Ltd.,Dipshikha Dhitopatra Karobar Co. Pvt Ltd.,374,219.0,81906.0,2025-07-14 12:12:33.011710
2025-07-14,49996,2025071401009898,PRVU,Sani Securities Company Ltd.,Dipshikha Dhitopatra Karobar Co. Pvt Ltd.,126,219.0,27594.0,2025-07-14 12:12:33.012478
2025-07-14,49964,2025071401009911,PRVU,Sani Securities Company Ltd.,APPLE SECURITIES PRIVATE LIMITED,99,219.0,21681.0,2025-07-14 12:12:40.930271
2025-07-14,49963,2025071401009912,PRVU,Kohinoor Investment & Securities Pvt. Ltd.,APPLE SECURITIES PRIVATE LIMITED,484,219.0,105996.0,2025-07-14 12:12:40.930563
2025-07-14,49962,2025071401009913,PRVU,Oxford Securities Pvt. Ltd.,APPLE SECURITIES PRIVATE LIMITED,50,219.0,10950.0,2025-07-14 12:12:40.930682
2025-07-14,49961,2025071401009914,PRVU,Primo Securities (PVT) Ltd.,APPLE SECURITIES PRIVATE LIMITED,500,219.0,109500.0,2025-07-14 12:12:40.930801
2025-07-14,49929,2025071401009931,PRVU,Sani Securities Company Ltd.,APPLE SECURITIES PRIVATE LIMITED,100,219.0,21900.0,2025-07-14 12:12:49.038848
2025-07-14,49499,2025071401010097,PRVU,Vision Securities Pvt. Ltd,APPLE SECURITIES PRIVATE LIMITED,267,219.0,58473.0,2025-07-14 12:14:45.441876
2025-07-14,49498,2025071401010098,PRVU,Vision Securities Pvt. Ltd,Naasa Securities Co. Ltd.,100,219.0,21900.0,2025-07-14 12:14:45.442168
2025-07-14,49497,2025071401010099,PRVU,Vision Securities Pvt. Ltd,Linch Stock Market Ltd.,131,219.0,28689.0,2025-07-14 12:14:45.442288
2025-07-14,49496,2025071401010100,PRVU,Vision Securities Pvt. Ltd,Sani Securities Company Ltd.,502,219.0,109938.0,2025-07-14 12:14:45.442412
2025-07-14,49382,2025071401010142,PRVU,Linch Stock Market Ltd.,Shree Krishna Securities Ltd.,200,218.8,43760.0,2025-07-14 12:15:24.724170
2025-07-14,49381,2025071401010143,PRVU,SUN SECURITIES PVT LTD,Shree Krishna Securities Ltd.,500,218.6,109300.0,2025-07-14 12:15:24.724778
2025-07-14,49380,2025071401010144,PRVU,Dipshikha Dhitopatra Karobar Co. Pvt Ltd.,Shree Krishna Securities Ltd.,80,218.5,17480.0,2025-07-14 12:15:24.725172
2025-07-14,49379,2025071401010145,PRVU,Opal Securities Investment (PVT) Ltd.,Shree Krishna Securities Ltd.,37,218.2,8073.4,2025-07-14 12:15:24.725536
2025-07-14,49378,2025071401010146,PRVU,Naasa Securities Co. Ltd.,Shree Krishna Securities Ltd.,10,218.1,2181.0,2025-07-14 12:15:24.725938
2025-07-14,49377,2025071401010147,PRVU,Midas Stock Broking Company Private Limited,Shree Krishna Securities Ltd.,173,218.1,37731.3,2025-07-14 12:15:24.726310
2025-07-14,49269,2025071401010196,PRVU,Midas Stock Broking Company Private Limited,K.B.L. Securities Limited ,227,218.1,49508.7,2025-07-14 12:15:52.295763
2025-07-14,49113,2025071401010243,PRVU,Siprabi Securities Pvt. Ltd.,Naasa Securities Co. Ltd.,100,218.2,21820.0,2025-07-14 12:16:26.212717
2025-07-14,49102,2025071401010248,PRVU,Dipshikha Dhitopatra Karobar Co. Pvt Ltd.,Sani Securities Company Ltd.,25,219.0,5475.0,2025-07-14 12:16:29.687150
2025-07-14,48947,2025071401010313,PRVU,Imperial Securities Company Pvt. Ltd.,APPLE SECURITIES PRIVATE LIMITED,10,218.9,2189.0,2025-07-14 12:17:11.380138
2025-07-14,48913,2025071401010333,PRVU,Linch Stock Market Ltd.,Vision Securities Pvt. Ltd,10,218.4,2184.0,2025-07-14 12:17:16.945702
2025-07-14,48912,2025071401010334,PRVU,Linch Stock Market Ltd.,Vision Securities Pvt. Ltd,20,218.3,4366.0,2025-07-14 12:17:16.945815
2025-07-14,48911,2025071401010335,PRVU,Siprabi Securities Pvt. Ltd.,Vision Securities Pvt. Ltd,100,218.2,21820.0,2025-07-14 12:17:16.945897
2025-07-14,48910,2025071401010336,PRVU,Linch Stock Market Ltd.,Vision Securities Pvt. Ltd,20,218.2,4364.0,2025-07-14 12:17:16.945982
2025-07-14,48909,2025071401010337,PRVU,Midas Stock Broking Company Private Limited,Vision Securities Pvt. Ltd,41,218.1,8942.1,2025-07-14 12:17:16.946079
2025-07-14,48839,2025071401010355,PRVU,Imperial Securities Company Pvt. Ltd.,APPLE SECURITIES PRIVATE LIMITED,10,218.9,2189.0,2025-07-14 12:17:28.573716
2025-07-14,48761,2025071401010395,PRVU,Imperial Securities Company Pvt. Ltd.,APPLE SECURITIES PRIVATE LIMITED,20,218.9,4378.0,2025-07-14 12:17:46.733370
2025-07-14,48488,2025071401010508,PRVU,Market Securities & Exchange (PVT) Ltd.,Market Securities & Exchange (PVT) Ltd.,1,214.6,214.6,2025-07-14 12:19:02.963731
2025-07-14,48299,2025071401010581,PRVU,Ashutosh Brokerage & Securities (PVT) Ltd.,J.F. Securites (PVT) Ltd.,100,218.7,21870.0,2025-07-14 12:19:56.450357
2025-07-14,48211,2025071401010624,PRVU,Ashutosh Brokerage & Securities (PVT) Ltd.,APPLE SECURITIES PRIVATE LIMITED,100,218.9,21890.0,2025-07-14 12:20:17.540073
2025-07-14,47986,2025071401010702,PRVU,Sani Securities Company Ltd.,Naasa Securities Co. Ltd.,50,218.7,10935.0,2025-07-14 12:21:23.941445
2025-07-14,47985,2025071401010703,PRVU,Imperial Securities Company Pvt. Ltd.,Naasa Securities Co. Ltd.,100,218.2,21820.0,2025-07-14 12:21:23.941513
2025-07-14,47984,2025071401010704,PRVU,Aryatara Investment & Securities,Naasa Securities Co. Ltd.,100,218.2,21820.0,2025-07-14 12:21:23.941539
2025-07-14,47983,2025071401010705,PRVU,Midas Stock Broking Company Private Limited,Naasa Securities Co. Ltd.,559,218.1,121917.9,2025-07-14 12:21:23.941570
2025-07-14,47982,2025071401010706,PRVU,Sani Securities Company Ltd.,Naasa Securities Co. Ltd.,500,218.1,109050.0,2025-07-14 12:21:23.941596
2025-07-14,47981,2025071401010707,PRVU,Neev Securities Pvt. Ltd.,Naasa Securities Co. Ltd.,1375,218.0,299750.0,2025-07-14 12:21:23.941624
2025-07-14,47980,2025071401010708,PRVU,Sani Securities Company Ltd.,Naasa Securities Co. Ltd.,200,218.0,43600.0,2025-07-14 12:21:23.941649
2025-07-14,47979,2025071401010709,PRVU,Midas Stock Broking Company Private Limited,Naasa Securities Co. Ltd.,30,218.0,6540.0,2025-07-14 12:21:23.941684
2025-07-14,47978,2025071401010710,PRVU,Himalayan Brokerage Company Limited,Naasa Securities Co. Ltd.,100,218.0,21800.0,2025-07-14 12:21:23.941705
2025-07-14,47977,2025071401010711,PRVU,Sani Securities Company Ltd.,Naasa Securities Co. Ltd.,100,218.0,21800.0,2025-07-14 12:21:23.941730
2025-07-14,47976,2025071401010712,PRVU,Imperial Securities Company Pvt. Ltd.,Naasa Securities Co. Ltd.,100,218.0,21800.0,2025-07-14 12:21:23.941754
2025-07-14,47975,2025071401010713,PRVU,Dakshinkali Investment & Securities Pvt. Ltd.,Naasa Securities Co. Ltd.,230,218.0,50140.0,2025-07-14 12:21:23.941777
2025-07-14,47974,2025071401010714,PRVU,Sani Securities Company Ltd.,Naasa Securities Co. Ltd.,10,218.0,2180.0,2025-07-14 12:21:23.941799
2025-07-14,47973,2025071401010715,PRVU,Primo Securities (PVT) Ltd.,Naasa Securities Co. Ltd.,500,218.0,109000.0,2025-07-14 12:21:23.941821
2025-07-14,47972,2025071401010716,PRVU,Naasa Securities Co. Ltd.,Naasa Securities Co. Ltd.,50,218.0,10900.0,2025-07-14 12:21:23.941847
2025-07-14,47971,2025071401010717,PRVU,Premier Securities Company Ltd.,Naasa Securities Co. Ltd.,10,218.0,2180.0,2025-07-14 12:21:23.941870
2025-07-14,47970,2025071401010718,PRVU,Midas Stock Broking Company Private Limited,Naasa Securities Co. Ltd.,390,218.0,85020.0,2025-07-14 12:21:23.941895
2025-07-14,47969,2025071401010719,PRVU,Dynamic Money Managers Securities Pvt. Ltd.,Naasa Securities Co. Ltd.,1596,218.0,347928.0,2025-07-14 12:21:23.941917
2025-07-14,47930,2025071401010735,PRVU,Dynamic Money Managers Securities Pvt. Ltd.,Sajilo Broker Limited,50,218.0,10900.0,2025-07-14 12:21:38.248976
2025-07-14,47782,2025071401010791,PRVU,Online Securities Pvt. Ltd.,APPLE SECURITIES PRIVATE LIMITED,40,218.9,8756.0,2025-07-14 12:22:17.269530
2025-07-14,47522,2025071401010871,PRVU,Kumari Securities Private Limited,Cristal Kanchanjanga Securites Pvt. Ltd.,104,218.5,22724.0,2025-07-14 12:23:28.370362
2025-07-14,47222,2025071401010951,PRVU,Kumari Securities Private Limited,Dakshinkali Investment & Securities Pvt. Ltd.,126,218.5,27531.0,2025-07-14 12:24:38.209448
2025-07-14,47221,2025071401010952,PRVU,Dynamic Money Managers Securities Pvt. Ltd.,Dakshinkali Investment & Securities Pvt. Ltd.,354,218.0,77172.0,2025-07-14 12:24:38.209493
2025-07-14,47220,2025071401010953,PRVU,Naasa Securities Co. Ltd.,Dakshinkali Investment & Securities Pvt. Ltd.,13,218.0,2834.0,2025-07-14 12:24:38.209522
2025-07-14,46805,2025071401011056,PRVU,Thrive Brokerage House Pvt. Ltd,Vision Securities Pvt. Ltd,10,218.5,2185.0,2025-07-14 12:26:26.531383
2025-07-14,46731,2025071401011083,PRVU,Asian Securities Private Ltd.,Opal Securities Investment (PVT) Ltd.,500,218.8,109400.0,2025-07-14 12:26:44.630214
2025-07-14,46476,2025071401011159,PRVU,Naasa Securities Co. Ltd.,Deevyaa Securities & Stock House Pvt. Ltd,50,218.5,10925.0,2025-07-14 12:28:06.346069
2025-07-14,46067,2025071401011293,PRVU,Malla & Malla Stock Broking Company Pvt. Limited,Deevyaa Securities & Stock House Pvt. Ltd,150,218.5,32775.0,2025-07-14 12:29:58.192559
2025-07-14,46040,2025071401011300,PRVU,Shree Krishna Securities Ltd.,Naasa Securities Co. Ltd.,22,218.2,4800.4,2025-07-14 12:30:08.870664
2025-07-14,46039,2025071401011301,PRVU,Shree Krishna Securities Ltd.,Vision Securities Pvt. Ltd,78,218.2,17019.6,2025-07-14 12:30:09.330716
2025-07-14,45994,2025071401011314,PRVU,Trishakti Securities Public Limited,Deevyaa Securities & Stock House Pvt. Ltd,100,218.1,21810.0,2025-07-14 12:30:20.325548
2025-07-14,45993,2025071401011315,PRVU,Sani Securities Company Ltd.,Deevyaa Securities & Stock House Pvt. Ltd,500,218.1,109050.0,2025-07-14 12:30:20.325581
2025-07-14,45992,2025071401011316,PRVU,Agrawal Securities (PVT) Ltd.,Deevyaa Securities & Stock House Pvt. Ltd,200,218.0,43600.0,2025-07-14 12:30:20.325607
2025-07-14,45946,2025071401011333,PRVU,ABC Securities Private Limited,Vision Securities Pvt. Ltd,22,218.2,4800.4,2025-07-14 12:30:36.083795
2025-07-14,45945,2025071401011334,PRVU,ABC Securities Private Limited,Sewa Securities Pvt. Ltd.,78,218.2,17019.6,2025-07-14 12:30:36.084136
2025-07-14,45911,2025071401011341,PRVU,Aryatara Investment & Securities,Vision Securities Pvt. Ltd,30,218.0,6540.0,2025-07-14 12:30:43.595838
2025-07-14,45910,2025071401011342,PRVU,Sani Securities Company Ltd.,Vision Securities Pvt. Ltd,170,218.0,37060.0,2025-07-14 12:30:43.596574
2025-07-14,45693,2025071401011422,PRVU,Sani Securities Company Ltd.,Sewa Securities Pvt. Ltd.,422,218.0,91996.0,2025-07-14 12:32:08.092810
2025-07-14,45677,2025071401011430,PRVU,Kalika Securities Pvt. Ltd.,Sani Securities Company Ltd.,20,218.0,4360.0,2025-07-14 12:32:11.164933
2025-07-14,45676,2025071401011431,PRVU,Thrive Brokerage House Pvt. Ltd,Sani Securities Company Ltd.,100,218.0,21800.0,2025-07-14 12:32:11.165225
2025-07-14,45675,2025071401011432,PRVU,Vision Securities Pvt. Ltd,Sani Securities Company Ltd.,880,218.0,191840.0,2025-07-14 12:32:11.165390
2025-07-14,45553,2025071401011485,PRVU,Vision Securities Pvt. Ltd,Midas Stock Broking Company Private Limited,40,218.0,8720.0,2025-07-14 12:32:44.340125
2025-07-14,45517,2025071401011504,PRVU,Opal Securities Investment (PVT) Ltd.,Midas Stock Broking Company Private Limited,64,218.0,13952.0,2025-07-14 12:32:53.853001
2025-07-14,45397,2025071401011547,PRVU,Opal Securities Investment (PVT) Ltd.,Imperial Securities Company Pvt. Ltd.,15,218.0,3270.0,2025-07-14 12:33:23.571478
2025-07-14,45093,2025071401011687,PRVU,Online Securities Pvt. Ltd.,APPLE SECURITIES PRIVATE LIMITED,83,218.9,18168.7,2025-07-14 12:34:40.974906
2025-07-14,44900,2025071401011735,PRVU,Opal Securities Investment (PVT) Ltd.,Cristal Kanchanjanga Securites Pvt. Ltd.,136,218.0,29648.0,2025-07-14 12:35:34.149698
2025-07-14,44899,2025071401011736,PRVU,Kalika Securities Pvt. Ltd.,Cristal Kanchanjanga Securites Pvt. Ltd.,864,218.0,188352.0,2025-07-14 12:35:34.150066
2025-07-14,44864,2025071401011743,PRVU,Imperial Securities Company Pvt. Ltd.,APPLE SECURITIES PRIVATE LIMITED,200,218.7,43740.0,2025-07-14 12:35:37.779555
2025-07-14,44653,2025071401011814,PRVU,Kalika Securities Pvt. Ltd.,Thrive Brokerage House Pvt. Ltd,136,218.0,29648.0,2025-07-14 12:36:33.410843
2025-07-14,44652,2025071401011815,PRVU,Online Securities Pvt. Ltd.,Thrive Brokerage House Pvt. Ltd,200,218.0,43600.0,2025-07-14 12:36:33.411179
2025-07-14,44651,2025071401011816,PRVU,Kumari Securities Private Limited,Thrive Brokerage House Pvt. Ltd,200,218.0,43600.0,2025-07-14 12:36:33.411324
2025-07-14,44317,2025071401011959,PRVU,Online Securities Pvt. Ltd.,Indira securities pvt. ltd,449,217.9,97837.1,2025-07-14 12:37:59.672359
2025-07-14,44276,2025071401011978,PRVU,Thrive Brokerage House Pvt. Ltd,Thrive Brokerage House Pvt. Ltd,150,217.8,32670.0,2025-07-14 12:38:10.819376
2025-07-14,44275,2025071401011979,PRVU,Sani Securities Company Ltd.,Thrive Brokerage House Pvt. Ltd,108,217.8,23522.4,2025-07-14 12:38:10.819747
2025-07-14,44274,2025071401011980,PRVU,Neev Securities Pvt. Ltd.,Thrive Brokerage House Pvt. Ltd,206,217.8,44866.8,2025-07-14 12:38:10.819913
2025-07-14,44213,2025071401012006,PRVU,Sweta Securities Private Limited,Indira securities pvt. ltd,400,217.9,87160.0,2025-07-14 12:38:35.073108
2025-07-14,43971,2025071401012094,PRVU,Thrive Brokerage House Pvt. Ltd,Indira securities pvt. ltd,50,217.9,10895.0,2025-07-14 12:39:36.184161
2025-07-14,43867,2025071401012122,PRVU,Neev Securities Pvt. Ltd.,Kumari Securities Private Limited,200,217.8,43560.0,2025-07-14 12:40:06.145638
2025-07-14,43724,2025071401012178,PRVU,Vision Securities Pvt. Ltd,Indira securities pvt. ltd,500,217.9,108950.0,2025-07-14 12:40:36.118647
2025-07-14,43584,2025071401012217,PRVU,Sewa Securities Pvt. Ltd.,Nepal Stock House (PVT) Ltd.,20,217.9,4358.0,2025-07-14 12:41:11.534920
2025-07-14,43172,2025071401012343,PRVU,Sewa Securities Pvt. Ltd.,Dakshinkali Investment & Securities Pvt. Ltd.,80,217.9,17432.0,2025-07-14 12:43:05.745598
2025-07-14,43171,2025071401012344,PRVU,Trisul Securities & Invt. Ltd.,Dakshinkali Investment & Securities Pvt. Ltd.,120,217.9,26148.0,2025-07-14 12:43:05.746052
2025-07-14,42737,2025071401012458,PRVU,Nepal Investment And Securities Trading Private Limited,Capital Max Securities Ltd,200,218.0,43600.0,2025-07-14 12:45:18.823259
2025-07-14,42228,2025071401012639,PRVU,Vision Securities Pvt. Ltd,Naasa Securities Co. Ltd.,20,218.0,4360.0,2025-07-14 12:47:32.272015
2025-07-14,42227,2025071401012640,PRVU,Vision Securities Pvt. Ltd,Naasa Securities Co. Ltd.,30,218.0,6540.0,2025-07-14 12:47:32.272155
2025-07-14,42226,2025071401012641,PRVU,Trisul Securities & Invt. Ltd.,Naasa Securities Co. Ltd.,101,217.9,22007.9,2025-07-14 12:47:32.272233
2025-07-14,42225,2025071401012642,PRVU,Malla & Malla Stock Broking Company Pvt. Limited,Naasa Securities Co. Ltd.,1800,217.9,392220.0,2025-07-14 12:47:32.272307
2025-07-14,42224,2025071401012643,PRVU,Neev Securities Pvt. Ltd.,Naasa Securities Co. Ltd.,49,217.8,10672.2,2025-07-14 12:47:32.272375
2025-07-14,42090,2025071401012687,PRVU,Linch Stock Market Ltd.,Imperial Securities Company Pvt. Ltd.,50,217.9,10895.0,2025-07-14 12:48:17.277502
2025-07-14,42089,2025071401012688,PRVU,Linch Stock Market Ltd.,Shree Krishna Securities Ltd.,50,218.0,10900.0,2025-07-14 12:48:17.277976
2025-07-14,41938,2025071401012749,PRVU,Vision Securities Pvt. Ltd,Shree Krishna Securities Ltd.,50,218.0,10900.0,2025-07-14 12:49:03.497421
2025-07-14,41543,2025071401012908,PRVU,Deevyaa Securities & Stock House Pvt. Ltd,Nabil Stock Dealer Ltd.,20,218.0,4360.0,2025-07-14 12:50:42.448760
2025-07-14,41461,2025071401012937,PRVU,Deevyaa Securities & Stock House Pvt. Ltd,J.F. Securites (PVT) Ltd.,180,218.0,39240.0,2025-07-14 12:51:03.732313
2025-07-14,41136,2025071401013091,PRVU,Agrawal Securities (PVT) Ltd.,J.F. Securites (PVT) Ltd.,20,218.0,4360.0,2025-07-14 12:52:32.099722
2025-07-14,40205,2025071401013381,PRVU,Agrawal Securities (PVT) Ltd.,Vision Securities Pvt. Ltd,80,218.0,17440.0,2025-07-14 12:56:04.854183
2025-07-14,40204,2025071401013382,PRVU,Neev Securities Pvt. Ltd.,Vision Securities Pvt. Ltd,50,218.0,10900.0,2025-07-14 12:56:04.854914
2025-07-14,40203,2025071401013383,PRVU,Trisul Securities & Invt. Ltd.,Vision Securities Pvt. Ltd,65,218.0,14170.0,2025-07-14 12:56:04.855389
2025-07-14,40202,2025071401013384,PRVU,Vision Securities Pvt. Ltd,Vision Securities Pvt. Ltd,20,218.0,4360.0,2025-07-14 12:56:04.855847
2025-07-14,39938,2025071401013456,PRVU,Capital Max Securities Ltd,Naasa Securities Co. Ltd.,59,218.0,12862.0,2025-07-14 12:57:07.364906
2025-07-14,39884,2025071401013474,PRVU,Capital Max Securities Ltd,Sewa Securities Pvt. Ltd.,10,218.0,2180.0,2025-07-14 12:57:26.126613
2025-07-14,39852,2025071401013489,PRVU,Capital Max Securities Ltd,Vision Securities Pvt. Ltd,131,218.0,28558.0,2025-07-14 12:57:30.470542
2025-07-14,39694,2025071401013533,PRVU,Vision Securities Pvt. Ltd,Vision Securities Pvt. Ltd,10,218.0,2180.0,2025-07-14 12:57:59.659264
2025-07-14,39693,2025071401013534,PRVU,Vision Securities Pvt. Ltd,Cristal Kanchanjanga Securites Pvt. Ltd.,160,218.5,34960.0,2025-07-14 12:57:59.659953
2025-07-14,39527,2025071401013608,PRVU,Trishakti Securities Public Limited,Cristal Kanchanjanga Securites Pvt. Ltd.,300,218.5,65550.0,2025-07-14 12:58:34.156254
2025-07-14,39014,2025071401013775,PRVU,Capital Max Securities Ltd,Cristal Kanchanjanga Securites Pvt. Ltd.,40,218.5,8740.0,2025-07-14 13:00:57.348351
2025-07-14,38942,2025071401013805,PRVU,Imperial Securities Company Pvt. Ltd.,APPLE SECURITIES PRIVATE LIMITED,10,218.7,2187.0,2025-07-14 13:01:21.732245
2025-07-14,38741,2025071401013866,PRVU,Capital Max Securities Ltd,Vision Securities Pvt. Ltd,260,218.5,56810.0,2025-07-14 13:02:31.355734
2025-07-14,38542,2025071401013928,PRVU,Trisul Securities & Invt. Ltd.,Nepal Stock House (PVT) Ltd.,20,218.5,4370.0,2025-07-14 13:03:23.553737
2025-07-14,38496,2025071401013950,PRVU,Trisul Securities & Invt. Ltd.,Vision Securities Pvt. Ltd,31,218.5,6773.5,2025-07-14 13:03:32.901698
2025-07-14,38393,2025071401013980,PRVU,Vision Securities Pvt. Ltd,Vision Securities Pvt. Ltd,50,218.5,10925.0,2025-07-14 13:03:56.078763
2025-07-14,38384,2025071401013984,PRVU,Agrawal Securities (PVT) Ltd.,Vision Securities Pvt. Ltd,100,218.5,21850.0,2025-07-14 13:04:00.255135
2025-07-14,38366,2025071401013986,PRVU,Elite Stock House Limited,Vision Securities Pvt. Ltd,300,218.5,65550.0,2025-07-14 13:04:04.547529
2025-07-14,38211,2025071401014037,PRVU,Secured Securities Ltd.,Vision Securities Pvt. Ltd,20,218.5,4370.0,2025-07-14 13:04:52.292784
2025-07-14,38097,2025071401014072,PRVU,Nepal Investment And Securities Trading Private Limited,APPLE SECURITIES PRIVATE LIMITED,27,218.2,5891.4,2025-07-14 13:05:19.147019
2025-07-14,37280,2025071401014301,PRVU,Nepal Investment And Securities Trading Private Limited,Sani Securities Company Ltd.,10,218.5,2185.0,2025-07-14 13:09:29.827576
2025-07-14,37279,2025071401014302,PRVU,Nepal Investment And Securities Trading Private Limited,Kohinoor Investment & Securities Pvt. Ltd.,163,218.5,35615.5,2025-07-14 13:09:29.827958
2025-07-14,36709,2025071401014511,PRVU,Prabhu Stock Market Limited,Dynamic Money Managers Securities Pvt. Ltd.,30,218.3,6549.0,2025-07-14 13:12:06.865233
2025-07-14,36342,2025071401014619,PRVU,Sweta Securities Private Limited,Vision Securities Pvt. Ltd,20,218.5,4370.0,2025-07-14 13:13:52.401469
2025-07-14,36282,2025071401014638,PRVU,Prabhu Stock Market Limited,Dipshikha Dhitopatra Karobar Co. Pvt Ltd.,13,218.3,2837.9,2025-07-14 13:14:09.671083
2025-07-14,36281,2025071401014639,PRVU,Trishakti Securities Public Limited,Dipshikha Dhitopatra Karobar Co. Pvt Ltd.,87,218.3,18992.1,2025-07-14 13:14:09.671501
2025-07-14,36234,2025071401014658,PRVU,Trishakti Securities Public Limited,Secured Securities Ltd.,113,218.3,24667.9,2025-07-14 13:14:20.970295
2025-07-14,36233,2025071401014659,PRVU,Capital Max Securities Ltd,Secured Securities Ltd.,100,218.0,21800.0,2025-07-14 13:14:20.970684
2025-07-14,36232,2025071401014660,PRVU,Trisul Securities & Invt. Ltd.,Secured Securities Ltd.,35,218.0,7630.0,2025-07-14 13:14:20.970862
2025-07-14,36231,2025071401014661,PRVU,Imperial Securities Company Pvt. Ltd.,Secured Securities Ltd.,10,218.0,2180.0,2025-07-14 13:14:20.971040
2025-07-14,36230,2025071401014662,PRVU,ABC Securities Private Limited,Secured Securities Ltd.,1000,218.0,218000.0,2025-07-14 13:14:20.971214
2025-07-14,36229,2025071401014663,PRVU,Vision Securities Pvt. Ltd,Secured Securities Ltd.,100,218.0,21800.0,2025-07-14 13:14:20.971384
2025-07-14,36228,2025071401014664,PRVU,Sweta Securities Private Limited,Secured Securities Ltd.,50,218.0,10900.0,2025-07-14 13:14:20.971555
2025-07-14,36227,2025071401014665,PRVU,Trishakti Securities Public Limited,Secured Securities Ltd.,455,218.0,99190.0,2025-07-14 13:14:20.971727
2025-07-14,36226,2025071401014666,PRVU,Oxford Securities Pvt. Ltd.,Secured Securities Ltd.,137,218.0,29866.0,2025-07-14 13:14:20.971900
2025-07-14,36082,2025071401014705,PRVU,Oxford Securities Pvt. Ltd.,South Asian Bulls Pvt. Ltd.,500,218.0,109000.0,2025-07-14 13:15:00.602417
2025-07-14,35352,2025071401014968,PRVU,Oxford Securities Pvt. Ltd.,Imperial Securities Company Pvt. Ltd.,363,218.0,79134.0,2025-07-14 13:18:31.383439
2025-07-14,35351,2025071401014969,PRVU,Trishakti Securities Public Limited,Imperial Securities Company Pvt. Ltd.,100,218.0,21800.0,2025-07-14 13:18:31.383861
2025-07-14,35350,2025071401014970,PRVU,Neev Securities Pvt. Ltd.,Imperial Securities Company Pvt. Ltd.,745,217.8,162261.0,2025-07-14 13:18:31.384050
2025-07-14,35349,2025071401014971,PRVU,Dipshikha Dhitopatra Karobar Co. Pvt Ltd.,Imperial Securities Company Pvt. Ltd.,10,217.8,2178.0,2025-07-14 13:18:31.384226
2025-07-14,35348,2025071401014972,PRVU,Sri Hari Securities Pvt. Ltd.,Imperial Securities Company Pvt. Ltd.,300,217.8,65340.0,2025-07-14 13:18:31.384396
2025-07-14,35347,2025071401014973,PRVU,Kohinoor Investment & Securities Pvt. Ltd.,Imperial Securities Company Pvt. Ltd.,482,217.7,104931.4,2025-07-14 13:18:31.384565
2025-07-14,35158,2025071401015018,PRVU,Neev Securities Pvt. Ltd.,Trishakti Securities Public Limited,75,217.8,16335.0,2025-07-14 13:19:18.573679
2025-07-14,34652,2025071401015199,PRVU,Neev Securities Pvt. Ltd.,Naasa Securities Co. Ltd.,25,217.8,5445.0,2025-07-14 13:21:04.544407
2025-07-14,34651,2025071401015200,PRVU,Linch Stock Market Ltd.,Naasa Securities Co. Ltd.,500,217.6,108800.0,2025-07-14 13:21:04.544464
2025-07-14,34650,2025071401015201,PRVU,Naasa Securities Co. Ltd.,Naasa Securities Co. Ltd.,150,217.6,32640.0,2025-07-14 13:21:04.544553
2025-07-14,34649,2025071401015202,PRVU,Kohinoor Investment & Securities Pvt. Ltd.,Naasa Securities Co. Ltd.,18,217.6,3916.8,2025-07-14 13:21:04.544619
2025-07-14,34648,2025071401015203,PRVU,Imperial Securities Company Pvt. Ltd.,Naasa Securities Co. Ltd.,22,217.5,4785.0,2025-07-14 13:21:04.544693
2025-07-14,34647,2025071401015204,PRVU,Aakashbhairab Securities Ltd.,Naasa Securities Co. Ltd.,1000,217.5,217500.0,2025-07-14 13:21:04.544767
2025-07-14,34646,2025071401015205,PRVU,Sani Securities Company Ltd.,Naasa Securities Co. Ltd.,688,217.5,149640.0,2025-07-14 13:21:04.544841
2025-07-14,34645,2025071401015206,PRVU,Neev Securities Pvt. Ltd.,Naasa Securities Co. Ltd.,100,217.5,21750.0,2025-07-14 13:21:04.544914
2025-07-14,34644,2025071401015207,PRVU,Dipshikha Dhitopatra Karobar Co. Pvt Ltd.,Naasa Securities Co. Ltd.,18,217.5,3915.0,2025-07-14 13:21:04.544986
2025-07-14,34643,2025071401015208,PRVU,Sani Securities Company Ltd.,Naasa Securities Co. Ltd.,75,217.5,16312.5,2025-07-14 13:21:04.545076
2025-07-14,34642,2025071401015209,PRVU,INDEX SECURITIES LIMITED,Naasa Securities Co. Ltd.,2000,217.3,434600.0,2025-07-14 13:21:04.545159
2025-07-14,34641,2025071401015210,PRVU,Naasa Securities Co. Ltd.,Naasa Securities Co. Ltd.,50,217.3,10865.0,2025-07-14 13:21:04.545236
2025-07-14,34640,2025071401015211,PRVU,Sri Hari Securities Pvt. Ltd.,Naasa Securities Co. Ltd.,190,217.2,41268.0,2025-07-14 13:21:04.545309
2025-07-14,34639,2025071401015212,PRVU,Sani Securities Company Ltd.,Naasa Securities Co. Ltd.,200,217.2,43440.0,2025-07-14 13:21:04.545387
2025-07-14,34638,2025071401015213,PRVU,Arun Securities (PVT) Ltd.,Naasa Securities Co. Ltd.,500,217.1,108550.0,2025-07-14 13:21:04.545463
2025-07-14,34637,2025071401015214,PRVU,Trishakti Securities Public Limited,Naasa Securities Co. Ltd.,15,217.1,3256.5,2025-07-14 13:21:04.545538
2025-07-14,34636,2025071401015215,PRVU,MILKY WAY SHARE BROKER COMPANY LTD ,Naasa Securities Co. Ltd.,449,217.0,97433.0,2025-07-14 13:21:04.545622
2025-07-14,34600,2025071401015222,PRVU,MILKY WAY SHARE BROKER COMPANY LTD ,Naasa Securities Co. Ltd.,1551,217.0,336567.0,2025-07-14 13:21:15.229723
2025-07-14,34599,2025071401015223,PRVU,Investment Management Nepal Pvt. Ltd.,Naasa Securities Co. Ltd.,400,217.0,86800.0,2025-07-14 13:21:15.229792
2025-07-14,34598,2025071401015224,PRVU,Capital Max Securities Ltd,Naasa Securities Co. Ltd.,500,217.0,108500.0,2025-07-14 13:21:15.229824
2025-07-14,34597,2025071401015225,PRVU,Kumari Securities Private Limited,Naasa Securities Co. Ltd.,150,217.0,32550.0,2025-07-14 13:21:15.229854
2025-07-14,34596,2025071401015226,PRVU,Sani Securities Company Ltd.,Naasa Securities Co. Ltd.,250,217.0,54250.0,2025-07-14 13:21:15.229881
2025-07-14,34595,2025071401015227,PRVU,Thrive Brokerage House Pvt. Ltd,Naasa Securities Co. Ltd.,2000,217.0,434000.0,2025-07-14 13:21:15.229918
2025-07-14,34594,2025071401015228,PRVU,Online Securities Pvt. Ltd.,Naasa Securities Co. Ltd.,55,217.0,11935.0,2025-07-14 13:21:15.229946
2025-07-14,34593,2025071401015229,PRVU,Malla & Malla Stock Broking Company Pvt. Limited,Naasa Securities Co. Ltd.,1000,217.0,217000.0,2025-07-14 13:21:15.229968
2025-07-14,34592,2025071401015230,PRVU,Naasa Securities Co. Ltd.,Naasa Securities Co. Ltd.,69,217.0,14973.0,2025-07-14 13:21:15.229995
2025-07-14,34591,2025071401015231,PRVU,Oxford Securities Pvt. Ltd.,Naasa Securities Co. Ltd.,40,217.0,8680.0,2025-07-14 13:21:15.230018
