Date,S.N.,contract_id,symbol,buyer_broker,seller_broker,volume,price,amount,transaction_time
2025-07-14,72437,2025071401000084,SANIMA,Naasa Securities Co. Ltd.,Trishakti Securities Public Limited,100,365.0,36500.0,2025-07-14 11:00:36.712302
2025-07-14,72434,2025071401000087,SANIMA,Online Securities Pvt. Ltd.,Kohinoor Investment & Securities Pvt. Ltd.,25,366.0,9150.0,2025-07-14 11:00:37.828414
2025-07-14,72433,2025071401000088,SANIMA,Online Securities Pvt. Ltd.,Dynamic Money Managers Securities Pvt. Ltd.,200,366.0,73200.0,2025-07-14 11:00:37.828562
2025-07-14,72432,2025071401000089,SANIMA,Online Securities Pvt. Ltd.,Sunrise Securities Limited,5000,367.8,1839000.0,2025-07-14 11:00:37.828703
2025-07-14,72086,2025071401000221,SANIMA,Siprabi Securities Pvt. Ltd.,Nepal Stock House (PVT) Ltd.,80,365.0,29200.0,2025-07-14 11:01:49.873554
2025-07-14,71939,2025071401000291,SANIMA,J.F. Securites (PVT) Ltd.,NIMB Stock Markets Limited,128,362.5,46400.0,2025-07-14 11:02:25.945471
2025-07-14,71938,2025071401000292,SANIMA,ABC Securities Private Limited,NIMB Stock Markets Limited,1000,362.1,362100.0,2025-07-14 11:02:25.945569
2025-07-14,71937,2025071401000293,SANIMA,Nagarik Stock Dealer ,NIMB Stock Markets Limited,872,362.0,315664.0,2025-07-14 11:02:25.945628
2025-07-14,71884,2025071401000319,SANIMA,Nagarik Stock Dealer ,Aryatara Investment & Securities,128,362.0,46336.0,2025-07-14 11:02:37.068345
2025-07-14,71847,2025071401000336,SANIMA,Nepal Stock House (PVT) Ltd.,Aryatara Investment & Securities,22,362.0,7964.0,2025-07-14 11:02:45.625112
2025-07-14,71846,2025071401000337,SANIMA,Nepal Stock House (PVT) Ltd.,Nepal Stock House (PVT) Ltd.,178,362.0,64436.0,2025-07-14 11:02:45.625333
2025-07-14,71737,2025071401000382,SANIMA,Online Securities Pvt. Ltd.,Indira securities pvt. ltd,1000,360.1,360100.0,2025-07-14 11:03:04.387207
2025-07-14,71591,2025071401000461,SANIMA,Online Securities Pvt. Ltd.,Naasa Securities Co. Ltd.,1000,360.1,360100.0,2025-07-14 11:03:33.165898
2025-07-14,71528,2025071401000483,SANIMA,Online Securities Pvt. Ltd.,Vision Securities Pvt. Ltd,3000,360.1,1080300.0,2025-07-14 11:03:44.482978
2025-07-14,71527,2025071401000484,SANIMA,ABC Securities Private Limited,Vision Securities Pvt. Ltd,2000,360.1,720200.0,2025-07-14 11:03:44.483205
2025-07-14,71506,2025071401000496,SANIMA,ABC Securities Private Limited,Hatemalo Financial Services Private Limited,1000,360.1,360100.0,2025-07-14 11:03:48.954596
2025-07-14,71449,2025071401000520,SANIMA,Sewa Securities Pvt. Ltd.,Sumeru Securities Pvt. Ltd.,1000,360.0,360000.0,2025-07-14 11:04:00.258499
2025-07-14,71440,2025071401000527,SANIMA,Sani Securities Company Ltd.,Vision Securities Pvt. Ltd,10,360.0,3600.0,2025-07-14 11:04:01.686137
2025-07-14,71439,2025071401000528,SANIMA,Trishakti Securities Public Limited,Vision Securities Pvt. Ltd,340,360.0,122400.0,2025-07-14 11:04:01.686336
2025-07-14,71420,2025071401000536,SANIMA,Trishakti Securities Public Limited,Nepal Stock House (PVT) Ltd.,1022,360.0,367920.0,2025-07-14 11:04:04.849189
2025-07-14,71414,2025071401000538,SANIMA,Trishakti Securities Public Limited,Sri Hari Securities Pvt. Ltd.,638,360.0,229680.0,2025-07-14 11:04:05.936611
2025-07-14,71324,2025071401000584,SANIMA,ABC Securities Private Limited,Capital Max Securities Ltd,2000,358.1,716200.0,2025-07-14 11:04:17.633816
2025-07-14,71323,2025071401000585,SANIMA,Sundhara Securities Limited,Capital Max Securities Ltd,10,358.0,3580.0,2025-07-14 11:04:17.633915
2025-07-14,71322,2025071401000586,SANIMA,Sundhara Securities Limited,Capital Max Securities Ltd,50,358.0,17900.0,2025-07-14 11:04:17.633964
2025-07-14,71321,2025071401000587,SANIMA,K.B.L. Securities Limited ,Capital Max Securities Ltd,440,358.0,157520.0,2025-07-14 11:04:17.634009
2025-07-14,71311,2025071401000588,SANIMA,J.F. Securites (PVT) Ltd.,Kohinoor Investment & Securities Pvt. Ltd.,500,358.2,179100.0,2025-07-14 11:04:18.856053
2025-07-14,71290,2025071401000600,SANIMA,J.F. Securites (PVT) Ltd.,Naasa Securities Co. Ltd.,339,358.2,121429.8,2025-07-14 11:04:21.695291
2025-07-14,71159,2025071401000648,SANIMA,J.F. Securites (PVT) Ltd.,Naasa Securities Co. Ltd.,161,358.2,57670.2,2025-07-14 11:04:44.539268
2025-07-14,71158,2025071401000649,SANIMA,Sewa Securities Pvt. Ltd.,Naasa Securities Co. Ltd.,100,358.1,35810.0,2025-07-14 11:04:44.539379
2025-07-14,71157,2025071401000650,SANIMA,K.B.L. Securities Limited ,Naasa Securities Co. Ltd.,739,358.0,264562.0,2025-07-14 11:04:44.539442
2025-07-14,71082,2025071401000697,SANIMA,Sri Hari Securities Pvt. Ltd.,Sri Hari Securities Pvt. Ltd.,100,360.0,36000.0,2025-07-14 11:04:56.794128
2025-07-14,71068,2025071401000705,SANIMA,J.F. Securites (PVT) Ltd.,Dakshinkali Investment & Securities Pvt. Ltd.,200,359.0,71800.0,2025-07-14 11:05:00.541204
2025-07-14,71067,2025071401000706,SANIMA,Vision Securities Pvt. Ltd,Dakshinkali Investment & Securities Pvt. Ltd.,800,358.3,286640.0,2025-07-14 11:05:00.541306
2025-07-14,70845,2025071401000785,SANIMA,Secured Securities Ltd.,Naasa Securities Co. Ltd.,40,359.0,14360.0,2025-07-14 11:05:35.841878
2025-07-14,70844,2025071401000786,SANIMA,Vision Securities Pvt. Ltd,Kumari Securities Private Limited,50,358.3,17915.0,2025-07-14 11:05:35.940919
2025-07-14,70795,2025071401000804,SANIMA,Vision Securities Pvt. Ltd,Sani Securities Company Ltd.,45,358.3,16123.5,2025-07-14 11:05:43.792016
2025-07-14,70794,2025071401000805,SANIMA,K.B.L. Securities Limited ,Sani Securities Company Ltd.,955,358.0,341890.0,2025-07-14 11:05:43.792135
2025-07-14,70751,2025071401000838,SANIMA,Agrawal Securities (PVT) Ltd.,Naasa Securities Co. Ltd.,661,359.0,237299.0,2025-07-14 11:05:46.526043
2025-07-14,70713,2025071401000860,SANIMA,Agrawal Securities (PVT) Ltd.,Kohinoor Investment & Securities Pvt. Ltd.,100,359.0,35900.0,2025-07-14 11:05:55.456951
2025-07-14,70694,2025071401000867,SANIMA,Agrawal Securities (PVT) Ltd.,Vision Securities Pvt. Ltd,239,359.0,85801.0,2025-07-14 11:06:02.039858
2025-07-14,70598,2025071401000907,SANIMA,Kalika Securities Pvt. Ltd.,Sweta Securities Private Limited,500,358.1,179050.0,2025-07-14 11:06:18.557857
2025-07-14,70597,2025071401000908,SANIMA,Agrawal Securities (PVT) Ltd.,Sweta Securities Private Limited,500,358.1,179050.0,2025-07-14 11:06:18.557974
2025-07-14,70586,2025071401000914,SANIMA,S.P.S.A. Securities Limited,Midas Stock Broking Company Private Limited,90,358.3,32247.0,2025-07-14 11:06:20.117733
2025-07-14,70524,2025071401000936,SANIMA,Nagarik Stock Dealer ,Vision Securities Pvt. Ltd,500,359.0,179500.0,2025-07-14 11:06:26.262371
2025-07-14,70482,2025071401000960,SANIMA,Siprabi Securities Pvt. Ltd.,Vision Securities Pvt. Ltd,61,358.3,21856.3,2025-07-14 11:06:37.717219
2025-07-14,70424,2025071401000989,SANIMA,Sharepro Securities Private Limited,Sweta Securities Private Limited,330,359.9,118767.0,2025-07-14 11:06:50.425990
2025-07-14,70423,2025071401000990,SANIMA,Sharepro Securities Private Limited,Sri Hari Securities Pvt. Ltd.,262,360.0,94320.0,2025-07-14 11:06:50.426052
2025-07-14,70422,2025071401000991,SANIMA,Sharepro Securities Private Limited,Dipshikha Dhitopatra Karobar Co. Pvt Ltd.,200,360.0,72000.0,2025-07-14 11:06:50.426086
2025-07-14,70421,2025071401000992,SANIMA,Sharepro Securities Private Limited,SHUBHAKAMANA SECURITIES PVT. LTD,1500,360.0,540000.0,2025-07-14 11:06:50.426113
2025-07-14,70420,2025071401000993,SANIMA,Sharepro Securities Private Limited,Vision Securities Pvt. Ltd,500,360.0,180000.0,2025-07-14 11:06:50.426141
2025-07-14,70419,2025071401000994,SANIMA,Sharepro Securities Private Limited,Nepal Stock House (PVT) Ltd.,500,360.0,180000.0,2025-07-14 11:06:50.426176
2025-07-14,70418,2025071401000995,SANIMA,Sharepro Securities Private Limited,Dakshinkali Investment & Securities Pvt. Ltd.,50,360.0,18000.0,2025-07-14 11:06:50.426213
2025-07-14,70417,2025071401000996,SANIMA,Sharepro Securities Private Limited,Imperial Securities Company Pvt. Ltd.,358,360.0,128880.0,2025-07-14 11:06:50.426248
2025-07-14,70236,2025071401001080,SANIMA,Siprabi Securities Pvt. Ltd.,Creative Securities Pvt Ltd,439,359.0,157601.0,2025-07-14 11:07:31.284184
2025-07-14,70235,2025071401001081,SANIMA,Sri Hari Securities Pvt. Ltd.,Creative Securities Pvt Ltd,250,359.0,89750.0,2025-07-14 11:07:31.284435
2025-07-14,70234,2025071401001082,SANIMA,ABC Securities Private Limited,Creative Securities Pvt Ltd,1000,359.0,359000.0,2025-07-14 11:07:31.284599
2025-07-14,70144,2025071401001123,SANIMA,South Asian Bulls Pvt. Ltd.,Creative Securities Pvt Ltd,100,359.0,35900.0,2025-07-14 11:07:44.768971
2025-07-14,70095,2025071401001145,SANIMA,Ashutosh Brokerage & Securities (PVT) Ltd.,Creative Securities Pvt Ltd,50,359.0,17950.0,2025-07-14 11:07:58.484709
2025-07-14,70067,2025071401001161,SANIMA,Vision Securities Pvt. Ltd,Premier Securities Company Ltd.,95,358.6,34067.0,2025-07-14 11:08:02.673320
2025-07-14,70066,2025071401001162,SANIMA,Aryatara Investment & Securities,Premier Securities Company Ltd.,405,358.5,145192.5,2025-07-14 11:08:02.673455
2025-07-14,70063,2025071401001165,SANIMA,South Asian Bulls Pvt. Ltd.,Creative Securities Pvt Ltd,100,359.0,35900.0,2025-07-14 11:08:02.875610
2025-07-14,69991,2025071401001206,SANIMA,Aryatara Investment & Securities,Secured Securities Ltd.,595,358.5,213307.5,2025-07-14 11:08:19.682786
2025-07-14,69990,2025071401001207,SANIMA,Sani Securities Company Ltd.,Secured Securities Ltd.,90,358.3,32247.0,2025-07-14 11:08:19.683064
2025-07-14,69989,2025071401001208,SANIMA,Agrawal Securities (PVT) Ltd.,Secured Securities Ltd.,500,358.1,179050.0,2025-07-14 11:08:19.683264
2025-07-14,69988,2025071401001209,SANIMA,Sewa Securities Pvt. Ltd.,Secured Securities Ltd.,30,358.1,10743.0,2025-07-14 11:08:19.683470
2025-07-14,69987,2025071401001210,SANIMA,Sri Hari Securities Pvt. Ltd.,Secured Securities Ltd.,550,358.1,196955.0,2025-07-14 11:08:19.683664
2025-07-14,69986,2025071401001211,SANIMA,K.B.L. Securities Limited ,Secured Securities Ltd.,8235,358.0,2948130.0,2025-07-14 11:08:19.683842
2025-07-14,69799,2025071401001313,SANIMA,Dynamic Money Managers Securities Pvt. Ltd.,Neev Securities Pvt. Ltd.,500,358.3,179150.0,2025-07-14 11:09:06.080812
2025-07-14,69787,2025071401001322,SANIMA,South Asian Bulls Pvt. Ltd.,Siprabi Securities Pvt. Ltd.,100,358.5,35850.0,2025-07-14 11:09:11.691695
2025-07-14,69723,2025071401001361,SANIMA,Shree Krishna Securities Ltd.,Creative Securities Pvt Ltd,61,359.0,21899.0,2025-07-14 11:09:25.097084
2025-07-14,69722,2025071401001362,SANIMA,Shree Krishna Securities Ltd.,Imperial Securities Company Pvt. Ltd.,388,360.0,139680.0,2025-07-14 11:09:25.097219
2025-07-14,69721,2025071401001363,SANIMA,Shree Krishna Securities Ltd.,Trademow Securities Private Limited,250,360.0,90000.0,2025-07-14 11:09:25.097284
2025-07-14,69720,2025071401001364,SANIMA,Shree Krishna Securities Ltd.,Aryatara Investment & Securities,330,360.0,118800.0,2025-07-14 11:09:25.097340
2025-07-14,69719,2025071401001365,SANIMA,Shree Krishna Securities Ltd.,Imperial Securities Company Pvt. Ltd.,91,360.0,32760.0,2025-07-14 11:09:25.097395
2025-07-14,69650,2025071401001400,SANIMA,Linch Stock Market Ltd.,Kohinoor Investment & Securities Pvt. Ltd.,35,359.0,12565.0,2025-07-14 11:09:41.392908
2025-07-14,69555,2025071401001450,SANIMA,Dynamic Money Managers Securities Pvt. Ltd.,Online Securities Pvt. Ltd.,100,358.3,35830.0,2025-07-14 11:10:01.089123
2025-07-14,69311,2025071401001566,SANIMA,Imperial Securities Company Pvt. Ltd.,Midas Stock Broking Company Private Limited,140,359.0,50260.0,2025-07-14 11:10:50.680326
2025-07-14,69291,2025071401001577,SANIMA,Imperial Securities Company Pvt. Ltd.,Arun Securities (PVT) Ltd.,60,359.0,21540.0,2025-07-14 11:10:58.046064
2025-07-14,69290,2025071401001578,SANIMA,Linch Stock Market Ltd.,Arun Securities (PVT) Ltd.,100,358.5,35850.0,2025-07-14 11:10:58.046211
2025-07-14,69289,2025071401001579,SANIMA,Thrive Brokerage House Pvt. Ltd,Arun Securities (PVT) Ltd.,100,358.4,35840.0,2025-07-14 11:10:58.046280
2025-07-14,69288,2025071401001580,SANIMA,Premier Securities Company Ltd.,Arun Securities (PVT) Ltd.,426,358.4,152678.4,2025-07-14 11:10:58.046342
2025-07-14,68938,2025071401001751,SANIMA,Bhrikuti Stock Broking Co. Pvt. Ltd.,Opal Securities Investment (PVT) Ltd.,50,359.0,17950.0,2025-07-14 11:12:06.866722
2025-07-14,68572,2025071401001915,SANIMA,Aryatara Investment & Securities,Imperial Securities Company Pvt. Ltd.,181,360.0,65160.0,2025-07-14 11:13:16.983718
2025-07-14,68571,2025071401001916,SANIMA,Aryatara Investment & Securities,Kohinoor Investment & Securities Pvt. Ltd.,200,360.0,72000.0,2025-07-14 11:13:16.983935
2025-07-14,68570,2025071401001917,SANIMA,Aryatara Investment & Securities,Midas Stock Broking Company Private Limited,100,360.0,36000.0,2025-07-14 11:13:16.984014
2025-07-14,68569,2025071401001918,SANIMA,Aryatara Investment & Securities,Linch Stock Market Ltd.,100,360.0,36000.0,2025-07-14 11:13:16.984087
2025-07-14,68216,2025071401002067,SANIMA,Aryatara Investment & Securities,Agrawal Securities (PVT) Ltd.,200,360.0,72000.0,2025-07-14 11:14:13.425523
2025-07-14,68192,2025071401002080,SANIMA,Aryatara Investment & Securities,Premier Securities Company Ltd.,100,360.9,36090.0,2025-07-14 11:14:18.039223
2025-07-14,68147,2025071401002103,SANIMA,Aryatara Investment & Securities,Pragyan Securities (PVT) Ltd.,11,360.0,3960.0,2025-07-14 11:14:24.501141
2025-07-14,68130,2025071401002114,SANIMA,Aryatara Investment & Securities,Premier Securities Company Ltd.,100,360.0,36000.0,2025-07-14 11:14:27.273347
2025-07-14,68120,2025071401002121,SANIMA,Online Securities Pvt. Ltd.,Imperial Securities Company Pvt. Ltd.,100,361.0,36100.0,2025-07-14 11:14:29.382524
2025-07-14,68119,2025071401002122,SANIMA,Online Securities Pvt. Ltd.,Sani Securities Company Ltd.,50,361.0,18050.0,2025-07-14 11:14:29.382697
2025-07-14,68022,2025071401002180,SANIMA,Aryatara Investment & Securities,Sani Securities Company Ltd.,200,361.0,72200.0,2025-07-14 11:14:52.305112
2025-07-14,68007,2025071401002190,SANIMA,Sharepro Securities Private Limited,Sani Securities Company Ltd.,250,361.0,90250.0,2025-07-14 11:14:54.850344
2025-07-14,68006,2025071401002191,SANIMA,Sharepro Securities Private Limited,Kohinoor Investment & Securities Pvt. Ltd.,200,361.0,72200.0,2025-07-14 11:14:54.850405
2025-07-14,68005,2025071401002192,SANIMA,Sharepro Securities Private Limited,Vision Securities Pvt. Ltd,200,362.0,72400.0,2025-07-14 11:14:54.850437
2025-07-14,68004,2025071401002193,SANIMA,Sharepro Securities Private Limited,Opal Securities Investment (PVT) Ltd.,250,362.0,90500.0,2025-07-14 11:14:54.850462
2025-07-14,68003,2025071401002194,SANIMA,Sharepro Securities Private Limited,Sani Securities Company Ltd.,30,362.0,10860.0,2025-07-14 11:14:54.850484
2025-07-14,68002,2025071401002195,SANIMA,Sharepro Securities Private Limited,Opal Securities Investment (PVT) Ltd.,270,363.0,98010.0,2025-07-14 11:14:54.850525
2025-07-14,67832,2025071401002285,SANIMA,Capital Max Securities Ltd,Sani Securities Company Ltd.,1000,362.9,362900.0,2025-07-14 11:15:25.897602
2025-07-14,67546,2025071401002385,SANIMA,Online Securities Pvt. Ltd.,Asian Securities Private Ltd.,318,362.9,115402.2,2025-07-14 11:16:25.202633
2025-07-14,67539,2025071401002390,SANIMA,Sharepro Securities Private Limited,Asian Securities Private Ltd.,682,362.9,247497.8,2025-07-14 11:16:26.407834
2025-07-14,67538,2025071401002391,SANIMA,Sharepro Securities Private Limited,Opal Securities Investment (PVT) Ltd.,30,363.0,10890.0,2025-07-14 11:16:26.407937
2025-07-14,67537,2025071401002392,SANIMA,Sharepro Securities Private Limited,Opal Securities Investment (PVT) Ltd.,100,363.0,36300.0,2025-07-14 11:16:26.408010
2025-07-14,67536,2025071401002393,SANIMA,Sharepro Securities Private Limited,Opal Securities Investment (PVT) Ltd.,188,363.5,68338.0,2025-07-14 11:16:26.408092
2025-07-14,67314,2025071401002484,SANIMA,Kohinoor Investment & Securities Pvt. Ltd.,Cristal Kanchanjanga Securites Pvt. Ltd.,1000,362.0,362000.0,2025-07-14 11:17:13.501052
2025-07-14,67233,2025071401002527,SANIMA,Kohinoor Investment & Securities Pvt. Ltd.,Nepal Stock House (PVT) Ltd.,20,361.1,7222.0,2025-07-14 11:17:28.798994
2025-07-14,67120,2025071401002571,SANIMA,Sharepro Securities Private Limited,Cristal Kanchanjanga Securites Pvt. Ltd.,320,362.0,115840.0,2025-07-14 11:17:59.801312
2025-07-14,67119,2025071401002572,SANIMA,Sharepro Securities Private Limited,Opal Securities Investment (PVT) Ltd.,62,363.5,22537.0,2025-07-14 11:17:59.801415
2025-07-14,67118,2025071401002573,SANIMA,Sharepro Securities Private Limited,Premier Securities Company Ltd.,100,363.9,36390.0,2025-07-14 11:17:59.801510
2025-07-14,67117,2025071401002574,SANIMA,Sharepro Securities Private Limited,Opal Securities Investment (PVT) Ltd.,400,364.0,145600.0,2025-07-14 11:17:59.801551
2025-07-14,67116,2025071401002575,SANIMA,Sharepro Securities Private Limited,Naasa Securities Co. Ltd.,210,364.0,76440.0,2025-07-14 11:17:59.801571
2025-07-14,67115,2025071401002576,SANIMA,Sharepro Securities Private Limited,Imperial Securities Company Pvt. Ltd.,1500,364.0,546000.0,2025-07-14 11:17:59.801593
2025-07-14,67114,2025071401002577,SANIMA,Sharepro Securities Private Limited,Capital Max Securities Ltd,50,364.9,18245.0,2025-07-14 11:17:59.801621
2025-07-14,67113,2025071401002578,SANIMA,Sharepro Securities Private Limited,Nepal Stock House (PVT) Ltd.,358,365.0,130670.0,2025-07-14 11:17:59.801646
2025-07-14,66928,2025071401002665,SANIMA,Capital Max Securities Ltd,Opal Securities Investment (PVT) Ltd.,90,364.9,32841.0,2025-07-14 11:18:41.646581
2025-07-14,66925,2025071401002667,SANIMA,Bhrikuti Stock Broking Co. Pvt. Ltd.,Opal Securities Investment (PVT) Ltd.,50,364.9,18245.0,2025-07-14 11:18:42.970353
2025-07-14,66688,2025071401002775,SANIMA,Nagarik Stock Dealer ,Sweta Securities Private Limited,30,362.2,10866.0,2025-07-14 11:19:34.842622
2025-07-14,66687,2025071401002776,SANIMA,Investment Management Nepal Pvt. Ltd.,R.B.B. Securities Company Ltd,300,364.0,109200.0,2025-07-14 11:19:34.984756
2025-07-14,66652,2025071401002796,SANIMA,Miyo Securities Pvt Ltd,Dynamic Money Managers Securities Pvt. Ltd.,500,364.7,182350.0,2025-07-14 11:19:41.987652
2025-07-14,66651,2025071401002797,SANIMA,Miyo Securities Pvt Ltd,Sweta Securities Private Limited,1000,364.8,364800.0,2025-07-14 11:19:41.987698
2025-07-14,66650,2025071401002798,SANIMA,Miyo Securities Pvt Ltd,South Asian Bulls Pvt. Ltd.,40,364.8,14592.0,2025-07-14 11:19:41.987726
2025-07-14,66649,2025071401002799,SANIMA,Miyo Securities Pvt Ltd,Opal Securities Investment (PVT) Ltd.,60,364.9,21894.0,2025-07-14 11:19:41.987749
2025-07-14,66648,2025071401002800,SANIMA,Miyo Securities Pvt Ltd,Linch Stock Market Ltd.,1000,364.9,364900.0,2025-07-14 11:19:41.987772
2025-07-14,66647,2025071401002801,SANIMA,Miyo Securities Pvt Ltd,Nepal Stock House (PVT) Ltd.,62,365.0,22630.0,2025-07-14 11:19:41.987796
2025-07-14,66646,2025071401002802,SANIMA,Miyo Securities Pvt Ltd,Trishakti Securities Public Limited,50,365.0,18250.0,2025-07-14 11:19:41.987825
2025-07-14,66645,2025071401002803,SANIMA,Miyo Securities Pvt Ltd,Secured Securities Ltd.,290,365.0,105850.0,2025-07-14 11:19:41.987850
2025-07-14,66592,2025071401002820,SANIMA,Kumari Securities Private Limited,Siprabi Securities Pvt. Ltd.,200,364.9,72980.0,2025-07-14 11:19:51.099484
2025-07-14,66530,2025071401002858,SANIMA,Siprabi Securities Pvt. Ltd.,Siprabi Securities Pvt. Ltd.,30,364.9,10947.0,2025-07-14 11:20:02.302160
2025-07-14,66440,2025071401002912,SANIMA,Dakshinkali Investment & Securities Pvt. Ltd.,Siprabi Securities Pvt. Ltd.,370,364.9,135013.0,2025-07-14 11:20:16.177679
2025-07-14,66431,2025071401002916,SANIMA,Trisul Securities & Invt. Ltd.,Dynamic Money Managers Securities Pvt. Ltd.,10,364.0,3640.0,2025-07-14 11:20:18.576884
2025-07-14,66354,2025071401002949,SANIMA,Dakshinkali Investment & Securities Pvt. Ltd.,Dynamic Money Managers Securities Pvt. Ltd.,300,364.0,109200.0,2025-07-14 11:20:33.274868
2025-07-14,66274,2025071401002977,SANIMA,Asian Securities Private Ltd.,Dynamic Money Managers Securities Pvt. Ltd.,100,364.0,36400.0,2025-07-14 11:20:49.938061
2025-07-14,66208,2025071401003002,SANIMA,Capital Max Securities Ltd,Dynamic Money Managers Securities Pvt. Ltd.,1590,364.0,578760.0,2025-07-14 11:21:03.231376
2025-07-14,66146,2025071401003026,SANIMA,Dakshinkali Investment & Securities Pvt. Ltd.,Dynamic Money Managers Securities Pvt. Ltd.,100,364.0,36400.0,2025-07-14 11:21:14.463161
2025-07-14,66145,2025071401003027,SANIMA,Imperial Securities Company Pvt. Ltd.,Shree Krishna Securities Ltd.,100,363.0,36300.0,2025-07-14 11:21:14.963088
2025-07-14,66144,2025071401003028,SANIMA,Capital Hub P. Ltd,Shree Krishna Securities Ltd.,900,363.0,326700.0,2025-07-14 11:21:14.963293
2025-07-14,66107,2025071401003051,SANIMA,Capital Hub P. Ltd,Shree Krishna Securities Ltd.,100,363.0,36300.0,2025-07-14 11:21:21.012065
2025-07-14,66106,2025071401003052,SANIMA,Nagarik Stock Dealer ,Shree Krishna Securities Ltd.,470,362.2,170234.0,2025-07-14 11:21:21.012450
2025-07-14,66105,2025071401003053,SANIMA,Sewa Securities Pvt. Ltd.,Shree Krishna Securities Ltd.,10,362.0,3620.0,2025-07-14 11:21:21.012683
2025-07-14,66104,2025071401003054,SANIMA,K.B.L. Securities Limited ,Shree Krishna Securities Ltd.,420,362.0,152040.0,2025-07-14 11:21:21.012900
2025-07-14,65749,2025071401003216,SANIMA,Premier Securities Company Ltd.,Vision Securities Pvt. Ltd,1000,362.1,362100.0,2025-07-14 11:22:38.736723
2025-07-14,65690,2025071401003247,SANIMA,K.B.L. Securities Limited ,R.B.B. Securities Company Ltd,80,362.0,28960.0,2025-07-14 11:22:50.162115
2025-07-14,65689,2025071401003248,SANIMA,J.F. Securites (PVT) Ltd.,R.B.B. Securities Company Ltd,10,362.0,3620.0,2025-07-14 11:22:50.162157
2025-07-14,65688,2025071401003249,SANIMA,Nepal Stock House (PVT) Ltd.,R.B.B. Securities Company Ltd,1200,361.5,433800.0,2025-07-14 11:22:50.162182
2025-07-14,65540,2025071401003302,SANIMA,SUN SECURITIES PVT LTD,Online Securities Pvt. Ltd.,400,363.0,145200.0,2025-07-14 11:23:10.828749
2025-07-14,65407,2025071401003347,SANIMA,Kohinoor Investment & Securities Pvt. Ltd.,Naasa Securities Co. Ltd.,980,362.0,354760.0,2025-07-14 11:23:30.125213
2025-07-14,65186,2025071401003462,SANIMA,Naasa Securities Co. Ltd.,Naasa Securities Co. Ltd.,30,362.0,10860.0,2025-07-14 11:24:17.082939
2025-07-14,65142,2025071401003478,SANIMA,Linch Stock Market Ltd.,Creative Securities Pvt Ltd,100,362.9,36290.0,2025-07-14 11:24:28.175031
2025-07-14,65032,2025071401003524,SANIMA,Sri Hari Securities Pvt. Ltd.,Creative Securities Pvt Ltd,500,362.9,181450.0,2025-07-14 11:24:46.829960
2025-07-14,64961,2025071401003555,SANIMA,Naasa Securities Co. Ltd.,Creative Securities Pvt Ltd,100,362.9,36290.0,2025-07-14 11:24:56.496155
2025-07-14,64780,2025071401003652,SANIMA,Capital Max Securities Ltd,Dipshikha Dhitopatra Karobar Co. Pvt Ltd.,100,362.5,36250.0,2025-07-14 11:25:26.298419
2025-07-14,64708,2025071401003678,SANIMA,Dakshinkali Investment & Securities Pvt. Ltd.,Naasa Securities Co. Ltd.,12,362.8,4353.6,2025-07-14 11:25:38.613817
2025-07-14,64695,2025071401003688,SANIMA,Secured Securities Ltd.,Naasa Securities Co. Ltd.,1000,362.8,362800.0,2025-07-14 11:25:41.257593
2025-07-14,64610,2025071401003722,SANIMA,Vision Securities Pvt. Ltd,Creative Securities Pvt Ltd,100,362.9,36290.0,2025-07-14 11:25:54.116967
2025-07-14,64495,2025071401003768,SANIMA,Vision Securities Pvt. Ltd,Dakshinkali Investment & Securities Pvt. Ltd.,100,362.8,36280.0,2025-07-14 11:26:14.243736
2025-07-14,64446,2025071401003789,SANIMA,Himalayan Brokerage Company Limited,Sweta Securities Private Limited,200,362.3,72460.0,2025-07-14 11:26:25.021310
2025-07-14,64445,2025071401003790,SANIMA,Miyo Securities Pvt Ltd,Sweta Securities Private Limited,250,362.0,90500.0,2025-07-14 11:26:25.021734
2025-07-14,64444,2025071401003791,SANIMA,Sewa Securities Pvt. Ltd.,Sweta Securities Private Limited,500,361.7,180850.0,2025-07-14 11:26:25.021999
2025-07-14,64443,2025071401003792,SANIMA,Kohinoor Investment & Securities Pvt. Ltd.,Sweta Securities Private Limited,485,361.6,175376.0,2025-07-14 11:26:25.022301
2025-07-14,64442,2025071401003793,SANIMA,Nepal Stock House (PVT) Ltd.,Sweta Securities Private Limited,800,361.5,289200.0,2025-07-14 11:26:25.022560
2025-07-14,64441,2025071401003794,SANIMA,Nepal Stock House (PVT) Ltd.,Sweta Securities Private Limited,265,361.5,95797.5,2025-07-14 11:26:25.022822
2025-07-14,64316,2025071401003871,SANIMA,Vision Securities Pvt. Ltd,Online Securities Pvt. Ltd.,100,362.6,36260.0,2025-07-14 11:26:43.004278
2025-07-14,64226,2025071401003918,SANIMA,Naasa Securities Co. Ltd.,Cristal Kanchanjanga Securites Pvt. Ltd.,80,362.0,28960.0,2025-07-14 11:27:08.837599
2025-07-14,64213,2025071401003924,SANIMA,Nepal Stock House (PVT) Ltd.,Kohinoor Investment & Securities Pvt. Ltd.,1000,361.5,361500.0,2025-07-14 11:27:10.711021
2025-07-14,64209,2025071401003926,SANIMA,Nepal Stock House (PVT) Ltd.,Online Securities Pvt. Ltd.,735,361.5,265702.5,2025-07-14 11:27:11.463060
2025-07-14,64208,2025071401003927,SANIMA,Siprabi Securities Pvt. Ltd.,Online Securities Pvt. Ltd.,500,361.3,180650.0,2025-07-14 11:27:11.463481
2025-07-14,64207,2025071401003928,SANIMA,K.B.L. Securities Limited ,Online Securities Pvt. Ltd.,965,361.2,348558.0,2025-07-14 11:27:11.463784
2025-07-14,64066,2025071401003985,SANIMA,K.B.L. Securities Limited ,Online Securities Pvt. Ltd.,35,361.2,12642.0,2025-07-14 11:27:43.776889
2025-07-14,64065,2025071401003986,SANIMA,Capital Max Securities Ltd,Online Securities Pvt. Ltd.,2000,361.1,722200.0,2025-07-14 11:27:43.777358
2025-07-14,64064,2025071401003987,SANIMA,Dakshinkali Investment & Securities Pvt. Ltd.,Online Securities Pvt. Ltd.,2965,361.1,1070661.5,2025-07-14 11:27:43.777642
2025-07-14,64010,2025071401004021,SANIMA,Dakshinkali Investment & Securities Pvt. Ltd.,NIMB Stock Markets Limited,22035,361.1,7956838.5,2025-07-14 11:27:53.841444
2025-07-14,64009,2025071401004022,SANIMA,Trishakti Securities Public Limited,NIMB Stock Markets Limited,2000,361.1,722200.0,2025-07-14 11:27:53.841705
2025-07-14,63986,2025071401004029,SANIMA,Naasa Securities Co. Ltd.,NIMB Stock Markets Limited,100,361.0,36100.0,2025-07-14 11:27:58.806602
2025-07-14,63897,2025071401004080,SANIMA,Sharepro Securities Private Limited,Online Securities Pvt. Ltd.,5000,360.2,1801000.0,2025-07-14 11:28:13.516065
2025-07-14,63896,2025071401004081,SANIMA,Bhrikuti Stock Broking Co. Pvt. Ltd.,Online Securities Pvt. Ltd.,100,360.1,36010.0,2025-07-14 11:28:13.516306
2025-07-14,63895,2025071401004082,SANIMA,Aryatara Investment & Securities,Online Securities Pvt. Ltd.,108,360.0,38880.0,2025-07-14 11:28:13.516403
2025-07-14,63894,2025071401004083,SANIMA,Kalika Securities Pvt. Ltd.,Online Securities Pvt. Ltd.,500,360.0,180000.0,2025-07-14 11:28:13.516497
2025-07-14,63893,2025071401004084,SANIMA,Naasa Securities Co. Ltd.,Online Securities Pvt. Ltd.,88,360.0,31680.0,2025-07-14 11:28:13.516582
2025-07-14,63892,2025071401004085,SANIMA,Naasa Securities Co. Ltd.,Online Securities Pvt. Ltd.,100,360.0,36000.0,2025-07-14 11:28:13.516672
2025-07-14,63891,2025071401004086,SANIMA,Aryatara Investment & Securities,Online Securities Pvt. Ltd.,1000,360.0,360000.0,2025-07-14 11:28:13.516762
2025-07-14,63890,2025071401004087,SANIMA,Sharepro Securities Private Limited,Online Securities Pvt. Ltd.,50,360.0,18000.0,2025-07-14 11:28:13.516848
2025-07-14,63889,2025071401004088,SANIMA,Online Securities Pvt. Ltd.,Online Securities Pvt. Ltd.,583,360.0,209880.0,2025-07-14 11:28:13.516934
2025-07-14,63888,2025071401004089,SANIMA,Midas Stock Broking Company Private Limited,Online Securities Pvt. Ltd.,100,360.0,36000.0,2025-07-14 11:28:13.517021
2025-07-14,63887,2025071401004090,SANIMA,Opal Securities Investment (PVT) Ltd.,Online Securities Pvt. Ltd.,100,360.0,36000.0,2025-07-14 11:28:13.517108
2025-07-14,63886,2025071401004091,SANIMA,Dynamic Money Managers Securities Pvt. Ltd.,Online Securities Pvt. Ltd.,100,360.0,36000.0,2025-07-14 11:28:13.517234
2025-07-14,63885,2025071401004092,SANIMA,Imperial Securities Company Pvt. Ltd.,Online Securities Pvt. Ltd.,216,360.0,77760.0,2025-07-14 11:28:13.517320
2025-07-14,63734,2025071401004157,SANIMA,Imperial Securities Company Pvt. Ltd.,Midas Stock Broking Company Private Limited,84,360.0,30240.0,2025-07-14 11:28:41.919162
2025-07-14,63733,2025071401004158,SANIMA,South Asian Bulls Pvt. Ltd.,Midas Stock Broking Company Private Limited,500,360.0,180000.0,2025-07-14 11:28:41.919366
2025-07-14,63729,2025071401004160,SANIMA,Linch Stock Market Ltd.,Midas Stock Broking Company Private Limited,50,360.0,18000.0,2025-07-14 11:28:42.912380
2025-07-14,63705,2025071401004180,SANIMA,Sewa Securities Pvt. Ltd.,Elite Stock House Limited,20,359.3,7186.0,2025-07-14 11:28:44.396704
2025-07-14,63704,2025071401004181,SANIMA,Opal Securities Investment (PVT) Ltd.,Elite Stock House Limited,99,359.2,35560.8,2025-07-14 11:28:44.396742
2025-07-14,63703,2025071401004182,SANIMA,Nepal Investment And Securities Trading Private Limited,Elite Stock House Limited,100,359.0,35900.0,2025-07-14 11:28:44.396765
2025-07-14,63702,2025071401004183,SANIMA,Thrive Brokerage House Pvt. Ltd,Elite Stock House Limited,1000,359.0,359000.0,2025-07-14 11:28:44.396787
2025-07-14,63701,2025071401004184,SANIMA,Himalayan Securities Limited,Elite Stock House Limited,2000,358.7,717400.0,2025-07-14 11:28:44.396810
2025-07-14,63700,2025071401004185,SANIMA,Shree Krishna Securities Ltd.,Elite Stock House Limited,1000,358.6,358600.0,2025-07-14 11:28:44.396832
2025-07-14,63699,2025071401004186,SANIMA,Online Securities Pvt. Ltd.,Elite Stock House Limited,500,358.5,179250.0,2025-07-14 11:28:44.396859
2025-07-14,63698,2025071401004187,SANIMA,Premier Securities Company Ltd.,Elite Stock House Limited,281,358.4,100710.4,2025-07-14 11:28:44.396897
2025-07-14,63691,2025071401004192,SANIMA,Dynamic Money Managers Securities Pvt. Ltd.,Midas Stock Broking Company Private Limited,366,360.0,131760.0,2025-07-14 11:28:45.952798
2025-07-14,63685,2025071401004196,SANIMA,Dynamic Money Managers Securities Pvt. Ltd.,Deevyaa Securities & Stock House Pvt. Ltd,1000,360.0,360000.0,2025-07-14 11:28:47.862867
2025-07-14,63644,2025071401004207,SANIMA,Dynamic Money Managers Securities Pvt. Ltd.,Dipshikha Dhitopatra Karobar Co. Pvt Ltd.,50,360.0,18000.0,2025-07-14 11:28:57.952358
2025-07-14,63442,2025071401004331,SANIMA,Nagarik Stock Dealer ,NIMB Stock Markets Limited,500,361.0,180500.0,2025-07-14 11:29:17.411574
2025-07-14,63404,2025071401004347,SANIMA,Sharepro Securities Private Limited,NIMB Stock Markets Limited,365,361.0,131765.0,2025-07-14 11:29:23.572494
2025-07-14,63403,2025071401004348,SANIMA,Sharepro Securities Private Limited,Sweta Securities Private Limited,400,361.0,144400.0,2025-07-14 11:29:23.572536
2025-07-14,63402,2025071401004349,SANIMA,Sharepro Securities Private Limited,Premier Securities Company Ltd.,1500,361.5,542250.0,2025-07-14 11:29:23.572570
2025-07-14,63401,2025071401004350,SANIMA,Sharepro Securities Private Limited,Cristal Kanchanjanga Securites Pvt. Ltd.,920,362.0,333040.0,2025-07-14 11:29:23.572596
2025-07-14,63400,2025071401004351,SANIMA,Sharepro Securities Private Limited,Midas Stock Broking Company Private Limited,100,362.0,36200.0,2025-07-14 11:29:23.572621
2025-07-14,63399,2025071401004352,SANIMA,Sharepro Securities Private Limited,Opal Securities Investment (PVT) Ltd.,100,362.0,36200.0,2025-07-14 11:29:23.572645
2025-07-14,63398,2025071401004353,SANIMA,Sharepro Securities Private Limited,Cristal Kanchanjanga Securites Pvt. Ltd.,200,362.3,72460.0,2025-07-14 11:29:23.572667
2025-07-14,63397,2025071401004354,SANIMA,Sharepro Securities Private Limited,Oxford Securities Pvt. Ltd.,150,362.5,54375.0,2025-07-14 11:29:23.572692
2025-07-14,63396,2025071401004355,SANIMA,Sharepro Securities Private Limited,Deevyaa Securities & Stock House Pvt. Ltd,265,362.7,96115.5,2025-07-14 11:29:23.572751
2025-07-14,63352,2025071401004373,SANIMA,Dynamic Money Managers Securities Pvt. Ltd.,NIMB Stock Markets Limited,6500,360.0,2340000.0,2025-07-14 11:29:34.342114
2025-07-14,63273,2025071401004406,SANIMA,Agrawal Securities (PVT) Ltd.,Deevyaa Securities & Stock House Pvt. Ltd,1000,361.0,361000.0,2025-07-14 11:29:46.331258
2025-07-14,63097,2025071401004473,SANIMA,Naasa Securities Co. Ltd.,Shree Krishna Securities Ltd.,50,362.0,18100.0,2025-07-14 11:30:21.632883
2025-07-14,63096,2025071401004474,SANIMA,South Asian Bulls Pvt. Ltd.,Shree Krishna Securities Ltd.,500,361.0,180500.0,2025-07-14 11:30:21.633132
2025-07-14,63027,2025071401004491,SANIMA,Nepal Stock House (PVT) Ltd.,Shree Krishna Securities Ltd.,1000,360.1,360100.0,2025-07-14 11:30:33.761085
2025-07-14,62995,2025071401004502,SANIMA,Nepal Stock House (PVT) Ltd.,Shree Krishna Securities Ltd.,500,360.1,180050.0,2025-07-14 11:30:38.813382
2025-07-14,62959,2025071401004528,SANIMA,Nepal Stock House (PVT) Ltd.,Shree Krishna Securities Ltd.,100,360.1,36010.0,2025-07-14 11:30:44.831323
2025-07-14,62952,2025071401004534,SANIMA,Nepal Stock House (PVT) Ltd.,Dipshikha Dhitopatra Karobar Co. Pvt Ltd.,400,360.1,144040.0,2025-07-14 11:30:45.985903
2025-07-14,62951,2025071401004535,SANIMA,Dynamic Money Managers Securities Pvt. Ltd.,Dipshikha Dhitopatra Karobar Co. Pvt Ltd.,100,360.0,36000.0,2025-07-14 11:30:45.985945
2025-07-14,62899,2025071401004537,SANIMA,Dynamic Money Managers Securities Pvt. Ltd.,Shree Krishna Securities Ltd.,450,360.0,162000.0,2025-07-14 11:30:49.857496
2025-07-14,62793,2025071401004580,SANIMA,Dynamic Money Managers Securities Pvt. Ltd.,Indira securities pvt. ltd,1000,360.2,360200.0,2025-07-14 11:31:10.359264
2025-07-14,62748,2025071401004601,SANIMA,Dynamic Money Managers Securities Pvt. Ltd.,NIMB Stock Markets Limited,130,360.0,46800.0,2025-07-14 11:31:20.488550
2025-07-14,62551,2025071401004665,SANIMA,Nepal Stock House (PVT) Ltd.,Trishakti Securities Public Limited,1500,360.1,540150.0,2025-07-14 11:31:53.430117
2025-07-14,62514,2025071401004685,SANIMA,Nepal Stock House (PVT) Ltd.,Dynamic Money Managers Securities Pvt. Ltd.,116,360.1,41771.6,2025-07-14 11:31:58.464239
2025-07-14,62437,2025071401004721,SANIMA,Nepal Stock House (PVT) Ltd.,Deevyaa Securities & Stock House Pvt. Ltd,1735,360.1,624773.5,2025-07-14 11:32:12.341767
2025-07-14,62271,2025071401004813,SANIMA,Nepal Stock House (PVT) Ltd.,Himalayan Brokerage Company Limited,100,360.1,36010.0,2025-07-14 11:32:31.994433
2025-07-14,62151,2025071401004861,SANIMA,Deevyaa Securities & Stock House Pvt. Ltd,Dipshikha Dhitopatra Karobar Co. Pvt Ltd.,300,360.2,108060.0,2025-07-14 11:32:57.144222
2025-07-14,62150,2025071401004862,SANIMA,Nepal Stock House (PVT) Ltd.,Dipshikha Dhitopatra Karobar Co. Pvt Ltd.,549,360.1,197694.9,2025-07-14 11:32:57.144386
2025-07-14,62149,2025071401004863,SANIMA,Dynamic Money Managers Securities Pvt. Ltd.,Dipshikha Dhitopatra Karobar Co. Pvt Ltd.,4251,360.0,1530360.0,2025-07-14 11:32:57.144468
2025-07-14,61903,2025071401004945,SANIMA,Dynamic Money Managers Securities Pvt. Ltd.,Machhapuchchhre Securities Limited,584,360.0,210240.0,2025-07-14 11:33:39.257999
2025-07-14,61861,2025071401004960,SANIMA,Vision Securities Pvt. Ltd,ABC Securities Private Limited,280,361.0,101080.0,2025-07-14 11:33:48.147749
2025-07-14,61860,2025071401004961,SANIMA,Vision Securities Pvt. Ltd,Dipshikha Dhitopatra Karobar Co. Pvt Ltd.,50,361.5,18075.0,2025-07-14 11:33:48.147979
2025-07-14,61859,2025071401004962,SANIMA,Vision Securities Pvt. Ltd,Elite Stock House Limited,670,361.6,242272.0,2025-07-14 11:33:48.148082
2025-07-14,61397,2025071401005145,SANIMA,Kalika Securities Pvt. Ltd.,Online Securities Pvt. Ltd.,200,360.1,72020.0,2025-07-14 11:35:07.456731
2025-07-14,61396,2025071401005146,SANIMA,Neev Securities Pvt. Ltd.,Online Securities Pvt. Ltd.,200,360.1,72020.0,2025-07-14 11:35:07.457011
2025-07-14,61395,2025071401005147,SANIMA,Deevyaa Securities & Stock House Pvt. Ltd,Online Securities Pvt. Ltd.,40,360.1,14404.0,2025-07-14 11:35:07.457121
2025-07-14,61394,2025071401005148,SANIMA,Dynamic Money Managers Securities Pvt. Ltd.,Online Securities Pvt. Ltd.,560,360.0,201600.0,2025-07-14 11:35:07.457213
2025-07-14,61229,2025071401005206,SANIMA,Kumari Securities Private Limited,Elite Stock House Limited,100,361.6,36160.0,2025-07-14 11:35:36.713126
2025-07-14,61216,2025071401005208,SANIMA,Miyo Securities Pvt Ltd,Property Wiard Limited,1060,360.1,381706.0,2025-07-14 11:35:37.944219
2025-07-14,61164,2025071401005231,SANIMA,Miyo Securities Pvt Ltd,Secured Securities Ltd.,986,360.1,355058.6,2025-07-14 11:35:44.710726
2025-07-14,61056,2025071401005268,SANIMA,Sewa Securities Pvt. Ltd.,Kohinoor Investment & Securities Pvt. Ltd.,100,360.2,36020.0,2025-07-14 11:36:09.466642
2025-07-14,61044,2025071401005272,SANIMA,Dynamic Money Managers Securities Pvt. Ltd.,Aryatara Investment & Securities,145,361.5,52417.5,2025-07-14 11:36:13.030353
2025-07-14,61043,2025071401005273,SANIMA,Dynamic Money Managers Securities Pvt. Ltd.,Elite Stock House Limited,230,361.6,83168.0,2025-07-14 11:36:13.030591
2025-07-14,61042,2025071401005274,SANIMA,Dynamic Money Managers Securities Pvt. Ltd.,Elite Stock House Limited,625,361.7,226062.5,2025-07-14 11:36:13.030690
2025-07-14,60979,2025071401005297,SANIMA,Dynamic Money Managers Securities Pvt. Ltd.,Elite Stock House Limited,15,361.7,5425.5,2025-07-14 11:36:28.336485
2025-07-14,60978,2025071401005298,SANIMA,Dynamic Money Managers Securities Pvt. Ltd.,Shree Krishna Securities Ltd.,250,361.8,90450.0,2025-07-14 11:36:28.336738
2025-07-14,60977,2025071401005299,SANIMA,Dynamic Money Managers Securities Pvt. Ltd.,Primo Securities (PVT) Ltd.,100,361.8,36180.0,2025-07-14 11:36:28.336837
2025-07-14,60976,2025071401005300,SANIMA,Dynamic Money Managers Securities Pvt. Ltd.,Capital Max Securities Ltd,100,361.9,36190.0,2025-07-14 11:36:28.336934
2025-07-14,60975,2025071401005301,SANIMA,Dynamic Money Managers Securities Pvt. Ltd.,Sani Securities Company Ltd.,200,362.0,72400.0,2025-07-14 11:36:28.337047
2025-07-14,60974,2025071401005302,SANIMA,Dynamic Money Managers Securities Pvt. Ltd.,Capital Max Securities Ltd,150,362.0,54300.0,2025-07-14 11:36:28.337146
2025-07-14,60973,2025071401005303,SANIMA,Dynamic Money Managers Securities Pvt. Ltd.,Sani Securities Company Ltd.,185,362.0,66970.0,2025-07-14 11:36:28.337239
2025-07-14,60848,2025071401005355,SANIMA,Sewa Securities Pvt. Ltd.,Naasa Securities Co. Ltd.,400,360.2,144080.0,2025-07-14 11:36:47.082224
2025-07-14,60847,2025071401005356,SANIMA,Miyo Securities Pvt Ltd,Naasa Securities Co. Ltd.,600,360.1,216060.0,2025-07-14 11:36:47.082511
2025-07-14,60741,2025071401005403,SANIMA,Agrawal Securities (PVT) Ltd.,Sani Securities Company Ltd.,15,361.0,5415.0,2025-07-14 11:37:09.461399
2025-07-14,60421,2025071401005507,SANIMA,Agrawal Securities (PVT) Ltd.,Dynamic Money Managers Securities Pvt. Ltd.,485,360.5,174842.5,2025-07-14 11:38:00.441857
2025-07-14,60420,2025071401005508,SANIMA,Neev Securities Pvt. Ltd.,Dynamic Money Managers Securities Pvt. Ltd.,200,360.3,72060.0,2025-07-14 11:38:00.442145
2025-07-14,60419,2025071401005509,SANIMA,ABC Securities Private Limited,Dynamic Money Managers Securities Pvt. Ltd.,5000,360.2,1801000.0,2025-07-14 11:38:00.442304
2025-07-14,60418,2025071401005510,SANIMA,Agrawal Securities (PVT) Ltd.,Dynamic Money Managers Securities Pvt. Ltd.,2000,360.2,720400.0,2025-07-14 11:38:00.442452
2025-07-14,60417,2025071401005511,SANIMA,Miyo Securities Pvt Ltd,Dynamic Money Managers Securities Pvt. Ltd.,9315,360.1,3354331.5,2025-07-14 11:38:00.442592
2025-07-14,60306,2025071401005551,SANIMA,Imperial Securities Company Pvt. Ltd.,Deevyaa Securities & Stock House Pvt. Ltd,100,360.2,36020.0,2025-07-14 11:38:18.609173
2025-07-14,60305,2025071401005552,SANIMA,Miyo Securities Pvt Ltd,Deevyaa Securities & Stock House Pvt. Ltd,400,360.1,144040.0,2025-07-14 11:38:18.609425
2025-07-14,60278,2025071401005559,SANIMA,Miyo Securities Pvt Ltd,ABC Securities Private Limited,285,360.1,102628.5,2025-07-14 11:38:21.177095
2025-07-14,60277,2025071401005560,SANIMA,Dynamic Money Managers Securities Pvt. Ltd.,ABC Securities Private Limited,715,360.0,257400.0,2025-07-14 11:38:21.177137
2025-07-14,60138,2025071401005594,SANIMA,Dynamic Money Managers Securities Pvt. Ltd.,Kohinoor Investment & Securities Pvt. Ltd.,200,360.0,72000.0,2025-07-14 11:38:47.655149
2025-07-14,60127,2025071401005596,SANIMA,Dynamic Money Managers Securities Pvt. Ltd.,Miyo Securities Pvt Ltd,10000,360.0,3600000.0,2025-07-14 11:38:50.372443
2025-07-14,59952,2025071401005665,SANIMA,Agrawal Securities (PVT) Ltd.,Imperial Securities Company Pvt. Ltd.,100,360.5,36050.0,2025-07-14 11:39:22.134780
2025-07-14,59882,2025071401005692,SANIMA,Nepal Stock House (PVT) Ltd.,Linch Stock Market Ltd.,150,361.0,54150.0,2025-07-14 11:39:40.338744
2025-07-14,59811,2025071401005711,SANIMA,Nepal Stock House (PVT) Ltd.,J.F. Securites (PVT) Ltd.,200,361.0,72200.0,2025-07-14 11:39:52.184793
2025-07-14,59628,2025071401005785,SANIMA,Nepal Stock House (PVT) Ltd.,Imperial Securities Company Pvt. Ltd.,650,361.0,234650.0,2025-07-14 11:40:29.611292
2025-07-14,59627,2025071401005786,SANIMA,Naasa Securities Co. Ltd.,Imperial Securities Company Pvt. Ltd.,100,361.0,36100.0,2025-07-14 11:40:29.611542
2025-07-14,59626,2025071401005787,SANIMA,Nabil Stock Dealer Ltd.,Imperial Securities Company Pvt. Ltd.,100,360.5,36050.0,2025-07-14 11:40:29.611649
2025-07-14,59625,2025071401005788,SANIMA,Aryatara Investment & Securities,Imperial Securities Company Pvt. Ltd.,100,360.1,36010.0,2025-07-14 11:40:29.611751
2025-07-14,59624,2025071401005789,SANIMA,Dynamic Money Managers Securities Pvt. Ltd.,Imperial Securities Company Pvt. Ltd.,50,360.0,18000.0,2025-07-14 11:40:29.611850
2025-07-14,59588,2025071401005801,SANIMA,Dynamic Money Managers Securities Pvt. Ltd.,Premier Securities Company Ltd.,44,360.0,15840.0,2025-07-14 11:40:37.413501
2025-07-14,59587,2025071401005802,SANIMA,J.F. Securites (PVT) Ltd.,Premier Securities Company Ltd.,40,360.0,14400.0,2025-07-14 11:40:37.413744
2025-07-14,59586,2025071401005803,SANIMA,Kumari Securities Private Limited,Premier Securities Company Ltd.,50,360.0,18000.0,2025-07-14 11:40:37.413845
2025-07-14,59585,2025071401005804,SANIMA,ABC Securities Private Limited,Premier Securities Company Ltd.,100,360.0,36000.0,2025-07-14 11:40:37.413944
2025-07-14,59584,2025071401005805,SANIMA,Sani Securities Company Ltd.,Premier Securities Company Ltd.,360,360.0,129600.0,2025-07-14 11:40:37.414050
2025-07-14,59535,2025071401005824,SANIMA,Naasa Securities Co. Ltd.,Elite Stock House Limited,136,359.6,48905.6,2025-07-14 11:40:48.024364
2025-07-14,59534,2025071401005825,SANIMA,Sani Securities Company Ltd.,Elite Stock House Limited,300,359.0,107700.0,2025-07-14 11:40:48.024474
2025-07-14,59533,2025071401005826,SANIMA,Malla & Malla Stock Broking Company Pvt. Limited,Elite Stock House Limited,100,359.0,35900.0,2025-07-14 11:40:48.024543
2025-07-14,59532,2025071401005827,SANIMA,Linch Stock Market Ltd.,Elite Stock House Limited,200,359.0,71800.0,2025-07-14 11:40:48.024618
2025-07-14,59531,2025071401005828,SANIMA,Himalayan Securities Limited,Elite Stock House Limited,1614,358.5,578619.0,2025-07-14 11:40:48.024696
2025-07-14,59368,2025071401005910,SANIMA,Himalayan Securities Limited,MILKY WAY SHARE BROKER COMPANY LTD ,300,358.5,107550.0,2025-07-14 11:41:21.130679
2025-07-14,59284,2025071401005927,SANIMA,Naasa Securities Co. Ltd.,Linch Stock Market Ltd.,20,359.0,7180.0,2025-07-14 11:41:30.354198
2025-07-14,59242,2025071401005940,SANIMA,Himalayan Securities Limited,Sundhara Securities Limited,86,358.5,30831.0,2025-07-14 11:41:40.144515
2025-07-14,59241,2025071401005941,SANIMA,Online Securities Pvt. Ltd.,Sundhara Securities Limited,100,358.4,35840.0,2025-07-14 11:41:40.144804
2025-07-14,59240,2025071401005942,SANIMA,Neev Securities Pvt. Ltd.,Sundhara Securities Limited,14,358.4,5017.6,2025-07-14 11:41:40.144914
2025-07-14,59205,2025071401005960,SANIMA,Neev Securities Pvt. Ltd.,Hatemalo Financial Services Private Limited,186,358.4,66662.4,2025-07-14 11:41:46.277652
2025-07-14,59204,2025071401005961,SANIMA,Dynamic Money Managers Securities Pvt. Ltd.,Hatemalo Financial Services Private Limited,274,358.3,98174.2,2025-07-14 11:41:46.277704
2025-07-14,59096,2025071401006010,SANIMA,Dakshinkali Investment & Securities Pvt. Ltd.,Premier Securities Company Ltd.,1800,358.4,645120.0,2025-07-14 11:42:05.973247
2025-07-14,58953,2025071401006074,SANIMA,Sani Securities Company Ltd.,Linch Stock Market Ltd.,10,359.0,3590.0,2025-07-14 11:42:30.469824
2025-07-14,58826,2025071401006142,SANIMA,S.P.S.A. Securities Limited,Vision Securities Pvt. Ltd,10,359.0,3590.0,2025-07-14 11:42:43.631302
2025-07-14,58825,2025071401006143,SANIMA,S.P.S.A. Securities Limited,Vision Securities Pvt. Ltd,100,358.5,35850.0,2025-07-14 11:42:43.631540
2025-07-14,58824,2025071401006144,SANIMA,Dakshinkali Investment & Securities Pvt. Ltd.,Vision Securities Pvt. Ltd,890,358.4,318976.0,2025-07-14 11:42:43.631659
2025-07-14,58690,2025071401006195,SANIMA,Nagarik Stock Dealer ,Premier Securities Company Ltd.,40,360.0,14400.0,2025-07-14 11:43:12.206746
2025-07-14,58657,2025071401006200,SANIMA,S.P.S.A. Securities Limited,Premier Securities Company Ltd.,100,360.0,36000.0,2025-07-14 11:43:17.698955
2025-07-14,58362,2025071401006359,SANIMA,Agrawal Securities (PVT) Ltd.,Premier Securities Company Ltd.,266,360.0,95760.0,2025-07-14 11:44:09.347463
2025-07-14,58361,2025071401006360,SANIMA,Agrawal Securities (PVT) Ltd.,Premier Securities Company Ltd.,234,360.0,84240.0,2025-07-14 11:44:09.347738
2025-07-14,58100,2025071401006434,SANIMA,Agrawal Securities (PVT) Ltd.,Premier Securities Company Ltd.,400,360.0,144000.0,2025-07-14 11:44:47.638758
2025-07-14,58006,2025071401006490,SANIMA,Agrawal Securities (PVT) Ltd.,Capital Hub P. Ltd,200,360.0,72000.0,2025-07-14 11:45:09.557279
2025-07-14,58005,2025071401006491,SANIMA,Sani Securities Company Ltd.,Capital Hub P. Ltd,50,359.0,17950.0,2025-07-14 11:45:09.557339
2025-07-14,58004,2025071401006492,SANIMA,Neev Securities Pvt. Ltd.,Capital Hub P. Ltd,200,358.6,71720.0,2025-07-14 11:45:09.557379
2025-07-14,58003,2025071401006493,SANIMA,Agrawal Securities (PVT) Ltd.,Capital Hub P. Ltd,1000,358.5,358500.0,2025-07-14 11:45:09.557432
2025-07-14,58002,2025071401006494,SANIMA,Trishakti Securities Public Limited,Capital Hub P. Ltd,1000,358.5,358500.0,2025-07-14 11:45:09.557466
2025-07-14,58001,2025071401006495,SANIMA,Dakshinkali Investment & Securities Pvt. Ltd.,Capital Hub P. Ltd,550,358.4,197120.0,2025-07-14 11:45:09.557500
2025-07-14,57641,2025071401006647,SANIMA,S.P.S.A. Securities Limited,Imperial Securities Company Pvt. Ltd.,50,359.3,17965.0,2025-07-14 11:46:16.669827
2025-07-14,57471,2025071401006705,SANIMA,S.P.S.A. Securities Limited,South Asian Bulls Pvt. Ltd.,40,359.3,14372.0,2025-07-14 11:46:43.271783
2025-07-14,57281,2025071401006780,SANIMA,S.P.S.A. Securities Limited,Sani Securities Company Ltd.,20,359.3,7186.0,2025-07-14 11:47:19.436082
2025-07-14,57280,2025071401006781,SANIMA,Naasa Securities Co. Ltd.,Sani Securities Company Ltd.,10,359.3,3593.0,2025-07-14 11:47:19.436611
2025-07-14,57279,2025071401006782,SANIMA,Cristal Kanchanjanga Securites Pvt. Ltd.,Sani Securities Company Ltd.,470,359.0,168730.0,2025-07-14 11:47:19.436942
2025-07-14,57274,2025071401006784,SANIMA,Cristal Kanchanjanga Securites Pvt. Ltd.,J.F. Securites (PVT) Ltd.,530,359.0,190270.0,2025-07-14 11:47:21.734815
2025-07-14,57273,2025071401006785,SANIMA,Imperial Securities Company Pvt. Ltd.,J.F. Securites (PVT) Ltd.,110,359.0,39490.0,2025-07-14 11:47:21.734864
2025-07-14,56900,2025071401006956,SANIMA,Imperial Securities Company Pvt. Ltd.,Sweta Securities Private Limited,150,359.0,53850.0,2025-07-14 11:48:16.510517
2025-07-14,56876,2025071401006970,SANIMA,Imperial Securities Company Pvt. Ltd.,Online Securities Pvt. Ltd.,100,359.0,35900.0,2025-07-14 11:48:19.727177
2025-07-14,56872,2025071401006972,SANIMA,Imperial Securities Company Pvt. Ltd.,Vision Securities Pvt. Ltd,140,359.0,50260.0,2025-07-14 11:48:20.260283
2025-07-14,56871,2025071401006973,SANIMA,Vision Securities Pvt. Ltd,Vision Securities Pvt. Ltd,34,359.0,12206.0,2025-07-14 11:48:20.260822
2025-07-14,56870,2025071401006974,SANIMA,Sani Securities Company Ltd.,Vision Securities Pvt. Ltd,326,359.0,117034.0,2025-07-14 11:48:20.261185
2025-07-14,56805,2025071401007001,SANIMA,Sani Securities Company Ltd.,Trisul Securities & Invt. Ltd.,74,359.0,26566.0,2025-07-14 11:48:34.723754
2025-07-14,56804,2025071401007002,SANIMA,Neev Securities Pvt. Ltd.,Trisul Securities & Invt. Ltd.,226,359.0,81134.0,2025-07-14 11:48:34.724058
2025-07-14,56782,2025071401007007,SANIMA,Neev Securities Pvt. Ltd.,Vision Securities Pvt. Ltd,74,359.0,26566.0,2025-07-14 11:48:40.400334
2025-07-14,56767,2025071401007011,SANIMA,Linch Stock Market Ltd.,Sani Securities Company Ltd.,200,358.5,71700.0,2025-07-14 11:48:43.462069
2025-07-14,56766,2025071401007012,SANIMA,Dynamic Money Managers Securities Pvt. Ltd.,Sani Securities Company Ltd.,126,358.3,45145.8,2025-07-14 11:48:43.462624
2025-07-14,56765,2025071401007013,SANIMA,Neev Securities Pvt. Ltd.,Sani Securities Company Ltd.,200,358.3,71660.0,2025-07-14 11:48:43.463013
2025-07-14,56764,2025071401007014,SANIMA,BHOLE GANESH SECURITIES LTD,Sani Securities Company Ltd.,100,358.3,35830.0,2025-07-14 11:48:43.463403
2025-07-14,56763,2025071401007015,SANIMA,Kalika Securities Pvt. Ltd.,Sani Securities Company Ltd.,60,358.2,21492.0,2025-07-14 11:48:43.463772
2025-07-14,56762,2025071401007016,SANIMA,Agrawal Securities (PVT) Ltd.,Sani Securities Company Ltd.,1000,358.2,358200.0,2025-07-14 11:48:43.464150
2025-07-14,56761,2025071401007017,SANIMA,S.P.S.A. Securities Limited,Sani Securities Company Ltd.,1000,358.2,358200.0,2025-07-14 11:48:43.464532
2025-07-14,56760,2025071401007018,SANIMA,South Asian Bulls Pvt. Ltd.,Sani Securities Company Ltd.,100,358.1,35810.0,2025-07-14 11:48:43.464925
2025-07-14,56759,2025071401007019,SANIMA,Vision Securities Pvt. Ltd,Sani Securities Company Ltd.,500,358.1,179050.0,2025-07-14 11:48:43.465279
2025-07-14,56758,2025071401007020,SANIMA,ABC Securities Private Limited,Sani Securities Company Ltd.,1000,358.1,358100.0,2025-07-14 11:48:43.465661
2025-07-14,56757,2025071401007021,SANIMA,ABC Securities Private Limited,Sani Securities Company Ltd.,1000,358.1,358100.0,2025-07-14 11:48:43.466058
2025-07-14,56756,2025071401007022,SANIMA,ABC Securities Private Limited,Sani Securities Company Ltd.,1000,358.1,358100.0,2025-07-14 11:48:43.466433
2025-07-14,56755,2025071401007023,SANIMA,ABC Securities Private Limited,Sani Securities Company Ltd.,3714,358.1,1329983.4,2025-07-14 11:48:43.466832
2025-07-14,56649,2025071401007066,SANIMA,Aryatara Investment & Securities,South Asian Bulls Pvt. Ltd.,200,358.2,71640.0,2025-07-14 11:49:10.118444
2025-07-14,56633,2025071401007075,SANIMA,Primo Securities (PVT) Ltd.,Vision Securities Pvt. Ltd,426,359.0,152934.0,2025-07-14 11:49:14.434013
2025-07-14,56632,2025071401007076,SANIMA,Primo Securities (PVT) Ltd.,Sani Securities Company Ltd.,74,359.0,26566.0,2025-07-14 11:49:14.434269
2025-07-14,56551,2025071401007111,SANIMA,ABC Securities Private Limited,Sani Securities Company Ltd.,1286,358.1,460516.6,2025-07-14 11:49:31.998895
2025-07-14,56550,2025071401007112,SANIMA,Dakshinkali Investment & Securities Pvt. Ltd.,Sani Securities Company Ltd.,2714,358.1,971883.4,2025-07-14 11:49:31.999447
2025-07-14,56479,2025071401007138,SANIMA,Dakshinkali Investment & Securities Pvt. Ltd.,Siprabi Securities Pvt. Ltd.,20,358.1,7162.0,2025-07-14 11:49:45.419656
2025-07-14,56430,2025071401007168,SANIMA,Trishakti Securities Public Limited,Sani Securities Company Ltd.,3926,359.0,1409434.0,2025-07-14 11:49:56.261695
2025-07-14,56429,2025071401007169,SANIMA,Trishakti Securities Public Limited,Sani Securities Company Ltd.,500,359.0,179500.0,2025-07-14 11:49:56.261981
2025-07-14,56428,2025071401007170,SANIMA,Trishakti Securities Public Limited,Deevyaa Securities & Stock House Pvt. Ltd,34,359.0,12206.0,2025-07-14 11:49:56.262100
2025-07-14,56395,2025071401007179,SANIMA,Trishakti Securities Public Limited,Creative Securities Pvt Ltd,1000,359.0,359000.0,2025-07-14 11:50:06.057061
2025-07-14,56392,2025071401007180,SANIMA,Trishakti Securities Public Limited,Online Securities Pvt. Ltd.,1000,359.0,359000.0,2025-07-14 11:50:07.008161
2025-07-14,56358,2025071401007202,SANIMA,Trishakti Securities Public Limited,Linch Stock Market Ltd.,3540,359.0,1270860.0,2025-07-14 11:50:14.374609
2025-07-14,56290,2025071401007248,SANIMA,Dakshinkali Investment & Securities Pvt. Ltd.,Himalayan Brokerage Company Limited,500,358.1,179050.0,2025-07-14 11:50:20.946929
2025-07-14,56257,2025071401007264,SANIMA,Dakshinkali Investment & Securities Pvt. Ltd.,Dipshikha Dhitopatra Karobar Co. Pvt Ltd.,500,358.1,179050.0,2025-07-14 11:50:27.985287
2025-07-14,56249,2025071401007268,SANIMA,Dynamic Money Managers Securities Pvt. Ltd.,Linch Stock Market Ltd.,7460,358.2,2672172.0,2025-07-14 11:50:32.169565
2025-07-14,56106,2025071401007327,SANIMA,Investment Management Nepal Pvt. Ltd.,Vision Securities Pvt. Ltd,700,359.0,251300.0,2025-07-14 11:51:04.281307
2025-07-14,55736,2025071401007497,SANIMA,Investment Management Nepal Pvt. Ltd.,Dipshikha Dhitopatra Karobar Co. Pvt Ltd.,50,359.0,17950.0,2025-07-14 11:52:22.830279
2025-07-14,55465,2025071401007609,SANIMA,Investment Management Nepal Pvt. Ltd.,Imperial Securities Company Pvt. Ltd.,250,359.0,89750.0,2025-07-14 11:53:19.646504
2025-07-14,55464,2025071401007610,SANIMA,Creative Securities Pvt Ltd,Imperial Securities Company Pvt. Ltd.,200,359.0,71800.0,2025-07-14 11:53:19.646784
2025-07-14,55456,2025071401007613,SANIMA,Vision Securities Pvt. Ltd,Imperial Securities Company Pvt. Ltd.,50,359.0,17950.0,2025-07-14 11:53:23.416877
2025-07-14,55382,2025071401007652,SANIMA,Vision Securities Pvt. Ltd,Imperial Securities Company Pvt. Ltd.,50,359.0,17950.0,2025-07-14 11:53:37.872901
2025-07-14,55381,2025071401007653,SANIMA,Online Securities Pvt. Ltd.,Imperial Securities Company Pvt. Ltd.,443,359.0,159037.0,2025-07-14 11:53:37.873226
2025-07-14,55179,2025071401007754,SANIMA,Online Securities Pvt. Ltd.,Naasa Securities Co. Ltd.,405,359.0,145395.0,2025-07-14 11:54:17.287587
2025-07-14,55095,2025071401007799,SANIMA,Online Securities Pvt. Ltd.,Naasa Securities Co. Ltd.,70,359.0,25130.0,2025-07-14 11:54:37.495714
2025-07-14,55033,2025071401007828,SANIMA,Kumari Securities Private Limited,Dipshikha Dhitopatra Karobar Co. Pvt Ltd.,50,359.5,17975.0,2025-07-14 11:54:48.838914
2025-07-14,55032,2025071401007829,SANIMA,Kumari Securities Private Limited,Naasa Securities Co. Ltd.,15,359.5,5392.5,2025-07-14 11:54:48.839197
2025-07-14,54856,2025071401007905,SANIMA,Oxford Securities Pvt. Ltd.,Sweta Securities Private Limited,170,359.8,61166.0,2025-07-14 11:55:23.102635
2025-07-14,54740,2025071401007941,SANIMA,Oxford Securities Pvt. Ltd.,Secured Securities Ltd.,80,359.8,28784.0,2025-07-14 11:55:40.628792
2025-07-14,54739,2025071401007942,SANIMA,Kumari Securities Private Limited,Secured Securities Ltd.,170,359.8,61166.0,2025-07-14 11:55:40.628852
2025-07-14,54738,2025071401007943,SANIMA,Dakshinkali Investment & Securities Pvt. Ltd.,Secured Securities Ltd.,50,359.1,17955.0,2025-07-14 11:55:40.628891
2025-07-14,54737,2025071401007944,SANIMA,Online Securities Pvt. Ltd.,Secured Securities Ltd.,196,359.0,70364.0,2025-07-14 11:55:40.628961
2025-07-14,54736,2025071401007945,SANIMA,Sewa Securities Pvt. Ltd.,Secured Securities Ltd.,500,359.0,179500.0,2025-07-14 11:55:40.628985
2025-07-14,54735,2025071401007946,SANIMA,Naasa Securities Co. Ltd.,Secured Securities Ltd.,1110,359.0,398490.0,2025-07-14 11:55:40.629009
2025-07-14,54734,2025071401007947,SANIMA,Kalika Securities Pvt. Ltd.,Secured Securities Ltd.,94,359.0,33746.0,2025-07-14 11:55:40.629044
2025-07-14,54613,2025071401008015,SANIMA,Trishakti Securities Public Limited,Premier Securities Company Ltd.,500,360.0,180000.0,2025-07-14 11:55:56.386182
2025-07-14,54612,2025071401008016,SANIMA,Trishakti Securities Public Limited,Ashutosh Brokerage & Securities (PVT) Ltd.,751,360.0,270360.0,2025-07-14 11:55:56.386457
2025-07-14,54611,2025071401008017,SANIMA,Trishakti Securities Public Limited,Shree Krishna Securities Ltd.,50,360.0,18000.0,2025-07-14 11:55:56.386577
2025-07-14,54610,2025071401008018,SANIMA,Trishakti Securities Public Limited,Vision Securities Pvt. Ltd,300,360.0,108000.0,2025-07-14 11:55:56.386695
2025-07-14,54609,2025071401008019,SANIMA,Trishakti Securities Public Limited,Kohinoor Investment & Securities Pvt. Ltd.,300,360.0,108000.0,2025-07-14 11:55:56.386808
2025-07-14,54608,2025071401008020,SANIMA,Trishakti Securities Public Limited,Elite Stock House Limited,300,360.0,108000.0,2025-07-14 11:55:56.386924
2025-07-14,54429,2025071401008113,SANIMA,Trishakti Securities Public Limited,Sumeru Securities Pvt. Ltd.,60,360.0,21600.0,2025-07-14 11:56:28.295536
2025-07-14,54386,2025071401008127,SANIMA,Trishakti Securities Public Limited,Dynamic Money Managers Securities Pvt. Ltd.,3739,360.0,1346040.0,2025-07-14 11:56:33.606113
2025-07-14,54373,2025071401008138,SANIMA,Pragyan Securities (PVT) Ltd.,Dynamic Money Managers Securities Pvt. Ltd.,60,360.0,21600.0,2025-07-14 11:56:35.100051
2025-07-14,54172,2025071401008226,SANIMA,Aryatara Investment & Securities,Naasa Securities Co. Ltd.,100,360.2,36020.0,2025-07-14 11:57:07.067974
2025-07-14,53823,2025071401008369,SANIMA,Sewa Securities Pvt. Ltd.,Naasa Securities Co. Ltd.,45,360.2,16209.0,2025-07-14 11:58:09.144609
2025-07-14,53759,2025071401008399,SANIMA,Pragyan Securities (PVT) Ltd.,South Asian Bulls Pvt. Ltd.,126,360.1,45372.6,2025-07-14 11:58:18.590158
2025-07-14,53562,2025071401008478,SANIMA,Naasa Securities Co. Ltd.,Naasa Securities Co. Ltd.,10,360.2,3602.0,2025-07-14 11:58:54.201867
2025-07-14,53373,2025071401008562,SANIMA,Sewa Securities Pvt. Ltd.,Naasa Securities Co. Ltd.,345,360.2,124269.0,2025-07-14 11:59:28.483477
2025-07-14,53372,2025071401008563,SANIMA,Sewa Securities Pvt. Ltd.,Naasa Securities Co. Ltd.,200,360.2,72040.0,2025-07-14 11:59:28.484102
2025-07-14,53261,2025071401008589,SANIMA,Siprabi Securities Pvt. Ltd.,Opal Securities Investment (PVT) Ltd.,332,360.9,119818.8,2025-07-14 11:59:46.913010
2025-07-14,53260,2025071401008590,SANIMA,Siprabi Securities Pvt. Ltd.,Arun Securities (PVT) Ltd.,64,361.0,23104.0,2025-07-14 11:59:46.913622
2025-07-14,53259,2025071401008591,SANIMA,Siprabi Securities Pvt. Ltd.,Cristal Kanchanjanga Securites Pvt. Ltd.,204,361.0,73644.0,2025-07-14 11:59:46.914010
2025-07-14,53144,2025071401008625,SANIMA,Sweta Securities Private Limited,Cristal Kanchanjanga Securites Pvt. Ltd.,40,361.0,14440.0,2025-07-14 12:00:15.967640
2025-07-14,53126,2025071401008629,SANIMA,Magnet Securities and Investment Company Private Limited,Cristal Kanchanjanga Securites Pvt. Ltd.,56,361.0,20216.0,2025-07-14 12:00:19.233706
2025-07-14,53125,2025071401008630,SANIMA,Magnet Securities and Investment Company Private Limited,Online Securities Pvt. Ltd.,44,361.0,15884.0,2025-07-14 12:00:19.234400
2025-07-14,53034,2025071401008658,SANIMA,Premier Securities Company Ltd.,Online Securities Pvt. Ltd.,150,361.0,54150.0,2025-07-14 12:00:40.496978
2025-07-14,53022,2025071401008662,SANIMA,Market Securities & Exchange (PVT) Ltd.,Dipshikha Dhitopatra Karobar Co. Pvt Ltd.,50,360.9,18045.0,2025-07-14 12:00:42.887451
2025-07-14,52988,2025071401008673,SANIMA,Sundhara Securities Limited,Online Securities Pvt. Ltd.,92,361.0,33212.0,2025-07-14 12:00:52.981103
2025-07-14,52987,2025071401008674,SANIMA,Sundhara Securities Limited,Imperial Securities Company Pvt. Ltd.,45,361.0,16245.0,2025-07-14 12:00:52.981432
2025-07-14,52986,2025071401008675,SANIMA,Sundhara Securities Limited,Malla & Malla Stock Broking Company Pvt. Limited,46,361.0,16606.0,2025-07-14 12:00:52.981562
2025-07-14,52894,2025071401008730,SANIMA,Online Securities Pvt. Ltd.,Naasa Securities Co. Ltd.,100,362.0,36200.0,2025-07-14 12:01:11.586867
2025-07-14,52893,2025071401008731,SANIMA,Online Securities Pvt. Ltd.,Sumeru Securities Pvt. Ltd.,400,362.0,144800.0,2025-07-14 12:01:11.587174
2025-07-14,52784,2025071401008771,SANIMA,Secured Securities Ltd.,Sumeru Securities Pvt. Ltd.,500,362.0,181000.0,2025-07-14 12:01:42.237859
2025-07-14,52754,2025071401008789,SANIMA,Sundhara Securities Limited,Sumeru Securities Pvt. Ltd.,100,362.0,36200.0,2025-07-14 12:01:49.197504
2025-07-14,52753,2025071401008790,SANIMA,Sundhara Securities Limited,Kumari Securities Private Limited,241,362.0,87242.0,2025-07-14 12:01:49.197866
2025-07-14,52752,2025071401008791,SANIMA,Sundhara Securities Limited,Naasa Securities Co. Ltd.,159,362.0,57558.0,2025-07-14 12:01:49.198009
2025-07-14,52630,2025071401008816,SANIMA,Imperial Securities Company Pvt. Ltd.,Sani Securities Company Ltd.,200,361.5,72300.0,2025-07-14 12:02:10.819225
2025-07-14,52629,2025071401008817,SANIMA,Sani Securities Company Ltd.,Sani Securities Company Ltd.,300,361.5,108450.0,2025-07-14 12:02:10.819553
2025-07-14,52459,2025071401008896,SANIMA,Sundhara Securities Limited,Naasa Securities Co. Ltd.,58,362.0,20996.0,2025-07-14 12:02:41.412880
2025-07-14,52458,2025071401008897,SANIMA,Sundhara Securities Limited,Imperial Securities Company Pvt. Ltd.,32,362.0,11584.0,2025-07-14 12:02:41.413243
2025-07-14,52336,2025071401008935,SANIMA,Sundhara Securities Limited,Imperial Securities Company Pvt. Ltd.,18,362.0,6516.0,2025-07-14 12:03:07.544877
2025-07-14,52335,2025071401008936,SANIMA,Sundhara Securities Limited,Opal Securities Investment (PVT) Ltd.,95,362.0,34390.0,2025-07-14 12:03:07.545533
2025-07-14,52205,2025071401008996,SANIMA,Sundhara Securities Limited,Dynamic Money Managers Securities Pvt. Ltd.,704,362.0,254848.0,2025-07-14 12:03:40.643998
2025-07-14,52204,2025071401008997,SANIMA,Dipshikha Dhitopatra Karobar Co. Pvt Ltd.,Dynamic Money Managers Securities Pvt. Ltd.,500,362.0,181000.0,2025-07-14 12:03:40.644305
2025-07-14,52182,2025071401009002,SANIMA,Neev Securities Pvt. Ltd.,Dynamic Money Managers Securities Pvt. Ltd.,100,362.0,36200.0,2025-07-14 12:03:48.301012
2025-07-14,52136,2025071401009016,SANIMA,Sri Hari Securities Pvt. Ltd.,Dynamic Money Managers Securities Pvt. Ltd.,100,362.0,36200.0,2025-07-14 12:03:57.556595
2025-07-14,52069,2025071401009050,SANIMA,Sharepro Securities Private Limited,Dynamic Money Managers Securities Pvt. Ltd.,3596,362.0,1301752.0,2025-07-14 12:04:10.941237
2025-07-14,51739,2025071401009185,SANIMA,Imperial Securities Company Pvt. Ltd.,Dynamic Money Managers Securities Pvt. Ltd.,300,362.0,108600.0,2025-07-14 12:05:43.547702
2025-07-14,51732,2025071401009187,SANIMA,Sani Securities Company Ltd.,Trishakti Securities Public Limited,100,361.5,36150.0,2025-07-14 12:05:44.741633
2025-07-14,51601,2025071401009248,SANIMA,Nepal Stock House (PVT) Ltd.,Vision Securities Pvt. Ltd,1000,361.1,361100.0,2025-07-14 12:06:13.026374
2025-07-14,51487,2025071401009286,SANIMA,ABC Securities Private Limited,Vision Securities Pvt. Ltd,100,361.0,36100.0,2025-07-14 12:06:34.178263
2025-07-14,51486,2025071401009287,SANIMA,Market Securities & Exchange (PVT) Ltd.,Vision Securities Pvt. Ltd,282,360.9,101773.8,2025-07-14 12:06:34.178580
2025-07-14,51485,2025071401009288,SANIMA,Thrive Brokerage House Pvt. Ltd,Vision Securities Pvt. Ltd,16,360.3,5764.8,2025-07-14 12:06:34.178706
2025-07-14,51484,2025071401009289,SANIMA,Kumari Securities Private Limited,Vision Securities Pvt. Ltd,545,360.2,196309.0,2025-07-14 12:06:34.178834
2025-07-14,51483,2025071401009290,SANIMA,Neev Securities Pvt. Ltd.,Vision Securities Pvt. Ltd,200,360.2,72040.0,2025-07-14 12:06:34.178962
2025-07-14,51482,2025071401009291,SANIMA,ABC Securities Private Limited,Vision Securities Pvt. Ltd,1857,360.1,668705.7,2025-07-14 12:06:34.179091
2025-07-14,51320,2025071401009363,SANIMA,ABC Securities Private Limited,Naasa Securities Co. Ltd.,240,360.1,86424.0,2025-07-14 12:07:07.425990
2025-07-14,51290,2025071401009381,SANIMA,ABC Securities Private Limited,Trisul Securities & Invt. Ltd.,60,360.1,21606.0,2025-07-14 12:07:15.305295
2025-07-14,51238,2025071401009399,SANIMA,Nepal Stock House (PVT) Ltd.,Naasa Securities Co. Ltd.,38,361.0,13718.0,2025-07-14 12:07:26.746404
2025-07-14,51237,2025071401009400,SANIMA,Nepal Stock House (PVT) Ltd.,Dynamic Money Managers Securities Pvt. Ltd.,962,362.0,348244.0,2025-07-14 12:07:26.746728
2025-07-14,51024,2025071401009470,SANIMA,ABC Securities Private Limited,Sani Securities Company Ltd.,343,360.1,123514.3,2025-07-14 12:08:20.887904
2025-07-14,51023,2025071401009471,SANIMA,ABC Securities Private Limited,Sani Securities Company Ltd.,157,360.1,56535.7,2025-07-14 12:08:20.888291
2025-07-14,50895,2025071401009535,SANIMA,ABC Securities Private Limited,Agrawal Securities (PVT) Ltd.,100,360.1,36010.0,2025-07-14 12:08:55.246392
2025-07-14,50891,2025071401009536,SANIMA,ABC Securities Private Limited,Imperial Securities Company Pvt. Ltd.,100,360.1,36010.0,2025-07-14 12:08:56.437625
2025-07-14,50878,2025071401009546,SANIMA,Neev Securities Pvt. Ltd.,Vision Securities Pvt. Ltd,75,361.0,27075.0,2025-07-14 12:09:00.416842
2025-07-14,50762,2025071401009597,SANIMA,Neev Securities Pvt. Ltd.,Trishakti Securities Public Limited,100,361.0,36100.0,2025-07-14 12:09:31.246894
2025-07-14,50725,2025071401009620,SANIMA,Neev Securities Pvt. Ltd.,Imperial Securities Company Pvt. Ltd.,25,361.0,9025.0,2025-07-14 12:09:38.794384
2025-07-14,50603,2025071401009671,SANIMA,Agrawal Securities (PVT) Ltd.,Dynamic Money Managers Securities Pvt. Ltd.,1080,360.5,389340.0,2025-07-14 12:10:07.104132
2025-07-14,50545,2025071401009683,SANIMA,Market Securities & Exchange (PVT) Ltd.,Dynamic Money Managers Securities Pvt. Ltd.,68,360.5,24514.0,2025-07-14 12:10:20.739747
2025-07-14,50459,2025071401009712,SANIMA,ABC Securities Private Limited,Trishakti Securities Public Limited,500,360.1,180050.0,2025-07-14 12:10:40.810310
2025-07-14,50427,2025071401009726,SANIMA,ABC Securities Private Limited,Sani Securities Company Ltd.,143,360.1,51494.3,2025-07-14 12:10:48.359376
2025-07-14,50426,2025071401009727,SANIMA,Sani Securities Company Ltd.,Sani Securities Company Ltd.,24857,360.1,8951005.7,2025-07-14 12:10:48.360107
2025-07-14,50367,2025071401009745,SANIMA,Sani Securities Company Ltd.,Trishakti Securities Public Limited,143,360.1,51494.3,2025-07-14 12:11:09.001426
2025-07-14,50318,2025071401009768,SANIMA,Dynamic Money Managers Securities Pvt. Ltd.,Linch Stock Market Ltd.,100,360.0,36000.0,2025-07-14 12:11:16.853333
2025-07-14,50317,2025071401009769,SANIMA,Thrive Brokerage House Pvt. Ltd,Linch Stock Market Ltd.,50,360.0,18000.0,2025-07-14 12:11:16.853686
2025-07-14,50316,2025071401009770,SANIMA,ABC Securities Private Limited,Linch Stock Market Ltd.,100,360.0,36000.0,2025-07-14 12:11:16.853828
2025-07-14,50315,2025071401009771,SANIMA,Malla & Malla Stock Broking Company Pvt. Limited,Linch Stock Market Ltd.,100,360.0,36000.0,2025-07-14 12:11:16.853979
2025-07-14,50314,2025071401009772,SANIMA,Primo Securities (PVT) Ltd.,Linch Stock Market Ltd.,1000,360.0,360000.0,2025-07-14 12:11:16.854155
2025-07-14,50313,2025071401009773,SANIMA,Sani Securities Company Ltd.,Linch Stock Market Ltd.,500,360.0,180000.0,2025-07-14 12:11:16.854334
2025-07-14,50312,2025071401009774,SANIMA,ABC Securities Private Limited,Linch Stock Market Ltd.,850,360.0,306000.0,2025-07-14 12:11:16.854597
2025-07-14,50302,2025071401009777,SANIMA,ABC Securities Private Limited,Cristal Kanchanjanga Securites Pvt. Ltd.,150,360.0,54000.0,2025-07-14 12:11:21.420669
2025-07-14,50301,2025071401009778,SANIMA,Sri Hari Securities Pvt. Ltd.,Cristal Kanchanjanga Securites Pvt. Ltd.,80,360.0,28800.0,2025-07-14 12:11:21.420771
2025-07-14,50300,2025071401009779,SANIMA,Vision Securities Pvt. Ltd,Cristal Kanchanjanga Securites Pvt. Ltd.,494,360.0,177840.0,2025-07-14 12:11:21.420800
2025-07-14,50209,2025071401009824,SANIMA,Vision Securities Pvt. Ltd,Trishakti Securities Public Limited,55,360.0,19800.0,2025-07-14 12:11:42.199314
2025-07-14,50172,2025071401009841,SANIMA,Vision Securities Pvt. Ltd,Secured Securities Ltd.,51,360.0,18360.0,2025-07-14 12:11:53.990266
2025-07-14,50144,2025071401009854,SANIMA,Premier Securities Company Ltd.,Secured Securities Ltd.,68,360.0,24480.0,2025-07-14 12:12:02.341317
2025-07-14,50143,2025071401009855,SANIMA,Premier Securities Company Ltd.,Trishakti Securities Public Limited,50,360.0,18000.0,2025-07-14 12:12:02.341918
2025-07-14,50087,2025071401009867,SANIMA,Premier Securities Company Ltd.,Trishakti Securities Public Limited,50,360.0,18000.0,2025-07-14 12:12:15.392578
2025-07-14,49882,2025071401009951,SANIMA,Premier Securities Company Ltd.,Dynamic Money Managers Securities Pvt. Ltd.,32,360.0,11520.0,2025-07-14 12:12:59.206684
2025-07-14,49881,2025071401009952,SANIMA,Naasa Securities Co. Ltd.,Dynamic Money Managers Securities Pvt. Ltd.,20,360.0,7200.0,2025-07-14 12:12:59.207337
2025-07-14,49869,2025071401009955,SANIMA,Nagarik Stock Dealer ,Dynamic Money Managers Securities Pvt. Ltd.,200,360.0,72000.0,2025-07-14 12:13:01.708903
2025-07-14,49823,2025071401009975,SANIMA,Vision Securities Pvt. Ltd,Oxford Securities Pvt. Ltd.,50,359.9,17995.0,2025-07-14 12:13:12.723982
2025-07-14,49630,2025071401010040,SANIMA,Vision Securities Pvt. Ltd,Dynamic Money Managers Securities Pvt. Ltd.,50,359.9,17995.0,2025-07-14 12:14:06.289389
2025-07-14,49629,2025071401010041,SANIMA,Imperial Securities Company Pvt. Ltd.,Dynamic Money Managers Securities Pvt. Ltd.,200,359.9,71980.0,2025-07-14 12:14:06.289745
2025-07-14,49628,2025071401010042,SANIMA,Cristal Kanchanjanga Securites Pvt. Ltd.,Dynamic Money Managers Securities Pvt. Ltd.,2000,359.8,719600.0,2025-07-14 12:14:06.289886
2025-07-14,49627,2025071401010043,SANIMA,Sani Securities Company Ltd.,Dynamic Money Managers Securities Pvt. Ltd.,500,359.1,179550.0,2025-07-14 12:14:06.290041
2025-07-14,49626,2025071401010044,SANIMA,Kalika Securities Pvt. Ltd.,Dynamic Money Managers Securities Pvt. Ltd.,460,359.0,165140.0,2025-07-14 12:14:06.290179
2025-07-14,49625,2025071401010045,SANIMA,ABC Securities Private Limited,Dynamic Money Managers Securities Pvt. Ltd.,7790,359.0,2796610.0,2025-07-14 12:14:06.290311
2025-07-14,49362,2025071401010159,SANIMA,ABC Securities Private Limited,Imperial Securities Company Pvt. Ltd.,1419,359.0,509421.0,2025-07-14 12:15:28.402069
2025-07-14,49345,2025071401010163,SANIMA,ABC Securities Private Limited,Imperial Securities Company Pvt. Ltd.,945,359.0,339255.0,2025-07-14 12:15:33.467016
2025-07-14,49344,2025071401010164,SANIMA,Capital Max Securities Ltd,Imperial Securities Company Pvt. Ltd.,150,359.0,53850.0,2025-07-14 12:15:33.467358
2025-07-14,49343,2025071401010165,SANIMA,Naasa Securities Co. Ltd.,Imperial Securities Company Pvt. Ltd.,87,359.0,31233.0,2025-07-14 12:15:33.467493
2025-07-14,49342,2025071401010166,SANIMA,Opal Securities Investment (PVT) Ltd.,Imperial Securities Company Pvt. Ltd.,130,359.0,46670.0,2025-07-14 12:15:33.467626
2025-07-14,49341,2025071401010167,SANIMA,Bhrikuti Stock Broking Co. Pvt. Ltd.,Imperial Securities Company Pvt. Ltd.,100,359.0,35900.0,2025-07-14 12:15:33.467761
2025-07-14,49340,2025071401010168,SANIMA,Malla & Malla Stock Broking Company Pvt. Limited,Imperial Securities Company Pvt. Ltd.,100,359.0,35900.0,2025-07-14 12:15:33.467911
2025-07-14,49339,2025071401010169,SANIMA,Pragyan Securities (PVT) Ltd.,Imperial Securities Company Pvt. Ltd.,14,359.0,5026.0,2025-07-14 12:15:33.468058
2025-07-14,49338,2025071401010170,SANIMA,Investment Management Nepal Pvt. Ltd.,Imperial Securities Company Pvt. Ltd.,474,359.0,170166.0,2025-07-14 12:15:33.468193
2025-07-14,48477,2025071401010510,SANIMA,Investment Management Nepal Pvt. Ltd.,Imperial Securities Company Pvt. Ltd.,20,359.0,7180.0,2025-07-14 12:19:07.550891
2025-07-14,48410,2025071401010534,SANIMA,Neev Securities Pvt. Ltd.,Imperial Securities Company Pvt. Ltd.,25,359.0,8975.0,2025-07-14 12:19:27.783897
2025-07-14,48405,2025071401010535,SANIMA,Online Securities Pvt. Ltd.,SUN SECURITIES PVT LTD,50,359.1,17955.0,2025-07-14 12:19:30.054675
2025-07-14,48404,2025071401010536,SANIMA,Neev Securities Pvt. Ltd.,SUN SECURITIES PVT LTD,10,359.0,3590.0,2025-07-14 12:19:30.055340
2025-07-14,48394,2025071401010537,SANIMA,Neev Securities Pvt. Ltd.,Premier Securities Company Ltd.,116,359.0,41644.0,2025-07-14 12:19:31.788330
2025-07-14,48377,2025071401010545,SANIMA,Neev Securities Pvt. Ltd.,Dynamic Money Managers Securities Pvt. Ltd.,49,359.0,17591.0,2025-07-14 12:19:38.642450
2025-07-14,48376,2025071401010546,SANIMA,Opal Securities Investment (PVT) Ltd.,Dynamic Money Managers Securities Pvt. Ltd.,260,359.0,93340.0,2025-07-14 12:19:38.642857
2025-07-14,48328,2025071401010565,SANIMA,Cristal Kanchanjanga Securites Pvt. Ltd.,Dynamic Money Managers Securities Pvt. Ltd.,100,359.0,35900.0,2025-07-14 12:19:50.414424
2025-07-14,48189,2025071401010631,SANIMA,Opal Securities Investment (PVT) Ltd.,Dynamic Money Managers Securities Pvt. Ltd.,15,359.0,5385.0,2025-07-14 12:20:24.690839
2025-07-14,48118,2025071401010655,SANIMA,Online Securities Pvt. Ltd.,ABC Securities Private Limited,50,358.8,17940.0,2025-07-14 12:20:47.337551
2025-07-14,48020,2025071401010686,SANIMA,Kalika Securities Pvt. Ltd.,Dynamic Money Managers Securities Pvt. Ltd.,200,359.0,71800.0,2025-07-14 12:21:12.765223
2025-07-14,47883,2025071401010761,SANIMA,Investment Management Nepal Pvt. Ltd.,Dynamic Money Managers Securities Pvt. Ltd.,306,359.0,109854.0,2025-07-14 12:21:48.713699
2025-07-14,47351,2025071401010914,SANIMA,Neev Securities Pvt. Ltd.,Dynamic Money Managers Securities Pvt. Ltd.,200,358.6,71720.0,2025-07-14 12:24:03.390266
2025-07-14,47232,2025071401010948,SANIMA,Secured Securities Ltd.,Dynamic Money Managers Securities Pvt. Ltd.,1408,359.0,505472.0,2025-07-14 12:24:33.283314
2025-07-14,47136,2025071401010990,SANIMA,Deevyaa Securities & Stock House Pvt. Ltd,Dynamic Money Managers Securities Pvt. Ltd.,500,359.0,179500.0,2025-07-14 12:25:07.735494
2025-07-14,47135,2025071401010991,SANIMA,ABC Securities Private Limited,Dynamic Money Managers Securities Pvt. Ltd.,2361,359.0,847599.0,2025-07-14 12:25:07.735913
2025-07-14,47069,2025071401011003,SANIMA,ABC Securities Private Limited,Siprabi Securities Pvt. Ltd.,10,359.0,3590.0,2025-07-14 12:25:18.252503
2025-07-14,47048,2025071401011010,SANIMA,ABC Securities Private Limited,Neev Securities Pvt. Ltd.,40,359.0,14360.0,2025-07-14 12:25:27.213746
2025-07-14,46892,2025071401011037,SANIMA,ABC Securities Private Limited,Neev Securities Pvt. Ltd.,89,359.0,31951.0,2025-07-14 12:25:56.371852
2025-07-14,46891,2025071401011038,SANIMA,Miyo Securities Pvt Ltd,Neev Securities Pvt. Ltd.,16,359.0,5744.0,2025-07-14 12:25:56.372220
2025-07-14,46867,2025071401011048,SANIMA,Miyo Securities Pvt Ltd,MILKY WAY SHARE BROKER COMPANY LTD ,579,359.0,207861.0,2025-07-14 12:26:06.526806
2025-07-14,46561,2025071401011130,SANIMA,Miyo Securities Pvt Ltd,Dakshinkali Investment & Securities Pvt. Ltd.,405,359.0,145395.0,2025-07-14 12:27:39.593433
2025-07-14,46540,2025071401011134,SANIMA,Neev Securities Pvt. Ltd.,Premier Securities Company Ltd.,200,358.6,71720.0,2025-07-14 12:27:46.800085
2025-07-14,46539,2025071401011135,SANIMA,Aryatara Investment & Securities,Premier Securities Company Ltd.,300,358.5,107550.0,2025-07-14 12:27:46.800444
2025-07-14,46320,2025071401011214,SANIMA,Nepal Stock House (PVT) Ltd.,Dakshinkali Investment & Securities Pvt. Ltd.,3000,359.0,1077000.0,2025-07-14 12:28:52.135579
2025-07-14,46298,2025071401011220,SANIMA,Miyo Securities Pvt Ltd,Nepal Investment And Securities Trading Private Limited,10,358.6,3586.0,2025-07-14 12:28:56.962228
2025-07-14,46243,2025071401011241,SANIMA,Miyo Securities Pvt Ltd,Trisul Securities & Invt. Ltd.,150,358.6,53790.0,2025-07-14 12:29:13.846758
2025-07-14,46206,2025071401011247,SANIMA,Investment Management Nepal Pvt. Ltd.,Dakshinkali Investment & Securities Pvt. Ltd.,10,359.0,3590.0,2025-07-14 12:29:24.724423
2025-07-14,46085,2025071401011286,SANIMA,Nagarik Stock Dealer ,Dakshinkali Investment & Securities Pvt. Ltd.,500,359.0,179500.0,2025-07-14 12:29:52.667225
2025-07-14,45869,2025071401011355,SANIMA,Sundhara Securities Limited,Dakshinkali Investment & Securities Pvt. Ltd.,20,359.0,7180.0,2025-07-14 12:30:58.022973
2025-07-14,45819,2025071401011380,SANIMA,Trisul Securities & Invt. Ltd.,Dakshinkali Investment & Securities Pvt. Ltd.,50,359.0,17950.0,2025-07-14 12:31:20.429856
2025-07-14,45802,2025071401011382,SANIMA,ABC Securities Private Limited,Dakshinkali Investment & Securities Pvt. Ltd.,1015,359.0,364385.0,2025-07-14 12:31:26.507584
2025-07-14,45801,2025071401011383,SANIMA,ABC Securities Private Limited,Imperial Securities Company Pvt. Ltd.,50,359.0,17950.0,2025-07-14 12:31:26.508391
2025-07-14,45800,2025071401011384,SANIMA,ABC Securities Private Limited,Naasa Securities Co. Ltd.,500,359.0,179500.0,2025-07-14 12:31:26.508892
2025-07-14,45799,2025071401011385,SANIMA,ABC Securities Private Limited,Dynamic Money Managers Securities Pvt. Ltd.,798,359.0,286482.0,2025-07-14 12:31:26.509409
2025-07-14,45700,2025071401011421,SANIMA,ABC Securities Private Limited,Naasa Securities Co. Ltd.,14,359.0,5026.0,2025-07-14 12:32:03.801796
2025-07-14,45576,2025071401011475,SANIMA,ABC Securities Private Limited,Dakshinkali Investment & Securities Pvt. Ltd.,123,359.0,44157.0,2025-07-14 12:32:40.331019
2025-07-14,45575,2025071401011476,SANIMA,ABC Securities Private Limited,Dakshinkali Investment & Securities Pvt. Ltd.,2500,359.0,897500.0,2025-07-14 12:32:40.331405
2025-07-14,45574,2025071401011477,SANIMA,Naasa Securities Co. Ltd.,Dakshinkali Investment & Securities Pvt. Ltd.,160,359.0,57440.0,2025-07-14 12:32:40.331555
2025-07-14,45549,2025071401011489,SANIMA,Aryatara Investment & Securities,Dakshinkali Investment & Securities Pvt. Ltd.,217,359.0,77903.0,2025-07-14 12:32:44.566367
2025-07-14,45548,2025071401011490,SANIMA,Aryatara Investment & Securities,Nepal Stock House (PVT) Ltd.,783,359.9,281801.7,2025-07-14 12:32:44.567104
2025-07-14,44837,2025071401011756,SANIMA,Miyo Securities Pvt Ltd,Deevyaa Securities & Stock House Pvt. Ltd,840,358.6,301224.0,2025-07-14 12:35:47.066432
2025-07-14,44764,2025071401011769,SANIMA,Aryatara Investment & Securities,Deevyaa Securities & Stock House Pvt. Ltd,160,358.5,57360.0,2025-07-14 12:36:03.136787
2025-07-14,44747,2025071401011777,SANIMA,Aryatara Investment & Securities,Dakshinkali Investment & Securities Pvt. Ltd.,540,358.5,193590.0,2025-07-14 12:36:07.874016
2025-07-14,44746,2025071401011778,SANIMA,K.B.L. Securities Limited ,Dakshinkali Investment & Securities Pvt. Ltd.,1000,358.5,358500.0,2025-07-14 12:36:07.874432
2025-07-14,44745,2025071401011779,SANIMA,Sani Securities Company Ltd.,Dakshinkali Investment & Securities Pvt. Ltd.,500,358.5,179250.0,2025-07-14 12:36:07.874586
2025-07-14,44744,2025071401011780,SANIMA,Nepal Stock House (PVT) Ltd.,Dakshinkali Investment & Securities Pvt. Ltd.,50,358.5,17925.0,2025-07-14 12:36:07.874731
2025-07-14,44553,2025071401011846,SANIMA,Shree Krishna Securities Ltd.,Aryatara Investment & Securities,250,358.4,89600.0,2025-07-14 12:37:00.572238
2025-07-14,44444,2025071401011890,SANIMA,Miyo Securities Pvt Ltd,Dakshinkali Investment & Securities Pvt. Ltd.,1000,358.5,358500.0,2025-07-14 12:37:38.294452
2025-07-14,44218,2025071401012002,SANIMA,Shree Krishna Securities Ltd.,Dipshikha Dhitopatra Karobar Co. Pvt Ltd.,295,358.4,105728.0,2025-07-14 12:38:32.601107
2025-07-14,44217,2025071401012003,SANIMA,Asian Securities Private Ltd.,Dipshikha Dhitopatra Karobar Co. Pvt Ltd.,100,358.4,35840.0,2025-07-14 12:38:32.601478
2025-07-14,44172,2025071401012010,SANIMA,Premier Securities Company Ltd.,SHUBHAKAMANA SECURITIES PVT. LTD,100,358.3,35830.0,2025-07-14 12:38:39.927872
2025-07-14,44171,2025071401012011,SANIMA,ABC Securities Private Limited,SHUBHAKAMANA SECURITIES PVT. LTD,150,358.3,53745.0,2025-07-14 12:38:39.928272
2025-07-14,44170,2025071401012012,SANIMA,Sundhara Securities Limited,SHUBHAKAMANA SECURITIES PVT. LTD,300,358.3,107490.0,2025-07-14 12:38:39.928427
2025-07-14,44169,2025071401012013,SANIMA,Naasa Securities Co. Ltd.,SHUBHAKAMANA SECURITIES PVT. LTD,151,358.3,54103.3,2025-07-14 12:38:39.928576
2025-07-14,44168,2025071401012014,SANIMA,Agrawal Securities (PVT) Ltd.,SHUBHAKAMANA SECURITIES PVT. LTD,1799,358.2,644401.8,2025-07-14 12:38:39.928725
2025-07-14,44146,2025071401012022,SANIMA,Agrawal Securities (PVT) Ltd.,Dakshinkali Investment & Securities Pvt. Ltd.,201,358.2,71998.2,2025-07-14 12:38:50.132908
2025-07-14,44145,2025071401012023,SANIMA,ABC Securities Private Limited,Dakshinkali Investment & Securities Pvt. Ltd.,1000,358.1,358100.0,2025-07-14 12:38:50.133309
2025-07-14,44144,2025071401012024,SANIMA,Thrive Brokerage House Pvt. Ltd,Dakshinkali Investment & Securities Pvt. Ltd.,45,358.0,16110.0,2025-07-14 12:38:50.133464
2025-07-14,44143,2025071401012025,SANIMA,Kohinoor Investment & Securities Pvt. Ltd.,Dakshinkali Investment & Securities Pvt. Ltd.,500,358.0,179000.0,2025-07-14 12:38:50.133614
2025-07-14,44142,2025071401012026,SANIMA,Bhrikuti Stock Broking Co. Pvt. Ltd.,Dakshinkali Investment & Securities Pvt. Ltd.,100,358.0,35800.0,2025-07-14 12:38:50.133780
2025-07-14,44141,2025071401012027,SANIMA,Sundhara Securities Limited,Dakshinkali Investment & Securities Pvt. Ltd.,64,358.0,22912.0,2025-07-14 12:38:50.133938
2025-07-14,44131,2025071401012031,SANIMA,Sundhara Securities Limited,Premier Securities Company Ltd.,436,358.0,156088.0,2025-07-14 12:38:52.622196
2025-07-14,44130,2025071401012032,SANIMA,Kumari Securities Private Limited,Premier Securities Company Ltd.,64,358.0,22912.0,2025-07-14 12:38:52.622540
2025-07-14,44034,2025071401012073,SANIMA,Dynamic Money Managers Securities Pvt. Ltd.,Dipshikha Dhitopatra Karobar Co. Pvt Ltd.,800,358.4,286720.0,2025-07-14 12:39:14.452916
2025-07-14,43901,2025071401012108,SANIMA,Kumari Securities Private Limited,Dakshinkali Investment & Securities Pvt. Ltd.,186,358.0,66588.0,2025-07-14 12:39:57.586697
2025-07-14,43900,2025071401012109,SANIMA,Deevyaa Securities & Stock House Pvt. Ltd,Dakshinkali Investment & Securities Pvt. Ltd.,1000,358.0,358000.0,2025-07-14 12:39:57.587384
2025-07-14,43899,2025071401012110,SANIMA,K.B.L. Securities Limited ,Dakshinkali Investment & Securities Pvt. Ltd.,8814,358.0,3155412.0,2025-07-14 12:39:57.587832
2025-07-14,43622,2025071401012199,SANIMA,Siprabi Securities Pvt. Ltd.,Dipshikha Dhitopatra Karobar Co. Pvt Ltd.,10,358.4,3584.0,2025-07-14 12:40:57.876416
2025-07-14,43582,2025071401012218,SANIMA,K.B.L. Securities Limited ,Miyo Securities Pvt Ltd,20817,358.0,7452486.0,2025-07-14 12:41:11.880042
2025-07-14,43581,2025071401012219,SANIMA,Midas Stock Broking Company Private Limited,Miyo Securities Pvt Ltd,150,358.0,53700.0,2025-07-14 12:41:11.880101
2025-07-14,43580,2025071401012220,SANIMA,Sharepro Securities Private Limited,Miyo Securities Pvt Ltd,1000,358.0,358000.0,2025-07-14 12:41:11.880131
2025-07-14,43579,2025071401012221,SANIMA,Siprabi Securities Pvt. Ltd.,Miyo Securities Pvt Ltd,200,358.0,71600.0,2025-07-14 12:41:11.880159
2025-07-14,43578,2025071401012222,SANIMA,Sharepro Securities Private Limited,Miyo Securities Pvt Ltd,100,358.0,35800.0,2025-07-14 12:41:11.880192
2025-07-14,43577,2025071401012223,SANIMA,ABC Securities Private Limited,Miyo Securities Pvt Ltd,100,358.0,35800.0,2025-07-14 12:41:11.880241
2025-07-14,43576,2025071401012224,SANIMA,Neev Securities Pvt. Ltd.,Miyo Securities Pvt Ltd,300,358.0,107400.0,2025-07-14 12:41:11.880275
2025-07-14,43575,2025071401012225,SANIMA,Malla & Malla Stock Broking Company Pvt. Limited,Miyo Securities Pvt Ltd,100,358.0,35800.0,2025-07-14 12:41:11.880298
2025-07-14,43574,2025071401012226,SANIMA,Bhrikuti Stock Broking Co. Pvt. Ltd.,Miyo Securities Pvt Ltd,500,358.0,179000.0,2025-07-14 12:41:11.880323
2025-07-14,43573,2025071401012227,SANIMA,Nabil Stock Dealer Ltd.,Miyo Securities Pvt Ltd,13,358.0,4654.0,2025-07-14 12:41:11.880347
2025-07-14,43572,2025071401012228,SANIMA,ABC Securities Private Limited,Miyo Securities Pvt Ltd,1000,358.0,358000.0,2025-07-14 12:41:11.880370
2025-07-14,43571,2025071401012229,SANIMA,Cristal Kanchanjanga Securites Pvt. Ltd.,Miyo Securities Pvt Ltd,400,358.0,143200.0,2025-07-14 12:41:11.880396
2025-07-14,43570,2025071401012230,SANIMA,Primo Securities (PVT) Ltd.,Miyo Securities Pvt Ltd,500,358.0,179000.0,2025-07-14 12:41:11.880423
2025-07-14,43569,2025071401012231,SANIMA,Creative Securities Pvt Ltd,Miyo Securities Pvt Ltd,100,358.0,35800.0,2025-07-14 12:41:11.880446
2025-07-14,43568,2025071401012232,SANIMA,Elite Stock House Limited,Miyo Securities Pvt Ltd,14,358.0,5012.0,2025-07-14 12:41:11.880471
2025-07-14,43567,2025071401012233,SANIMA,Vision Securities Pvt. Ltd,Miyo Securities Pvt Ltd,600,358.0,214800.0,2025-07-14 12:41:11.880493
2025-07-14,43566,2025071401012234,SANIMA,Pragyan Securities (PVT) Ltd.,Miyo Securities Pvt Ltd,50,358.0,17900.0,2025-07-14 12:41:11.880514
2025-07-14,43565,2025071401012235,SANIMA,Sani Securities Company Ltd.,Miyo Securities Pvt Ltd,15,358.0,5370.0,2025-07-14 12:41:11.880535
2025-07-14,43269,2025071401012325,SANIMA,Sri Hari Securities Pvt. Ltd.,ABC Securities Private Limited,550,357.1,196405.0,2025-07-14 12:42:31.689248
2025-07-14,43268,2025071401012326,SANIMA,Investment Management Nepal Pvt. Ltd.,ABC Securities Private Limited,151,357.0,53907.0,2025-07-14 12:42:31.689628
2025-07-14,43236,2025071401012331,SANIMA,Investment Management Nepal Pvt. Ltd.,Sani Securities Company Ltd.,42,357.0,14994.0,2025-07-14 12:42:46.573452
2025-07-14,43025,2025071401012385,SANIMA,South Asian Bulls Pvt. Ltd.,Naasa Securities Co. Ltd.,40,357.1,14284.0,2025-07-14 12:43:46.636401
2025-07-14,42721,2025071401012465,SANIMA,Imperial Securities Company Pvt. Ltd.,Online Securities Pvt. Ltd.,10,357.5,3575.0,2025-07-14 12:45:24.363980
2025-07-14,42712,2025071401012469,SANIMA,Imperial Securities Company Pvt. Ltd.,Sweta Securities Private Limited,200,357.5,71500.0,2025-07-14 12:45:29.056666
2025-07-14,42411,2025071401012562,SANIMA,Imperial Securities Company Pvt. Ltd.,Capital Max Securities Ltd,10,357.5,3575.0,2025-07-14 12:46:44.114304
2025-07-14,42289,2025071401012604,SANIMA,Kalika Securities Pvt. Ltd.,Capital Max Securities Ltd,15,357.6,5364.0,2025-07-14 12:47:22.257157
2025-07-14,42288,2025071401012605,SANIMA,Imperial Securities Company Pvt. Ltd.,Capital Max Securities Ltd,33,357.5,11797.5,2025-07-14 12:47:22.257833
2025-07-14,42075,2025071401012693,SANIMA,Imperial Securities Company Pvt. Ltd.,Dipshikha Dhitopatra Karobar Co. Pvt Ltd.,247,357.5,88302.5,2025-07-14 12:48:21.054530
2025-07-14,42074,2025071401012694,SANIMA,ABC Securities Private Limited,Dipshikha Dhitopatra Karobar Co. Pvt Ltd.,100,357.5,35750.0,2025-07-14 12:48:21.055300
2025-07-14,42073,2025071401012695,SANIMA,South Asian Bulls Pvt. Ltd.,Dipshikha Dhitopatra Karobar Co. Pvt Ltd.,35,357.1,12498.5,2025-07-14 12:48:21.055941
2025-07-14,41854,2025071401012770,SANIMA,South Asian Bulls Pvt. Ltd.,Dynamic Money Managers Securities Pvt. Ltd.,25,357.1,8927.5,2025-07-14 12:49:34.082840
2025-07-14,41853,2025071401012771,SANIMA,Dipshikha Dhitopatra Karobar Co. Pvt Ltd.,Dynamic Money Managers Securities Pvt. Ltd.,475,357.1,169622.5,2025-07-14 12:49:34.083516
2025-07-14,41448,2025071401012944,SANIMA,Nepal Investment And Securities Trading Private Limited,Nepal Stock House (PVT) Ltd.,150,358.0,53700.0,2025-07-14 12:51:09.602983
2025-07-14,41390,2025071401012958,SANIMA,Vision Securities Pvt. Ltd,Imperial Securities Company Pvt. Ltd.,100,358.2,35820.0,2025-07-14 12:51:23.580268
2025-07-14,41332,2025071401012967,SANIMA,Naasa Securities Co. Ltd.,Dipshikha Dhitopatra Karobar Co. Pvt Ltd.,48,358.4,17203.2,2025-07-14 12:51:41.597718
2025-07-14,41331,2025071401012968,SANIMA,Naasa Securities Co. Ltd.,Trishakti Securities Public Limited,400,358.9,143560.0,2025-07-14 12:51:41.598101
2025-07-14,41330,2025071401012969,SANIMA,Naasa Securities Co. Ltd.,Linch Stock Market Ltd.,268,359.0,96212.0,2025-07-14 12:51:41.598536
2025-07-14,41329,2025071401012970,SANIMA,Naasa Securities Co. Ltd.,Kohinoor Investment & Securities Pvt. Ltd.,284,359.0,101956.0,2025-07-14 12:51:41.598983
2025-07-14,41276,2025071401012996,SANIMA,Vision Securities Pvt. Ltd,Sani Securities Company Ltd.,100,358.1,35810.0,2025-07-14 12:52:04.627165
2025-07-14,41275,2025071401012997,SANIMA,Nepal Investment And Securities Trading Private Limited,Sani Securities Company Ltd.,100,358.0,35800.0,2025-07-14 12:52:04.627617
2025-07-14,41272,2025071401012999,SANIMA,Deevyaa Securities & Stock House Pvt. Ltd,Kohinoor Investment & Securities Pvt. Ltd.,200,359.0,71800.0,2025-07-14 12:52:05.808034
2025-07-14,41230,2025071401013020,SANIMA,Nepal Investment And Securities Trading Private Limited,ABC Securities Private Limited,750,358.0,268500.0,2025-07-14 12:52:16.360680
2025-07-14,41229,2025071401013021,SANIMA,Online Securities Pvt. Ltd.,ABC Securities Private Limited,500,358.0,179000.0,2025-07-14 12:52:16.361335
2025-07-14,41228,2025071401013022,SANIMA,Online Securities Pvt. Ltd.,ABC Securities Private Limited,500,358.0,179000.0,2025-07-14 12:52:16.361766
2025-07-14,41227,2025071401013023,SANIMA,Imperial Securities Company Pvt. Ltd.,ABC Securities Private Limited,238,357.3,85037.4,2025-07-14 12:52:16.362183
2025-07-14,41140,2025071401013090,SANIMA,Imperial Securities Company Pvt. Ltd.,ABC Securities Private Limited,2762,357.3,986862.6,2025-07-14 12:52:29.456793
2025-07-14,41134,2025071401013093,SANIMA,South Asian Bulls Pvt. Ltd.,ABC Securities Private Limited,100,357.3,35730.0,2025-07-14 12:52:33.104116
2025-07-14,40282,2025071401013358,SANIMA,Market Securities & Exchange (PVT) Ltd.,Imperial Securities Company Pvt. Ltd.,104,357.2,37148.8,2025-07-14 12:55:43.275189
2025-07-14,40281,2025071401013359,SANIMA,Trishakti Securities Public Limited,Imperial Securities Company Pvt. Ltd.,30,357.2,10716.0,2025-07-14 12:55:43.275816
2025-07-14,40280,2025071401013360,SANIMA,Online Securities Pvt. Ltd.,Imperial Securities Company Pvt. Ltd.,176,357.2,62867.2,2025-07-14 12:55:43.276271
2025-07-14,40221,2025071401013376,SANIMA,Online Securities Pvt. Ltd.,Naasa Securities Co. Ltd.,40,357.2,14288.0,2025-07-14 12:55:57.864592
2025-07-14,40057,2025071401013416,SANIMA,Online Securities Pvt. Ltd.,INDEX SECURITIES LIMITED,284,357.2,101444.8,2025-07-14 12:56:40.913531
2025-07-14,40056,2025071401013417,SANIMA,Online Securities Pvt. Ltd.,INDEX SECURITIES LIMITED,500,357.2,178600.0,2025-07-14 12:56:40.914241
2025-07-14,40055,2025071401013418,SANIMA,Dipshikha Dhitopatra Karobar Co. Pvt Ltd.,INDEX SECURITIES LIMITED,525,357.1,187477.5,2025-07-14 12:56:40.914729
2025-07-14,40054,2025071401013419,SANIMA,Investment Management Nepal Pvt. Ltd.,INDEX SECURITIES LIMITED,307,357.0,109599.0,2025-07-14 12:56:40.915198
2025-07-14,40053,2025071401013420,SANIMA,Miyo Securities Pvt Ltd,INDEX SECURITIES LIMITED,384,357.0,137088.0,2025-07-14 12:56:40.915641
2025-07-14,40003,2025071401013433,SANIMA,Bhrikuti Stock Broking Co. Pvt. Ltd.,Sri Hari Securities Pvt. Ltd.,2990,358.0,1070420.0,2025-07-14 12:56:55.475333
2025-07-14,40002,2025071401013434,SANIMA,Bhrikuti Stock Broking Co. Pvt. Ltd.,ABC Securities Private Limited,238,358.9,85418.2,2025-07-14 12:56:55.475997
2025-07-14,40001,2025071401013435,SANIMA,Bhrikuti Stock Broking Co. Pvt. Ltd.,Kohinoor Investment & Securities Pvt. Ltd.,566,359.0,203194.0,2025-07-14 12:56:55.476475
2025-07-14,40000,2025071401013436,SANIMA,Bhrikuti Stock Broking Co. Pvt. Ltd.,Trishakti Securities Public Limited,100,359.0,35900.0,2025-07-14 12:56:55.476916
2025-07-14,39999,2025071401013437,SANIMA,Bhrikuti Stock Broking Co. Pvt. Ltd.,Naasa Securities Co. Ltd.,200,359.0,71800.0,2025-07-14 12:56:55.477366
2025-07-14,39998,2025071401013438,SANIMA,Bhrikuti Stock Broking Co. Pvt. Ltd.,Sani Securities Company Ltd.,500,359.0,179500.0,2025-07-14 12:56:55.477803
2025-07-14,39997,2025071401013439,SANIMA,Bhrikuti Stock Broking Co. Pvt. Ltd.,Premier Securities Company Ltd.,406,359.0,145754.0,2025-07-14 12:56:55.478247
2025-07-14,39922,2025071401013464,SANIMA,Midas Stock Broking Company Private Limited,Premier Securities Company Ltd.,94,359.0,33746.0,2025-07-14 12:57:16.130020
2025-07-14,39921,2025071401013465,SANIMA,Midas Stock Broking Company Private Limited,Nepal Stock House (PVT) Ltd.,217,359.9,78098.3,2025-07-14 12:57:16.130167
2025-07-14,39920,2025071401013466,SANIMA,Midas Stock Broking Company Private Limited,Aryatara Investment & Securities,26,359.9,9357.4,2025-07-14 12:57:16.130227
2025-07-14,39448,2025071401013631,SANIMA,Kohinoor Investment & Securities Pvt. Ltd.,Sumeru Securities Pvt. Ltd.,100,358.0,35800.0,2025-07-14 12:58:50.792279
2025-07-14,39269,2025071401013686,SANIMA,Deevyaa Securities & Stock House Pvt. Ltd,NIMB Stock Markets Limited,100,358.0,35800.0,2025-07-14 12:59:43.793245
2025-07-14,38831,2025071401013839,SANIMA,Opal Securities Investment (PVT) Ltd.,NIMB Stock Markets Limited,790,357.5,282425.0,2025-07-14 13:02:03.873000
2025-07-14,38626,2025071401013891,SANIMA,Sani Securities Company Ltd.,Imperial Securities Company Pvt. Ltd.,100,358.0,35800.0,2025-07-14 13:03:02.938763
2025-07-14,38515,2025071401013936,SANIMA,Opal Securities Investment (PVT) Ltd.,ABC Securities Private Limited,710,357.5,253825.0,2025-07-14 13:03:30.065144
2025-07-14,38514,2025071401013937,SANIMA,Kalika Securities Pvt. Ltd.,ABC Securities Private Limited,200,357.1,71420.0,2025-07-14 13:03:30.065539
2025-07-14,38513,2025071401013938,SANIMA,Siprabi Securities Pvt. Ltd.,ABC Securities Private Limited,11,357.1,3928.1,2025-07-14 13:03:30.065690
2025-07-14,38512,2025071401013939,SANIMA,Deevyaa Securities & Stock House Pvt. Ltd,ABC Securities Private Limited,160,357.1,57136.0,2025-07-14 13:03:30.065852
2025-07-14,38511,2025071401013940,SANIMA,Online Securities Pvt. Ltd.,ABC Securities Private Limited,500,357.1,178550.0,2025-07-14 13:03:30.065998
2025-07-14,38510,2025071401013941,SANIMA,Miyo Securities Pvt Ltd,ABC Securities Private Limited,616,357.0,219912.0,2025-07-14 13:03:30.066155
2025-07-14,38509,2025071401013942,SANIMA,Agrawal Securities (PVT) Ltd.,ABC Securities Private Limited,14,357.0,4998.0,2025-07-14 13:03:30.066303
2025-07-14,38508,2025071401013943,SANIMA,Sharepro Securities Private Limited,ABC Securities Private Limited,50,357.0,17850.0,2025-07-14 13:03:30.066450
2025-07-14,38507,2025071401013944,SANIMA,Bhrikuti Stock Broking Co. Pvt. Ltd.,ABC Securities Private Limited,1000,357.0,357000.0,2025-07-14 13:03:30.066592
2025-07-14,38506,2025071401013945,SANIMA,Online Securities Pvt. Ltd.,ABC Securities Private Limited,639,357.0,228123.0,2025-07-14 13:03:30.066736
2025-07-14,38265,2025071401014022,SANIMA,Sumeru Securities Pvt. Ltd.,Thrive Brokerage House Pvt. Ltd,100,358.0,35800.0,2025-07-14 13:04:36.107479
2025-07-14,38264,2025071401014023,SANIMA,Online Securities Pvt. Ltd.,Thrive Brokerage House Pvt. Ltd,40,357.0,14280.0,2025-07-14 13:04:36.108198
2025-07-14,38215,2025071401014035,SANIMA,Online Securities Pvt. Ltd.,Oxford Securities Pvt. Ltd.,500,357.0,178500.0,2025-07-14 13:04:50.388080
2025-07-14,37830,2025071401014144,SANIMA,Neev Securities Pvt. Ltd.,SUN SECURITIES PVT LTD,200,357.3,71460.0,2025-07-14 13:06:42.815536
2025-07-14,37829,2025071401014145,SANIMA,Himalayan Brokerage Company Limited,SUN SECURITIES PVT LTD,100,357.1,35710.0,2025-07-14 13:06:42.815891
2025-07-14,37828,2025071401014146,SANIMA,Online Securities Pvt. Ltd.,SUN SECURITIES PVT LTD,450,357.0,160650.0,2025-07-14 13:06:42.816055
2025-07-14,37809,2025071401014150,SANIMA,Online Securities Pvt. Ltd.,Market Securities & Exchange (PVT) Ltd.,371,357.0,132447.0,2025-07-14 13:06:51.631492
2025-07-14,37808,2025071401014151,SANIMA,Online Securities Pvt. Ltd.,Market Securities & Exchange (PVT) Ltd.,1500,357.0,535500.0,2025-07-14 13:06:51.631841
2025-07-14,37807,2025071401014152,SANIMA,Naasa Securities Co. Ltd.,Market Securities & Exchange (PVT) Ltd.,150,357.0,53550.0,2025-07-14 13:06:51.631991
2025-07-14,37806,2025071401014153,SANIMA,Creative Securities Pvt Ltd,Market Securities & Exchange (PVT) Ltd.,500,357.0,178500.0,2025-07-14 13:06:51.632147
2025-07-14,37805,2025071401014154,SANIMA,Naasa Securities Co. Ltd.,Market Securities & Exchange (PVT) Ltd.,200,357.0,71400.0,2025-07-14 13:06:51.632293
2025-07-14,37804,2025071401014155,SANIMA,Sani Securities Company Ltd.,Market Securities & Exchange (PVT) Ltd.,200,357.0,71400.0,2025-07-14 13:06:51.632441
2025-07-14,37803,2025071401014156,SANIMA,Investment Management Nepal Pvt. Ltd.,Market Securities & Exchange (PVT) Ltd.,79,357.0,28203.0,2025-07-14 13:06:51.632589
2025-07-14,37709,2025071401014186,SANIMA,Investment Management Nepal Pvt. Ltd.,Aakashbhairab Securities Ltd.,121,357.0,43197.0,2025-07-14 13:07:31.931523
2025-07-14,37708,2025071401014187,SANIMA,Imperial Securities Company Pvt. Ltd.,Aakashbhairab Securities Ltd.,180,357.0,64260.0,2025-07-14 13:07:31.931598
2025-07-14,37707,2025071401014188,SANIMA,Bhrikuti Stock Broking Co. Pvt. Ltd.,Aakashbhairab Securities Ltd.,199,356.5,70943.5,2025-07-14 13:07:31.931628
2025-07-14,37212,2025071401014316,SANIMA,Nagarik Stock Dealer ,SUN SECURITIES PVT LTD,40,356.8,14272.0,2025-07-14 13:09:44.443666
2025-07-14,37155,2025071401014336,SANIMA,Opal Securities Investment (PVT) Ltd.,J.F. Securites (PVT) Ltd.,75,357.0,26775.0,2025-07-14 13:10:00.835816
2025-07-14,36986,2025071401014397,SANIMA,Nagarik Stock Dealer ,Opal Securities Investment (PVT) Ltd.,560,356.8,199808.0,2025-07-14 13:10:45.029474
2025-07-14,36985,2025071401014398,SANIMA,Bhrikuti Stock Broking Co. Pvt. Ltd.,Opal Securities Investment (PVT) Ltd.,301,356.5,107306.5,2025-07-14 13:10:45.029835
2025-07-14,36984,2025071401014399,SANIMA,Aryatara Investment & Securities,Opal Securities Investment (PVT) Ltd.,17,356.5,6060.5,2025-07-14 13:10:45.029989
2025-07-14,36983,2025071401014400,SANIMA,Online Securities Pvt. Ltd.,Opal Securities Investment (PVT) Ltd.,500,356.5,178250.0,2025-07-14 13:10:45.030144
2025-07-14,36982,2025071401014401,SANIMA,ABC Securities Private Limited,Opal Securities Investment (PVT) Ltd.,3622,356.2,1290156.4,2025-07-14 13:10:45.030290
2025-07-14,36890,2025071401014433,SANIMA,Bhrikuti Stock Broking Co. Pvt. Ltd.,J.F. Securites (PVT) Ltd.,25,357.0,8925.0,2025-07-14 13:11:13.109060
2025-07-14,36889,2025071401014434,SANIMA,Bhrikuti Stock Broking Co. Pvt. Ltd.,Aryatara Investment & Securities,75,357.0,26775.0,2025-07-14 13:11:13.109504
2025-07-14,36849,2025071401014456,SANIMA,ABC Securities Private Limited,Opal Securities Investment (PVT) Ltd.,1300,356.2,463060.0,2025-07-14 13:11:23.230284
2025-07-14,36652,2025071401014524,SANIMA,ABC Securities Private Limited,Vision Securities Pvt. Ltd,78,356.2,27783.6,2025-07-14 13:12:24.002217
2025-07-14,36558,2025071401014545,SANIMA,Himalayan Securities Limited,Imperial Securities Company Pvt. Ltd.,200,356.1,71220.0,2025-07-14 13:12:45.014996
2025-07-14,36341,2025071401014620,SANIMA,Dipshikha Dhitopatra Karobar Co. Pvt Ltd.,Aryatara Investment & Securities,50,356.3,17815.0,2025-07-14 13:13:52.419956
2025-07-14,36340,2025071401014621,SANIMA,Kohinoor Investment & Securities Pvt. Ltd.,Aryatara Investment & Securities,100,356.2,35620.0,2025-07-14 13:13:52.420283
2025-07-14,36339,2025071401014622,SANIMA,Himalayan Securities Limited,Aryatara Investment & Securities,850,356.1,302685.0,2025-07-14 13:13:52.420438
2025-07-14,36164,2025071401014685,SANIMA,Naasa Securities Co. Ltd.,Imperial Securities Company Pvt. Ltd.,70,356.3,24941.0,2025-07-14 13:14:37.664336
2025-07-14,36161,2025071401014688,SANIMA,Deevyaa Securities & Stock House Pvt. Ltd,Deevyaa Securities & Stock House Pvt. Ltd,1000,356.2,356200.0,2025-07-14 13:14:39.620970
2025-07-14,36160,2025071401014689,SANIMA,Himalayan Securities Limited,Deevyaa Securities & Stock House Pvt. Ltd,500,356.1,178050.0,2025-07-14 13:14:39.621357
2025-07-14,36028,2025071401014717,SANIMA,Himalayan Securities Limited,Imperial Securities Company Pvt. Ltd.,18,356.1,6409.8,2025-07-14 13:15:15.431328
2025-07-14,35956,2025071401014741,SANIMA,Nepal Stock House (PVT) Ltd.,ABC Securities Private Limited,1,355.0,355.0,2025-07-14 13:15:40.066845
2025-07-14,35872,2025071401014763,SANIMA,Himalayan Securities Limited,Sundhara Securities Limited,200,356.1,71220.0,2025-07-14 13:16:10.399666
2025-07-14,35826,2025071401014771,SANIMA,Midas Stock Broking Company Private Limited,Dakshinkali Investment & Securities Pvt. Ltd.,14,356.2,4986.8,2025-07-14 13:16:30.763588
2025-07-14,35825,2025071401014772,SANIMA,Himalayan Securities Limited,Dakshinkali Investment & Securities Pvt. Ltd.,232,356.1,82615.2,2025-07-14 13:16:30.764020
