Date,S.N.,contract_id,symbol,buyer_broker,seller_broker,volume,price,amount,transaction_time
2025-07-14,72170,2025071404000181,SHL,Kalika Securities Pvt. Ltd.,Kumari Securities Private Limited,200,568.1,113620.0,2025-07-14 11:01:30.417889
2025-07-14,72121,2025071404000194,SHL,KALASH STOCK MARKET PVT. LTD.,Sani Securities Company Ltd.,100,570.0,57000.0,2025-07-14 11:01:41.712468
2025-07-14,72032,2025071404000244,SHL,Hatemalo Financial Services Private Limited,Bhrikuti Stock Broking Co. Pvt. Ltd.,100,572.9,57290.0,2025-07-14 11:02:03.642171
2025-07-14,72013,2025071404000252,SHL,KALASH STOCK MARKET PVT. LTD.,Bhrikuti Stock Broking Co. Pvt. Ltd.,200,572.9,114580.0,2025-07-14 11:02:06.832723
2025-07-14,71951,2025071404000268,SHL,KALASH STOCK MARKET PVT. LTD.,Citizens Share Broker Limited,100,572.9,57290.0,2025-07-14 11:02:23.225588
2025-07-14,71831,2025071404000300,SHL,Creative Securities Pvt Ltd,Imperial Securities Company Pvt. Ltd.,100,568.2,56820.0,2025-07-14 11:02:48.125981
2025-07-14,71670,2025071404000359,SHL,Nepal Stock House (PVT) Ltd.,Online Securities Pvt. Ltd.,100,572.1,57210.0,2025-07-14 11:03:18.404529
2025-07-14,71638,2025071404000370,SHL,Deevyaa Securities & Stock House Pvt. Ltd,Online Securities Pvt. Ltd.,230,572.1,131583.0,2025-07-14 11:03:22.185233
2025-07-14,71637,2025071404000371,SHL,Deevyaa Securities & Stock House Pvt. Ltd,Capital Hub P. Ltd,500,574.0,287000.0,2025-07-14 11:03:22.185273
2025-07-14,71636,2025071404000372,SHL,Deevyaa Securities & Stock House Pvt. Ltd,Linch Stock Market Ltd.,200,574.0,114800.0,2025-07-14 11:03:22.185298
2025-07-14,71635,2025071404000373,SHL,Deevyaa Securities & Stock House Pvt. Ltd,Imperial Securities Company Pvt. Ltd.,110,574.0,63140.0,2025-07-14 11:03:22.185352
2025-07-14,71634,2025071404000374,SHL,Deevyaa Securities & Stock House Pvt. Ltd,Citizens Share Broker Limited,1960,574.8,1126608.0,2025-07-14 11:03:22.185390
2025-07-14,71504,2025071404000422,SHL,Kalika Securities Pvt. Ltd.,Kumari Securities Private Limited,100,572.1,57210.0,2025-07-14 11:03:50.378678
2025-07-14,71387,2025071404000452,SHL,Linch Stock Market Ltd.,Nepal Stock House (PVT) Ltd.,100,569.0,56900.0,2025-07-14 11:04:10.221152
2025-07-14,70820,2025071404000666,SHL,Vision Securities Pvt. Ltd,Pragyan Securities (PVT) Ltd.,100,569.1,56910.0,2025-07-14 11:05:39.612388
2025-07-14,70819,2025071404000667,SHL,KALASH STOCK MARKET PVT. LTD.,Pragyan Securities (PVT) Ltd.,100,568.2,56820.0,2025-07-14 11:05:39.612505
2025-07-14,70802,2025071404000669,SHL,KALASH STOCK MARKET PVT. LTD.,Imperial Securities Company Pvt. Ltd.,180,570.0,102600.0,2025-07-14 11:05:41.539966
2025-07-14,70483,2025071404000768,SHL,NIMB Stock Markets Limited,Imperial Securities Company Pvt. Ltd.,170,570.0,96900.0,2025-07-14 11:06:37.591636
2025-07-14,70392,2025071404000787,SHL,Swarna Laxmi Securities Pvt. Ltd.,Online Securities Pvt. Ltd.,100,569.0,56900.0,2025-07-14 11:06:56.106917
2025-07-14,70287,2025071404000826,SHL,Himalayan Securities Limited,Aryatara Investment & Securities,200,570.0,114000.0,2025-07-14 11:07:20.461344
2025-07-14,70286,2025071404000827,SHL,Himalayan Securities Limited,Hatemalo Financial Services Private Limited,600,571.0,342600.0,2025-07-14 11:07:20.461563
2025-07-14,70285,2025071404000828,SHL,Himalayan Securities Limited,Nepal Stock House (PVT) Ltd.,150,572.0,85800.0,2025-07-14 11:07:20.461716
2025-07-14,70176,2025071404000865,SHL,Trishakti Securities Public Limited,Kumari Securities Private Limited,100,572.1,57210.0,2025-07-14 11:07:40.962531
2025-07-14,70175,2025071404000866,SHL,Trishakti Securities Public Limited,Imperial Securities Company Pvt. Ltd.,100,572.1,57210.0,2025-07-14 11:07:40.962726
2025-07-14,70129,2025071404000877,SHL,Capital Max Securities Ltd,Neev Securities Pvt. Ltd.,200,574.4,114880.0,2025-07-14 11:07:48.667957
2025-07-14,70031,2025071404000906,SHL,J.F. Securites (PVT) Ltd.,Neev Securities Pvt. Ltd.,100,574.4,57440.0,2025-07-14 11:08:10.761045
2025-07-14,69958,2025071404000917,SHL,Trishakti Securities Public Limited,Sweta Securities Private Limited,200,572.2,114440.0,2025-07-14 11:08:26.820253
2025-07-14,69957,2025071404000918,SHL,Sani Securities Company Ltd.,Sweta Securities Private Limited,200,572.1,114420.0,2025-07-14 11:08:26.820395
2025-07-14,69903,2025071404000928,SHL,Aryatara Investment & Securities,Sweta Securities Private Limited,100,572.0,57200.0,2025-07-14 11:08:39.008957
2025-07-14,69535,2025071404001015,SHL,Himalayan Securities Limited,Aryatara Investment & Securities,1000,573.0,573000.0,2025-07-14 11:10:04.932046
2025-07-14,69320,2025071404001079,SHL,Himalayan Securities Limited,Opal Securities Investment (PVT) Ltd.,3000,572.0,1716000.0,2025-07-14 11:10:48.054122
2025-07-14,69263,2025071404001098,SHL,Online Securities Pvt. Ltd.,Nagarik Stock Dealer ,150,571.0,85650.0,2025-07-14 11:11:04.106579
2025-07-14,69058,2025071404001162,SHL,Capital Max Securities Ltd,Shree Krishna Securities Ltd.,100,570.1,57010.0,2025-07-14 11:11:41.200648
2025-07-14,69057,2025071404001163,SHL,Deevyaa Securities & Stock House Pvt. Ltd,Shree Krishna Securities Ltd.,100,570.0,57000.0,2025-07-14 11:11:41.200925
2025-07-14,68778,2025071404001226,SHL,Himalayan Securities Limited,Garima Securities Limited,100,572.9,57290.0,2025-07-14 11:12:37.346372
2025-07-14,68777,2025071404001227,SHL,Himalayan Securities Limited,Vision Securities Pvt. Ltd,100,572.9,57290.0,2025-07-14 11:12:37.346545
2025-07-14,68776,2025071404001228,SHL,Himalayan Securities Limited,Aryatara Investment & Securities,200,573.0,114600.0,2025-07-14 11:12:37.346643
2025-07-14,68775,2025071404001229,SHL,Himalayan Securities Limited,Imperial Securities Company Pvt. Ltd.,400,573.0,229200.0,2025-07-14 11:12:37.346721
2025-07-14,68774,2025071404001230,SHL,Himalayan Securities Limited,Sani Securities Company Ltd.,1193,573.0,683589.0,2025-07-14 11:12:37.346775
2025-07-14,68610,2025071404001294,SHL,Naasa Securities Co. Ltd.,Sani Securities Company Ltd.,104,573.0,59592.0,2025-07-14 11:13:09.710143
2025-07-14,68160,2025071404001448,SHL,Linch Stock Market Ltd.,Sani Securities Company Ltd.,200,573.0,114600.0,2025-07-14 11:14:23.506617
2025-07-14,68134,2025071404001458,SHL,Swarna Laxmi Securities Pvt. Ltd.,Imperial Securities Company Pvt. Ltd.,184,571.0,105064.0,2025-07-14 11:14:27.177023
2025-07-14,68133,2025071404001459,SHL,Trishakti Securities Public Limited,Imperial Securities Company Pvt. Ltd.,100,570.0,57000.0,2025-07-14 11:14:27.177228
2025-07-14,68132,2025071404001460,SHL,Aryatara Investment & Securities,Imperial Securities Company Pvt. Ltd.,150,570.0,85500.0,2025-07-14 11:14:27.177287
2025-07-14,67499,2025071404001595,SHL,Swarna Laxmi Securities Pvt. Ltd.,Imperial Securities Company Pvt. Ltd.,266,570.0,151620.0,2025-07-14 11:16:35.578078
2025-07-14,67491,2025071404001596,SHL,Vision Securities Pvt. Ltd,Imperial Securities Company Pvt. Ltd.,300,570.0,171000.0,2025-07-14 11:16:37.891486
2025-07-14,67058,2025071404001715,SHL,Midas Stock Broking Company Private Limited,Imperial Securities Company Pvt. Ltd.,1000,570.0,570000.0,2025-07-14 11:18:12.470335
2025-07-14,66102,2025071404001946,SHL,Imperial Securities Company Pvt. Ltd.,Imperial Securities Company Pvt. Ltd.,35,558.6,19551.0,2025-07-14 11:21:21.471254
2025-07-14,65824,2025071404002004,SHL,Agrawal Securities (PVT) Ltd.,Online Securities Pvt. Ltd.,100,570.0,57000.0,2025-07-14 11:22:20.885703
2025-07-14,65780,2025071404002021,SHL,KALASH STOCK MARKET PVT. LTD.,Naasa Securities Co. Ltd.,100,571.0,57100.0,2025-07-14 11:22:32.413334
2025-07-14,65527,2025071404002098,SHL,South Asian Bulls Pvt. Ltd.,Miyo Securities Pvt Ltd,400,569.5,227800.0,2025-07-14 11:23:12.600848
2025-07-14,65526,2025071404002099,SHL,Sweta Securities Private Limited,Miyo Securities Pvt Ltd,100,569.4,56940.0,2025-07-14 11:23:12.601026
2025-07-14,65434,2025071404002136,SHL,Premier Securities Company Ltd.,Vision Securities Pvt. Ltd,110,570.0,62700.0,2025-07-14 11:23:26.972987
2025-07-14,65433,2025071404002137,SHL,Premier Securities Company Ltd.,Naasa Securities Co. Ltd.,200,571.0,114200.0,2025-07-14 11:23:26.973055
2025-07-14,65432,2025071404002138,SHL,Premier Securities Company Ltd.,Primo Securities (PVT) Ltd.,425,572.0,243100.0,2025-07-14 11:23:26.973080
2025-07-14,65298,2025071404002172,SHL,Blue Chip Securities Ltd,Primo Securities (PVT) Ltd.,121,572.0,69212.0,2025-07-14 11:23:53.302172
2025-07-14,64547,2025071404002332,SHL,INDEX SECURITIES LIMITED,Thrive Brokerage House Pvt. Ltd,200,572.0,114400.0,2025-07-14 11:26:05.502532
2025-07-14,64546,2025071404002333,SHL,INDEX SECURITIES LIMITED,Dakshinkali Investment & Securities Pvt. Ltd.,100,572.4,57240.0,2025-07-14 11:26:05.502842
2025-07-14,64545,2025071404002334,SHL,INDEX SECURITIES LIMITED,Opal Securities Investment (PVT) Ltd.,448,572.4,256435.2,2025-07-14 11:26:05.503036
2025-07-14,64544,2025071404002335,SHL,INDEX SECURITIES LIMITED,Sweta Securities Private Limited,100,572.8,57280.0,2025-07-14 11:26:05.503225
2025-07-14,64543,2025071404002336,SHL,INDEX SECURITIES LIMITED,Kumari Securities Private Limited,100,572.8,57280.0,2025-07-14 11:26:05.503421
2025-07-14,64542,2025071404002337,SHL,INDEX SECURITIES LIMITED,Opal Securities Investment (PVT) Ltd.,1052,572.9,602690.8,2025-07-14 11:26:05.503608
2025-07-14,62986,2025071404002670,SHL,Capital Max Securities Ltd,Vision Securities Pvt. Ltd,132,570.5,75306.0,2025-07-14 11:30:40.580234
2025-07-14,62888,2025071404002693,SHL,Opal Securities Investment (PVT) Ltd.,Imperial Securities Company Pvt. Ltd.,500,570.2,285100.0,2025-07-14 11:30:53.076687
2025-07-14,62558,2025071404002792,SHL,Opal Securities Investment (PVT) Ltd.,Sweta Securities Private Limited,123,570.2,70134.6,2025-07-14 11:31:52.893443
2025-07-14,62426,2025071404002817,SHL,Opal Securities Investment (PVT) Ltd.,Bhrikuti Stock Broking Co. Pvt. Ltd.,177,570.2,100925.4,2025-07-14 11:32:14.960209
2025-07-14,62425,2025071404002818,SHL,KALASH STOCK MARKET PVT. LTD.,Bhrikuti Stock Broking Co. Pvt. Ltd.,500,570.1,285050.0,2025-07-14 11:32:14.960402
2025-07-14,62424,2025071404002819,SHL,Market Securities & Exchange (PVT) Ltd.,Bhrikuti Stock Broking Co. Pvt. Ltd.,323,570.1,184142.3,2025-07-14 11:32:14.960472
2025-07-14,61671,2025071404003063,SHL,Market Securities & Exchange (PVT) Ltd.,ABC Securities Private Limited,100,570.3,57030.0,2025-07-14 11:34:21.404310
2025-07-14,61670,2025071404003064,SHL,Sani Securities Company Ltd.,ABC Securities Private Limited,300,570.2,171060.0,2025-07-14 11:34:21.404401
2025-07-14,61669,2025071404003065,SHL,Market Securities & Exchange (PVT) Ltd.,ABC Securities Private Limited,677,570.1,385957.7,2025-07-14 11:34:21.404432
2025-07-14,61668,2025071404003066,SHL,Investment Management Nepal Pvt. Ltd.,ABC Securities Private Limited,800,570.0,456000.0,2025-07-14 11:34:21.404460
2025-07-14,61667,2025071404003067,SHL,Kumari Securities Private Limited,ABC Securities Private Limited,123,570.0,70110.0,2025-07-14 11:34:21.404488
2025-07-14,61627,2025071404003076,SHL,Naasa Securities Co. Ltd.,Himalayan Securities Limited,330,570.0,188100.0,2025-07-14 11:34:26.926629
2025-07-14,61626,2025071404003077,SHL,Capital Max Securities Ltd,Himalayan Securities Limited,140,570.0,79800.0,2025-07-14 11:34:26.926852
2025-07-14,61529,2025071404003095,SHL,Asian Securities Private Ltd.,ABC Securities Private Limited,500,569.3,284650.0,2025-07-14 11:34:38.494572
2025-07-14,61528,2025071404003096,SHL,Thrive Brokerage House Pvt. Ltd,ABC Securities Private Limited,100,569.2,56920.0,2025-07-14 11:34:38.494674
2025-07-14,61527,2025071404003097,SHL,ABC Securities Private Limited,ABC Securities Private Limited,500,569.0,284500.0,2025-07-14 11:34:38.494755
2025-07-14,61526,2025071404003098,SHL,Investment Management Nepal Pvt. Ltd.,ABC Securities Private Limited,400,569.0,227600.0,2025-07-14 11:34:38.494822
2025-07-14,61505,2025071404003105,SHL,INDEX SECURITIES LIMITED,Himalayan Securities Limited,2500,570.0,1425000.0,2025-07-14 11:34:42.143362
2025-07-14,61504,2025071404003106,SHL,NIMB Stock Markets Limited,Himalayan Securities Limited,30,570.0,17100.0,2025-07-14 11:34:42.143550
2025-07-14,61436,2025071404003124,SHL,Investment Management Nepal Pvt. Ltd.,ABC Securities Private Limited,100,569.0,56900.0,2025-07-14 11:34:54.600748
2025-07-14,61435,2025071404003125,SHL,Imperial Securities Company Pvt. Ltd.,ABC Securities Private Limited,202,568.9,114917.8,2025-07-14 11:34:54.601082
2025-07-14,61434,2025071404003126,SHL,Vision Securities Pvt. Ltd,ABC Securities Private Limited,200,568.8,113760.0,2025-07-14 11:34:54.601292
2025-07-14,61433,2025071404003127,SHL,Capital Max Securities Ltd,ABC Securities Private Limited,498,568.8,283262.4,2025-07-14 11:34:54.601523
2025-07-14,61328,2025071404003162,SHL,Capital Max Securities Ltd,Sani Securities Company Ltd.,1003,568.8,570506.4,2025-07-14 11:35:19.082167
2025-07-14,61311,2025071404003171,SHL,Capital Max Securities Ltd,MILKY WAY SHARE BROKER COMPANY LTD ,1000,568.8,568800.0,2025-07-14 11:35:23.142425
2025-07-14,61200,2025071404003196,SHL,Capital Max Securities Ltd,Sani Securities Company Ltd.,2499,568.8,1421431.2,2025-07-14 11:35:41.418085
2025-07-14,61008,2025071404003242,SHL,ABC Securities Private Limited,Sani Securities Company Ltd.,500,569.0,284500.0,2025-07-14 11:36:19.826953
2025-07-14,60789,2025071404003291,SHL,Opal Securities Investment (PVT) Ltd.,Arun Securities (PVT) Ltd.,200,570.9,114180.0,2025-07-14 11:37:02.586941
2025-07-14,60788,2025071404003292,SHL,Opal Securities Investment (PVT) Ltd.,Asian Securities Private Ltd.,150,570.9,85635.0,2025-07-14 11:37:02.587272
2025-07-14,60787,2025071404003293,SHL,Opal Securities Investment (PVT) Ltd.,Nepal Investment And Securities Trading Private Limited,300,570.9,171270.0,2025-07-14 11:37:02.587502
2025-07-14,60249,2025071404003474,SHL,Market Securities & Exchange (PVT) Ltd.,Sani Securities Company Ltd.,101,569.0,57469.0,2025-07-14 11:38:25.579567
2025-07-14,60021,2025071404003535,SHL,Sani Securities Company Ltd.,Bhrikuti Stock Broking Co. Pvt. Ltd.,200,569.0,113800.0,2025-07-14 11:39:13.084110
2025-07-14,59338,2025071404003701,SHL,KALASH STOCK MARKET PVT. LTD.,ABC Securities Private Limited,100,568.8,56880.0,2025-07-14 11:41:25.205032
2025-07-14,59337,2025071404003702,SHL,Vision Securities Pvt. Ltd,ABC Securities Private Limited,200,568.8,113760.0,2025-07-14 11:41:25.205148
2025-07-14,59336,2025071404003703,SHL,Thrive Brokerage House Pvt. Ltd,ABC Securities Private Limited,100,568.7,56870.0,2025-07-14 11:41:25.205258
2025-07-14,59335,2025071404003704,SHL,Cristal Kanchanjanga Securites Pvt. Ltd.,ABC Securities Private Limited,337,568.7,191651.9,2025-07-14 11:41:25.205368
2025-07-14,59334,2025071404003705,SHL,Capital Max Securities Ltd,ABC Securities Private Limited,1263,568.6,718141.8,2025-07-14 11:41:25.205443
2025-07-14,58463,2025071404003906,SHL,Vision Securities Pvt. Ltd,South Asian Bulls Pvt. Ltd.,100,568.6,56860.0,2025-07-14 11:43:43.343353
2025-07-14,58115,2025071404004008,SHL,Vision Securities Pvt. Ltd,Sani Securities Company Ltd.,100,568.6,56860.0,2025-07-14 11:44:46.695977
2025-07-14,58114,2025071404004009,SHL,Vision Securities Pvt. Ltd,Sani Securities Company Ltd.,200,568.3,113660.0,2025-07-14 11:44:46.696219
2025-07-14,58113,2025071404004010,SHL,INDEX SECURITIES LIMITED,Sani Securities Company Ltd.,100,568.1,56810.0,2025-07-14 11:44:46.696289
2025-07-14,57980,2025071404004046,SHL,INDEX SECURITIES LIMITED,Trishakti Securities Public Limited,2400,568.1,1363440.0,2025-07-14 11:45:15.583273
2025-07-14,57979,2025071404004047,SHL,Market Securities & Exchange (PVT) Ltd.,Trishakti Securities Public Limited,100,568.1,56810.0,2025-07-14 11:45:15.583502
2025-07-14,57978,2025071404004048,SHL,Sani Securities Company Ltd.,Trishakti Securities Public Limited,103,568.0,58504.0,2025-07-14 11:45:15.583576
2025-07-14,57977,2025071404004049,SHL,Capital Max Securities Ltd,Trishakti Securities Public Limited,2297,568.0,1304696.0,2025-07-14 11:45:15.583645
2025-07-14,57872,2025071404004073,SHL,Opal Securities Investment (PVT) Ltd.,Online Securities Pvt. Ltd.,800,568.0,454400.0,2025-07-14 11:45:34.709566
2025-07-14,57871,2025071404004074,SHL,Opal Securities Investment (PVT) Ltd.,Online Securities Pvt. Ltd.,150,568.0,85200.0,2025-07-14 11:45:34.709787
2025-07-14,57710,2025071404004120,SHL,Vision Securities Pvt. Ltd,Trishakti Securities Public Limited,141,566.2,79834.2,2025-07-14 11:46:05.884797
2025-07-14,55052,2025071404004727,SHL,Premier Securities Company Ltd.,Arun Securities (PVT) Ltd.,100,569.3,56930.0,2025-07-14 11:54:46.081284
2025-07-14,54983,2025071404004737,SHL,Naasa Securities Co. Ltd.,Arun Securities (PVT) Ltd.,100,569.3,56930.0,2025-07-14 11:54:57.227287
2025-07-14,54982,2025071404004738,SHL,Naasa Securities Co. Ltd.,Sundhara Securities Limited,100,569.4,56940.0,2025-07-14 11:54:57.227523
2025-07-14,54302,2025071404004910,SHL,INDEX SECURITIES LIMITED,INDEX SECURITIES LIMITED,5050,569.2,2874460.0,2025-07-14 11:56:46.384875
2025-07-14,53968,2025071404004991,SHL,Sharepro Securities Private Limited,Dipshikha Dhitopatra Karobar Co. Pvt Ltd.,100,569.5,56950.0,2025-07-14 11:57:43.230559
2025-07-14,53528,2025071404005089,SHL,Naasa Securities Co. Ltd.,Online Securities Pvt. Ltd.,100,569.1,56910.0,2025-07-14 11:58:59.711992
2025-07-14,52387,2025071404005503,SHL,Market Securities & Exchange (PVT) Ltd.,K.B.L. Securities Limited ,100,568.0,56800.0,2025-07-14 12:02:57.637513
2025-07-14,52386,2025071404005504,SHL,Swarna Laxmi Securities Pvt. Ltd.,K.B.L. Securities Limited ,100,568.0,56800.0,2025-07-14 12:02:57.637732
2025-07-14,52385,2025071404005505,SHL,Sharepro Securities Private Limited,K.B.L. Securities Limited ,100,568.0,56800.0,2025-07-14 12:02:57.637814
2025-07-14,51869,2025071404005647,SHL,INDEX SECURITIES LIMITED,Investment Management Nepal Pvt. Ltd.,100,568.0,56800.0,2025-07-14 12:05:11.931802
2025-07-14,51868,2025071404005648,SHL,INDEX SECURITIES LIMITED,Cristal Kanchanjanga Securites Pvt. Ltd.,1000,568.0,568000.0,2025-07-14 12:05:11.932026
2025-07-14,51867,2025071404005649,SHL,INDEX SECURITIES LIMITED,Trishakti Securities Public Limited,200,568.9,113780.0,2025-07-14 12:05:11.932109
2025-07-14,51866,2025071404005650,SHL,INDEX SECURITIES LIMITED,Cristal Kanchanjanga Securites Pvt. Ltd.,1000,569.0,569000.0,2025-07-14 12:05:11.932219
2025-07-14,51865,2025071404005651,SHL,INDEX SECURITIES LIMITED,Sweta Securities Private Limited,100,569.1,56910.0,2025-07-14 12:05:11.932301
2025-07-14,51864,2025071404005652,SHL,INDEX SECURITIES LIMITED,Dynamic Money Managers Securities Pvt. Ltd.,500,570.0,285000.0,2025-07-14 12:05:11.932390
2025-07-14,51863,2025071404005653,SHL,INDEX SECURITIES LIMITED,Stoxkarts Securities Limited,170,570.0,96900.0,2025-07-14 12:05:11.932471
2025-07-14,51862,2025071404005654,SHL,INDEX SECURITIES LIMITED,Citizens Share Broker Limited,540,570.0,307800.0,2025-07-14 12:05:11.932545
2025-07-14,51861,2025071404005655,SHL,INDEX SECURITIES LIMITED,Vision Securities Pvt. Ltd,1000,570.0,570000.0,2025-07-14 12:05:11.932619
2025-07-14,51860,2025071404005656,SHL,INDEX SECURITIES LIMITED,Opal Securities Investment (PVT) Ltd.,340,570.5,193970.0,2025-07-14 12:05:11.932695
2025-07-14,50985,2025071404005928,SHL,Thrive Brokerage House Pvt. Ltd,Online Securities Pvt. Ltd.,200,570.4,114080.0,2025-07-14 12:08:33.794331
2025-07-14,50932,2025071404005944,SHL,Thrive Brokerage House Pvt. Ltd,Cristal Kanchanjanga Securites Pvt. Ltd.,100,570.0,57000.0,2025-07-14 12:08:46.858168
2025-07-14,50586,2025071404006025,SHL,Thrive Brokerage House Pvt. Ltd,Himalayan Securities Limited,100,569.1,56910.0,2025-07-14 12:10:11.103716
2025-07-14,50541,2025071404006046,SHL,Himalayan Brokerage Company Limited,Cristal Kanchanjanga Securites Pvt. Ltd.,350,570.0,199500.0,2025-07-14 12:10:22.665343
2025-07-14,50445,2025071404006073,SHL,Aryatara Investment & Securities,Roadshow securities limited,100,569.0,56900.0,2025-07-14 12:10:45.073760
2025-07-14,50444,2025071404006074,SHL,Kumari Securities Private Limited,Roadshow securities limited,200,568.5,113700.0,2025-07-14 12:10:45.073857
2025-07-14,50443,2025071404006075,SHL,Naasa Securities Co. Ltd.,Roadshow securities limited,100,568.2,56820.0,2025-07-14 12:10:45.073925
2025-07-14,50442,2025071404006076,SHL,KALASH STOCK MARKET PVT. LTD.,Roadshow securities limited,100,568.2,56820.0,2025-07-14 12:10:45.074012
2025-07-14,50441,2025071404006077,SHL,Aryatara Investment & Securities,Roadshow securities limited,500,568.1,284050.0,2025-07-14 12:10:45.074077
2025-07-14,50440,2025071404006078,SHL,Asian Securities Private Ltd.,Roadshow securities limited,500,568.1,284050.0,2025-07-14 12:10:45.074149
2025-07-14,50309,2025071404006125,SHL,Trisul Securities & Invt. Ltd.,Cristal Kanchanjanga Securites Pvt. Ltd.,150,570.0,85500.0,2025-07-14 12:11:17.776372
2025-07-14,49834,2025071404006236,SHL,Asian Securities Private Ltd.,South Asian Bulls Pvt. Ltd.,320,568.1,181792.0,2025-07-14 12:13:08.992006
2025-07-14,49833,2025071404006237,SHL,INDEX SECURITIES LIMITED,South Asian Bulls Pvt. Ltd.,1000,568.0,568000.0,2025-07-14 12:13:08.992234
2025-07-14,48104,2025071404006703,SHL,Secured Securities Ltd.,Himalayan Brokerage Company Limited,540,568.3,306882.0,2025-07-14 12:20:53.580257
2025-07-14,47816,2025071404006781,SHL,Investment Management Nepal Pvt. Ltd.,Primo Securities (PVT) Ltd.,100,569.7,56970.0,2025-07-14 12:22:04.790852
2025-07-14,47815,2025071404006782,SHL,Investment Management Nepal Pvt. Ltd.,Dipshikha Dhitopatra Karobar Co. Pvt Ltd.,100,569.9,56990.0,2025-07-14 12:22:04.791099
2025-07-14,47814,2025071404006783,SHL,Investment Management Nepal Pvt. Ltd.,Cristal Kanchanjanga Securites Pvt. Ltd.,400,570.0,228000.0,2025-07-14 12:22:04.791184
2025-07-14,47813,2025071404006784,SHL,Investment Management Nepal Pvt. Ltd.,Vision Securities Pvt. Ltd,150,570.0,85500.0,2025-07-14 12:22:04.791269
2025-07-14,47707,2025071404006819,SHL,Vision Securities Pvt. Ltd,Vision Securities Pvt. Ltd,500,570.0,285000.0,2025-07-14 12:22:43.761737
2025-07-14,47632,2025071404006848,SHL,Oxford Securities Pvt. Ltd.,INDEX SECURITIES LIMITED,100,568.1,56810.0,2025-07-14 12:23:05.177274
2025-07-14,47631,2025071404006849,SHL,Investment Management Nepal Pvt. Ltd.,INDEX SECURITIES LIMITED,500,568.0,284000.0,2025-07-14 12:23:05.177566
2025-07-14,47630,2025071404006850,SHL,Infinity Securities Limited,INDEX SECURITIES LIMITED,100,567.5,56750.0,2025-07-14 12:23:05.177655
2025-07-14,47629,2025071404006851,SHL,Oxford Securities Pvt. Ltd.,INDEX SECURITIES LIMITED,100,567.4,56740.0,2025-07-14 12:23:05.177737
2025-07-14,45666,2025071404007536,SHL,Vision Securities Pvt. Ltd,Sunrise Securities Limited,200,567.4,113480.0,2025-07-14 12:32:12.404957
2025-07-14,45665,2025071404007537,SHL,Dipshikha Dhitopatra Karobar Co. Pvt Ltd.,Sunrise Securities Limited,100,567.3,56730.0,2025-07-14 12:32:12.405173
2025-07-14,45664,2025071404007538,SHL,Vision Securities Pvt. Ltd,Sunrise Securities Limited,200,567.1,113420.0,2025-07-14 12:32:12.405264
2025-07-14,45567,2025071404007567,SHL,Premier Securities Company Ltd.,INDEX SECURITIES LIMITED,100,567.0,56700.0,2025-07-14 12:32:42.947430
2025-07-14,45566,2025071404007568,SHL,South Asian Bulls Pvt. Ltd.,INDEX SECURITIES LIMITED,500,566.8,283400.0,2025-07-14 12:32:42.947693
2025-07-14,45565,2025071404007569,SHL,Arun Securities (PVT) Ltd.,INDEX SECURITIES LIMITED,1000,566.7,566700.0,2025-07-14 12:32:42.947797
2025-07-14,45564,2025071404007570,SHL,Vision Securities Pvt. Ltd,INDEX SECURITIES LIMITED,100,566.5,56650.0,2025-07-14 12:32:42.947884
2025-07-14,45563,2025071404007571,SHL,Imperial Securities Company Pvt. Ltd.,INDEX SECURITIES LIMITED,500,566.5,283250.0,2025-07-14 12:32:42.947965
2025-07-14,45562,2025071404007572,SHL,Vision Securities Pvt. Ltd,INDEX SECURITIES LIMITED,200,566.3,113260.0,2025-07-14 12:32:42.948043
2025-07-14,45561,2025071404007573,SHL,Nepal Stock House (PVT) Ltd.,INDEX SECURITIES LIMITED,100,566.1,56610.0,2025-07-14 12:32:42.948121
2025-07-14,43683,2025071404008092,SHL,Dynamic Money Managers Securities Pvt. Ltd.,BHOLE GANESH SECURITIES LTD,200,566.3,113260.0,2025-07-14 12:40:39.972715
2025-07-14,43682,2025071404008093,SHL,Vision Securities Pvt. Ltd,BHOLE GANESH SECURITIES LTD,200,566.2,113240.0,2025-07-14 12:40:39.973153
2025-07-14,43681,2025071404008094,SHL,Vision Securities Pvt. Ltd,BHOLE GANESH SECURITIES LTD,100,566.2,56620.0,2025-07-14 12:40:39.973439
2025-07-14,43680,2025071404008095,SHL,Nepal Stock House (PVT) Ltd.,BHOLE GANESH SECURITIES LTD,300,566.1,169830.0,2025-07-14 12:40:39.973696
2025-07-14,43476,2025071404008158,SHL,Nepal Stock House (PVT) Ltd.,Primo Securities (PVT) Ltd.,100,566.1,56610.0,2025-07-14 12:41:45.836336
2025-07-14,43475,2025071404008159,SHL,Sunrise Securities Limited,Primo Securities (PVT) Ltd.,200,566.0,113200.0,2025-07-14 12:41:45.836612
2025-07-14,43474,2025071404008160,SHL,Sani Securities Company Ltd.,Primo Securities (PVT) Ltd.,100,566.0,56600.0,2025-07-14 12:41:45.836698
2025-07-14,43473,2025071404008161,SHL,Vision Securities Pvt. Ltd,Primo Securities (PVT) Ltd.,100,566.0,56600.0,2025-07-14 12:41:45.836779
2025-07-14,43472,2025071404008162,SHL,Nepal Investment And Securities Trading Private Limited,Primo Securities (PVT) Ltd.,160,566.0,90560.0,2025-07-14 12:41:45.836881
2025-07-14,43471,2025071404008163,SHL,Vision Securities Pvt. Ltd,Primo Securities (PVT) Ltd.,200,565.6,113120.0,2025-07-14 12:41:45.836962
2025-07-14,43470,2025071404008164,SHL,Investment Management Nepal Pvt. Ltd.,Primo Securities (PVT) Ltd.,200,565.5,113100.0,2025-07-14 12:41:45.837044
2025-07-14,43469,2025071404008165,SHL,Vision Securities Pvt. Ltd,Primo Securities (PVT) Ltd.,500,565.3,282650.0,2025-07-14 12:41:45.837128
2025-07-14,43468,2025071404008166,SHL,KALASH STOCK MARKET PVT. LTD.,Primo Securities (PVT) Ltd.,500,565.2,282600.0,2025-07-14 12:41:45.837207
2025-07-14,43467,2025071404008167,SHL,Online Securities Pvt. Ltd.,Primo Securities (PVT) Ltd.,978,565.2,552765.6,2025-07-14 12:41:45.837284
2025-07-14,43199,2025071404008285,SHL,ABC Securities Private Limited,Nepal Stock House (PVT) Ltd.,100,565.1,56510.0,2025-07-14 12:42:56.466040
2025-07-14,42009,2025071404008699,SHL,KALASH STOCK MARKET PVT. LTD.,Trisul Securities & Invt. Ltd.,400,566.1,226440.0,2025-07-14 12:48:43.780601
2025-07-14,41096,2025071404008985,SHL,KALASH STOCK MARKET PVT. LTD.,Opal Securities Investment (PVT) Ltd.,100,566.1,56610.0,2025-07-14 12:52:46.098742
2025-07-14,41095,2025071404008986,SHL,Infinity Securities Limited,Opal Securities Investment (PVT) Ltd.,100,566.0,56600.0,2025-07-14 12:52:46.099178
2025-07-14,41094,2025071404008987,SHL,ABC Securities Private Limited,Opal Securities Investment (PVT) Ltd.,400,565.1,226040.0,2025-07-14 12:52:46.099483
2025-07-14,41093,2025071404008988,SHL,Hatemalo Financial Services Private Limited,Opal Securities Investment (PVT) Ltd.,1000,565.1,565100.0,2025-07-14 12:52:46.099836
2025-07-14,41092,2025071404008989,SHL,Primo Securities (PVT) Ltd.,Opal Securities Investment (PVT) Ltd.,100,565.0,56500.0,2025-07-14 12:52:46.100114
2025-07-14,41091,2025071404008990,SHL,SUN SECURITIES PVT LTD,Opal Securities Investment (PVT) Ltd.,300,565.0,169500.0,2025-07-14 12:52:46.100418
2025-07-14,39173,2025071404009597,SHL,Agrawal Securities (PVT) Ltd.,Bhrikuti Stock Broking Co. Pvt. Ltd.,500,568.0,284000.0,2025-07-14 13:00:06.376596
2025-07-14,39172,2025071404009598,SHL,Agrawal Securities (PVT) Ltd.,Sumeru Securities Pvt. Ltd.,100,568.0,56800.0,2025-07-14 13:00:06.376855
2025-07-14,39171,2025071404009599,SHL,Agrawal Securities (PVT) Ltd.,Premier Securities Company Ltd.,500,568.0,284000.0,2025-07-14 13:00:06.376947
2025-07-14,38367,2025071404009883,SHL,Secured Securities Ltd.,Agrawal Securities (PVT) Ltd.,10,568.0,5680.0,2025-07-14 13:04:04.370019
2025-07-14,37697,2025071404010112,SHL,KALASH STOCK MARKET PVT. LTD.,Sani Securities Company Ltd.,500,568.0,284000.0,2025-07-14 13:07:34.249214
2025-07-14,37252,2025071404010273,SHL,Imperial Securities Company Pvt. Ltd.,Dipshikha Dhitopatra Karobar Co. Pvt Ltd.,100,566.8,56680.0,2025-07-14 13:09:33.499129
2025-07-14,37251,2025071404010274,SHL,Opal Securities Investment (PVT) Ltd.,Dipshikha Dhitopatra Karobar Co. Pvt Ltd.,395,566.7,223846.5,2025-07-14 13:09:33.499432
2025-07-14,36770,2025071404010410,SHL,Opal Securities Investment (PVT) Ltd.,Deevyaa Securities & Stock House Pvt. Ltd,500,566.7,283350.0,2025-07-14 13:11:47.878961
2025-07-14,36731,2025071404010424,SHL,Opal Securities Investment (PVT) Ltd.,Deevyaa Securities & Stock House Pvt. Ltd,200,566.7,113340.0,2025-07-14 13:12:01.949484
2025-07-14,36391,2025071404010568,SHL,Naasa Securities Co. Ltd.,Sri Hari Securities Pvt. Ltd.,100,567.0,56700.0,2025-07-14 13:13:39.271886
2025-07-14,36390,2025071404010569,SHL,Opal Securities Investment (PVT) Ltd.,Sri Hari Securities Pvt. Ltd.,100,566.7,56670.0,2025-07-14 13:13:39.272199
2025-07-14,36199,2025071404010626,SHL,Opal Securities Investment (PVT) Ltd.,Premier Securities Company Ltd.,1500,567.9,851850.0,2025-07-14 13:14:29.078114
2025-07-14,35466,2025071404010864,SHL,Sumeru Securities Pvt. Ltd.,Sani Securities Company Ltd.,300,568.0,170400.0,2025-07-14 13:17:57.179577
2025-07-14,35424,2025071404010880,SHL,Sani Securities Company Ltd.,Sewa Securities Pvt. Ltd.,200,568.0,113600.0,2025-07-14 13:18:10.087981
2025-07-14,35324,2025071404010921,SHL,Sani Securities Company Ltd.,Primo Securities (PVT) Ltd.,300,568.0,170400.0,2025-07-14 13:18:35.310409
2025-07-14,35323,2025071404010922,SHL,Opal Securities Investment (PVT) Ltd.,Primo Securities (PVT) Ltd.,500,567.9,283950.0,2025-07-14 13:18:35.310872
2025-07-14,34704,2025071404011098,SHL,Market Securities & Exchange (PVT) Ltd.,Opal Securities Investment (PVT) Ltd.,500,567.0,283500.0,2025-07-14 13:20:46.911352
2025-07-14,34573,2025071404011128,SHL,Naasa Securities Co. Ltd.,Secured Securities Ltd.,100,566.5,56650.0,2025-07-14 13:21:18.097486
2025-07-14,34572,2025071404011129,SHL,Naasa Securities Co. Ltd.,Secured Securities Ltd.,362,566.4,205036.8,2025-07-14 13:21:18.097929
2025-07-14,34145,2025071404011239,SHL,Sani Securities Company Ltd.,Imperial Securities Company Pvt. Ltd.,500,566.5,283250.0,2025-07-14 13:23:19.277425
2025-07-14,33824,2025071404011330,SHL,Naasa Securities Co. Ltd.,Market Securities & Exchange (PVT) Ltd.,438,566.4,248083.2,2025-07-14 13:24:51.025819
2025-07-14,31913,2025071404012026,SHL,K.B.L. Securities Limited ,Market Securities & Exchange (PVT) Ltd.,500,566.5,283250.0,2025-07-14 13:32:10.234364
2025-07-14,31119,2025071404012299,SHL,Sagarmatha Securities Private Limited,Opal Securities Investment (PVT) Ltd.,500,567.0,283500.0,2025-07-14 13:35:19.725352
2025-07-14,30712,2025071404012425,SHL,Thrive Brokerage House Pvt. Ltd,Opal Securities Investment (PVT) Ltd.,2000,567.0,1134000.0,2025-07-14 13:36:39.923309
2025-07-14,29400,2025071404012852,SHL,Opal Securities Investment (PVT) Ltd.,Trishakti Securities Public Limited,100,566.1,56610.0,2025-07-14 13:41:44.725470
2025-07-14,29399,2025071404012853,SHL,Primo Securities (PVT) Ltd.,Trishakti Securities Public Limited,900,566.1,509490.0,2025-07-14 13:41:44.725689
2025-07-14,29193,2025071404012908,SHL,Primo Securities (PVT) Ltd.,Sweta Securities Private Limited,100,566.1,56610.0,2025-07-14 13:42:36.124722
2025-07-14,29192,2025071404012909,SHL,Market Securities & Exchange (PVT) Ltd.,Sweta Securities Private Limited,1000,566.0,566000.0,2025-07-14 13:42:36.124955
2025-07-14,29191,2025071404012910,SHL,Opal Securities Investment (PVT) Ltd.,Sweta Securities Private Limited,250,566.0,141500.0,2025-07-14 13:42:36.125048
2025-07-14,29190,2025071404012911,SHL,Sani Securities Company Ltd.,Sweta Securities Private Limited,200,565.7,113140.0,2025-07-14 13:42:36.125133
2025-07-14,29189,2025071404012912,SHL,Cristal Kanchanjanga Securites Pvt. Ltd.,Sweta Securities Private Limited,1000,565.7,565700.0,2025-07-14 13:42:36.125216
2025-07-14,29188,2025071404012913,SHL,Opal Securities Investment (PVT) Ltd.,Sweta Securities Private Limited,2450,565.6,1385720.0,2025-07-14 13:42:36.125306
2025-07-14,29013,2025071404012976,SHL,Opal Securities Investment (PVT) Ltd.,Dipshikha Dhitopatra Karobar Co. Pvt Ltd.,1910,565.6,1080296.0,2025-07-14 13:43:11.318480
2025-07-14,24978,2025071404014157,SHL,Deevyaa Securities & Stock House Pvt. Ltd,Sundhara Securities Limited,100,566.0,56600.0,2025-07-14 14:01:02.355170
2025-07-14,24977,2025071404014158,SHL,Opal Securities Investment (PVT) Ltd.,Sundhara Securities Limited,100,565.8,56580.0,2025-07-14 14:01:02.355271
2025-07-14,24880,2025071404014177,SHL,K.B.L. Securities Limited ,Dipshikha Dhitopatra Karobar Co. Pvt Ltd.,125,567.0,70875.0,2025-07-14 14:01:29.605368
2025-07-14,24879,2025071404014178,SHL,K.B.L. Securities Limited ,Sani Securities Company Ltd.,200,567.0,113400.0,2025-07-14 14:01:29.605801
2025-07-14,24609,2025071404014256,SHL,Malla & Malla Stock Broking Company Pvt. Limited,Primo Securities (PVT) Ltd.,100,567.9,56790.0,2025-07-14 14:02:39.822157
2025-07-14,24537,2025071404014281,SHL,KALASH STOCK MARKET PVT. LTD.,Siprabi Securities Pvt. Ltd.,100,565.3,56530.0,2025-07-14 14:02:49.955634
2025-07-14,24536,2025071404014282,SHL,Siprabi Securities Pvt. Ltd.,Siprabi Securities Pvt. Ltd.,100,565.1,56510.0,2025-07-14 14:02:49.956066
2025-07-14,24535,2025071404014283,SHL,Opal Securities Investment (PVT) Ltd.,Siprabi Securities Pvt. Ltd.,200,565.1,113020.0,2025-07-14 14:02:49.956350
2025-07-14,24392,2025071404014310,SHL,Cristal Kanchanjanga Securites Pvt. Ltd.,INDEX SECURITIES LIMITED,1000,565.2,565200.0,2025-07-14 14:03:32.560735
2025-07-14,24391,2025071404014311,SHL,Opal Securities Investment (PVT) Ltd.,INDEX SECURITIES LIMITED,1165,565.1,658341.5,2025-07-14 14:03:32.560983
2025-07-14,23015,2025071404014705,SHL,Himalayan Brokerage Company Limited,Hatemalo Financial Services Private Limited,250,566.0,141500.0,2025-07-14 14:09:03.448767
2025-07-14,23014,2025071404014706,SHL,Sri Hari Securities Pvt. Ltd.,Hatemalo Financial Services Private Limited,200,565.5,113100.0,2025-07-14 14:09:03.449042
2025-07-14,23013,2025071404014707,SHL,ABC Securities Private Limited,Hatemalo Financial Services Private Limited,100,565.3,56530.0,2025-07-14 14:09:03.449157
2025-07-14,23012,2025071404014708,SHL,Kalika Securities Pvt. Ltd.,Hatemalo Financial Services Private Limited,50,565.0,28250.0,2025-07-14 14:09:03.449294
2025-07-14,22969,2025071404014729,SHL,Bhrikuti Stock Broking Co. Pvt. Ltd.,Hatemalo Financial Services Private Limited,1100,565.2,621720.0,2025-07-14 14:09:18.490965
2025-07-14,22968,2025071404014730,SHL,Dipshikha Dhitopatra Karobar Co. Pvt Ltd.,Hatemalo Financial Services Private Limited,500,565.2,282600.0,2025-07-14 14:09:18.491229
2025-07-14,22967,2025071404014731,SHL,Sani Securities Company Ltd.,Hatemalo Financial Services Private Limited,100,565.2,56520.0,2025-07-14 14:09:18.491323
2025-07-14,22966,2025071404014732,SHL,Vision Securities Pvt. Ltd,Hatemalo Financial Services Private Limited,200,565.2,113040.0,2025-07-14 14:09:18.491423
2025-07-14,22824,2025071404014793,SHL,Vision Securities Pvt. Ltd,Hatemalo Financial Services Private Limited,100,565.2,56520.0,2025-07-14 14:09:52.593235
2025-07-14,22810,2025071404014797,SHL,Vision Securities Pvt. Ltd,Nabil Stock Dealer Ltd.,100,565.2,56520.0,2025-07-14 14:09:57.718859
2025-07-14,22356,2025071404014892,SHL,Himalayan Brokerage Company Limited,Nepal Investment And Securities Trading Private Limited,100,565.3,56530.0,2025-07-14 14:11:30.565969
2025-07-14,22158,2025071404014975,SHL,Opal Securities Investment (PVT) Ltd.,Nepal Investment And Securities Trading Private Limited,150,565.1,84765.0,2025-07-14 14:12:09.766174
2025-07-14,20163,2025071404015603,SHL,Naasa Securities Co. Ltd.,Sipla Securities Private Limited,500,565.3,282650.0,2025-07-14 14:20:18.603240
2025-07-14,20162,2025071404015604,SHL,Online Securities Pvt. Ltd.,Sipla Securities Private Limited,300,565.2,169560.0,2025-07-14 14:20:18.603542
2025-07-14,20161,2025071404015605,SHL,Dipshikha Dhitopatra Karobar Co. Pvt Ltd.,Sipla Securities Private Limited,200,565.2,113040.0,2025-07-14 14:20:18.603637
2025-07-14,19942,2025071404015653,SHL,Dipshikha Dhitopatra Karobar Co. Pvt Ltd.,Sweta Securities Private Limited,100,565.2,56520.0,2025-07-14 14:20:59.011244
2025-07-14,19412,2025071404015793,SHL,Kumari Securities Private Limited,Dynamic Money Managers Securities Pvt. Ltd.,200,565.3,113060.0,2025-07-14 14:22:38.001866
2025-07-14,18930,2025071404015947,SHL,Opal Securities Investment (PVT) Ltd.,Aryatara Investment & Securities,120,565.6,67872.0,2025-07-14 14:24:14.660171
2025-07-14,18170,2025071404016196,SHL,Opal Securities Investment (PVT) Ltd.,Opal Securities Investment (PVT) Ltd.,1660,565.6,938896.0,2025-07-14 14:26:35.040856
2025-07-14,17910,2025071404016262,SHL,Opal Securities Investment (PVT) Ltd.,Opal Securities Investment (PVT) Ltd.,948,565.6,536188.8,2025-07-14 14:27:18.241498
2025-07-14,16516,2025071404016708,SHL,Neev Securities Pvt. Ltd.,Property Wiard Limited,100,565.7,56570.0,2025-07-14 14:31:17.531904
2025-07-14,15983,2025071404016870,SHL,Neev Securities Pvt. Ltd.,Indira securities pvt. ltd,100,565.7,56570.0,2025-07-14 14:32:43.430857
2025-07-14,15982,2025071404016871,SHL,Opal Securities Investment (PVT) Ltd.,Indira securities pvt. ltd,900,565.6,509040.0,2025-07-14 14:32:43.430976
2025-07-14,15422,2025071404017003,SHL,Kumari Securities Private Limited,Trishakti Securities Public Limited,100,565.7,56570.0,2025-07-14 14:34:06.366502
2025-07-14,15421,2025071404017004,SHL,Opal Securities Investment (PVT) Ltd.,Trishakti Securities Public Limited,900,565.6,509040.0,2025-07-14 14:34:06.366979
2025-07-14,13628,2025071404017548,SHL,Deevyaa Securities & Stock House Pvt. Ltd,Nabil Stock Dealer Ltd.,100,566.0,56600.0,2025-07-14 14:38:11.072142
2025-07-14,13536,2025071404017597,SHL,ABC Securities Private Limited,Nabil Stock Dealer Ltd.,400,566.0,226400.0,2025-07-14 14:38:29.001697
2025-07-14,13535,2025071404017598,SHL,ABC Securities Private Limited,Trisul Securities & Invt. Ltd.,100,566.0,56600.0,2025-07-14 14:38:29.001966
2025-07-14,13470,2025071404017611,SHL,Malla & Malla Stock Broking Company Pvt. Limited,Indira securities pvt. ltd,500,565.7,282850.0,2025-07-14 14:38:38.446551
2025-07-14,13215,2025071404017682,SHL,Siprabi Securities Pvt. Ltd.,Himalayan Securities Limited,100,566.0,56600.0,2025-07-14 14:39:22.216301
2025-07-14,13214,2025071404017683,SHL,Asian Securities Private Ltd.,Himalayan Securities Limited,400,566.0,226400.0,2025-07-14 14:39:22.216554
2025-07-14,13213,2025071404017684,SHL,Sani Securities Company Ltd.,Himalayan Securities Limited,100,565.7,56570.0,2025-07-14 14:39:22.216648
2025-07-14,13212,2025071404017685,SHL,Market Securities & Exchange (PVT) Ltd.,Himalayan Securities Limited,500,565.7,282850.0,2025-07-14 14:39:22.216736
2025-07-14,13211,2025071404017686,SHL,Opal Securities Investment (PVT) Ltd.,Himalayan Securities Limited,3697,565.6,2091023.2,2025-07-14 14:39:22.216869
2025-07-14,12737,2025071404017837,SHL,Nepal Stock House (PVT) Ltd.,Trishakti Securities Public Limited,100,566.9,56690.0,2025-07-14 14:40:34.190954
2025-07-14,11813,2025071404018141,SHL,Primo Securities (PVT) Ltd.,Deevyaa Securities & Stock House Pvt. Ltd,800,565.5,452400.0,2025-07-14 14:42:33.451287
2025-07-14,11411,2025071404018241,SHL,Imperial Securities Company Pvt. Ltd.,Primo Securities (PVT) Ltd.,100,566.0,56600.0,2025-07-14 14:43:28.235086
2025-07-14,10908,2025071404018350,SHL,Primo Securities (PVT) Ltd.,Primo Securities (PVT) Ltd.,200,565.5,113100.0,2025-07-14 14:44:31.562138
2025-07-14,10907,2025071404018351,SHL,Opal Securities Investment (PVT) Ltd.,Primo Securities (PVT) Ltd.,1100,565.4,621940.0,2025-07-14 14:44:31.562371
2025-07-14,10603,2025071404018416,SHL,Opal Securities Investment (PVT) Ltd.,INDEX SECURITIES LIMITED,181,565.4,102337.4,2025-07-14 14:45:01.166799
2025-07-14,10575,2025071404018433,SHL,Opal Securities Investment (PVT) Ltd.,Aakashbhairab Securities Ltd.,750,565.4,424050.0,2025-07-14 14:45:05.504257
2025-07-14,10542,2025071404018445,SHL,Opal Securities Investment (PVT) Ltd.,Indira securities pvt. ltd,310,565.4,175274.0,2025-07-14 14:45:11.655378
2025-07-14,9669,2025071404018813,SHL,Opal Securities Investment (PVT) Ltd.,Secured Securities Ltd.,500,565.4,282700.0,2025-07-14 14:47:06.856021
2025-07-14,9499,2025071404018873,SHL,Market Securities & Exchange (PVT) Ltd.,Trishakti Securities Public Limited,400,565.9,226360.0,2025-07-14 14:47:32.005849
2025-07-14,9163,2025071404019012,SHL,Market Securities & Exchange (PVT) Ltd.,Imperial Securities Company Pvt. Ltd.,220,566.0,124520.0,2025-07-14 14:48:16.293578
2025-07-14,9041,2025071404019081,SHL,Agrawal Securities (PVT) Ltd.,KALASH STOCK MARKET PVT. LTD.,100,565.9,56590.0,2025-07-14 14:48:30.229965
2025-07-14,8767,2025071404019158,SHL,Agrawal Securities (PVT) Ltd.,Trishakti Securities Public Limited,200,565.9,113180.0,2025-07-14 14:49:03.009883
2025-07-14,8705,2025071404019183,SHL,Opal Securities Investment (PVT) Ltd.,Capital Hub P. Ltd,1000,565.4,565400.0,2025-07-14 14:49:10.351445
2025-07-14,8367,2025071404019277,SHL,Opal Securities Investment (PVT) Ltd.,Trishakti Securities Public Limited,800,565.4,452320.0,2025-07-14 14:49:54.479354
2025-07-14,8282,2025071404019295,SHL,Opal Securities Investment (PVT) Ltd.,Kalika Securities Pvt. Ltd.,100,565.4,56540.0,2025-07-14 14:50:07.288804
2025-07-14,8089,2025071404019381,SHL,Opal Securities Investment (PVT) Ltd.,Naasa Securities Co. Ltd.,100,565.4,56540.0,2025-07-14 14:50:29.224961
2025-07-14,7672,2025071404019519,SHL,Sani Securities Company Ltd.,Ashutosh Brokerage & Securities (PVT) Ltd.,111,566.0,62826.0,2025-07-14 14:51:20.725614
2025-07-14,7586,2025071404019540,SHL,Sani Securities Company Ltd.,Bhrikuti Stock Broking Co. Pvt. Ltd.,150,566.0,84900.0,2025-07-14 14:51:32.068757
2025-07-14,7437,2025071404019599,SHL,Sani Securities Company Ltd.,Imperial Securities Company Pvt. Ltd.,100,565.5,56550.0,2025-07-14 14:51:49.897635
2025-07-14,5939,2025071404020088,SHL,Opal Securities Investment (PVT) Ltd.,R.B.B. Securities Company Ltd,100,565.5,56550.0,2025-07-14 14:54:05.163511
2025-07-14,5919,2025071404020089,SHL,Market Securities & Exchange (PVT) Ltd.,Investment Management Nepal Pvt. Ltd.,380,565.5,214890.0,2025-07-14 14:54:06.882888
2025-07-14,5918,2025071404020090,SHL,J.F. Securites (PVT) Ltd.,Investment Management Nepal Pvt. Ltd.,200,565.5,113100.0,2025-07-14 14:54:06.883106
2025-07-14,5917,2025071404020091,SHL,Opal Securities Investment (PVT) Ltd.,Investment Management Nepal Pvt. Ltd.,420,565.4,237468.0,2025-07-14 14:54:06.883201
2025-07-14,5676,2025071404020159,SHL,Naasa Securities Co. Ltd.,Arun Securities (PVT) Ltd.,400,566.0,226400.0,2025-07-14 14:54:28.763965
2025-07-14,4492,2025071404020557,SHL,Asian Securities Private Ltd.,Nagarik Stock Dealer ,200,566.1,113220.0,2025-07-14 14:56:13.608739
2025-07-14,4491,2025071404020558,SHL,Naasa Securities Co. Ltd.,Nagarik Stock Dealer ,600,566.0,339600.0,2025-07-14 14:56:13.608981
2025-07-14,4490,2025071404020559,SHL,Market Securities & Exchange (PVT) Ltd.,Nagarik Stock Dealer ,100,566.0,56600.0,2025-07-14 14:56:13.609072
2025-07-14,4489,2025071404020560,SHL,Sani Securities Company Ltd.,Nagarik Stock Dealer ,100,566.0,56600.0,2025-07-14 14:56:13.609155
2025-07-14,2984,2025071404020996,SHL,Asian Securities Private Ltd.,Sweta Securities Private Limited,100,566.7,56670.0,2025-07-14 14:58:03.334515
2025-07-14,2622,2025071404021108,SHL,Primo Securities (PVT) Ltd.,Sajilo Broker Limited,100,566.2,56620.0,2025-07-14 14:58:24.652820
2025-07-14,1692,2025071404021387,SHL,South Asian Bulls Pvt. Ltd.,Cristal Kanchanjanga Securites Pvt. Ltd.,700,566.3,396410.0,2025-07-14 14:59:07.112364
2025-07-14,1691,2025071404021388,SHL,Primo Securities (PVT) Ltd.,Cristal Kanchanjanga Securites Pvt. Ltd.,400,566.2,226480.0,2025-07-14 14:59:07.112598
2025-07-14,1690,2025071404021389,SHL,Online Securities Pvt. Ltd.,Cristal Kanchanjanga Securites Pvt. Ltd.,706,566.2,399737.2,2025-07-14 14:59:07.112707
2025-07-14,1689,2025071404021390,SHL,Cristal Kanchanjanga Securites Pvt. Ltd.,Cristal Kanchanjanga Securites Pvt. Ltd.,100,566.1,56610.0,2025-07-14 14:59:07.112803
2025-07-14,1587,2025071404021436,SHL,Naasa Securities Co. Ltd.,Malla & Malla Stock Broking Company Pvt. Limited,100,566.1,56610.0,2025-07-14 14:59:11.229508
2025-07-14,1322,2025071404021526,SHL,Opal Securities Investment (PVT) Ltd.,Imperial Securities Company Pvt. Ltd.,250,566.0,141500.0,2025-07-14 14:59:20.769562
2025-07-14,902,2025071404021660,SHL,Thrive Brokerage House Pvt. Ltd,Property Wiard Limited,202,566.1,114352.2,2025-07-14 14:59:33.351423
2025-07-14,901,2025071404021661,SHL,Thrive Brokerage House Pvt. Ltd,Sani Securities Company Ltd.,150,566.8,85020.0,2025-07-14 14:59:33.351635
2025-07-14,900,2025071404021662,SHL,Thrive Brokerage House Pvt. Ltd,Aryatara Investment & Securities,500,567.0,283500.0,2025-07-14 14:59:33.351733
2025-07-14,899,2025071404021663,SHL,Thrive Brokerage House Pvt. Ltd,Sundhara Securities Limited,110,567.0,62370.0,2025-07-14 14:59:33.351827
2025-07-14,898,2025071404021664,SHL,Thrive Brokerage House Pvt. Ltd,Primo Securities (PVT) Ltd.,100,567.9,56790.0,2025-07-14 14:59:33.351922
2025-07-14,897,2025071404021665,SHL,Thrive Brokerage House Pvt. Ltd,Online Securities Pvt. Ltd.,938,567.9,532690.2,2025-07-14 14:59:33.352009
