Date,S.N.,Contract ID,Symbol,Buyer Broker,Seller Broker,quantity,rate,amount,transaction_time
2025-07-21,138805,2025072104000002,AHPC,Market Securities & Exchange (PVT) Ltd.,Capital Hub P. Ltd,150,299.9,44985.0,2025-07-21 10:46:00.032362
2025-07-21,138804,2025072104000003,AHPC,Infinity Securities Limited,Capital Hub P. Ltd,250,299.9,74975.0,2025-07-21 10:46:00.032436
2025-07-21,138606,2025072104000066,AHPC,Infinity Securities Limited,Sani Securities Company Ltd.,250,300.0,75000.0,2025-07-21 11:00:33.731499
2025-07-21,138225,2025072104000267,AHPC,Kohinoor Investment & Securities Pvt. Ltd.,Pragyan Securities (PVT) Ltd.,100,300.0,30000.0,2025-07-21 11:01:21.667255
2025-07-21,138135,2025072104000314,AHPC,Kohinoor Investment & Securities Pvt. Ltd.,Cristal Kanchanjanga Securites Pvt. Ltd.,150,300.0,45000.0,2025-07-21 11:01:32.918563
2025-07-21,138134,2025072104000315,AHPC,Agrawal Securities (PVT) Ltd.,Cristal Kanchanjanga Securites Pvt. Ltd.,350,300.0,105000.0,2025-07-21 11:01:32.918617
2025-07-21,138102,2025072104000338,AHPC,Agrawal Securities (PVT) Ltd.,Sani Securities Company Ltd.,150,300.0,45000.0,2025-07-21 11:01:38.507288
2025-07-21,137073,2025072104000781,AHPC,SUN SECURITIES PVT LTD,Sani Securities Company Ltd.,100,299.0,29900.0,2025-07-21 11:03:41.554302
2025-07-21,136949,2025072104000857,AHPC,Sanima Securities Limited,J.F. Securites (PVT) Ltd.,300,298.0,89400.0,2025-07-21 11:03:52.866609
2025-07-21,136647,2025072104000963,AHPC,Imperial Securities Company Pvt. Ltd.,J.F. Securites (PVT) Ltd.,400,298.0,119200.0,2025-07-21 11:04:22.708187
2025-07-21,136547,2025072104001007,AHPC,Asian Securities Private Ltd.,Primo Securities (PVT) Ltd.,501,297.1,148847.1,2025-07-21 11:04:38.028126
2025-07-21,136546,2025072104001008,AHPC,Property Wiard Limited,Primo Securities (PVT) Ltd.,999,297.0,296703.0,2025-07-21 11:04:38.028282
2025-07-21,135947,2025072104001231,AHPC,J.F. Securites (PVT) Ltd.,Trishakti Securities Public Limited,50,298.0,14900.0,2025-07-21 11:05:35.425232
2025-07-21,135110,2025072104001516,AHPC,Asian Securities Private Ltd.,Trishakti Securities Public Limited,34,297.0,10098.0,2025-07-21 11:06:55.450474
2025-07-21,134943,2025072104001579,AHPC,Garima Securities Limited,Shree Krishna Securities Ltd.,100,296.2,29620.0,2025-07-21 11:07:08.269400
2025-07-21,134942,2025072104001580,AHPC,Dakshinkali Investment & Securities Pvt. Ltd.,Shree Krishna Securities Ltd.,125,296.1,37012.5,2025-07-21 11:07:08.269510
2025-07-21,134941,2025072104001581,AHPC,Imperial Securities Company Pvt. Ltd.,Shree Krishna Securities Ltd.,10,296.0,2960.0,2025-07-21 11:07:08.269564
2025-07-21,134940,2025072104001582,AHPC,Shree Krishna Securities Ltd.,Shree Krishna Securities Ltd.,1000,295.1,295100.0,2025-07-21 11:07:08.269607
2025-07-21,134939,2025072104001583,AHPC,Malla & Malla Stock Broking Company Pvt. Limited,Shree Krishna Securities Ltd.,10,295.0,2950.0,2025-07-21 11:07:08.269648
2025-07-21,134938,2025072104001584,AHPC,Naasa Securities Co. Ltd.,Shree Krishna Securities Ltd.,1000,295.0,295000.0,2025-07-21 11:07:08.269692
2025-07-21,134937,2025072104001585,AHPC,Opal Securities Investment (PVT) Ltd.,Shree Krishna Securities Ltd.,170,295.0,50150.0,2025-07-21 11:07:08.269731
2025-07-21,134936,2025072104001586,AHPC,Asian Securities Private Ltd.,Shree Krishna Securities Ltd.,50,295.0,14750.0,2025-07-21 11:07:08.269810
2025-07-21,134935,2025072104001587,AHPC,Aryatara Investment & Securities,Shree Krishna Securities Ltd.,100,295.0,29500.0,2025-07-21 11:07:08.269852
2025-07-21,134934,2025072104001588,AHPC,Premier Securities Company Ltd.,Shree Krishna Securities Ltd.,1200,295.0,354000.0,2025-07-21 11:07:08.269906
2025-07-21,134871,2025072104001610,AHPC,Online Securities Pvt. Ltd.,Shree Krishna Securities Ltd.,89,295.0,26255.0,2025-07-21 11:07:12.942744
2025-07-21,134771,2025072104001652,AHPC,Dakshinkali Investment & Securities Pvt. Ltd.,Shree Krishna Securities Ltd.,250,294.2,73550.0,2025-07-21 11:07:20.396738
2025-07-21,134770,2025072104001653,AHPC,Naasa Securities Co. Ltd.,Shree Krishna Securities Ltd.,340,294.1,99994.0,2025-07-21 11:07:20.396837
2025-07-21,134769,2025072104001654,AHPC,Sewa Securities Pvt. Ltd.,Shree Krishna Securities Ltd.,100,294.0,29400.0,2025-07-21 11:07:20.396922
2025-07-21,134768,2025072104001655,AHPC,Naasa Securities Co. Ltd.,Shree Krishna Securities Ltd.,500,294.0,147000.0,2025-07-21 11:07:20.396974
2025-07-21,134767,2025072104001656,AHPC,Agrawal Securities (PVT) Ltd.,Shree Krishna Securities Ltd.,30,294.0,8820.0,2025-07-21 11:07:20.397014
2025-07-21,134766,2025072104001657,AHPC,Asian Securities Private Ltd.,Shree Krishna Securities Ltd.,531,294.0,156114.0,2025-07-21 11:07:20.397054
2025-07-21,134765,2025072104001658,AHPC,Investment Management Nepal Pvt. Ltd.,Shree Krishna Securities Ltd.,200,294.0,58800.0,2025-07-21 11:07:20.397093
2025-07-21,134764,2025072104001659,AHPC,Primo Securities (PVT) Ltd.,Shree Krishna Securities Ltd.,2000,294.0,588000.0,2025-07-21 11:07:20.397132
2025-07-21,134763,2025072104001660,AHPC,Dipshikha Dhitopatra Karobar Co. Pvt Ltd.,Shree Krishna Securities Ltd.,50,293.0,14650.0,2025-07-21 11:07:20.397170
2025-07-21,134762,2025072104001661,AHPC,Midas Stock Broking Company Private Limited,Shree Krishna Securities Ltd.,500,293.0,146500.0,2025-07-21 11:07:20.397210
2025-07-21,134761,2025072104001662,AHPC,Sumeru Securities Pvt. Ltd.,Shree Krishna Securities Ltd.,100,293.0,29300.0,2025-07-21 11:07:20.397253
2025-07-21,134760,2025072104001663,AHPC,Sani Securities Company Ltd.,Shree Krishna Securities Ltd.,1300,293.0,380900.0,2025-07-21 11:07:20.397301
2025-07-21,134759,2025072104001664,AHPC,Creative Securities Pvt Ltd,Shree Krishna Securities Ltd.,100,293.0,29300.0,2025-07-21 11:07:20.397352
2025-07-21,134735,2025072104001669,AHPC,KALASH STOCK MARKET PVT. LTD.,Shree Krishna Securities Ltd.,145,293.0,42485.0,2025-07-21 11:07:22.282848
2025-07-21,134659,2025072104001697,AHPC,KALASH STOCK MARKET PVT. LTD.,Shree Krishna Securities Ltd.,1855,294.3,545926.5,2025-07-21 11:07:28.441491
2025-07-21,134658,2025072104001698,AHPC,Primo Securities (PVT) Ltd.,Shree Krishna Securities Ltd.,1000,292.2,292200.0,2025-07-21 11:07:28.441597
2025-07-21,134657,2025072104001699,AHPC,South Asian Bulls Pvt. Ltd.,Shree Krishna Securities Ltd.,3000,292.1,876300.0,2025-07-21 11:07:28.441684
2025-07-21,134656,2025072104001700,AHPC,Kumari Securities Private Limited,Shree Krishna Securities Ltd.,200,292.1,58420.0,2025-07-21 11:07:28.441722
2025-07-21,134655,2025072104001701,AHPC,Kohinoor Investment & Securities Pvt. Ltd.,Shree Krishna Securities Ltd.,500,292.1,146050.0,2025-07-21 11:07:28.441760
2025-07-21,134654,2025072104001702,AHPC,Vision Securities Pvt. Ltd,Shree Krishna Securities Ltd.,500,292.1,146050.0,2025-07-21 11:07:28.441800
2025-07-21,134653,2025072104001703,AHPC,Dakshinkali Investment & Securities Pvt. Ltd.,Shree Krishna Securities Ltd.,250,292.0,73000.0,2025-07-21 11:07:28.441838
2025-07-21,134652,2025072104001704,AHPC,Naasa Securities Co. Ltd.,Shree Krishna Securities Ltd.,180,292.0,52560.0,2025-07-21 11:07:28.441877
2025-07-21,134651,2025072104001705,AHPC,Property Wiard Limited,Shree Krishna Securities Ltd.,1000,291.2,291200.0,2025-07-21 11:07:28.441912
2025-07-21,134650,2025072104001706,AHPC,Aryatara Investment & Securities,Shree Krishna Securities Ltd.,1000,291.1,291100.0,2025-07-21 11:07:28.441961
2025-07-21,134649,2025072104001707,AHPC,South Asian Bulls Pvt. Ltd.,Shree Krishna Securities Ltd.,515,291.1,149916.5,2025-07-21 11:07:28.442004
2025-07-21,133852,2025072104001951,AHPC,Trishakti Securities Public Limited,N.M.B. SECURITIES LIMITED,10,296.9,2969.0,2025-07-21 11:08:38.378051
2025-07-21,133767,2025072104001982,AHPC,Kumari Securities Private Limited,N.M.B. SECURITIES LIMITED,290,296.9,86101.0,2025-07-21 11:08:46.677101
2025-07-21,133766,2025072104001983,AHPC,Kumari Securities Private Limited,Trishakti Securities Public Limited,466,297.0,138402.0,2025-07-21 11:08:46.677211
2025-07-21,133569,2025072104002038,AHPC,Premier Securities Company Ltd.,Aryatara Investment & Securities,80,298.0,23840.0,2025-07-21 11:09:07.209992
2025-07-21,133488,2025072104002058,AHPC,Kumari Securities Private Limited,Naasa Securities Co. Ltd.,10,297.0,2970.0,2025-07-21 11:09:12.808544
2025-07-21,133444,2025072104002071,AHPC,Premier Securities Company Ltd.,Naasa Securities Co. Ltd.,25,297.0,7425.0,2025-07-21 11:09:17.290905
2025-07-21,131978,2025072104002503,AHPC,Aryatara Investment & Securities,Sani Securities Company Ltd.,10,295.5,2955.0,2025-07-21 11:11:21.193719
2025-07-21,131973,2025072104002507,AHPC,Creative Securities Pvt Ltd,Naasa Securities Co. Ltd.,15,297.0,4455.0,2025-07-21 11:11:21.436771
2025-07-21,131972,2025072104002508,AHPC,Creative Securities Pvt Ltd,Global IME Securities Limited,65,297.0,19305.0,2025-07-21 11:11:21.436906
2025-07-21,131971,2025072104002509,AHPC,Creative Securities Pvt Ltd,Sundhara Securities Limited,100,297.0,29700.0,2025-07-21 11:11:21.436972
2025-07-21,131970,2025072104002510,AHPC,Creative Securities Pvt Ltd,Investment Management Nepal Pvt. Ltd.,10,297.0,2970.0,2025-07-21 11:11:21.437030
2025-07-21,131506,2025072104002625,AHPC,Oxford Securities Pvt. Ltd.,Miyo Securities Pvt Ltd,350,297.5,104125.0,2025-07-21 11:11:52.514152
2025-07-21,131504,2025072104002626,AHPC,Secured Securities Ltd.,Miyo Securities Pvt Ltd,150,297.5,44625.0,2025-07-21 11:11:53.009723
2025-07-21,131346,2025072104002677,AHPC,Secured Securities Ltd.,Nepal Stock House (PVT) Ltd.,350,297.5,104125.0,2025-07-21 11:12:02.441999
2025-07-21,131216,2025072104002717,AHPC,Kohinoor Investment & Securities Pvt. Ltd.,Nepal Stock House (PVT) Ltd.,500,297.5,148750.0,2025-07-21 11:12:11.969423
2025-07-21,131046,2025072104002766,AHPC,Deevyaa Securities & Stock House Pvt. Ltd,Nepal Stock House (PVT) Ltd.,150,297.5,44625.0,2025-07-21 11:12:22.711740
2025-07-21,131045,2025072104002767,AHPC,Deevyaa Securities & Stock House Pvt. Ltd,Aryatara Investment & Securities,50,297.5,14875.0,2025-07-21 11:12:22.711909
2025-07-21,130831,2025072104002812,AHPC,Deevyaa Securities & Stock House Pvt. Ltd,Sundhara Securities Limited,300,297.5,89250.0,2025-07-21 11:12:34.050432
2025-07-21,130406,2025072104002928,AHPC,Global IME Securities Limited,Vision Securities Pvt. Ltd,10,298.0,2980.0,2025-07-21 11:13:03.270724
2025-07-21,130215,2025072104002969,AHPC,Secured Securities Ltd.,Thrive Brokerage House Pvt. Ltd,200,297.6,59520.0,2025-07-21 11:13:14.616761
2025-07-21,130214,2025072104002970,AHPC,Online Securities Pvt. Ltd.,Thrive Brokerage House Pvt. Ltd,200,297.5,59500.0,2025-07-21 11:13:14.616899
2025-07-21,129998,2025072104003019,AHPC,Sewa Securities Pvt. Ltd.,Vision Securities Pvt. Ltd,290,298.0,86420.0,2025-07-21 11:13:26.194534
2025-07-21,129997,2025072104003020,AHPC,Sewa Securities Pvt. Ltd.,Asian Securities Private Ltd.,50,298.0,14900.0,2025-07-21 11:13:26.194682
2025-07-21,129996,2025072104003021,AHPC,Sewa Securities Pvt. Ltd.,Sani Securities Company Ltd.,10,298.0,2980.0,2025-07-21 11:13:26.194758
2025-07-21,129995,2025072104003022,AHPC,Sewa Securities Pvt. Ltd.,Property Wiard Limited,500,298.0,149000.0,2025-07-21 11:13:26.194829
2025-07-21,129952,2025072104003036,AHPC,Swarna Laxmi Securities Pvt. Ltd.,Vision Securities Pvt. Ltd,500,299.0,149500.0,2025-07-21 11:13:30.753165
2025-07-21,129951,2025072104003037,AHPC,Swarna Laxmi Securities Pvt. Ltd.,South Asian Bulls Pvt. Ltd.,300,299.0,89700.0,2025-07-21 11:13:30.753339
2025-07-21,129950,2025072104003038,AHPC,Swarna Laxmi Securities Pvt. Ltd.,Sani Securities Company Ltd.,10,299.0,2990.0,2025-07-21 11:13:30.753412
2025-07-21,129447,2025072104003186,AHPC,KALASH STOCK MARKET PVT. LTD.,Miyo Securities Pvt Ltd,100,300.0,30000.0,2025-07-21 11:14:03.526474
2025-07-21,129446,2025072104003187,AHPC,KALASH STOCK MARKET PVT. LTD.,Aryatara Investment & Securities,315,300.0,94500.0,2025-07-21 11:14:03.526633
2025-07-21,129445,2025072104003188,AHPC,KALASH STOCK MARKET PVT. LTD.,Vision Securities Pvt. Ltd,200,300.0,60000.0,2025-07-21 11:14:03.526708
2025-07-21,129444,2025072104003189,AHPC,KALASH STOCK MARKET PVT. LTD.,Capital Max Securities Ltd,100,300.0,30000.0,2025-07-21 11:14:03.526767
2025-07-21,129443,2025072104003190,AHPC,KALASH STOCK MARKET PVT. LTD.,SUN SECURITIES PVT LTD,285,300.0,85500.0,2025-07-21 11:14:03.526829
2025-07-21,129309,2025072104003219,AHPC,Swarna Laxmi Securities Pvt. Ltd.,SUN SECURITIES PVT LTD,1190,300.0,357000.0,2025-07-21 11:14:13.187557
2025-07-21,129254,2025072104003243,AHPC,Secured Securities Ltd.,SUN SECURITIES PVT LTD,1437,300.0,431100.0,2025-07-21 11:14:17.284113
2025-07-21,129253,2025072104003244,AHPC,Secured Securities Ltd.,South Asian Bulls Pvt. Ltd.,1127,300.0,338100.0,2025-07-21 11:14:17.284271
2025-07-21,129252,2025072104003245,AHPC,Secured Securities Ltd.,Cristal Kanchanjanga Securites Pvt. Ltd.,1506,300.0,451800.0,2025-07-21 11:14:17.284341
2025-07-21,129251,2025072104003246,AHPC,Secured Securities Ltd.,Imperial Securities Company Pvt. Ltd.,200,300.0,60000.0,2025-07-21 11:14:17.284400
2025-07-21,129250,2025072104003247,AHPC,Secured Securities Ltd.,Naasa Securities Co. Ltd.,170,300.0,51000.0,2025-07-21 11:14:17.284460
2025-07-21,129249,2025072104003248,AHPC,Secured Securities Ltd.,Sani Securities Company Ltd.,10,300.0,3000.0,2025-07-21 11:14:17.284520
2025-07-21,128734,2025072104003383,AHPC,Property Wiard Limited,Kalika Securities Pvt. Ltd.,1,297.0,297.0,2025-07-21 11:14:48.152327
2025-07-21,128440,2025072104003478,AHPC,Secured Securities Ltd.,Kalika Securities Pvt. Ltd.,200,300.0,60000.0,2025-07-21 11:15:11.064808
2025-07-21,127325,2025072104003779,AHPC,Kumari Securities Private Limited,Imperial Securities Company Pvt. Ltd.,500,301.7,150850.0,2025-07-21 11:16:47.725309
2025-07-21,127324,2025072104003780,AHPC,Kumari Securities Private Limited,J.F. Securites (PVT) Ltd.,100,301.8,30180.0,2025-07-21 11:16:47.725523
2025-07-21,127323,2025072104003781,AHPC,Kumari Securities Private Limited,Sani Securities Company Ltd.,290,301.9,87551.0,2025-07-21 11:16:47.725606
2025-07-21,127322,2025072104003782,AHPC,Kumari Securities Private Limited,Primo Securities (PVT) Ltd.,1000,302.0,302000.0,2025-07-21 11:16:47.725683
2025-07-21,127321,2025072104003783,AHPC,Kumari Securities Private Limited,Primo Securities (PVT) Ltd.,200,302.0,60400.0,2025-07-21 11:16:47.725764
2025-07-21,127320,2025072104003784,AHPC,Kumari Securities Private Limited,Premier Securities Company Ltd.,910,302.0,274820.0,2025-07-21 11:16:47.725857
2025-07-21,126972,2025072104003875,AHPC,Sweta Securities Private Limited,Premier Securities Company Ltd.,90,302.0,27180.0,2025-07-21 11:17:14.180542
2025-07-21,126971,2025072104003876,AHPC,Sweta Securities Private Limited,Bhrikuti Stock Broking Co. Pvt. Ltd.,24,302.0,7248.0,2025-07-21 11:17:14.180688
2025-07-21,126736,2025072104003948,AHPC,Sweta Securities Private Limited,Midas Stock Broking Company Private Limited,86,302.0,25972.0,2025-07-21 11:17:36.179601
2025-07-21,126735,2025072104003949,AHPC,Naasa Securities Co. Ltd.,Midas Stock Broking Company Private Limited,12,302.0,3624.0,2025-07-21 11:17:36.179887
2025-07-21,126734,2025072104003950,AHPC,Dynamic Money Managers Securities Pvt. Ltd.,Midas Stock Broking Company Private Limited,100,301.7,30170.0,2025-07-21 11:17:36.180094
2025-07-21,126733,2025072104003951,AHPC,Dakshinkali Investment & Securities Pvt. Ltd.,Midas Stock Broking Company Private Limited,200,301.0,60200.0,2025-07-21 11:17:36.180331
2025-07-21,126732,2025072104003952,AHPC,Vision Securities Pvt. Ltd,Midas Stock Broking Company Private Limited,500,300.2,150100.0,2025-07-21 11:17:36.180517
2025-07-21,126731,2025072104003953,AHPC,Secured Securities Ltd.,Midas Stock Broking Company Private Limited,102,300.0,30600.0,2025-07-21 11:17:36.180716
2025-07-21,126579,2025072104003993,AHPC,Secured Securities Ltd.,Kohinoor Investment & Securities Pvt. Ltd.,248,300.0,74400.0,2025-07-21 11:17:46.007573
2025-07-21,126578,2025072104003994,AHPC,R.B.B. Securities Company Ltd,Kohinoor Investment & Securities Pvt. Ltd.,1000,300.0,300000.0,2025-07-21 11:17:46.007746
2025-07-21,126577,2025072104003995,AHPC,Dipshikha Dhitopatra Karobar Co. Pvt Ltd.,Kohinoor Investment & Securities Pvt. Ltd.,1500,300.0,450000.0,2025-07-21 11:17:46.007833
2025-07-21,126576,2025072104003996,AHPC,Imperial Securities Company Pvt. Ltd.,Kohinoor Investment & Securities Pvt. Ltd.,100,300.0,30000.0,2025-07-21 11:17:46.007899
2025-07-21,126575,2025072104003997,AHPC,Primo Securities (PVT) Ltd.,Kohinoor Investment & Securities Pvt. Ltd.,252,300.0,75600.0,2025-07-21 11:17:46.007963
2025-07-21,125915,2025072104004198,AHPC,Primo Securities (PVT) Ltd.,Kohinoor Investment & Securities Pvt. Ltd.,48,300.0,14400.0,2025-07-21 11:18:40.313870
2025-07-21,125914,2025072104004199,AHPC,Online Securities Pvt. Ltd.,Kohinoor Investment & Securities Pvt. Ltd.,20,299.0,5980.0,2025-07-21 11:18:40.314030
2025-07-21,125913,2025072104004200,AHPC,Vision Securities Pvt. Ltd,Kohinoor Investment & Securities Pvt. Ltd.,492,299.0,147108.0,2025-07-21 11:18:40.314097
2025-07-21,125755,2025072104004265,AHPC,Imperial Securities Company Pvt. Ltd.,Kohinoor Investment & Securities Pvt. Ltd.,200,298.5,59700.0,2025-07-21 11:18:54.372177
2025-07-21,125754,2025072104004266,AHPC,Online Securities Pvt. Ltd.,Kohinoor Investment & Securities Pvt. Ltd.,200,298.0,59600.0,2025-07-21 11:18:54.372492
2025-07-21,125753,2025072104004267,AHPC,Aryatara Investment & Securities,Kohinoor Investment & Securities Pvt. Ltd.,10,298.0,2980.0,2025-07-21 11:18:54.372697
2025-07-21,125752,2025072104004268,AHPC,Naasa Securities Co. Ltd.,Kohinoor Investment & Securities Pvt. Ltd.,1500,298.0,447000.0,2025-07-21 11:18:54.372902
2025-07-21,125751,2025072104004269,AHPC,Nepal Stock House (PVT) Ltd.,Kohinoor Investment & Securities Pvt. Ltd.,500,298.0,149000.0,2025-07-21 11:18:54.373098
2025-07-21,125750,2025072104004270,AHPC,Trishakti Securities Public Limited,Kohinoor Investment & Securities Pvt. Ltd.,90,298.0,26820.0,2025-07-21 11:18:54.373303
2025-07-21,125581,2025072104004330,AHPC,Vision Securities Pvt. Ltd,Aryatara Investment & Securities,208,299.0,62192.0,2025-07-21 11:19:11.140562
2025-07-21,125580,2025072104004331,AHPC,Trishakti Securities Public Limited,Aryatara Investment & Securities,10,298.0,2980.0,2025-07-21 11:19:11.140706
2025-07-21,125579,2025072104004332,AHPC,Asian Securities Private Ltd.,Aryatara Investment & Securities,501,297.6,149097.6,2025-07-21 11:19:11.140782
2025-07-21,125578,2025072104004333,AHPC,Aakashbhairab Securities Ltd.,Aryatara Investment & Securities,100,297.6,29760.0,2025-07-21 11:19:11.140863
2025-07-21,125577,2025072104004334,AHPC,Naasa Securities Co. Ltd.,Aryatara Investment & Securities,81,297.5,24097.5,2025-07-21 11:19:11.140937
2025-07-21,125397,2025072104004382,AHPC,Naasa Securities Co. Ltd.,Kohinoor Investment & Securities Pvt. Ltd.,319,297.5,94902.5,2025-07-21 11:19:26.656049
2025-07-21,125396,2025072104004383,AHPC,Creative Securities Pvt Ltd,Kohinoor Investment & Securities Pvt. Ltd.,581,297.0,172557.0,2025-07-21 11:19:26.656214
2025-07-21,125160,2025072104004469,AHPC,Sagarmatha Securities Private Limited,Trishakti Securities Public Limited,100,298.0,29800.0,2025-07-21 11:19:44.170108
2025-07-21,124361,2025072104004720,AHPC,Kalika Securities Pvt. Ltd.,Kalika Securities Pvt. Ltd.,4,293.0,1172.0,2025-07-21 11:20:48.130171
2025-07-21,123982,2025072104004835,AHPC,Trisul Securities & Invt. Ltd.,NIMB Stock Markets Limited,2000,298.6,597200.0,2025-07-21 11:21:12.318915
2025-07-21,123807,2025072104004899,AHPC,Sumeru Securities Pvt. Ltd.,Dipshikha Dhitopatra Karobar Co. Pvt Ltd.,200,299.0,59800.0,2025-07-21 11:21:24.769162
2025-07-21,123613,2025072104004955,AHPC,Naasa Securities Co. Ltd.,Siprabi Securities Pvt. Ltd.,45,298.7,13441.5,2025-07-21 11:21:41.507113
2025-07-21,123449,2025072104005004,AHPC,Dipshikha Dhitopatra Karobar Co. Pvt Ltd.,Siprabi Securities Pvt. Ltd.,235,298.7,70194.5,2025-07-21 11:21:53.752195
2025-07-21,123419,2025072104005018,AHPC,Primo Securities (PVT) Ltd.,Dipshikha Dhitopatra Karobar Co. Pvt Ltd.,1000,299.0,299000.0,2025-07-21 11:21:55.556482
2025-07-21,123114,2025072104005112,AHPC,Opal Securities Investment (PVT) Ltd.,Dipshikha Dhitopatra Karobar Co. Pvt Ltd.,100,299.0,29900.0,2025-07-21 11:22:18.559251
2025-07-21,123035,2025072104005130,AHPC,Dipshikha Dhitopatra Karobar Co. Pvt Ltd.,Siprabi Securities Pvt. Ltd.,200,298.7,59740.0,2025-07-21 11:22:23.365718
2025-07-21,122971,2025072104005140,AHPC,Aryatara Investment & Securities,Dipshikha Dhitopatra Karobar Co. Pvt Ltd.,700,299.0,209300.0,2025-07-21 11:22:29.315685
2025-07-21,122258,2025072104005357,AHPC,Infinity Securities Limited,Dipshikha Dhitopatra Karobar Co. Pvt Ltd.,28,300.0,8400.0,2025-07-21 11:23:35.442824
2025-07-21,122257,2025072104005358,AHPC,Infinity Securities Limited,Dipshikha Dhitopatra Karobar Co. Pvt Ltd.,972,300.0,291600.0,2025-07-21 11:23:35.443048
2025-07-21,121798,2025072104005468,AHPC,Naasa Securities Co. Ltd.,Dipshikha Dhitopatra Karobar Co. Pvt Ltd.,3,300.0,900.0,2025-07-21 11:24:12.688627
2025-07-21,121787,2025072104005474,AHPC,Aryatara Investment & Securities,NIMB Stock Markets Limited,300,299.0,89700.0,2025-07-21 11:24:13.358531
2025-07-21,121786,2025072104005475,AHPC,Dipshikha Dhitopatra Karobar Co. Pvt Ltd.,NIMB Stock Markets Limited,65,298.7,19415.5,2025-07-21 11:24:13.358722
2025-07-21,121785,2025072104005476,AHPC,South Asian Bulls Pvt. Ltd.,NIMB Stock Markets Limited,500,298.7,149350.0,2025-07-21 11:24:13.358805
2025-07-21,121784,2025072104005477,AHPC,South Asian Bulls Pvt. Ltd.,NIMB Stock Markets Limited,400,298.0,119200.0,2025-07-21 11:24:13.358882
2025-07-21,121783,2025072104005478,AHPC,Trademow Securities Private Limited,NIMB Stock Markets Limited,100,298.0,29800.0,2025-07-21 11:24:13.358961
2025-07-21,121653,2025072104005519,AHPC,Infinity Securities Limited,NIMB Stock Markets Limited,800,298.0,238400.0,2025-07-21 11:24:25.548960
2025-07-21,121562,2025072104005536,AHPC,Swarna Laxmi Securities Pvt. Ltd.,NIMB Stock Markets Limited,835,298.0,248830.0,2025-07-21 11:24:35.593304
2025-07-21,121381,2025072104005581,AHPC,Swarna Laxmi Securities Pvt. Ltd.,Aryatara Investment & Securities,165,298.0,49170.0,2025-07-21 11:24:55.011923
2025-07-21,121380,2025072104005582,AHPC,Imperial Securities Company Pvt. Ltd.,Aryatara Investment & Securities,20,297.8,5956.0,2025-07-21 11:24:55.012104
2025-07-21,120609,2025072104005740,AHPC,Dipshikha Dhitopatra Karobar Co. Pvt Ltd.,Aryatara Investment & Securities,400,297.8,119120.0,2025-07-21 11:26:17.351826
2025-07-21,120450,2025072104005774,AHPC,Nepal Investment And Securities Trading Private Limited,Asian Securities Private Ltd.,100,299.8,29980.0,2025-07-21 11:26:40.626370
2025-07-21,120249,2025072104005811,AHPC,Infinity Securities Limited,Ashutosh Brokerage & Securities (PVT) Ltd.,113,298.0,33674.0,2025-07-21 11:27:04.931454
2025-07-21,119998,2025072104005863,AHPC,Online Securities Pvt. Ltd.,Dynamic Money Managers Securities Pvt. Ltd.,110,298.1,32791.0,2025-07-21 11:27:37.308256
2025-07-21,119997,2025072104005864,AHPC,Aryatara Investment & Securities,Dynamic Money Managers Securities Pvt. Ltd.,100,298.1,29810.0,2025-07-21 11:27:37.308703
2025-07-21,119996,2025072104005865,AHPC,Infinity Securities Limited,Dynamic Money Managers Securities Pvt. Ltd.,287,298.0,85526.0,2025-07-21 11:27:37.309009
2025-07-21,119758,2025072104005936,AHPC,Kumari Securities Private Limited,Dynamic Money Managers Securities Pvt. Ltd.,503,298.0,149894.0,2025-07-21 11:28:09.646334
2025-07-21,119735,2025072104005940,AHPC,Dipshikha Dhitopatra Karobar Co. Pvt Ltd.,Vision Securities Pvt. Ltd,100,297.8,29780.0,2025-07-21 11:28:11.957571
2025-07-21,119605,2025072104005972,AHPC,Dipshikha Dhitopatra Karobar Co. Pvt Ltd.,NIMB Stock Markets Limited,1000,297.6,297600.0,2025-07-21 11:28:27.861727
2025-07-21,119604,2025072104005973,AHPC,Investment Management Nepal Pvt. Ltd.,NIMB Stock Markets Limited,100,297.5,29750.0,2025-07-21 11:28:27.862023
2025-07-21,119603,2025072104005974,AHPC,Vision Securities Pvt. Ltd,NIMB Stock Markets Limited,11,297.2,3269.2,2025-07-21 11:28:27.862164
2025-07-21,119322,2025072104006029,AHPC,Infinity Securities Limited,Vision Securities Pvt. Ltd,379,297.8,112866.2,2025-07-21 11:29:06.325484
2025-07-21,119213,2025072104006048,AHPC,Kalika Securities Pvt. Ltd.,Kalika Securities Pvt. Ltd.,1,293.0,293.0,2025-07-21 11:29:22.486346
2025-07-21,119163,2025072104006057,AHPC,Property Wiard Limited,Imperial Securities Company Pvt. Ltd.,50,298.0,14900.0,2025-07-21 11:29:29.333535
2025-07-21,119015,2025072104006117,AHPC,Vision Securities Pvt. Ltd,Opal Securities Investment (PVT) Ltd.,120,297.2,35664.0,2025-07-21 11:29:48.694893
2025-07-21,118963,2025072104006139,AHPC,Property Wiard Limited,Asian Securities Private Ltd.,50,298.1,14905.0,2025-07-21 11:29:56.418509
2025-07-21,118853,2025072104006169,AHPC,Vision Securities Pvt. Ltd,Kohinoor Investment & Securities Pvt. Ltd.,269,297.2,79946.8,2025-07-21 11:30:11.292453
2025-07-21,118852,2025072104006170,AHPC,Opal Securities Investment (PVT) Ltd.,Kohinoor Investment & Securities Pvt. Ltd.,100,297.2,29720.0,2025-07-21 11:30:11.292679
2025-07-21,118851,2025072104006171,AHPC,Premier Securities Company Ltd.,Kohinoor Investment & Securities Pvt. Ltd.,31,297.1,9210.1,2025-07-21 11:30:11.292793
2025-07-21,118305,2025072104006292,AHPC,Bhrikuti Stock Broking Co. Pvt. Ltd.,Naasa Securities Co. Ltd.,10,298.1,2981.0,2025-07-21 11:31:18.625602
2025-07-21,117646,2025072104006474,AHPC,Sani Securities Company Ltd.,Online Securities Pvt. Ltd.,50,299.5,14975.0,2025-07-21 11:32:30.304344
2025-07-21,117395,2025072104006527,AHPC,Imperial Securities Company Pvt. Ltd.,Aryatara Investment & Securities,50,299.9,14995.0,2025-07-21 11:33:00.350518
2025-07-21,117084,2025072104006580,AHPC,Kohinoor Investment & Securities Pvt. Ltd.,Aryatara Investment & Securities,334,299.9,100166.6,2025-07-21 11:33:35.766738
2025-07-21,116954,2025072104006613,AHPC,Thrive Brokerage House Pvt. Ltd,Aryatara Investment & Securities,1000,299.9,299900.0,2025-07-21 11:33:47.973639
2025-07-21,116624,2025072104006729,AHPC,Naasa Securities Co. Ltd.,Aryatara Investment & Securities,300,299.9,89970.0,2025-07-21 11:34:17.202738
2025-07-21,116487,2025072104006762,AHPC,Trishakti Securities Public Limited,Aryatara Investment & Securities,100,299.9,29990.0,2025-07-21 11:34:33.357993
2025-07-21,115884,2025072104006871,AHPC,Sri Hari Securities Pvt. Ltd.,Aryatara Investment & Securities,216,299.9,64778.4,2025-07-21 11:35:30.658874
2025-07-21,115883,2025072104006872,AHPC,Sri Hari Securities Pvt. Ltd.,Dipshikha Dhitopatra Karobar Co. Pvt Ltd.,1284,300.0,385200.0,2025-07-21 11:35:30.659124
2025-07-21,115613,2025072104006932,AHPC,Sri Hari Securities Pvt. Ltd.,Dipshikha Dhitopatra Karobar Co. Pvt Ltd.,500,300.0,150000.0,2025-07-21 11:35:59.194748
2025-07-21,115447,2025072104006959,AHPC,Kumari Securities Private Limited,Dipshikha Dhitopatra Karobar Co. Pvt Ltd.,300,300.0,90000.0,2025-07-21 11:36:12.495197
2025-07-21,115290,2025072104006978,AHPC,Investment Management Nepal Pvt. Ltd.,Dipshikha Dhitopatra Karobar Co. Pvt Ltd.,944,300.0,283200.0,2025-07-21 11:36:23.865162
2025-07-21,115289,2025072104006979,AHPC,Investment Management Nepal Pvt. Ltd.,Imperial Securities Company Pvt. Ltd.,100,300.0,30000.0,2025-07-21 11:36:23.865402
2025-07-21,115288,2025072104006980,AHPC,Investment Management Nepal Pvt. Ltd.,Online Securities Pvt. Ltd.,500,300.0,150000.0,2025-07-21 11:36:23.865500
2025-07-21,115287,2025072104006981,AHPC,Investment Management Nepal Pvt. Ltd.,Online Securities Pvt. Ltd.,73,300.0,21900.0,2025-07-21 11:36:23.865596
2025-07-21,115256,2025072104006984,AHPC,Investment Management Nepal Pvt. Ltd.,Property Wiard Limited,1000,300.0,300000.0,2025-07-21 11:36:27.942141
2025-07-21,115155,2025072104007002,AHPC,Investment Management Nepal Pvt. Ltd.,Vision Securities Pvt. Ltd,700,300.0,210000.0,2025-07-21 11:36:39.387932
2025-07-21,114674,2025072104007126,AHPC,Sri Hari Securities Pvt. Ltd.,Imperial Securities Company Pvt. Ltd.,215,301.0,64715.0,2025-07-21 11:37:22.964709
2025-07-21,114350,2025072104007198,AHPC,South Asian Bulls Pvt. Ltd.,Imperial Securities Company Pvt. Ltd.,685,301.0,206185.0,2025-07-21 11:37:51.605922
2025-07-21,114349,2025072104007199,AHPC,South Asian Bulls Pvt. Ltd.,Sani Securities Company Ltd.,15,301.0,4515.0,2025-07-21 11:37:51.606383
2025-07-21,113306,2025072104007443,AHPC,Sewa Securities Pvt. Ltd.,Sani Securities Company Ltd.,100,301.0,30100.0,2025-07-21 11:39:39.168174
2025-07-21,113102,2025072104007478,AHPC,Miyo Securities Pvt Ltd,Sani Securities Company Ltd.,30,301.0,9030.0,2025-07-21 11:40:07.446693
2025-07-21,113101,2025072104007479,AHPC,Miyo Securities Pvt Ltd,Secured Securities Ltd.,100,301.0,30100.0,2025-07-21 11:40:07.446971
2025-07-21,113100,2025072104007480,AHPC,Miyo Securities Pvt Ltd,Midas Stock Broking Company Private Limited,170,301.0,51170.0,2025-07-21 11:40:07.447078
2025-07-21,112253,2025072104007623,AHPC,Investment Management Nepal Pvt. Ltd.,Midas Stock Broking Company Private Limited,330,301.0,99330.0,2025-07-21 11:41:44.473904
2025-07-21,111883,2025072104007693,AHPC,Investment Management Nepal Pvt. Ltd.,Imperial Securities Company Pvt. Ltd.,400,301.9,120760.0,2025-07-21 11:42:25.859706
2025-07-21,111882,2025072104007694,AHPC,Investment Management Nepal Pvt. Ltd.,Aryatara Investment & Securities,10,302.0,3020.0,2025-07-21 11:42:25.860180
2025-07-21,111881,2025072104007695,AHPC,Investment Management Nepal Pvt. Ltd.,Imperial Securities Company Pvt. Ltd.,180,302.0,54360.0,2025-07-21 11:42:25.860579
2025-07-21,111880,2025072104007696,AHPC,Investment Management Nepal Pvt. Ltd.,Dipshikha Dhitopatra Karobar Co. Pvt Ltd.,14,302.0,4228.0,2025-07-21 11:42:25.860894
2025-07-21,111879,2025072104007697,AHPC,Investment Management Nepal Pvt. Ltd.,Sumeru Securities Pvt. Ltd.,290,302.0,87580.0,2025-07-21 11:42:25.861205
2025-07-21,111878,2025072104007698,AHPC,Investment Management Nepal Pvt. Ltd.,Magnet Securities and Investment Company Private Limited,500,302.0,151000.0,2025-07-21 11:42:25.861529
2025-07-21,111877,2025072104007699,AHPC,Investment Management Nepal Pvt. Ltd.,Shree Krishna Securities Ltd.,1079,302.0,325858.0,2025-07-21 11:42:25.861846
2025-07-21,111876,2025072104007700,AHPC,Investment Management Nepal Pvt. Ltd.,Sundhara Securities Limited,200,302.0,60400.0,2025-07-21 11:42:25.862154
2025-07-21,111875,2025072104007701,AHPC,Investment Management Nepal Pvt. Ltd.,Sweta Securities Private Limited,200,302.0,60400.0,2025-07-21 11:42:25.862477
2025-07-21,111874,2025072104007702,AHPC,Investment Management Nepal Pvt. Ltd.,Dipshikha Dhitopatra Karobar Co. Pvt Ltd.,127,302.0,38354.0,2025-07-21 11:42:25.862784
2025-07-21,111437,2025072104007762,AHPC,Investment Management Nepal Pvt. Ltd.,Asian Securities Private Ltd.,1000,301.9,301900.0,2025-07-21 11:43:08.271673
2025-07-21,111436,2025072104007763,AHPC,Investment Management Nepal Pvt. Ltd.,Dipshikha Dhitopatra Karobar Co. Pvt Ltd.,1873,302.0,565646.0,2025-07-21 11:43:08.272138
2025-07-21,111272,2025072104007793,AHPC,Linch Stock Market Ltd.,Kumari Securities Private Limited,100,302.9,30290.0,2025-07-21 11:43:29.451910
2025-07-21,111271,2025072104007794,AHPC,Linch Stock Market Ltd.,Kohinoor Investment & Securities Pvt. Ltd.,133,302.9,40285.7,2025-07-21 11:43:29.452141
2025-07-21,111270,2025072104007795,AHPC,Linch Stock Market Ltd.,N.M.B. SECURITIES LIMITED,200,302.9,60580.0,2025-07-21 11:43:29.452267
2025-07-21,111269,2025072104007796,AHPC,Linch Stock Market Ltd.,Aryatara Investment & Securities,168,302.9,50887.2,2025-07-21 11:43:29.452379
2025-07-21,111080,2025072104007831,AHPC,Dipshikha Dhitopatra Karobar Co. Pvt Ltd.,Nepal Investment And Securities Trading Private Limited,37,303.0,11211.0,2025-07-21 11:43:48.283018
2025-07-21,111079,2025072104007832,AHPC,Dipshikha Dhitopatra Karobar Co. Pvt Ltd.,Primo Securities (PVT) Ltd.,1000,303.0,303000.0,2025-07-21 11:43:48.283559
2025-07-21,111078,2025072104007833,AHPC,Dipshikha Dhitopatra Karobar Co. Pvt Ltd.,Miyo Securities Pvt Ltd,20,303.0,6060.0,2025-07-21 11:43:48.283921
2025-07-21,111077,2025072104007834,AHPC,Dipshikha Dhitopatra Karobar Co. Pvt Ltd.,Sani Securities Company Ltd.,1943,303.0,588729.0,2025-07-21 11:43:48.284214
2025-07-21,110930,2025072104007868,AHPC,Vision Securities Pvt. Ltd,Sani Securities Company Ltd.,967,303.0,293001.0,2025-07-21 11:43:58.870212
2025-07-21,110929,2025072104007869,AHPC,Vision Securities Pvt. Ltd,Indira securities pvt. ltd,100,303.0,30300.0,2025-07-21 11:43:58.870449
2025-07-21,110928,2025072104007870,AHPC,Vision Securities Pvt. Ltd,Sani Securities Company Ltd.,933,303.0,282699.0,2025-07-21 11:43:58.870576
2025-07-21,110347,2025072104007960,AHPC,Oxford Securities Pvt. Ltd.,Asian Securities Private Ltd.,100,302.9,30290.0,2025-07-21 11:44:47.489120
2025-07-21,110107,2025072104008006,AHPC,Midas Stock Broking Company Private Limited,Asian Securities Private Ltd.,500,302.9,151450.0,2025-07-21 11:45:09.359393
2025-07-21,109787,2025072104008086,AHPC,Linch Stock Market Ltd.,Dipshikha Dhitopatra Karobar Co. Pvt Ltd.,150,302.0,45300.0,2025-07-21 11:45:39.729882
2025-07-21,109562,2025072104008134,AHPC,Sani Securities Company Ltd.,Bhrikuti Stock Broking Co. Pvt. Ltd.,18,301.9,5434.2,2025-07-21 11:46:01.342457
2025-07-21,109520,2025072104008140,AHPC,Sani Securities Company Ltd.,Dipshikha Dhitopatra Karobar Co. Pvt Ltd.,102,301.9,30793.8,2025-07-21 11:46:06.995538
2025-07-21,109519,2025072104008141,AHPC,Asian Securities Private Ltd.,Dipshikha Dhitopatra Karobar Co. Pvt Ltd.,48,301.0,14448.0,2025-07-21 11:46:06.995782
2025-07-21,109454,2025072104008147,AHPC,Dipshikha Dhitopatra Karobar Co. Pvt Ltd.,Asian Securities Private Ltd.,10,302.9,3029.0,2025-07-21 11:46:12.046334
2025-07-21,108873,2025072104008306,AHPC,Sani Securities Company Ltd.,Asian Securities Private Ltd.,200,302.9,60580.0,2025-07-21 11:47:08.780095
2025-07-21,108166,2025072104008503,AHPC,MILKY WAY SHARE BROKER COMPANY LTD ,Asian Securities Private Ltd.,190,302.9,57551.0,2025-07-21 11:48:10.342482
2025-07-21,108165,2025072104008504,AHPC,MILKY WAY SHARE BROKER COMPANY LTD ,Vision Securities Pvt. Ltd,200,302.9,60580.0,2025-07-21 11:48:10.342741
2025-07-21,108164,2025072104008505,AHPC,MILKY WAY SHARE BROKER COMPANY LTD ,Naasa Securities Co. Ltd.,10,302.9,3029.0,2025-07-21 11:48:10.342857
2025-07-21,107936,2025072104008539,AHPC,Kohinoor Investment & Securities Pvt. Ltd.,Naasa Securities Co. Ltd.,170,302.9,51493.0,2025-07-21 11:48:23.909543
2025-07-21,107935,2025072104008540,AHPC,Kohinoor Investment & Securities Pvt. Ltd.,Bhrikuti Stock Broking Co. Pvt. Ltd.,30,302.9,9087.0,2025-07-21 11:48:23.909859
2025-07-21,107912,2025072104008546,AHPC,Oxford Securities Pvt. Ltd.,K.B.L. Securities Limited ,17,302.0,5134.0,2025-07-21 11:48:26.317643
2025-07-21,107911,2025072104008547,AHPC,Investment Management Nepal Pvt. Ltd.,K.B.L. Securities Limited ,480,302.0,144960.0,2025-07-21 11:48:26.317907
2025-07-21,107661,2025072104008587,AHPC,Asian Securities Private Ltd.,Trishakti Securities Public Limited,100,301.0,30100.0,2025-07-21 11:48:43.792052
2025-07-21,105465,2025072104009108,AHPC,Global IME Securities Limited,K.B.L. Securities Limited ,50,302.0,15100.0,2025-07-21 11:51:55.782213
2025-07-21,105192,2025072104009145,AHPC,Asian Securities Private Ltd.,Sharepro Securities Private Limited,80,301.0,24080.0,2025-07-21 11:52:16.607462
2025-07-21,103954,2025072104009495,AHPC,Capital Max Securities Ltd,K.B.L. Securities Limited ,200,301.2,60240.0,2025-07-21 11:54:27.677724
2025-07-21,103953,2025072104009496,AHPC,Vision Securities Pvt. Ltd,K.B.L. Securities Limited ,1000,301.1,301100.0,2025-07-21 11:54:27.678351
2025-07-21,103952,2025072104009497,AHPC,Asian Securities Private Ltd.,K.B.L. Securities Limited ,72,301.0,21672.0,2025-07-21 11:54:27.678752
2025-07-21,103951,2025072104009498,AHPC,Linch Stock Market Ltd.,K.B.L. Securities Limited ,50,301.0,15050.0,2025-07-21 11:54:27.679136
2025-07-21,103950,2025072104009499,AHPC,Online Securities Pvt. Ltd.,K.B.L. Securities Limited ,30,301.0,9030.0,2025-07-21 11:54:27.679537
2025-07-21,103949,2025072104009500,AHPC,Kalika Securities Pvt. Ltd.,K.B.L. Securities Limited ,285,301.0,85785.0,2025-07-21 11:54:27.679917
2025-07-21,103948,2025072104009501,AHPC,Garima Securities Limited,K.B.L. Securities Limited ,200,301.0,60200.0,2025-07-21 11:54:27.680302
2025-07-21,103889,2025072104009515,AHPC,Kalika Securities Pvt. Ltd.,SUN SECURITIES PVT LTD,6,295.0,1770.0,2025-07-21 11:54:34.841745
2025-07-21,103497,2025072104009634,AHPC,Nepal Investment And Securities Trading Private Limited,SUN SECURITIES PVT LTD,56,300.2,16811.2,2025-07-21 11:55:19.174613
2025-07-21,103155,2025072104009721,AHPC,Nepal Investment And Securities Trading Private Limited,Premier Securities Company Ltd.,244,300.2,73248.8,2025-07-21 11:55:56.531618
2025-07-21,103154,2025072104009722,AHPC,Naasa Securities Co. Ltd.,Premier Securities Company Ltd.,100,300.2,30020.0,2025-07-21 11:55:56.532002
2025-07-21,103153,2025072104009723,AHPC,Garima Securities Limited,Premier Securities Company Ltd.,100,300.1,30010.0,2025-07-21 11:55:56.532431
2025-07-21,103152,2025072104009724,AHPC,Vision Securities Pvt. Ltd,Premier Securities Company Ltd.,556,300.1,166855.6,2025-07-21 11:55:56.532830
2025-07-21,102562,2025072104009862,AHPC,Imperial Securities Company Pvt. Ltd.,Sundhara Securities Limited,50,300.8,15040.0,2025-07-21 11:57:00.782710
2025-07-21,102362,2025072104009928,AHPC,Secured Securities Ltd.,Arun Securities (PVT) Ltd.,500,300.2,150100.0,2025-07-21 11:57:19.455270
2025-07-21,102300,2025072104009948,AHPC,Secured Securities Ltd.,Cristal Kanchanjanga Securites Pvt. Ltd.,500,300.2,150100.0,2025-07-21 11:57:24.915303
2025-07-21,102299,2025072104009949,AHPC,Vision Securities Pvt. Ltd,Cristal Kanchanjanga Securites Pvt. Ltd.,444,300.1,133244.4,2025-07-21 11:57:24.915745
2025-07-21,102298,2025072104009950,AHPC,Naasa Securities Co. Ltd.,Cristal Kanchanjanga Securites Pvt. Ltd.,50,300.0,15000.0,2025-07-21 11:57:24.915889
2025-07-21,102131,2025072104009995,AHPC,Sani Securities Company Ltd.,Bhrikuti Stock Broking Co. Pvt. Ltd.,30,300.0,9000.0,2025-07-21 11:57:41.914295
2025-07-21,102031,2025072104010027,AHPC,Sani Securities Company Ltd.,Sri Hari Securities Pvt. Ltd.,470,300.0,141000.0,2025-07-21 11:57:50.384439
2025-07-21,102030,2025072104010028,AHPC,Trisul Securities & Invt. Ltd.,Sri Hari Securities Pvt. Ltd.,30,300.0,9000.0,2025-07-21 11:57:50.384744
2025-07-21,102016,2025072104010029,AHPC,Trisul Securities & Invt. Ltd.,Dynamic Money Managers Securities Pvt. Ltd.,70,300.0,21000.0,2025-07-21 11:57:51.705220
2025-07-21,102015,2025072104010030,AHPC,Vision Securities Pvt. Ltd,Dynamic Money Managers Securities Pvt. Ltd.,20,300.0,6000.0,2025-07-21 11:57:51.705554
2025-07-21,102014,2025072104010031,AHPC,Primo Securities (PVT) Ltd.,Dynamic Money Managers Securities Pvt. Ltd.,910,300.0,273000.0,2025-07-21 11:57:51.705693
2025-07-21,101731,2025072104010120,AHPC,Primo Securities (PVT) Ltd.,Malla & Malla Stock Broking Company Pvt. Limited,10,300.0,3000.0,2025-07-21 11:58:13.835005
2025-07-21,101504,2025072104010181,AHPC,Primo Securities (PVT) Ltd.,SHUBHAKAMANA SECURITIES PVT. LTD,80,300.0,24000.0,2025-07-21 11:58:36.506927
2025-07-21,101503,2025072104010182,AHPC,Linch Stock Market Ltd.,SHUBHAKAMANA SECURITIES PVT. LTD,30,300.0,9000.0,2025-07-21 11:58:36.507559
2025-07-21,101502,2025072104010183,AHPC,Vision Securities Pvt. Ltd,SHUBHAKAMANA SECURITIES PVT. LTD,400,300.0,120000.0,2025-07-21 11:58:36.507982
2025-07-21,101501,2025072104010184,AHPC,Vision Securities Pvt. Ltd,SHUBHAKAMANA SECURITIES PVT. LTD,990,299.3,296307.0,2025-07-21 11:58:36.508414
2025-07-21,101292,2025072104010242,AHPC,Vision Securities Pvt. Ltd,Vision Securities Pvt. Ltd,10,299.3,2993.0,2025-07-21 11:58:57.101351
2025-07-21,101291,2025072104010243,AHPC,Aryatara Investment & Securities,Vision Securities Pvt. Ltd,128,299.0,38272.0,2025-07-21 11:58:57.101413
2025-07-21,101051,2025072104010309,AHPC,Naasa Securities Co. Ltd.,K.B.L. Securities Limited ,10,300.0,3000.0,2025-07-21 11:59:18.032135
2025-07-21,100888,2025072104010354,AHPC,Aryatara Investment & Securities,SHUBHAKAMANA SECURITIES PVT. LTD,272,299.0,81328.0,2025-07-21 11:59:31.718059
2025-07-21,100887,2025072104010355,AHPC,Online Securities Pvt. Ltd.,SHUBHAKAMANA SECURITIES PVT. LTD,10,299.0,2990.0,2025-07-21 11:59:31.718694
2025-07-21,100886,2025072104010356,AHPC,Kumari Securities Private Limited,SHUBHAKAMANA SECURITIES PVT. LTD,110,298.0,32780.0,2025-07-21 11:59:31.719107
2025-07-21,100885,2025072104010357,AHPC,Shree Krishna Securities Ltd.,SHUBHAKAMANA SECURITIES PVT. LTD,70,297.5,20825.0,2025-07-21 11:59:31.719509
2025-07-21,100884,2025072104010358,AHPC,Aryatara Investment & Securities,SHUBHAKAMANA SECURITIES PVT. LTD,100,297.2,29720.0,2025-07-21 11:59:31.719939
2025-07-21,100883,2025072104010359,AHPC,Prabhu Stock Market Limited,SHUBHAKAMANA SECURITIES PVT. LTD,1000,297.2,297200.0,2025-07-21 11:59:31.720366
2025-07-21,100882,2025072104010360,AHPC,Imperial Securities Company Pvt. Ltd.,SHUBHAKAMANA SECURITIES PVT. LTD,9438,297.2,2804973.6,2025-07-21 11:59:31.720752
2025-07-21,100627,2025072104010444,AHPC,Vision Securities Pvt. Ltd,Arun Securities (PVT) Ltd.,100,298.0,29800.0,2025-07-21 11:59:54.170215
2025-07-21,100432,2025072104010509,AHPC,Asian Securities Private Ltd.,Arun Securities (PVT) Ltd.,400,298.0,119200.0,2025-07-21 12:00:12.943068
2025-07-21,100256,2025072104010587,AHPC,BHOLE GANESH SECURITIES LTD,Sundhara Securities Limited,1500,299.0,448500.0,2025-07-21 12:00:25.261740
2025-07-21,100255,2025072104010588,AHPC,BHOLE GANESH SECURITIES LTD,K.B.L. Securities Limited ,1500,300.0,450000.0,2025-07-21 12:00:25.261803
2025-07-21,100057,2025072104010646,AHPC,Vision Securities Pvt. Ltd,Online Securities Pvt. Ltd.,100,299.0,29900.0,2025-07-21 12:00:44.844460
2025-07-21,99938,2025072104010683,AHPC,Asian Securities Private Ltd.,Imperial Securities Company Pvt. Ltd.,600,298.0,178800.0,2025-07-21 12:00:55.923942
2025-07-21,99937,2025072104010684,AHPC,J.F. Securites (PVT) Ltd.,Imperial Securities Company Pvt. Ltd.,50,298.0,14900.0,2025-07-21 12:00:55.924549
2025-07-21,99936,2025072104010685,AHPC,Deevyaa Securities & Stock House Pvt. Ltd,Imperial Securities Company Pvt. Ltd.,1000,298.0,298000.0,2025-07-21 12:00:55.924963
2025-07-21,99935,2025072104010686,AHPC,Midas Stock Broking Company Private Limited,Imperial Securities Company Pvt. Ltd.,200,297.5,59500.0,2025-07-21 12:00:55.925384
2025-07-21,99934,2025072104010687,AHPC,Imperial Securities Company Pvt. Ltd.,Imperial Securities Company Pvt. Ltd.,150,297.2,44580.0,2025-07-21 12:00:55.925784
2025-07-21,99799,2025072104010728,AHPC,Imperial Securities Company Pvt. Ltd.,Indira securities pvt. ltd,100,297.2,29720.0,2025-07-21 12:01:07.360184
2025-07-21,99757,2025072104010741,AHPC,Imperial Securities Company Pvt. Ltd.,SHUBHAKAMANA SECURITIES PVT. LTD,312,297.2,92726.4,2025-07-21 12:01:11.159697
2025-07-21,99756,2025072104010742,AHPC,Sani Securities Company Ltd.,SHUBHAKAMANA SECURITIES PVT. LTD,20,297.2,5944.0,2025-07-21 12:01:11.160045
2025-07-21,99755,2025072104010743,AHPC,Premier Securities Company Ltd.,SHUBHAKAMANA SECURITIES PVT. LTD,1969,297.1,584989.9,2025-07-21 12:01:11.160222
2025-07-21,99754,2025072104010744,AHPC,Kohinoor Investment & Securities Pvt. Ltd.,SHUBHAKAMANA SECURITIES PVT. LTD,79,297.1,23470.9,2025-07-21 12:01:11.160412
2025-07-21,99753,2025072104010745,AHPC,Vision Securities Pvt. Ltd,SHUBHAKAMANA SECURITIES PVT. LTD,100,297.1,29710.0,2025-07-21 12:01:11.160600
2025-07-21,99752,2025072104010746,AHPC,Creative Securities Pvt Ltd,SHUBHAKAMANA SECURITIES PVT. LTD,29,297.0,8613.0,2025-07-21 12:01:11.160783
2025-07-21,99751,2025072104010747,AHPC,Secured Securities Ltd.,SHUBHAKAMANA SECURITIES PVT. LTD,200,297.0,59400.0,2025-07-21 12:01:11.160931
2025-07-21,99750,2025072104010748,AHPC,Sumeru Securities Pvt. Ltd.,SHUBHAKAMANA SECURITIES PVT. LTD,161,297.0,47817.0,2025-07-21 12:01:11.161103
2025-07-21,99749,2025072104010749,AHPC,Kohinoor Investment & Securities Pvt. Ltd.,SHUBHAKAMANA SECURITIES PVT. LTD,200,297.0,59400.0,2025-07-21 12:01:11.161291
2025-07-21,99748,2025072104010750,AHPC,Agrawal Securities (PVT) Ltd.,SHUBHAKAMANA SECURITIES PVT. LTD,150,297.0,44550.0,2025-07-21 12:01:11.161459
2025-07-21,99747,2025072104010751,AHPC,Aryatara Investment & Securities,SHUBHAKAMANA SECURITIES PVT. LTD,10,297.0,2970.0,2025-07-21 12:01:11.161620
2025-07-21,99746,2025072104010752,AHPC,Kohinoor Investment & Securities Pvt. Ltd.,SHUBHAKAMANA SECURITIES PVT. LTD,200,297.0,59400.0,2025-07-21 12:01:11.161783
2025-07-21,99745,2025072104010753,AHPC,Imperial Securities Company Pvt. Ltd.,SHUBHAKAMANA SECURITIES PVT. LTD,50,297.0,14850.0,2025-07-21 12:01:11.161923
2025-07-21,99744,2025072104010754,AHPC,Agrawal Securities (PVT) Ltd.,SHUBHAKAMANA SECURITIES PVT. LTD,820,297.0,243540.0,2025-07-21 12:01:11.162085
2025-07-21,98747,2025072104011054,AHPC,Dipshikha Dhitopatra Karobar Co. Pvt Ltd.,Premier Securities Company Ltd.,50,298.0,14900.0,2025-07-21 12:02:38.334099
2025-07-21,98711,2025072104011061,AHPC,Dipshikha Dhitopatra Karobar Co. Pvt Ltd.,Himalayan Brokerage Company Limited,450,298.0,134100.0,2025-07-21 12:02:40.904164
2025-07-21,98710,2025072104011062,AHPC,Asian Securities Private Ltd.,Himalayan Brokerage Company Limited,1050,297.1,311955.0,2025-07-21 12:02:40.904510
2025-07-21,98551,2025072104011088,AHPC,Naasa Securities Co. Ltd.,Shree Krishna Securities Ltd.,40,298.0,11920.0,2025-07-21 12:02:51.607583
2025-07-21,97943,2025072104011212,AHPC,Sani Securities Company Ltd.,Market Securities & Exchange (PVT) Ltd.,1,298.0,298.0,2025-07-21 12:03:58.009523
2025-07-21,97551,2025072104011336,AHPC,Naasa Securities Co. Ltd.,Infinity Securities Limited,20,298.0,5960.0,2025-07-21 12:04:35.137354
2025-07-21,97544,2025072104011341,AHPC,Naasa Securities Co. Ltd.,Nabil Stock Dealer Ltd.,50,298.0,14900.0,2025-07-21 12:04:35.695730
2025-07-21,97460,2025072104011366,AHPC,Imperial Securities Company Pvt. Ltd.,Naasa Securities Co. Ltd.,100,299.0,29900.0,2025-07-21 12:04:45.079132
2025-07-21,97138,2025072104011449,AHPC,Imperial Securities Company Pvt. Ltd.,K.B.L. Securities Limited ,106,300.0,31800.0,2025-07-21 12:05:21.644132
2025-07-21,97137,2025072104011450,AHPC,Imperial Securities Company Pvt. Ltd.,ABC Securities Private Limited,194,300.0,58200.0,2025-07-21 12:05:21.644468
2025-07-21,96875,2025072104011510,AHPC,Imperial Securities Company Pvt. Ltd.,Trishakti Securities Public Limited,1500,299.0,448500.0,2025-07-21 12:05:53.855474
2025-07-21,96789,2025072104011531,AHPC,Imperial Securities Company Pvt. Ltd.,Trishakti Securities Public Limited,1400,299.0,418600.0,2025-07-21 12:06:05.940289
2025-07-21,96788,2025072104011532,AHPC,Trishakti Securities Public Limited,Trishakti Securities Public Limited,100,299.0,29900.0,2025-07-21 12:06:05.940688
2025-07-21,96158,2025072104011718,AHPC,Trishakti Securities Public Limited,Sri Hari Securities Pvt. Ltd.,100,299.0,29900.0,2025-07-21 12:07:18.729452
2025-07-21,96157,2025072104011719,AHPC,Imperial Securities Company Pvt. Ltd.,Sri Hari Securities Pvt. Ltd.,2000,299.0,598000.0,2025-07-21 12:07:18.729818
2025-07-21,96029,2025072104011749,AHPC,Sani Securities Company Ltd.,Sri Hari Securities Pvt. Ltd.,100,299.0,29900.0,2025-07-21 12:07:34.826874
2025-07-21,95965,2025072104011773,AHPC,Elite Stock House Limited,Sri Hari Securities Pvt. Ltd.,1340,299.0,400660.0,2025-07-21 12:07:42.563094
2025-07-21,95864,2025072104011808,AHPC,Naasa Securities Co. Ltd.,Oxford Securities Pvt. Ltd.,200,298.0,59600.0,2025-07-21 12:07:54.813814
2025-07-21,95737,2025072104011840,AHPC,Imperial Securities Company Pvt. Ltd.,Sri Hari Securities Pvt. Ltd.,1450,299.0,433550.0,2025-07-21 12:08:11.398560
2025-07-21,95736,2025072104011841,AHPC,Imperial Securities Company Pvt. Ltd.,Agrawal Securities (PVT) Ltd.,200,299.0,59800.0,2025-07-21 12:08:11.399165
2025-07-21,95663,2025072104011866,AHPC,Imperial Securities Company Pvt. Ltd.,Sani Securities Company Ltd.,20,299.0,5980.0,2025-07-21 12:08:19.883169
2025-07-21,95602,2025072104011877,AHPC,Imperial Securities Company Pvt. Ltd.,Sri Hari Securities Pvt. Ltd.,10,299.0,2990.0,2025-07-21 12:08:30.980419
2025-07-21,95586,2025072104011883,AHPC,Creative Securities Pvt Ltd,Trishakti Securities Public Limited,200,299.8,59960.0,2025-07-21 12:08:31.463213
2025-07-21,95348,2025072104011940,AHPC,Imperial Securities Company Pvt. Ltd.,Secured Securities Ltd.,320,299.0,95680.0,2025-07-21 12:09:08.117097
2025-07-21,95347,2025072104011941,AHPC,Naasa Securities Co. Ltd.,Secured Securities Ltd.,710,298.0,211580.0,2025-07-21 12:09:08.117166
2025-07-21,95260,2025072104011954,AHPC,Naasa Securities Co. Ltd.,R.B.B. Securities Company Ltd,400,298.0,119200.0,2025-07-21 12:09:19.643890
2025-07-21,95234,2025072104011963,AHPC,Bhrikuti Stock Broking Co. Pvt. Ltd.,Trishakti Securities Public Limited,300,299.8,89940.0,2025-07-21 12:09:22.441752
2025-07-21,95233,2025072104011964,AHPC,Bhrikuti Stock Broking Co. Pvt. Ltd.,Trishakti Securities Public Limited,1500,299.9,449850.0,2025-07-21 12:09:22.442491
2025-07-21,95130,2025072104011999,AHPC,Naasa Securities Co. Ltd.,South Asian Bulls Pvt. Ltd.,80,298.0,23840.0,2025-07-21 12:09:36.040250
2025-07-21,95129,2025072104012000,AHPC,Sumeru Securities Pvt. Ltd.,South Asian Bulls Pvt. Ltd.,20,298.0,5960.0,2025-07-21 12:09:36.040679
2025-07-21,94974,2025072104012037,AHPC,Dakshinkali Investment & Securities Pvt. Ltd.,South Asian Bulls Pvt. Ltd.,200,299.0,59800.0,2025-07-21 12:10:01.257040
2025-07-21,94897,2025072104012065,AHPC,Dakshinkali Investment & Securities Pvt. Ltd.,South Asian Bulls Pvt. Ltd.,100,299.0,29900.0,2025-07-21 12:10:11.421208
2025-07-21,94760,2025072104012092,AHPC,Machhapuchchhre Securities Limited,Pragyan Securities (PVT) Ltd.,10,299.0,2990.0,2025-07-21 12:10:25.989183
2025-07-21,94667,2025072104012103,AHPC,Aakashbhairab Securities Ltd.,Pragyan Securities (PVT) Ltd.,10,299.0,2990.0,2025-07-21 12:10:39.560291
2025-07-21,94658,2025072104012106,AHPC,Nepal Investment And Securities Trading Private Limited,Trishakti Securities Public Limited,50,298.0,14900.0,2025-07-21 12:10:40.752469
2025-07-21,93425,2025072104012369,AHPC,Linch Stock Market Ltd.,Pragyan Securities (PVT) Ltd.,40,299.0,11960.0,2025-07-21 12:13:15.762325
2025-07-21,92713,2025072104012523,AHPC,Sundhara Securities Limited,Pragyan Securities (PVT) Ltd.,10,299.0,2990.0,2025-07-21 12:14:54.058221
2025-07-21,92418,2025072104012602,AHPC,Sundhara Securities Limited,Dipshikha Dhitopatra Karobar Co. Pvt Ltd.,85,299.0,25415.0,2025-07-21 12:15:29.409297
2025-07-21,92417,2025072104012603,AHPC,Dakshinkali Investment & Securities Pvt. Ltd.,Dipshikha Dhitopatra Karobar Co. Pvt Ltd.,500,298.3,149150.0,2025-07-21 12:15:29.409651
2025-07-21,92416,2025072104012604,AHPC,Premier Securities Company Ltd.,Dipshikha Dhitopatra Karobar Co. Pvt Ltd.,200,298.2,59640.0,2025-07-21 12:15:29.409812
2025-07-21,92415,2025072104012605,AHPC,Nepal Investment And Securities Trading Private Limited,Dipshikha Dhitopatra Karobar Co. Pvt Ltd.,215,298.0,64070.0,2025-07-21 12:15:29.409968
2025-07-21,92257,2025072104012633,AHPC,Asian Securities Private Ltd.,Naasa Securities Co. Ltd.,600,299.8,179880.0,2025-07-21 12:15:51.120968
2025-07-21,92256,2025072104012634,AHPC,Asian Securities Private Ltd.,Primo Securities (PVT) Ltd.,400,299.9,119960.0,2025-07-21 12:15:51.121372
2025-07-21,92106,2025072104012659,AHPC,Global IME Securities Limited,Primo Securities (PVT) Ltd.,80,299.9,23992.0,2025-07-21 12:16:11.986582
2025-07-21,92098,2025072104012662,AHPC,Asian Securities Private Ltd.,Primo Securities (PVT) Ltd.,450,299.9,134955.0,2025-07-21 12:16:13.240689
2025-07-21,91908,2025072104012717,AHPC,Nepal Stock House (PVT) Ltd.,Primo Securities (PVT) Ltd.,70,299.9,20993.0,2025-07-21 12:16:38.277509
2025-07-21,91907,2025072104012718,AHPC,Nepal Stock House (PVT) Ltd.,ABC Securities Private Limited,216,300.0,64800.0,2025-07-21 12:16:38.277879
2025-07-21,91906,2025072104012719,AHPC,Nepal Stock House (PVT) Ltd.,Neev Securities Pvt. Ltd.,450,300.0,135000.0,2025-07-21 12:16:38.278043
2025-07-21,91905,2025072104012720,AHPC,Nepal Stock House (PVT) Ltd.,Imperial Securities Company Pvt. Ltd.,1000,300.0,300000.0,2025-07-21 12:16:38.278230
2025-07-21,91904,2025072104012721,AHPC,Nepal Stock House (PVT) Ltd.,Trishakti Securities Public Limited,190,300.0,57000.0,2025-07-21 12:16:38.278442
2025-07-21,91903,2025072104012722,AHPC,Nepal Stock House (PVT) Ltd.,Dipshikha Dhitopatra Karobar Co. Pvt Ltd.,74,300.0,22200.0,2025-07-21 12:16:38.278631
2025-07-21,89852,2025072104013304,AHPC,Asian Securities Private Ltd.,Sewa Securities Pvt. Ltd.,25,299.9,7497.5,2025-07-21 12:21:32.981562
2025-07-21,89851,2025072104013305,AHPC,Asian Securities Private Ltd.,Investment Management Nepal Pvt. Ltd.,100,299.9,29990.0,2025-07-21 12:21:32.982415
2025-07-21,89489,2025072104013385,AHPC,Himalayan Brokerage Company Limited,Linch Stock Market Ltd.,11,298.7,3285.7,2025-07-21 12:22:30.823036
2025-07-21,89136,2025072104013450,AHPC,Global IME Securities Limited,Vision Securities Pvt. Ltd,10,300.0,3000.0,2025-07-21 12:23:23.173239
2025-07-21,89001,2025072104013476,AHPC,Himalayan Brokerage Company Limited,Oxford Securities Pvt. Ltd.,200,299.0,59800.0,2025-07-21 12:23:40.626116
2025-07-21,88801,2025072104013540,AHPC,Himalayan Brokerage Company Limited,Siprabi Securities Pvt. Ltd.,500,299.0,149500.0,2025-07-21 12:24:13.325257
2025-07-21,88181,2025072104013739,AHPC,Asian Securities Private Ltd.,Dakshinkali Investment & Securities Pvt. Ltd.,66,299.1,19740.6,2025-07-21 12:25:46.293327
2025-07-21,87735,2025072104013870,AHPC,Imperial Securities Company Pvt. Ltd.,Cristal Kanchanjanga Securites Pvt. Ltd.,1000,299.5,299500.0,2025-07-21 12:26:58.661568
2025-07-21,87734,2025072104013871,AHPC,Asian Securities Private Ltd.,Cristal Kanchanjanga Securites Pvt. Ltd.,90,299.1,26919.0,2025-07-21 12:26:58.661630
2025-07-21,86786,2025072104014169,AHPC,Aryatara Investment & Securities,Investment Management Nepal Pvt. Ltd.,400,299.6,119840.0,2025-07-21 12:29:14.287808
2025-07-21,86659,2025072104014210,AHPC,Aryatara Investment & Securities,Naasa Securities Co. Ltd.,600,299.6,179760.0,2025-07-21 12:29:27.903145
2025-07-21,86658,2025072104014211,AHPC,Asian Securities Private Ltd.,Naasa Securities Co. Ltd.,344,299.1,102890.4,2025-07-21 12:29:27.903560
2025-07-21,86657,2025072104014212,AHPC,Sewa Securities Pvt. Ltd.,Naasa Securities Co. Ltd.,50,299.1,14955.0,2025-07-21 12:29:27.903754
2025-07-21,86656,2025072104014213,AHPC,Himalayan Brokerage Company Limited,Naasa Securities Co. Ltd.,289,299.0,86411.0,2025-07-21 12:29:27.903927
2025-07-21,86655,2025072104014214,AHPC,Imperial Securities Company Pvt. Ltd.,Naasa Securities Co. Ltd.,3000,299.0,897000.0,2025-07-21 12:29:27.904098
2025-07-21,86654,2025072104014215,AHPC,Vision Securities Pvt. Ltd,Naasa Securities Co. Ltd.,300,299.0,89700.0,2025-07-21 12:29:27.904266
2025-07-21,86653,2025072104014216,AHPC,Secured Securities Ltd.,Naasa Securities Co. Ltd.,100,299.0,29900.0,2025-07-21 12:29:27.904441
2025-07-21,86652,2025072104014217,AHPC,Imperial Securities Company Pvt. Ltd.,Naasa Securities Co. Ltd.,70,299.0,20930.0,2025-07-21 12:29:27.904610
2025-07-21,86553,2025072104014256,AHPC,J.F. Securites (PVT) Ltd.,Naasa Securities Co. Ltd.,200,299.0,59800.0,2025-07-21 12:29:42.798841
2025-07-21,86412,2025072104014299,AHPC,Dipshikha Dhitopatra Karobar Co. Pvt Ltd.,Naasa Securities Co. Ltd.,47,298.5,14029.5,2025-07-21 12:30:04.393134
2025-07-21,86029,2025072104014393,AHPC,Machhapuchchhre Securities Limited,Neev Securities Pvt. Ltd.,10,299.9,2999.0,2025-07-21 12:30:51.214766
2025-07-21,85237,2025072104014600,AHPC,Thrive Brokerage House Pvt. Ltd,Imperial Securities Company Pvt. Ltd.,200,298.7,59740.0,2025-07-21 12:32:23.171809
2025-07-21,85236,2025072104014601,AHPC,Dipshikha Dhitopatra Karobar Co. Pvt Ltd.,Imperial Securities Company Pvt. Ltd.,53,298.5,15820.5,2025-07-21 12:32:23.172197
2025-07-21,85235,2025072104014602,AHPC,Secured Securities Ltd.,Imperial Securities Company Pvt. Ltd.,10,298.3,2983.0,2025-07-21 12:32:23.172389
2025-07-21,85234,2025072104014603,AHPC,Garima Securities Limited,Imperial Securities Company Pvt. Ltd.,80,298.2,23856.0,2025-07-21 12:32:23.172569
2025-07-21,85233,2025072104014604,AHPC,Linch Stock Market Ltd.,Imperial Securities Company Pvt. Ltd.,230,298.1,68563.0,2025-07-21 12:32:23.172735
2025-07-21,85232,2025072104014605,AHPC,Nepal Investment And Securities Trading Private Limited,Imperial Securities Company Pvt. Ltd.,735,298.0,219030.0,2025-07-21 12:32:23.172906
2025-07-21,85231,2025072104014606,AHPC,Online Securities Pvt. Ltd.,Imperial Securities Company Pvt. Ltd.,230,298.0,68540.0,2025-07-21 12:32:23.173078
2025-07-21,85230,2025072104014607,AHPC,Elite Stock House Limited,Imperial Securities Company Pvt. Ltd.,33,298.0,9834.0,2025-07-21 12:32:23.173247
2025-07-21,85229,2025072104014608,AHPC,Sani Securities Company Ltd.,Imperial Securities Company Pvt. Ltd.,65,298.0,19370.0,2025-07-21 12:32:23.173424
2025-07-21,85228,2025072104014609,AHPC,Garima Securities Limited,Imperial Securities Company Pvt. Ltd.,100,298.0,29800.0,2025-07-21 12:32:23.173593
2025-07-21,85015,2025072104014674,AHPC,Global IME Securities Limited,Nepal Investment And Securities Trading Private Limited,1,295.0,295.0,2025-07-21 12:32:53.229467
2025-07-21,85002,2025072104014677,AHPC,Sundhara Securities Limited,Imperial Securities Company Pvt. Ltd.,335,297.6,99696.0,2025-07-21 12:32:54.640611
2025-07-21,85001,2025072104014678,AHPC,Dipshikha Dhitopatra Karobar Co. Pvt Ltd.,Imperial Securities Company Pvt. Ltd.,100,297.1,29710.0,2025-07-21 12:32:54.641009
2025-07-21,85000,2025072104014679,AHPC,Kohinoor Investment & Securities Pvt. Ltd.,Imperial Securities Company Pvt. Ltd.,500,297.1,148550.0,2025-07-21 12:32:54.641205
2025-07-21,84999,2025072104014680,AHPC,Agrawal Securities (PVT) Ltd.,Imperial Securities Company Pvt. Ltd.,680,297.0,201960.0,2025-07-21 12:32:54.641460
2025-07-21,84998,2025072104014681,AHPC,Naasa Securities Co. Ltd.,Imperial Securities Company Pvt. Ltd.,300,297.0,89100.0,2025-07-21 12:32:54.641680
2025-07-21,84997,2025072104014682,AHPC,Secured Securities Ltd.,Imperial Securities Company Pvt. Ltd.,100,297.0,29700.0,2025-07-21 12:32:54.641890
2025-07-21,84996,2025072104014683,AHPC,Secured Securities Ltd.,Imperial Securities Company Pvt. Ltd.,450,297.0,133650.0,2025-07-21 12:32:54.642116
2025-07-21,84995,2025072104014684,AHPC,Shree Krishna Securities Ltd.,Imperial Securities Company Pvt. Ltd.,130,297.0,38610.0,2025-07-21 12:32:54.642369
2025-07-21,84994,2025072104014685,AHPC,Dynamic Money Managers Securities Pvt. Ltd.,Imperial Securities Company Pvt. Ltd.,150,297.0,44550.0,2025-07-21 12:32:54.642598
2025-07-21,84993,2025072104014686,AHPC,Miyo Securities Pvt Ltd,Imperial Securities Company Pvt. Ltd.,500,297.0,148500.0,2025-07-21 12:32:54.642799
2025-07-21,84992,2025072104014687,AHPC,Asian Securities Private Ltd.,Imperial Securities Company Pvt. Ltd.,19,297.0,5643.0,2025-07-21 12:32:54.642999
2025-07-21,83490,2025072104015215,AHPC,Secured Securities Ltd.,Premier Securities Company Ltd.,600,298.0,178800.0,2025-07-21 12:35:50.061122
2025-07-21,83487,2025072104015217,AHPC,Secured Securities Ltd.,Deevyaa Securities & Stock House Pvt. Ltd,100,298.0,29800.0,2025-07-21 12:35:50.382908
2025-07-21,83161,2025072104015324,AHPC,Secured Securities Ltd.,Neev Securities Pvt. Ltd.,290,298.0,86420.0,2025-07-21 12:36:28.171133
2025-07-21,82596,2025072104015483,AHPC,Asian Securities Private Ltd.,Nepal Stock House (PVT) Ltd.,500,297.1,148550.0,2025-07-21 12:37:31.897594
2025-07-21,82010,2025072104015654,AHPC,Asian Securities Private Ltd.,Investment Management Nepal Pvt. Ltd.,10,297.0,2970.0,2025-07-21 12:38:35.043231
2025-07-21,81714,2025072104015730,AHPC,Asian Securities Private Ltd.,Imperial Securities Company Pvt. Ltd.,500,297.0,148500.0,2025-07-21 12:39:06.399155
2025-07-21,81429,2025072104015809,AHPC,Oxford Securities Pvt. Ltd.,Shree Krishna Securities Ltd.,42,298.0,12516.0,2025-07-21 12:39:31.453282
2025-07-21,81428,2025072104015810,AHPC,Oxford Securities Pvt. Ltd.,Premier Securities Company Ltd.,15,298.0,4470.0,2025-07-21 12:39:31.454160
2025-07-21,80742,2025072104016079,AHPC,Oxford Securities Pvt. Ltd.,Himalayan Brokerage Company Limited,43,298.0,12814.0,2025-07-21 12:40:38.137872
2025-07-21,80741,2025072104016080,AHPC,Imperial Securities Company Pvt. Ltd.,Himalayan Brokerage Company Limited,250,298.0,74500.0,2025-07-21 12:40:38.138283
2025-07-21,80740,2025072104016081,AHPC,Sagarmatha Securities Private Limited,Himalayan Brokerage Company Limited,1000,298.0,298000.0,2025-07-21 12:40:38.138470
2025-07-21,80580,2025072104016120,AHPC,Asian Securities Private Ltd.,Arun Securities (PVT) Ltd.,471,297.0,139887.0,2025-07-21 12:40:53.075188
2025-07-21,80579,2025072104016121,AHPC,Dipshikha Dhitopatra Karobar Co. Pvt Ltd.,Arun Securities (PVT) Ltd.,29,297.0,8613.0,2025-07-21 12:40:53.075591
2025-07-21,80184,2025072104016257,AHPC,Dipshikha Dhitopatra Karobar Co. Pvt Ltd.,Secured Securities Ltd.,171,297.0,50787.0,2025-07-21 12:41:27.024205
2025-07-21,80183,2025072104016258,AHPC,Sumeru Securities Pvt. Ltd.,Secured Securities Ltd.,20,297.0,5940.0,2025-07-21 12:41:27.025139
2025-07-21,80182,2025072104016259,AHPC,Opal Securities Investment (PVT) Ltd.,Secured Securities Ltd.,673,297.0,199881.0,2025-07-21 12:41:27.025761
2025-07-21,80181,2025072104016260,AHPC,Midas Stock Broking Company Private Limited,Secured Securities Ltd.,136,297.0,40392.0,2025-07-21 12:41:27.026349
2025-07-21,79868,2025072104016348,AHPC,APPLE SECURITIES PRIVATE LIMITED,INDEX SECURITIES LIMITED,500,297.1,148550.0,2025-07-21 12:41:57.665131
2025-07-21,79867,2025072104016349,AHPC,Midas Stock Broking Company Private Limited,INDEX SECURITIES LIMITED,184,297.0,54648.0,2025-07-21 12:41:57.665555
2025-07-21,79866,2025072104016350,AHPC,Nagarik Stock Dealer ,INDEX SECURITIES LIMITED,100,297.0,29700.0,2025-07-21 12:41:57.665772
2025-07-21,79661,2025072104016399,AHPC,Asian Securities Private Ltd.,R.B.B. Securities Company Ltd,400,296.3,118520.0,2025-07-21 12:42:15.487297
2025-07-21,79542,2025072104016425,AHPC,Asian Securities Private Ltd.,Sani Securities Company Ltd.,100,296.3,29630.0,2025-07-21 12:42:24.251605
2025-07-21,79337,2025072104016466,AHPC,Dipshikha Dhitopatra Karobar Co. Pvt Ltd.,Sani Securities Company Ltd.,310,296.2,91822.0,2025-07-21 12:42:43.913785
2025-07-21,78995,2025072104016556,AHPC,Sani Securities Company Ltd.,INDEX SECURITIES LIMITED,500,297.0,148500.0,2025-07-21 12:43:16.696373
2025-07-21,78589,2025072104016644,AHPC,Dipshikha Dhitopatra Karobar Co. Pvt Ltd.,Dipshikha Dhitopatra Karobar Co. Pvt Ltd.,169,296.2,50057.8,2025-07-21 12:44:05.958651
2025-07-21,77801,2025072104016873,AHPC,Dipshikha Dhitopatra Karobar Co. Pvt Ltd.,Machhapuchchhre Securities Limited,310,296.2,91822.0,2025-07-21 12:45:21.915501
2025-07-21,77028,2025072104017091,AHPC,Asian Securities Private Ltd.,Sundhara Securities Limited,300,296.3,88890.0,2025-07-21 12:46:24.951368
2025-07-21,76432,2025072104017271,AHPC,Asian Securities Private Ltd.,Naasa Securities Co. Ltd.,14,296.3,4148.2,2025-07-21 12:47:25.481532
2025-07-21,76332,2025072104017300,AHPC,Asian Securities Private Ltd.,Dipshikha Dhitopatra Karobar Co. Pvt Ltd.,61,296.3,18074.3,2025-07-21 12:47:42.742619
2025-07-21,76331,2025072104017301,AHPC,Dipshikha Dhitopatra Karobar Co. Pvt Ltd.,Dipshikha Dhitopatra Karobar Co. Pvt Ltd.,211,296.2,62498.2,2025-07-21 12:47:42.743114
2025-07-21,76330,2025072104017302,AHPC,Aryatara Investment & Securities,Dipshikha Dhitopatra Karobar Co. Pvt Ltd.,50,296.2,14810.0,2025-07-21 12:47:42.743300
2025-07-21,76329,2025072104017303,AHPC,Asian Securities Private Ltd.,Dipshikha Dhitopatra Karobar Co. Pvt Ltd.,500,296.2,148100.0,2025-07-21 12:47:42.743525
2025-07-21,76328,2025072104017304,AHPC,Midas Stock Broking Company Private Limited,Dipshikha Dhitopatra Karobar Co. Pvt Ltd.,178,296.1,52705.8,2025-07-21 12:47:42.743737
2025-07-21,76299,2025072104017319,AHPC,Midas Stock Broking Company Private Limited,Sundhara Securities Limited,22,296.1,6514.2,2025-07-21 12:47:46.449629
2025-07-21,76298,2025072104017320,AHPC,Shree Krishna Securities Ltd.,Sundhara Securities Limited,178,296.1,52705.8,2025-07-21 12:47:46.450481
2025-07-21,75523,2025072104017535,AHPC,Sipla Securities Private Limited,Oxford Securities Pvt. Ltd.,58,296.1,17173.8,2025-07-21 12:48:57.184136
2025-07-21,75384,2025072104017566,AHPC,Thrive Brokerage House Pvt. Ltd,INDEX SECURITIES LIMITED,12,297.0,3564.0,2025-07-21 12:49:14.723083
2025-07-21,75055,2025072104017644,AHPC,Sipla Securities Private Limited,Premier Securities Company Ltd.,500,296.1,148050.0,2025-07-21 12:49:47.326767
2025-07-21,74756,2025072104017720,AHPC,Sipla Securities Private Limited,Aryatara Investment & Securities,103,296.1,30498.3,2025-07-21 12:50:15.054467
2025-07-21,73325,2025072104018179,AHPC,Dipshikha Dhitopatra Karobar Co. Pvt Ltd.,INDEX SECURITIES LIMITED,100,297.0,29700.0,2025-07-21 12:52:30.950584
2025-07-21,73041,2025072104018250,AHPC,Swarna Laxmi Securities Pvt. Ltd.,INDEX SECURITIES LIMITED,200,297.0,59400.0,2025-07-21 12:53:10.465622
2025-07-21,72143,2025072104018478,AHPC,Property Wiard Limited,INDEX SECURITIES LIMITED,94,297.0,27918.0,2025-07-21 12:55:08.790482
2025-07-21,71903,2025072104018558,AHPC,Property Wiard Limited,INDEX SECURITIES LIMITED,310,297.0,92070.0,2025-07-21 12:55:38.877624
2025-07-21,71902,2025072104018559,AHPC,Property Wiard Limited,Sundhara Securities Limited,190,297.0,56430.0,2025-07-21 12:55:38.878030
2025-07-21,71692,2025072104018600,AHPC,Sagarmatha Securities Private Limited,Sundhara Securities Limited,10,297.0,2970.0,2025-07-21 12:56:00.241014
2025-07-21,71691,2025072104018601,AHPC,Sagarmatha Securities Private Limited,Online Securities Pvt. Ltd.,990,297.0,294030.0,2025-07-21 12:56:00.241487
2025-07-21,71436,2025072104018679,AHPC,Vision Securities Pvt. Ltd,Online Securities Pvt. Ltd.,510,297.0,151470.0,2025-07-21 12:56:36.128851
2025-07-21,71260,2025072104018723,AHPC,Vision Securities Pvt. Ltd,Naasa Securities Co. Ltd.,10,297.0,2970.0,2025-07-21 12:57:02.716288
2025-07-21,71130,2025072104018769,AHPC,Malla & Malla Stock Broking Company Pvt. Limited,Imperial Securities Company Pvt. Ltd.,2,292.0,584.0,2025-07-21 12:57:25.120447
2025-07-21,71008,2025072104018796,AHPC,Agrawal Securities (PVT) Ltd.,Himalayan Brokerage Company Limited,500,298.0,149000.0,2025-07-21 12:57:37.283056
2025-07-21,70919,2025072104018819,AHPC,Oxford Securities Pvt. Ltd.,Himalayan Brokerage Company Limited,10,298.0,2980.0,2025-07-21 12:57:52.655413
2025-07-21,70662,2025072104018891,AHPC,Kumari Securities Private Limited,Sundhara Securities Limited,200,298.0,59600.0,2025-07-21 12:58:39.624262
2025-07-21,70661,2025072104018892,AHPC,Kumari Securities Private Limited,Dynamic Money Managers Securities Pvt. Ltd.,200,298.0,59600.0,2025-07-21 12:58:39.624773
2025-07-21,70660,2025072104018893,AHPC,Kumari Securities Private Limited,Dynamic Money Managers Securities Pvt. Ltd.,100,298.0,29800.0,2025-07-21 12:58:39.625345
2025-07-21,70453,2025072104018945,AHPC,Thrive Brokerage House Pvt. Ltd,Sundhara Securities Limited,20,297.5,5950.0,2025-07-21 12:59:08.004164
2025-07-21,69329,2025072104019169,AHPC,Thrive Brokerage House Pvt. Ltd,Imperial Securities Company Pvt. Ltd.,480,297.5,142800.0,2025-07-21 13:02:04.798964
2025-07-21,69328,2025072104019170,AHPC,Vision Securities Pvt. Ltd,Imperial Securities Company Pvt. Ltd.,1130,297.0,335610.0,2025-07-21 13:02:04.799882
2025-07-21,69327,2025072104019171,AHPC,Primo Securities (PVT) Ltd.,Imperial Securities Company Pvt. Ltd.,140,297.0,41580.0,2025-07-21 13:02:04.800485
2025-07-21,68272,2025072104019453,AHPC,J.F. Securites (PVT) Ltd.,Dynamic Money Managers Securities Pvt. Ltd.,70,298.0,20860.0,2025-07-21 13:04:59.187533
2025-07-21,68162,2025072104019501,AHPC,Thrive Brokerage House Pvt. Ltd,Oxford Securities Pvt. Ltd.,100,297.5,29750.0,2025-07-21 13:05:20.404964
2025-07-21,68072,2025072104019517,AHPC,Thrive Brokerage House Pvt. Ltd,Ashutosh Brokerage & Securities (PVT) Ltd.,400,297.5,119000.0,2025-07-21 13:05:37.573534
2025-07-21,68071,2025072104019518,AHPC,Kumari Securities Private Limited,Ashutosh Brokerage & Securities (PVT) Ltd.,500,297.2,148600.0,2025-07-21 13:05:37.573998
2025-07-21,68070,2025072104019519,AHPC,Asian Securities Private Ltd.,Ashutosh Brokerage & Securities (PVT) Ltd.,500,297.1,148550.0,2025-07-21 13:05:37.574195
2025-07-21,68069,2025072104019520,AHPC,Primo Securities (PVT) Ltd.,Ashutosh Brokerage & Securities (PVT) Ltd.,262,297.0,77814.0,2025-07-21 13:05:37.574422
2025-07-21,68021,2025072104019538,AHPC,Siprabi Securities Pvt. Ltd.,Dynamic Money Managers Securities Pvt. Ltd.,30,298.0,8940.0,2025-07-21 13:05:49.763141
2025-07-21,68020,2025072104019539,AHPC,Siprabi Securities Pvt. Ltd.,Sri Hari Securities Pvt. Ltd.,20,298.0,5960.0,2025-07-21 13:05:49.763593
2025-07-21,67852,2025072104019571,AHPC,Aryatara Investment & Securities,Citizens Share Broker Limited,70,297.1,20797.0,2025-07-21 13:06:22.972791
2025-07-21,67637,2025072104019613,AHPC,Kumari Securities Private Limited,Sri Hari Securities Pvt. Ltd.,44,298.0,13112.0,2025-07-21 13:06:55.695404
2025-07-21,67636,2025072104019614,AHPC,Kumari Securities Private Limited,Primo Securities (PVT) Ltd.,1000,298.5,298500.0,2025-07-21 13:06:55.696242
2025-07-21,67635,2025072104019615,AHPC,Kumari Securities Private Limited,BHOLE GANESH SECURITIES LTD,500,298.9,149450.0,2025-07-21 13:06:55.696949
2025-07-21,67634,2025072104019616,AHPC,Kumari Securities Private Limited,Bhrikuti Stock Broking Co. Pvt. Ltd.,100,299.0,29900.0,2025-07-21 13:06:55.697197
2025-07-21,67633,2025072104019617,AHPC,Kumari Securities Private Limited,Himalayan Brokerage Company Limited,1697,299.0,507403.0,2025-07-21 13:06:55.697460
2025-07-21,67632,2025072104019618,AHPC,Kumari Securities Private Limited,Secured Securities Ltd.,100,299.0,29900.0,2025-07-21 13:06:55.697731
2025-07-21,67631,2025072104019619,AHPC,Kumari Securities Private Limited,Trisul Securities & Invt. Ltd.,800,299.7,239760.0,2025-07-21 13:06:55.697941
2025-07-21,67630,2025072104019620,AHPC,Kumari Securities Private Limited,Secured Securities Ltd.,500,299.8,149900.0,2025-07-21 13:06:55.698175
2025-07-21,67629,2025072104019621,AHPC,Kumari Securities Private Limited,Agrawal Securities (PVT) Ltd.,1000,299.8,299800.0,2025-07-21 13:06:55.698450
2025-07-21,67628,2025072104019622,AHPC,Kumari Securities Private Limited,Neev Securities Pvt. Ltd.,190,299.9,56981.0,2025-07-21 13:06:55.698686
2025-07-21,67627,2025072104019623,AHPC,Kumari Securities Private Limited,Asian Securities Private Ltd.,1000,299.9,299900.0,2025-07-21 13:06:55.698894
2025-07-21,67626,2025072104019624,AHPC,Kumari Securities Private Limited,Online Securities Pvt. Ltd.,395,299.9,118460.5,2025-07-21 13:06:55.699086
2025-07-21,67625,2025072104019625,AHPC,Kumari Securities Private Limited,Online Securities Pvt. Ltd.,10,300.0,3000.0,2025-07-21 13:06:55.699295
2025-07-21,67624,2025072104019626,AHPC,Kumari Securities Private Limited,Kalika Securities Pvt. Ltd.,106,300.0,31800.0,2025-07-21 13:06:55.699507
2025-07-21,67623,2025072104019627,AHPC,Kumari Securities Private Limited,Linch Stock Market Ltd.,106,300.0,31800.0,2025-07-21 13:06:55.699755
2025-07-21,67622,2025072104019628,AHPC,Kumari Securities Private Limited,J.F. Securites (PVT) Ltd.,100,300.0,30000.0,2025-07-21 13:06:55.699976
2025-07-21,67621,2025072104019629,AHPC,Kumari Securities Private Limited,Imperial Securities Company Pvt. Ltd.,600,300.0,180000.0,2025-07-21 13:06:55.700208
2025-07-21,67620,2025072104019630,AHPC,Kumari Securities Private Limited,Nepal Stock House (PVT) Ltd.,100,300.0,30000.0,2025-07-21 13:06:55.700419
2025-07-21,67619,2025072104019631,AHPC,Kumari Securities Private Limited,Imperial Securities Company Pvt. Ltd.,50,300.0,15000.0,2025-07-21 13:06:55.700628
2025-07-21,67618,2025072104019632,AHPC,Kumari Securities Private Limited,Naasa Securities Co. Ltd.,153,300.0,45900.0,2025-07-21 13:06:55.700839
2025-07-21,67617,2025072104019633,AHPC,Kumari Securities Private Limited,Dipshikha Dhitopatra Karobar Co. Pvt Ltd.,503,300.0,150900.0,2025-07-21 13:06:55.701066
2025-07-21,67616,2025072104019634,AHPC,Kumari Securities Private Limited,Naasa Securities Co. Ltd.,200,300.0,60000.0,2025-07-21 13:06:55.701280
2025-07-21,67615,2025072104019635,AHPC,Kumari Securities Private Limited,Investment Management Nepal Pvt. Ltd.,90,300.0,27000.0,2025-07-21 13:06:55.701497
2025-07-21,67614,2025072104019636,AHPC,Kumari Securities Private Limited,APPLE SECURITIES PRIVATE LIMITED,656,300.0,196800.0,2025-07-21 13:06:55.701708
2025-07-21,66147,2025072104019887,AHPC,Bhrikuti Stock Broking Co. Pvt. Ltd.,Linch Stock Market Ltd.,10,299.0,2990.0,2025-07-21 13:10:36.827380
2025-07-21,66146,2025072104019888,AHPC,Bhrikuti Stock Broking Co. Pvt. Ltd.,Asian Securities Private Ltd.,290,299.9,86971.0,2025-07-21 13:10:36.827949
2025-07-21,65137,2025072104020144,AHPC,BHOLE GANESH SECURITIES LTD,Kumari Securities Private Limited,200,299.0,59800.0,2025-07-21 13:13:22.360528
2025-07-21,64986,2025072104020186,AHPC,BHOLE GANESH SECURITIES LTD,Primo Securities (PVT) Ltd.,100,299.0,29900.0,2025-07-21 13:13:43.118470
2025-07-21,64133,2025072104020408,AHPC,pahiinvestment,Primo Securities (PVT) Ltd.,20,299.0,5980.0,2025-07-21 13:16:16.380309
2025-07-21,64003,2025072104020438,AHPC,Imperial Securities Company Pvt. Ltd.,Primo Securities (PVT) Ltd.,880,299.0,263120.0,2025-07-21 13:16:36.731504
2025-07-21,64002,2025072104020439,AHPC,Imperial Securities Company Pvt. Ltd.,Dipshikha Dhitopatra Karobar Co. Pvt Ltd.,1120,299.0,334880.0,2025-07-21 13:16:36.731970
2025-07-21,63416,2025072104020589,AHPC,Swarna Laxmi Securities Pvt. Ltd.,Dipshikha Dhitopatra Karobar Co. Pvt Ltd.,570,299.0,170430.0,2025-07-21 13:18:10.790996
2025-07-21,62724,2025072104020777,AHPC,Asian Securities Private Ltd.,SUN SECURITIES PVT LTD,45,298.0,13410.0,2025-07-21 13:19:56.479048
2025-07-21,62668,2025072104020789,AHPC,Asian Securities Private Ltd.,Kumari Securities Private Limited,300,298.0,89400.0,2025-07-21 13:20:07.768144
2025-07-21,62441,2025072104020836,AHPC,Asian Securities Private Ltd.,Kumari Securities Private Limited,155,298.0,46190.0,2025-07-21 13:20:54.148678
2025-07-21,62440,2025072104020837,AHPC,Midas Stock Broking Company Private Limited,Kumari Securities Private Limited,145,298.0,43210.0,2025-07-21 13:20:54.149564
2025-07-21,61551,2025072104021065,AHPC,Naasa Securities Co. Ltd.,Dipshikha Dhitopatra Karobar Co. Pvt Ltd.,310,299.0,92690.0,2025-07-21 13:22:52.764500
2025-07-21,61550,2025072104021066,AHPC,Naasa Securities Co. Ltd.,ABC Securities Private Limited,50,299.0,14950.0,2025-07-21 13:22:52.764976
2025-07-21,61549,2025072104021067,AHPC,Naasa Securities Co. Ltd.,Naasa Securities Co. Ltd.,100,299.0,29900.0,2025-07-21 13:22:52.765188
2025-07-21,61548,2025072104021068,AHPC,Naasa Securities Co. Ltd.,Sani Securities Company Ltd.,400,299.0,119600.0,2025-07-21 13:22:52.765389
2025-07-21,61547,2025072104021069,AHPC,Naasa Securities Co. Ltd.,Sharepro Securities Private Limited,800,299.6,239680.0,2025-07-21 13:22:52.765575
2025-07-21,61203,2025072104021200,AHPC,Midas Stock Broking Company Private Limited,Linch Stock Market Ltd.,35,298.0,10430.0,2025-07-21 13:23:48.843040
2025-07-21,61202,2025072104021201,AHPC,Trisul Securities & Invt. Ltd.,Linch Stock Market Ltd.,65,298.0,19370.0,2025-07-21 13:23:48.843541
2025-07-21,60656,2025072104021392,AHPC,Vision Securities Pvt. Ltd,Sharepro Securities Private Limited,80,299.6,23968.0,2025-07-21 13:25:15.509215
2025-07-21,60312,2025072104021468,AHPC,Thrive Brokerage House Pvt. Ltd,Hatemalo Financial Services Private Limited,40,298.5,11940.0,2025-07-21 13:26:00.872841
2025-07-21,58988,2025072104021850,AHPC,Property Wiard Limited,Vision Securities Pvt. Ltd,10,298.6,2986.0,2025-07-21 13:29:35.581946
2025-07-21,58402,2025072104022033,AHPC,Online Securities Pvt. Ltd.,Sharepro Securities Private Limited,15,299.6,4494.0,2025-07-21 13:31:09.303675
2025-07-21,56987,2025072104022457,AHPC,Kohinoor Investment & Securities Pvt. Ltd.,Naasa Securities Co. Ltd.,20,299.5,5990.0,2025-07-21 13:34:37.835896
2025-07-21,56702,2025072104022533,AHPC,Thrive Brokerage House Pvt. Ltd,Siprabi Securities Pvt. Ltd.,460,298.5,137310.0,2025-07-21 13:35:28.053744
2025-07-21,56701,2025072104022534,AHPC,Trisul Securities & Invt. Ltd.,Siprabi Securities Pvt. Ltd.,40,298.0,11920.0,2025-07-21 13:35:28.054290
2025-07-21,56298,2025072104022626,AHPC,Trisul Securities & Invt. Ltd.,Midas Stock Broking Company Private Limited,1000,298.0,298000.0,2025-07-21 13:36:10.300109
2025-07-21,56254,2025072104022637,AHPC,Trisul Securities & Invt. Ltd.,Midas Stock Broking Company Private Limited,546,298.0,162708.0,2025-07-21 13:36:17.331208
2025-07-21,56190,2025072104022651,AHPC,Trisul Securities & Invt. Ltd.,Premier Securities Company Ltd.,349,298.0,104002.0,2025-07-21 13:36:27.751893
2025-07-21,56189,2025072104022652,AHPC,Online Securities Pvt. Ltd.,Premier Securities Company Ltd.,351,298.0,104598.0,2025-07-21 13:36:27.752011
2025-07-21,55843,2025072104022757,AHPC,Online Securities Pvt. Ltd.,Naasa Securities Co. Ltd.,655,298.0,195190.0,2025-07-21 13:37:28.816991
2025-07-21,55809,2025072104022762,AHPC,Asian Securities Private Ltd.,Aryatara Investment & Securities,100,298.0,29800.0,2025-07-21 13:37:33.605760
2025-07-21,55653,2025072104022794,AHPC,Naasa Securities Co. Ltd.,Online Securities Pvt. Ltd.,6,293.0,1758.0,2025-07-21 13:37:58.128115
2025-07-21,55543,2025072104022830,AHPC,Asian Securities Private Ltd.,Dipshikha Dhitopatra Karobar Co. Pvt Ltd.,100,298.0,29800.0,2025-07-21 13:38:11.524675
2025-07-21,54127,2025072104023203,AHPC,Asian Securities Private Ltd.,Dipshikha Dhitopatra Karobar Co. Pvt Ltd.,194,298.0,57812.0,2025-07-21 13:41:26.836664
2025-07-21,53763,2025072104023287,AHPC,J.F. Securites (PVT) Ltd.,Naasa Securities Co. Ltd.,25,298.0,7450.0,2025-07-21 13:42:17.607012
2025-07-21,53355,2025072104023366,AHPC,Asian Securities Private Ltd.,South Asian Bulls Pvt. Ltd.,21,297.8,6253.8,2025-07-21 13:43:04.288348
2025-07-21,52426,2025072104023577,AHPC,Asian Securities Private Ltd.,Neev Securities Pvt. Ltd.,111,297.8,33055.8,2025-07-21 13:45:02.429333
2025-07-21,51414,2025072104023793,AHPC,Siprabi Securities Pvt. Ltd.,Naasa Securities Co. Ltd.,25,298.0,7450.0,2025-07-21 13:47:12.064809
2025-07-21,50940,2025072104023895,AHPC,Cristal Kanchanjanga Securites Pvt. Ltd.,SUN SECURITIES PVT LTD,11,299.4,3293.4,2025-07-21 13:48:13.086786
2025-07-21,50939,2025072104023896,AHPC,Cristal Kanchanjanga Securites Pvt. Ltd.,Siprabi Securities Pvt. Ltd.,50,299.4,14970.0,2025-07-21 13:48:13.087190
2025-07-21,50938,2025072104023897,AHPC,Cristal Kanchanjanga Securites Pvt. Ltd.,Dipshikha Dhitopatra Karobar Co. Pvt Ltd.,289,299.4,86526.6,2025-07-21 13:48:13.087388
2025-07-21,50482,2025072104023956,AHPC,Thrive Brokerage House Pvt. Ltd,Dipshikha Dhitopatra Karobar Co. Pvt Ltd.,11,299.4,3293.4,2025-07-21 13:49:03.688134
2025-07-21,50481,2025072104023957,AHPC,Thrive Brokerage House Pvt. Ltd,Sharepro Securities Private Limited,105,299.6,31458.0,2025-07-21 13:49:03.688595
2025-07-21,50480,2025072104023958,AHPC,Thrive Brokerage House Pvt. Ltd,Aryatara Investment & Securities,555,299.6,166278.0,2025-07-21 13:49:03.688791
2025-07-21,50479,2025072104023959,AHPC,Thrive Brokerage House Pvt. Ltd,Sri Hari Securities Pvt. Ltd.,329,299.7,98601.3,2025-07-21 13:49:03.688983
2025-07-21,49799,2025072104024091,AHPC,Shree Krishna Securities Ltd.,Dipshikha Dhitopatra Karobar Co. Pvt Ltd.,52,299.0,15548.0,2025-07-21 13:50:02.722127
2025-07-21,49798,2025072104024092,AHPC,Shree Krishna Securities Ltd.,Sri Hari Securities Pvt. Ltd.,448,299.7,134265.6,2025-07-21 13:50:02.722614
2025-07-21,49390,2025072104024180,AHPC,Kohinoor Investment & Securities Pvt. Ltd.,Online Securities Pvt. Ltd.,300,299.0,89700.0,2025-07-21 13:50:40.293267
2025-07-21,49122,2025072104024234,AHPC,Sani Securities Company Ltd.,Sri Hari Securities Pvt. Ltd.,220,299.7,65934.0,2025-07-21 13:51:04.299285
2025-07-21,47776,2025072104024517,AHPC,Cristal Kanchanjanga Securites Pvt. Ltd.,Dipshikha Dhitopatra Karobar Co. Pvt Ltd.,100,299.7,29970.0,2025-07-21 13:53:04.112923
2025-07-21,47508,2025072104024564,AHPC,Midas Stock Broking Company Private Limited,Dipshikha Dhitopatra Karobar Co. Pvt Ltd.,100,299.7,29970.0,2025-07-21 13:53:37.049835
2025-07-21,46040,2025072104024932,AHPC,Kohinoor Investment & Securities Pvt. Ltd.,Trishakti Securities Public Limited,1,299.0,299.0,2025-07-21 13:56:31.621932
2025-07-21,45885,2025072104024970,AHPC,Midas Stock Broking Company Private Limited,Asian Securities Private Ltd.,300,299.7,89910.0,2025-07-21 13:56:57.578708
2025-07-21,45457,2025072104025043,AHPC,Sani Securities Company Ltd.,Asian Securities Private Ltd.,580,299.7,173826.0,2025-07-21 13:57:39.371143
2025-07-21,45352,2025072104025071,AHPC,Neev Securities Pvt. Ltd.,Asian Securities Private Ltd.,120,299.7,35964.0,2025-07-21 13:57:46.763014
2025-07-21,45272,2025072104025085,AHPC,ABC Securities Private Limited,Sundhara Securities Limited,100,299.8,29980.0,2025-07-21 13:57:55.845213
2025-07-21,45271,2025072104025086,AHPC,ABC Securities Private Limited,Aryatara Investment & Securities,100,299.8,29980.0,2025-07-21 13:57:55.845772
2025-07-21,45076,2025072104025132,AHPC,Midas Stock Broking Company Private Limited,Aryatara Investment & Securities,913,299.8,273717.4,2025-07-21 13:58:15.548775
2025-07-21,44712,2025072104025166,AHPC,Cristal Kanchanjanga Securites Pvt. Ltd.,Aryatara Investment & Securities,32,299.8,9593.6,2025-07-21 13:58:37.183278
2025-07-21,44711,2025072104025167,AHPC,Cristal Kanchanjanga Securites Pvt. Ltd.,Asian Securities Private Ltd.,43,299.9,12895.7,2025-07-21 13:58:37.183769
2025-07-21,44518,2025072104025190,AHPC,Neev Securities Pvt. Ltd.,Miyo Securities Pvt Ltd,200,299.7,59940.0,2025-07-21 13:58:59.381413
2025-07-21,44090,2025072104025262,AHPC,Kalika Securities Pvt. Ltd.,Asian Securities Private Ltd.,200,299.9,59980.0,2025-07-21 13:59:44.018399
2025-07-21,44026,2025072104025317,AHPC,Sundhara Securities Limited,Asian Securities Private Ltd.,200,299.9,59980.0,2025-07-21 13:59:46.210303
2025-07-21,43290,2025072104025434,AHPC,Trisul Securities & Invt. Ltd.,Asian Securities Private Ltd.,267,299.9,80073.3,2025-07-21 14:00:52.384897
2025-07-21,43289,2025072104025435,AHPC,Trisul Securities & Invt. Ltd.,J.F. Securites (PVT) Ltd.,233,299.9,69876.7,2025-07-21 14:00:52.385426
2025-07-21,42862,2025072104025526,AHPC,Capital Max Securities Ltd,J.F. Securites (PVT) Ltd.,195,299.9,58480.5,2025-07-21 14:01:39.811326
2025-07-21,42111,2025072104025669,AHPC,Sundhara Securities Limited,J.F. Securites (PVT) Ltd.,100,299.9,29990.0,2025-07-21 14:02:54.747974
2025-07-21,41902,2025072104025700,AHPC,Asian Securities Private Ltd.,Imperial Securities Company Pvt. Ltd.,200,299.8,59960.0,2025-07-21 14:03:13.829497
2025-07-21,41901,2025072104025701,AHPC,Premier Securities Company Ltd.,Imperial Securities Company Pvt. Ltd.,178,299.8,53364.4,2025-07-21 14:03:13.830399
2025-07-21,41613,2025072104025792,AHPC,Naasa Securities Co. Ltd.,J.F. Securites (PVT) Ltd.,20,299.9,5998.0,2025-07-21 14:03:36.967687
2025-07-21,41444,2025072104025847,AHPC,Cristal Kanchanjanga Securites Pvt. Ltd.,J.F. Securites (PVT) Ltd.,100,299.9,29990.0,2025-07-21 14:03:52.489807
2025-07-21,41208,2025072104025921,AHPC,Aryatara Investment & Securities,J.F. Securites (PVT) Ltd.,499,299.9,149650.1,2025-07-21 14:04:18.002413
2025-07-21,40383,2025072104026169,AHPC,Sundhara Securities Limited,J.F. Securites (PVT) Ltd.,100,299.9,29990.0,2025-07-21 14:05:52.175761
2025-07-21,40367,2025072104026172,AHPC,Agrawal Securities (PVT) Ltd.,J.F. Securites (PVT) Ltd.,253,299.9,75874.7,2025-07-21 14:05:54.587622
2025-07-21,40366,2025072104026173,AHPC,Agrawal Securities (PVT) Ltd.,Kohinoor Investment & Securities Pvt. Ltd.,1247,299.9,373975.3,2025-07-21 14:05:54.588061
2025-07-21,39969,2025072104026306,AHPC,Premier Securities Company Ltd.,Cristal Kanchanjanga Securites Pvt. Ltd.,222,299.8,66555.6,2025-07-21 14:06:32.761466
2025-07-21,39896,2025072104026326,AHPC,Investment Management Nepal Pvt. Ltd.,Kohinoor Investment & Securities Pvt. Ltd.,100,299.9,29990.0,2025-07-21 14:06:43.016156
2025-07-21,39707,2025072104026428,AHPC,Neev Securities Pvt. Ltd.,Naasa Securities Co. Ltd.,49,299.7,14685.3,2025-07-21 14:06:59.331064
2025-07-21,39506,2025072104026498,AHPC,Sri Hari Securities Pvt. Ltd.,Kohinoor Investment & Securities Pvt. Ltd.,600,299.9,179940.0,2025-07-21 14:07:22.157633
2025-07-21,39454,2025072104026510,AHPC,Cristal Kanchanjanga Securites Pvt. Ltd.,Kohinoor Investment & Securities Pvt. Ltd.,1000,299.9,299900.0,2025-07-21 14:07:28.114525
2025-07-21,39386,2025072104026540,AHPC,Aryatara Investment & Securities,Himalayan Securities Limited,200,299.8,59960.0,2025-07-21 14:07:32.635006
2025-07-21,39288,2025072104026571,AHPC,Aryatara Investment & Securities,Trisul Securities & Invt. Ltd.,800,299.8,239840.0,2025-07-21 14:07:44.989981
2025-07-21,38114,2025072104026910,AHPC,Neev Securities Pvt. Ltd.,Online Securities Pvt. Ltd.,131,299.7,39260.7,2025-07-21 14:10:01.655870
2025-07-21,38113,2025072104026911,AHPC,Sumeru Securities Pvt. Ltd.,Online Securities Pvt. Ltd.,500,298.4,149200.0,2025-07-21 14:10:01.656391
2025-07-21,38112,2025072104026912,AHPC,Sumeru Securities Pvt. Ltd.,Online Securities Pvt. Ltd.,500,298.3,149150.0,2025-07-21 14:10:01.656645
2025-07-21,38111,2025072104026913,AHPC,Sundhara Securities Limited,Online Securities Pvt. Ltd.,100,298.2,29820.0,2025-07-21 14:10:01.656932
2025-07-21,38110,2025072104026914,AHPC,Sumeru Securities Pvt. Ltd.,Online Securities Pvt. Ltd.,769,298.2,229315.8,2025-07-21 14:10:01.657251
2025-07-21,38106,2025072104026917,AHPC,Imperial Securities Company Pvt. Ltd.,Trisul Securities & Invt. Ltd.,120,299.8,35976.0,2025-07-21 14:10:02.809454
2025-07-21,37236,2025072104027183,AHPC,Sumeru Securities Pvt. Ltd.,Sri Hari Securities Pvt. Ltd.,100,299.0,29900.0,2025-07-21 14:11:47.804796
2025-07-21,36165,2025072104027512,AHPC,Sumeru Securities Pvt. Ltd.,Bhrikuti Stock Broking Co. Pvt. Ltd.,200,298.5,59700.0,2025-07-21 14:13:46.243197
2025-07-21,35594,2025072104027724,AHPC,Sumeru Securities Pvt. Ltd.,Aryatara Investment & Securities,231,298.2,68884.2,2025-07-21 14:14:38.135256
2025-07-21,35593,2025072104027725,AHPC,Aryatara Investment & Securities,Aryatara Investment & Securities,200,298.1,59620.0,2025-07-21 14:14:38.136291
2025-07-21,35592,2025072104027726,AHPC,APPLE SECURITIES PRIVATE LIMITED,Aryatara Investment & Securities,200,298.1,59620.0,2025-07-21 14:14:38.136964
2025-07-21,35591,2025072104027727,AHPC,Naasa Securities Co. Ltd.,Aryatara Investment & Securities,369,298.0,109962.0,2025-07-21 14:14:38.137653
2025-07-21,34656,2025072104028055,AHPC,Naasa Securities Co. Ltd.,Dipshikha Dhitopatra Karobar Co. Pvt Ltd.,500,298.0,149000.0,2025-07-21 14:16:30.394190
2025-07-21,33591,2025072104028371,AHPC,Naasa Securities Co. Ltd.,J.F. Securites (PVT) Ltd.,131,298.0,39038.0,2025-07-21 14:18:32.139251
2025-07-21,33590,2025072104028372,AHPC,Vision Securities Pvt. Ltd,J.F. Securites (PVT) Ltd.,100,298.0,29800.0,2025-07-21 14:18:32.139729
2025-07-21,33589,2025072104028373,AHPC,Ashutosh Brokerage & Securities (PVT) Ltd.,J.F. Securites (PVT) Ltd.,369,298.0,109962.0,2025-07-21 14:18:32.139981
2025-07-21,33485,2025072104028396,AHPC,Ashutosh Brokerage & Securities (PVT) Ltd.,Aryatara Investment & Securities,131,298.0,39038.0,2025-07-21 14:18:43.615381
2025-07-21,33484,2025072104028397,AHPC,Cristal Kanchanjanga Securites Pvt. Ltd.,Aryatara Investment & Securities,20,298.0,5960.0,2025-07-21 14:18:43.616272
2025-07-21,33483,2025072104028398,AHPC,Aryatara Investment & Securities,Aryatara Investment & Securities,30,298.0,8940.0,2025-07-21 14:18:43.616940
2025-07-21,33482,2025072104028399,AHPC,Sani Securities Company Ltd.,Aryatara Investment & Securities,100,298.0,29800.0,2025-07-21 14:18:43.617566
2025-07-21,33481,2025072104028400,AHPC,Deevyaa Securities & Stock House Pvt. Ltd,Aryatara Investment & Securities,19,298.0,5662.0,2025-07-21 14:18:43.618169
2025-07-21,32125,2025072104028924,AHPC,Deevyaa Securities & Stock House Pvt. Ltd,Deevyaa Securities & Stock House Pvt. Ltd,50,298.0,14900.0,2025-07-21 14:21:05.817950
2025-07-21,30627,2025072104029308,AHPC,Deevyaa Securities & Stock House Pvt. Ltd,J.F. Securites (PVT) Ltd.,31,298.0,9238.0,2025-07-21 14:23:33.380833
2025-07-21,30626,2025072104029309,AHPC,Online Securities Pvt. Ltd.,J.F. Securites (PVT) Ltd.,969,298.0,288762.0,2025-07-21 14:23:33.381392
2025-07-21,30352,2025072104029376,AHPC,Online Securities Pvt. Ltd.,Sanima Securities Limited,531,298.0,158238.0,2025-07-21 14:24:01.564414
2025-07-21,29604,2025072104029557,AHPC,Asian Securities Private Ltd.,Naasa Securities Co. Ltd.,368,297.8,109590.4,2025-07-21 14:25:15.319063
2025-07-21,29603,2025072104029558,AHPC,Aryatara Investment & Securities,Naasa Securities Co. Ltd.,100,297.3,29730.0,2025-07-21 14:25:15.319572
2025-07-21,29602,2025072104029559,AHPC,Thrive Brokerage House Pvt. Ltd,Naasa Securities Co. Ltd.,100,297.2,29720.0,2025-07-21 14:25:15.319832
2025-07-21,29601,2025072104029560,AHPC,Aryatara Investment & Securities,Naasa Securities Co. Ltd.,230,297.1,68333.0,2025-07-21 14:25:15.320059
2025-07-21,29600,2025072104029561,AHPC,Dipshikha Dhitopatra Karobar Co. Pvt Ltd.,Naasa Securities Co. Ltd.,100,297.1,29710.0,2025-07-21 14:25:15.320283
2025-07-21,29599,2025072104029562,AHPC,Siprabi Securities Pvt. Ltd.,Naasa Securities Co. Ltd.,475,297.1,141122.5,2025-07-21 14:25:15.320605
2025-07-21,29598,2025072104029563,AHPC,Primo Securities (PVT) Ltd.,Naasa Securities Co. Ltd.,1598,297.0,474606.0,2025-07-21 14:25:15.320848
2025-07-21,29597,2025072104029564,AHPC,Sani Securities Company Ltd.,Naasa Securities Co. Ltd.,29,297.0,8613.0,2025-07-21 14:25:15.321058
2025-07-21,29595,2025072104029565,AHPC,Opal Securities Investment (PVT) Ltd.,Sanima Securities Limited,15,298.0,4470.0,2025-07-21 14:25:15.632198
2025-07-21,28539,2025072104029887,AHPC,Trisul Securities & Invt. Ltd.,Sanima Securities Limited,1300,298.0,387400.0,2025-07-21 14:27:10.155401
2025-07-21,28309,2025072104029942,AHPC,APPLE SECURITIES PRIVATE LIMITED,ABC Securities Private Limited,111,297.1,32978.1,2025-07-21 14:27:30.113203
2025-07-21,27897,2025072104030057,AHPC,Nepal Stock House (PVT) Ltd.,Sanima Securities Limited,224,298.0,66752.0,2025-07-21 14:28:18.049805
2025-07-21,27896,2025072104030058,AHPC,Nepal Stock House (PVT) Ltd.,Aryatara Investment & Securities,276,298.0,82248.0,2025-07-21 14:28:18.050269
2025-07-21,27526,2025072104030155,AHPC,APPLE SECURITIES PRIVATE LIMITED,Vision Securities Pvt. Ltd,389,297.1,115571.9,2025-07-21 14:28:59.319630
2025-07-21,27525,2025072104030156,AHPC,Sani Securities Company Ltd.,Vision Securities Pvt. Ltd,271,297.0,80487.0,2025-07-21 14:28:59.320153
2025-07-21,27524,2025072104030157,AHPC,Oxford Securities Pvt. Ltd.,Vision Securities Pvt. Ltd,67,297.0,19899.0,2025-07-21 14:28:59.320384
2025-07-21,27523,2025072104030158,AHPC,Vision Securities Pvt. Ltd,Vision Securities Pvt. Ltd,150,297.0,44550.0,2025-07-21 14:28:59.320592
2025-07-21,27522,2025072104030159,AHPC,Investment Management Nepal Pvt. Ltd.,Vision Securities Pvt. Ltd,44,297.0,13068.0,2025-07-21 14:28:59.320790
2025-07-21,27521,2025072104030160,AHPC,Siprabi Securities Pvt. Ltd.,Vision Securities Pvt. Ltd,250,297.0,74250.0,2025-07-21 14:28:59.320997
2025-07-21,27520,2025072104030161,AHPC,Sani Securities Company Ltd.,Vision Securities Pvt. Ltd,50,297.0,14850.0,2025-07-21 14:28:59.321199
2025-07-21,27519,2025072104030162,AHPC,Online Securities Pvt. Ltd.,Vision Securities Pvt. Ltd,500,297.0,148500.0,2025-07-21 14:28:59.321405
2025-07-21,27518,2025072104030163,AHPC,Malla & Malla Stock Broking Company Pvt. Limited,Vision Securities Pvt. Ltd,100,297.0,29700.0,2025-07-21 14:28:59.321603
2025-07-21,27517,2025072104030164,AHPC,Property Wiard Limited,Vision Securities Pvt. Ltd,500,297.0,148500.0,2025-07-21 14:28:59.321817
2025-07-21,27516,2025072104030165,AHPC,Opal Securities Investment (PVT) Ltd.,Vision Securities Pvt. Ltd,200,297.0,59400.0,2025-07-21 14:28:59.322011
2025-07-21,27515,2025072104030166,AHPC,Imperial Securities Company Pvt. Ltd.,Vision Securities Pvt. Ltd,179,297.0,53163.0,2025-07-21 14:28:59.322245
2025-07-21,27319,2025072104030222,AHPC,Imperial Securities Company Pvt. Ltd.,Vision Securities Pvt. Ltd,21,297.0,6237.0,2025-07-21 14:29:24.796436
2025-07-21,27318,2025072104030223,AHPC,Thrive Brokerage House Pvt. Ltd,Vision Securities Pvt. Ltd,36,297.0,10692.0,2025-07-21 14:29:24.796928
2025-07-21,27184,2025072104030269,AHPC,Thrive Brokerage House Pvt. Ltd,Shree Krishna Securities Ltd.,297,297.0,88209.0,2025-07-21 14:29:39.503767
2025-07-21,26966,2025072104030331,AHPC,Thrive Brokerage House Pvt. Ltd,Sundhara Securities Limited,167,297.0,49599.0,2025-07-21 14:30:09.701384
2025-07-21,26965,2025072104030332,AHPC,Online Securities Pvt. Ltd.,Sundhara Securities Limited,100,296.8,29680.0,2025-07-21 14:30:09.701836
2025-07-21,26964,2025072104030333,AHPC,Secured Securities Ltd.,Sundhara Securities Limited,33,296.3,9777.9,2025-07-21 14:30:09.702037
2025-07-21,26840,2025072104030383,AHPC,Secured Securities Ltd.,Sani Securities Company Ltd.,712,296.3,210965.6,2025-07-21 14:30:25.479894
2025-07-21,26705,2025072104030432,AHPC,Secured Securities Ltd.,Roadshow securities limited,100,296.3,29630.0,2025-07-21 14:30:42.031337
2025-07-21,26629,2025072104030460,AHPC,Imperial Securities Company Pvt. Ltd.,Aryatara Investment & Securities,30,298.0,8940.0,2025-07-21 14:30:52.338262
2025-07-21,25086,2025072104030867,AHPC,Miyo Securities Pvt Ltd,Aryatara Investment & Securities,30,298.0,8940.0,2025-07-21 14:33:33.248806
2025-07-21,24195,2025072104031120,AHPC,Vision Securities Pvt. Ltd,Aryatara Investment & Securities,37,298.0,11026.0,2025-07-21 14:35:27.969258
2025-07-21,24011,2025072104031171,AHPC,Sani Securities Company Ltd.,Aryatara Investment & Securities,67,298.0,19966.0,2025-07-21 14:35:50.333276
2025-07-21,23724,2025072104031239,AHPC,Premier Securities Company Ltd.,Aryatara Investment & Securities,25,298.0,7450.0,2025-07-21 14:36:29.262767
2025-07-21,22589,2025072104031519,AHPC,Arun Securities (PVT) Ltd.,Magnet Securities and Investment Company Private Limited,175,297.9,52132.5,2025-07-21 14:38:31.751975
2025-07-21,20187,2025072104032158,AHPC,Miyo Securities Pvt Ltd,Magnet Securities and Investment Company Private Limited,100,297.9,29790.0,2025-07-21 14:42:31.322785
2025-07-21,19931,2025072104032219,AHPC,Online Securities Pvt. Ltd.,Magnet Securities and Investment Company Private Limited,100,297.5,29750.0,2025-07-21 14:42:59.365088
2025-07-21,19930,2025072104032220,AHPC,Imperial Securities Company Pvt. Ltd.,Magnet Securities and Investment Company Private Limited,500,297.5,148750.0,2025-07-21 14:42:59.365558
2025-07-21,19929,2025072104032221,AHPC,Dipshikha Dhitopatra Karobar Co. Pvt Ltd.,Magnet Securities and Investment Company Private Limited,125,297.3,37162.5,2025-07-21 14:42:59.365773
2025-07-21,19628,2025072104032291,AHPC,Global IME Securities Limited,Aryatara Investment & Securities,100,298.0,29800.0,2025-07-21 14:43:27.078948
2025-07-21,19529,2025072104032316,AHPC,Infinity Securities Limited,Linch Stock Market Ltd.,825,297.9,245767.5,2025-07-21 14:43:35.063943
2025-07-21,19391,2025072104032334,AHPC,Dipshikha Dhitopatra Karobar Co. Pvt Ltd.,Dipshikha Dhitopatra Karobar Co. Pvt Ltd.,275,297.3,81757.5,2025-07-21 14:43:45.567574
2025-07-21,19390,2025072104032335,AHPC,Nepal Stock House (PVT) Ltd.,Dipshikha Dhitopatra Karobar Co. Pvt Ltd.,200,297.2,59440.0,2025-07-21 14:43:45.568520
2025-07-21,19389,2025072104032336,AHPC,Vision Securities Pvt. Ltd,Dipshikha Dhitopatra Karobar Co. Pvt Ltd.,10,297.1,2971.0,2025-07-21 14:43:45.569162
2025-07-21,19387,2025072104032337,AHPC,Capital Max Securities Ltd,Dipshikha Dhitopatra Karobar Co. Pvt Ltd.,100,297.1,29710.0,2025-07-21 14:43:45.569899
2025-07-21,19386,2025072104032338,AHPC,Sumeru Securities Pvt. Ltd.,Dipshikha Dhitopatra Karobar Co. Pvt Ltd.,100,297.0,29700.0,2025-07-21 14:43:45.570647
2025-07-21,19385,2025072104032339,AHPC,Imperial Securities Company Pvt. Ltd.,Dipshikha Dhitopatra Karobar Co. Pvt Ltd.,50,297.0,14850.0,2025-07-21 14:43:45.571331
2025-07-21,19384,2025072104032340,AHPC,Nepal Stock House (PVT) Ltd.,Dipshikha Dhitopatra Karobar Co. Pvt Ltd.,765,297.0,227205.0,2025-07-21 14:43:45.571574
2025-07-21,18404,2025072104032678,AHPC,Sani Securities Company Ltd.,Linch Stock Market Ltd.,13,297.9,3872.7,2025-07-21 14:44:48.604138
2025-07-21,18378,2025072104032688,AHPC,Nepal Stock House (PVT) Ltd.,Garima Securities Limited,100,297.0,29700.0,2025-07-21 14:44:50.745927
2025-07-21,17698,2025072104032852,AHPC,KALASH STOCK MARKET PVT. LTD.,Linch Stock Market Ltd.,292,297.9,86986.8,2025-07-21 14:45:35.094423
2025-07-21,17697,2025072104032853,AHPC,KALASH STOCK MARKET PVT. LTD.,Aryatara Investment & Securities,208,298.0,61984.0,2025-07-21 14:45:35.094899
2025-07-21,17418,2025072104032926,AHPC,Capital Max Securities Ltd,Opal Securities Investment (PVT) Ltd.,70,297.1,20797.0,2025-07-21 14:45:59.519358
2025-07-21,17417,2025072104032927,AHPC,Nepal Stock House (PVT) Ltd.,Opal Securities Investment (PVT) Ltd.,135,297.0,40095.0,2025-07-21 14:45:59.519816
2025-07-21,17416,2025072104032928,AHPC,Bhrikuti Stock Broking Co. Pvt. Ltd.,Opal Securities Investment (PVT) Ltd.,250,297.0,74250.0,2025-07-21 14:45:59.520040
2025-07-21,17415,2025072104032929,AHPC,Shree Krishna Securities Ltd.,Opal Securities Investment (PVT) Ltd.,145,297.0,43065.0,2025-07-21 14:45:59.520266
2025-07-21,17411,2025072104032932,AHPC,Shree Krishna Securities Ltd.,Miyo Securities Pvt Ltd,246,297.0,73062.0,2025-07-21 14:46:00.149727
2025-07-21,17214,2025072104032972,AHPC,Global IME Securities Limited,Miyo Securities Pvt Ltd,50,297.0,14850.0,2025-07-21 14:46:15.552869
2025-07-21,17156,2025072104032983,AHPC,Online Securities Pvt. Ltd.,Aryatara Investment & Securities,500,298.0,149000.0,2025-07-21 14:46:21.511182
2025-07-21,15730,2025072104033327,AHPC,Trishakti Securities Public Limited,Aryatara Investment & Securities,227,298.0,67646.0,2025-07-21 14:48:01.284881
2025-07-21,15729,2025072104033328,AHPC,Trishakti Securities Public Limited,Naasa Securities Co. Ltd.,17,298.0,5066.0,2025-07-21 14:48:01.285375
2025-07-21,15728,2025072104033329,AHPC,Trishakti Securities Public Limited,Dynamic Money Managers Securities Pvt. Ltd.,100,298.0,29800.0,2025-07-21 14:48:01.285612
2025-07-21,15727,2025072104033330,AHPC,Trishakti Securities Public Limited,South Asian Bulls Pvt. Ltd.,1000,298.0,298000.0,2025-07-21 14:48:01.285843
2025-07-21,15726,2025072104033331,AHPC,Trishakti Securities Public Limited,Naasa Securities Co. Ltd.,1223,298.0,364454.0,2025-07-21 14:48:01.286060
2025-07-21,15725,2025072104033332,AHPC,Trishakti Securities Public Limited,Malla & Malla Stock Broking Company Pvt. Limited,20,298.0,5960.0,2025-07-21 14:48:01.286296
2025-07-21,15724,2025072104033333,AHPC,Trishakti Securities Public Limited,Online Securities Pvt. Ltd.,10,298.0,2980.0,2025-07-21 14:48:01.286540
2025-07-21,15723,2025072104033334,AHPC,Trishakti Securities Public Limited,Deevyaa Securities & Stock House Pvt. Ltd,200,298.0,59600.0,2025-07-21 14:48:01.286771
2025-07-21,15722,2025072104033335,AHPC,Trishakti Securities Public Limited,Sri Hari Securities Pvt. Ltd.,20,298.0,5960.0,2025-07-21 14:48:01.287026
2025-07-21,15721,2025072104033336,AHPC,Trishakti Securities Public Limited,Naasa Securities Co. Ltd.,183,298.0,54534.0,2025-07-21 14:48:01.287273
2025-07-21,15355,2025072104033431,AHPC,Kumari Securities Private Limited,Naasa Securities Co. Ltd.,50,298.0,14900.0,2025-07-21 14:48:32.503632
2025-07-21,15011,2025072104033565,AHPC,Linch Stock Market Ltd.,Naasa Securities Co. Ltd.,14,298.0,4172.0,2025-07-21 14:49:00.255870
2025-07-21,14507,2025072104033736,AHPC,Kohinoor Investment & Securities Pvt. Ltd.,Naasa Securities Co. Ltd.,33,298.0,9834.0,2025-07-21 14:49:40.419918
2025-07-21,14506,2025072104033737,AHPC,Kohinoor Investment & Securities Pvt. Ltd.,South Asian Bulls Pvt. Ltd.,252,298.9,75322.8,2025-07-21 14:49:40.421091
2025-07-21,14103,2025072104033848,AHPC,Vision Securities Pvt. Ltd,South Asian Bulls Pvt. Ltd.,500,298.9,149450.0,2025-07-21 14:50:10.711793
2025-07-21,13817,2025072104033906,AHPC,Imperial Securities Company Pvt. Ltd.,Midas Stock Broking Company Private Limited,10,298.0,2980.0,2025-07-21 14:50:31.920670
