Date,S.N.,Contract ID,Symbol,Buyer Broker,Seller Broker,quantity,rate,amount,transaction_time
2025-07-21,136039,2025072103000615,EDBL,SHUBHAKAMANA SECURITIES PVT. LTD,Secured Securities Ltd.,50,641.0,32050.0,2025-07-21 11:05:26.516020
2025-07-21,136038,2025072103000616,EDBL,Sundhara Securities Limited,Secured Securities Ltd.,50,641.0,32050.0,2025-07-21 11:05:26.516091
2025-07-21,136037,2025072103000617,EDBL,Vision Securities Pvt. Ltd,Secured Securities Ltd.,100,641.0,64100.0,2025-07-21 11:05:26.516125
2025-07-21,129385,2025072103002298,EDBL,Cristal Kanchanjanga Securites Pvt. Ltd.,Sri Hari Securities Pvt. Ltd.,20,647.0,12940.0,2025-07-21 11:14:07.103620
2025-07-21,129384,2025072103002299,EDBL,Cristal Kanchanjanga Securites Pvt. Ltd.,Pragyan Securities (PVT) Ltd.,100,647.0,64700.0,2025-07-21 11:14:07.103681
2025-07-21,128372,2025072103002538,EDBL,Aryatara Investment & Securities,Nabil Stock Dealer Ltd.,59,648.0,38232.0,2025-07-21 11:15:14.272496
2025-07-21,128371,2025072103002539,EDBL,Aryatara Investment & Securities,Himalayan Brokerage Company Limited,441,650.0,286650.0,2025-07-21 11:15:14.272638
2025-07-21,127637,2025072103002707,EDBL,KALASH STOCK MARKET PVT. LTD.,Himalayan Brokerage Company Limited,59,644.0,37996.0,2025-07-21 11:16:19.484538
2025-07-21,123953,2025072103003595,EDBL,Kumari Securities Private Limited,Capital Max Securities Ltd,1000,648.0,648000.0,2025-07-21 11:21:14.189675
2025-07-21,123765,2025072103003643,EDBL,Vision Securities Pvt. Ltd,Online Securities Pvt. Ltd.,194,649.0,125906.0,2025-07-21 11:21:27.718959
2025-07-21,123196,2025072103003779,EDBL,Kumari Securities Private Limited,South Asian Bulls Pvt. Ltd.,21,650.0,13650.0,2025-07-21 11:22:11.503341
2025-07-21,122837,2025072103003903,EDBL,Imperial Securities Company Pvt. Ltd.,Deevyaa Securities & Stock House Pvt. Ltd,50,651.0,32550.0,2025-07-21 11:22:37.144148
2025-07-21,122737,2025072103003934,EDBL,Neev Securities Pvt. Ltd.,Deevyaa Securities & Stock House Pvt. Ltd,50,651.0,32550.0,2025-07-21 11:22:45.190218
2025-07-21,122350,2025072103004033,EDBL,Kumari Securities Private Limited,Shree Krishna Securities Ltd.,170,652.0,110840.0,2025-07-21 11:23:24.711958
2025-07-21,122193,2025072103004071,EDBL,Kumari Securities Private Limited,Kohinoor Investment & Securities Pvt. Ltd.,50,652.0,32600.0,2025-07-21 11:23:40.076265
2025-07-21,121409,2025072103004253,EDBL,Opal Securities Investment (PVT) Ltd.,Kohinoor Investment & Securities Pvt. Ltd.,50,656.0,32800.0,2025-07-21 11:24:51.194707
2025-07-21,121408,2025072103004254,EDBL,Opal Securities Investment (PVT) Ltd.,Kohinoor Investment & Securities Pvt. Ltd.,100,660.7,66070.0,2025-07-21 11:24:51.194780
2025-07-21,121407,2025072103004255,EDBL,Opal Securities Investment (PVT) Ltd.,Imperial Securities Company Pvt. Ltd.,50,660.8,33040.0,2025-07-21 11:24:51.194810
2025-07-21,120206,2025072103004537,EDBL,Kumari Securities Private Limited,Kohinoor Investment & Securities Pvt. Ltd.,600,652.0,391200.0,2025-07-21 11:27:09.304579
2025-07-21,120083,2025072103004570,EDBL,Kumari Securities Private Limited,Sani Securities Company Ltd.,23,652.0,14996.0,2025-07-21 11:27:25.034330
2025-07-21,119629,2025072103004663,EDBL,Midas Stock Broking Company Private Limited,Aryatara Investment & Securities,200,653.0,130600.0,2025-07-21 11:28:23.983600
2025-07-21,118915,2025072103004841,EDBL,Midas Stock Broking Company Private Limited,Sani Securities Company Ltd.,100,653.0,65300.0,2025-07-21 11:30:04.891642
2025-07-21,118008,2025072103005070,EDBL,Neev Securities Pvt. Ltd.,ABC Securities Private Limited,150,656.5,98475.0,2025-07-21 11:31:53.545901
2025-07-21,117940,2025072103005085,EDBL,Opal Securities Investment (PVT) Ltd.,ABC Securities Private Limited,250,656.5,164125.0,2025-07-21 11:32:03.399187
2025-07-21,117939,2025072103005086,EDBL,Opal Securities Investment (PVT) Ltd.,Pragyan Securities (PVT) Ltd.,30,657.0,19710.0,2025-07-21 11:32:03.399221
2025-07-21,117938,2025072103005087,EDBL,Opal Securities Investment (PVT) Ltd.,Aryatara Investment & Securities,20,657.0,13140.0,2025-07-21 11:32:03.399244
2025-07-21,117937,2025072103005088,EDBL,Opal Securities Investment (PVT) Ltd.,Naasa Securities Co. Ltd.,200,659.7,131940.0,2025-07-21 11:32:03.399266
2025-07-21,116902,2025072103005463,EDBL,Midas Stock Broking Company Private Limited,Naasa Securities Co. Ltd.,200,658.9,131780.0,2025-07-21 11:33:50.239111
2025-07-21,116859,2025072103005476,EDBL,Imperial Securities Company Pvt. Ltd.,Capital Max Securities Ltd,100,654.0,65400.0,2025-07-21 11:33:53.427273
2025-07-21,116858,2025072103005477,EDBL,Imperial Securities Company Pvt. Ltd.,Capital Max Securities Ltd,110,653.1,71841.0,2025-07-21 11:33:53.427316
2025-07-21,116857,2025072103005478,EDBL,Kumari Securities Private Limited,Capital Max Securities Ltd,157,652.0,102364.0,2025-07-21 11:33:53.427443
2025-07-21,116856,2025072103005479,EDBL,Kumari Securities Private Limited,Capital Max Securities Ltd,133,650.0,86450.0,2025-07-21 11:33:53.427474
2025-07-21,115350,2025072103006060,EDBL,Sewa Securities Pvt. Ltd.,Naasa Securities Co. Ltd.,86,658.6,56639.6,2025-07-21 11:36:18.636833
2025-07-21,115349,2025072103006061,EDBL,Sewa Securities Pvt. Ltd.,Kumari Securities Private Limited,50,658.6,32930.0,2025-07-21 11:36:18.636917
2025-07-21,115348,2025072103006062,EDBL,Sewa Securities Pvt. Ltd.,Vision Securities Pvt. Ltd,500,658.7,329350.0,2025-07-21 11:36:18.636969
2025-07-21,115347,2025072103006063,EDBL,Sewa Securities Pvt. Ltd.,Imperial Securities Company Pvt. Ltd.,1000,658.8,658800.0,2025-07-21 11:36:18.637006
2025-07-21,115346,2025072103006064,EDBL,Sewa Securities Pvt. Ltd.,Kumari Securities Private Limited,50,658.9,32945.0,2025-07-21 11:36:18.637059
2025-07-21,115345,2025072103006065,EDBL,Sewa Securities Pvt. Ltd.,Kumari Securities Private Limited,100,659.0,65900.0,2025-07-21 11:36:18.637099
2025-07-21,115344,2025072103006066,EDBL,Sewa Securities Pvt. Ltd.,Kumari Securities Private Limited,50,659.0,32950.0,2025-07-21 11:36:18.637137
2025-07-21,115343,2025072103006067,EDBL,Sewa Securities Pvt. Ltd.,Imperial Securities Company Pvt. Ltd.,164,659.5,108158.0,2025-07-21 11:36:18.637175
2025-07-21,115210,2025072103006124,EDBL,Sewa Securities Pvt. Ltd.,Imperial Securities Company Pvt. Ltd.,336,659.5,221592.0,2025-07-21 11:36:31.849027
2025-07-21,115209,2025072103006125,EDBL,Sewa Securities Pvt. Ltd.,Sani Securities Company Ltd.,100,659.9,65990.0,2025-07-21 11:36:31.849120
2025-07-21,115208,2025072103006126,EDBL,Sewa Securities Pvt. Ltd.,Online Securities Pvt. Ltd.,80,660.0,52800.0,2025-07-21 11:36:31.849177
2025-07-21,115207,2025072103006127,EDBL,Sewa Securities Pvt. Ltd.,South Asian Bulls Pvt. Ltd.,20,660.7,13214.0,2025-07-21 11:36:31.849219
2025-07-21,115206,2025072103006128,EDBL,Sewa Securities Pvt. Ltd.,Imperial Securities Company Pvt. Ltd.,30,660.8,19824.0,2025-07-21 11:36:31.849257
2025-07-21,115205,2025072103006129,EDBL,Sewa Securities Pvt. Ltd.,Imperial Securities Company Pvt. Ltd.,434,660.8,286787.2,2025-07-21 11:36:31.849298
2025-07-21,113440,2025072103006795,EDBL,Imperial Securities Company Pvt. Ltd.,Sani Securities Company Ltd.,50,660.8,33040.0,2025-07-21 11:39:19.826749
2025-07-21,113106,2025072103006909,EDBL,Vision Securities Pvt. Ltd,Sani Securities Company Ltd.,150,660.0,99000.0,2025-07-21 11:40:07.053898
2025-07-21,112937,2025072103006946,EDBL,Vision Securities Pvt. Ltd,Agrawal Securities (PVT) Ltd.,150,660.0,99000.0,2025-07-21 11:40:24.448868
2025-07-21,112819,2025072103006972,EDBL,Naasa Securities Co. Ltd.,Pragyan Securities (PVT) Ltd.,20,660.9,13218.0,2025-07-21 11:40:40.652527
2025-07-21,112491,2025072103007148,EDBL,Opal Securities Investment (PVT) Ltd.,Midas Stock Broking Company Private Limited,20,661.0,13220.0,2025-07-21 11:41:17.297575
2025-07-21,112490,2025072103007149,EDBL,Opal Securities Investment (PVT) Ltd.,Kohinoor Investment & Securities Pvt. Ltd.,200,661.5,132300.0,2025-07-21 11:41:17.297616
2025-07-21,112489,2025072103007150,EDBL,Opal Securities Investment (PVT) Ltd.,Secured Securities Ltd.,100,663.0,66300.0,2025-07-21 11:41:17.297642
2025-07-21,112488,2025072103007151,EDBL,Opal Securities Investment (PVT) Ltd.,Neev Securities Pvt. Ltd.,180,663.0,119340.0,2025-07-21 11:41:17.297674
2025-07-21,112343,2025072103007222,EDBL,Midas Stock Broking Company Private Limited,Neev Securities Pvt. Ltd.,320,663.0,212160.0,2025-07-21 11:41:32.955639
2025-07-21,112342,2025072103007223,EDBL,Midas Stock Broking Company Private Limited,Vision Securities Pvt. Ltd,100,664.0,66400.0,2025-07-21 11:41:32.955755
2025-07-21,112341,2025072103007224,EDBL,Midas Stock Broking Company Private Limited,Oxford Securities Pvt. Ltd.,110,665.0,73150.0,2025-07-21 11:41:32.955794
2025-07-21,112340,2025072103007225,EDBL,Midas Stock Broking Company Private Limited,Capital Max Securities Ltd,1000,665.0,665000.0,2025-07-21 11:41:32.955833
2025-07-21,112339,2025072103007226,EDBL,Midas Stock Broking Company Private Limited,South Asian Bulls Pvt. Ltd.,30,665.0,19950.0,2025-07-21 11:41:32.955870
2025-07-21,112338,2025072103007227,EDBL,Midas Stock Broking Company Private Limited,Sri Hari Securities Pvt. Ltd.,50,665.0,33250.0,2025-07-21 11:41:32.955907
2025-07-21,112337,2025072103007228,EDBL,Midas Stock Broking Company Private Limited,Kohinoor Investment & Securities Pvt. Ltd.,100,665.0,66500.0,2025-07-21 11:41:32.955941
2025-07-21,112336,2025072103007229,EDBL,Midas Stock Broking Company Private Limited,Asian Securities Private Ltd.,100,665.0,66500.0,2025-07-21 11:41:32.955976
2025-07-21,112335,2025072103007230,EDBL,Midas Stock Broking Company Private Limited,Siprabi Securities Pvt. Ltd.,200,665.0,133000.0,2025-07-21 11:41:32.956009
2025-07-21,108949,2025072103008479,EDBL,Kohinoor Investment & Securities Pvt. Ltd.,Sani Securities Company Ltd.,17,662.0,11254.0,2025-07-21 11:47:03.652978
2025-07-21,108676,2025072103008544,EDBL,Indira securities pvt. ltd,Premier Securities Company Ltd.,200,665.5,133100.0,2025-07-21 11:47:26.581235
2025-07-21,107457,2025072103008881,EDBL,Opal Securities Investment (PVT) Ltd.,Kohinoor Investment & Securities Pvt. Ltd.,200,666.0,133200.0,2025-07-21 11:49:05.521875
2025-07-21,107456,2025072103008882,EDBL,Opal Securities Investment (PVT) Ltd.,Dynamic Money Managers Securities Pvt. Ltd.,50,666.0,33300.0,2025-07-21 11:49:05.521922
2025-07-21,107443,2025072103008884,EDBL,Kohinoor Investment & Securities Pvt. Ltd.,Asian Securities Private Ltd.,50,662.0,33100.0,2025-07-21 11:49:07.327924
2025-07-21,105463,2025072103009372,EDBL,Blue Chip Securities Ltd,Vision Securities Pvt. Ltd,300,664.9,199470.0,2025-07-21 11:51:57.028344
2025-07-21,105462,2025072103009373,EDBL,Blue Chip Securities Ltd,Sewa Securities Pvt. Ltd.,70,665.0,46550.0,2025-07-21 11:51:57.028378
2025-07-21,105461,2025072103009374,EDBL,Blue Chip Securities Ltd,Vision Securities Pvt. Ltd,1000,665.0,665000.0,2025-07-21 11:51:57.028400
2025-07-21,105460,2025072103009375,EDBL,Blue Chip Securities Ltd,Cristal Kanchanjanga Securites Pvt. Ltd.,500,665.0,332500.0,2025-07-21 11:51:57.028423
2025-07-21,105459,2025072103009376,EDBL,Blue Chip Securities Ltd,Dipshikha Dhitopatra Karobar Co. Pvt Ltd.,400,665.0,266000.0,2025-07-21 11:51:57.028453
2025-07-21,105458,2025072103009377,EDBL,Blue Chip Securities Ltd,Dipshikha Dhitopatra Karobar Co. Pvt Ltd.,230,665.0,152950.0,2025-07-21 11:51:57.028476
2025-07-21,105405,2025072103009391,EDBL,South Asian Bulls Pvt. Ltd.,Dipshikha Dhitopatra Karobar Co. Pvt Ltd.,170,665.0,113050.0,2025-07-21 11:51:59.990876
2025-07-21,105086,2025072103009541,EDBL,South Asian Bulls Pvt. Ltd.,Dynamic Money Managers Securities Pvt. Ltd.,450,666.0,299700.0,2025-07-21 11:52:25.388935
2025-07-21,105085,2025072103009542,EDBL,South Asian Bulls Pvt. Ltd.,Kohinoor Investment & Securities Pvt. Ltd.,100,666.0,66600.0,2025-07-21 11:52:25.389086
2025-07-21,105084,2025072103009543,EDBL,South Asian Bulls Pvt. Ltd.,Pragyan Securities (PVT) Ltd.,30,667.0,20010.0,2025-07-21 11:52:25.389133
2025-07-21,105083,2025072103009544,EDBL,South Asian Bulls Pvt. Ltd.,Trishakti Securities Public Limited,1750,667.0,1167250.0,2025-07-21 11:52:25.389186
2025-07-21,104934,2025072103009587,EDBL,Blue Chip Securities Ltd,Trishakti Securities Public Limited,1750,667.0,1167250.0,2025-07-21 11:52:40.215950
2025-07-21,104258,2025072103009778,EDBL,INDEX SECURITIES LIMITED,KALASH STOCK MARKET PVT. LTD.,60,666.0,39960.0,2025-07-21 11:53:50.405229
2025-07-21,104257,2025072103009779,EDBL,INDEX SECURITIES LIMITED,ABC Securities Private Limited,70,668.0,46760.0,2025-07-21 11:53:50.405387
2025-07-21,104256,2025072103009780,EDBL,INDEX SECURITIES LIMITED,Premier Securities Company Ltd.,670,669.9,448833.0,2025-07-21 11:53:50.405442
2025-07-21,104108,2025072103009818,EDBL,Trademow Securities Private Limited,Premier Securities Company Ltd.,330,669.9,221067.0,2025-07-21 11:54:09.632187
2025-07-21,104107,2025072103009819,EDBL,Trademow Securities Private Limited,Opal Securities Investment (PVT) Ltd.,20,670.0,13400.0,2025-07-21 11:54:09.632323
2025-07-21,104106,2025072103009820,EDBL,Trademow Securities Private Limited,Sundhara Securities Limited,150,670.0,100500.0,2025-07-21 11:54:09.632419
2025-07-21,103381,2025072103009998,EDBL,Linch Stock Market Ltd.,Siprabi Securities Pvt. Ltd.,220,670.0,147400.0,2025-07-21 11:55:31.063921
2025-07-21,103380,2025072103009999,EDBL,Linch Stock Market Ltd.,Aryatara Investment & Securities,30,670.0,20100.0,2025-07-21 11:55:31.064139
2025-07-21,103353,2025072103010002,EDBL,South Asian Bulls Pvt. Ltd.,Aryatara Investment & Securities,70,670.0,46900.0,2025-07-21 11:55:34.222889
2025-07-21,103352,2025072103010003,EDBL,South Asian Bulls Pvt. Ltd.,Deevyaa Securities & Stock House Pvt. Ltd,200,670.0,134000.0,2025-07-21 11:55:34.222991
2025-07-21,103351,2025072103010004,EDBL,South Asian Bulls Pvt. Ltd.,Sani Securities Company Ltd.,100,670.0,67000.0,2025-07-21 11:55:34.223050
2025-07-21,103350,2025072103010005,EDBL,South Asian Bulls Pvt. Ltd.,Kohinoor Investment & Securities Pvt. Ltd.,100,670.0,67000.0,2025-07-21 11:55:34.223090
2025-07-21,103349,2025072103010006,EDBL,South Asian Bulls Pvt. Ltd.,Kumari Securities Private Limited,50,670.0,33500.0,2025-07-21 11:55:34.223128
2025-07-21,103175,2025072103010069,EDBL,South Asian Bulls Pvt. Ltd.,Sri Hari Securities Pvt. Ltd.,480,670.0,321600.0,2025-07-21 11:55:55.575375
2025-07-21,103174,2025072103010070,EDBL,Sani Securities Company Ltd.,Sri Hari Securities Pvt. Ltd.,400,670.0,268000.0,2025-07-21 11:55:55.575531
2025-07-21,102948,2025072103010125,EDBL,Capital Max Securities Ltd,Sri Hari Securities Pvt. Ltd.,300,670.0,201000.0,2025-07-21 11:56:15.135292
2025-07-21,102513,2025072103010261,EDBL,Imperial Securities Company Pvt. Ltd.,Kumari Securities Private Limited,100,671.0,67100.0,2025-07-21 11:57:06.025948
2025-07-21,102476,2025072103010271,EDBL,Imperial Securities Company Pvt. Ltd.,Premier Securities Company Ltd.,200,671.0,134200.0,2025-07-21 11:57:10.132503
2025-07-21,101886,2025072103010428,EDBL,Cristal Kanchanjanga Securites Pvt. Ltd.,Premier Securities Company Ltd.,200,670.0,134000.0,2025-07-21 11:58:03.285831
2025-07-21,101094,2025072103010671,EDBL,South Asian Bulls Pvt. Ltd.,Vision Securities Pvt. Ltd,10,663.0,6630.0,2025-07-21 11:59:13.350461
2025-07-21,100727,2025072103010752,EDBL,South Asian Bulls Pvt. Ltd.,Naasa Securities Co. Ltd.,54,663.0,35802.0,2025-07-21 11:59:46.452214
2025-07-21,100115,2025072103010903,EDBL,South Asian Bulls Pvt. Ltd.,Dynamic Money Managers Securities Pvt. Ltd.,400,663.0,265200.0,2025-07-21 12:00:40.549788
2025-07-21,99384,2025072103011112,EDBL,Capital Max Securities Ltd,Neev Securities Pvt. Ltd.,200,663.1,132620.0,2025-07-21 12:01:41.214803
2025-07-21,98888,2025072103011256,EDBL,Capital Max Securities Ltd,Asian Securities Private Ltd.,100,663.1,66310.0,2025-07-21 12:02:22.991986
2025-07-21,98887,2025072103011257,EDBL,Capital Max Securities Ltd,Asian Securities Private Ltd.,150,663.1,99465.0,2025-07-21 12:02:22.992132
2025-07-21,98642,2025072103011313,EDBL,Capital Max Securities Ltd,Dynamic Money Managers Securities Pvt. Ltd.,250,663.1,165775.0,2025-07-21 12:02:44.736435
2025-07-21,98641,2025072103011314,EDBL,Capital Max Securities Ltd,Dynamic Money Managers Securities Pvt. Ltd.,250,663.1,165775.0,2025-07-21 12:02:44.736613
2025-07-21,98637,2025072103011318,EDBL,Capital Max Securities Ltd,Thrive Brokerage House Pvt. Ltd,350,663.1,232085.0,2025-07-21 12:02:44.866902
2025-07-21,98636,2025072103011319,EDBL,Capital Max Securities Ltd,Thrive Brokerage House Pvt. Ltd,50,663.1,33155.0,2025-07-21 12:02:44.867077
2025-07-21,98521,2025072103011360,EDBL,South Asian Bulls Pvt. Ltd.,Imperial Securities Company Pvt. Ltd.,100,665.0,66500.0,2025-07-21 12:02:55.010692
2025-07-21,98520,2025072103011361,EDBL,South Asian Bulls Pvt. Ltd.,Imperial Securities Company Pvt. Ltd.,910,665.0,605150.0,2025-07-21 12:02:55.010827
2025-07-21,98519,2025072103011362,EDBL,South Asian Bulls Pvt. Ltd.,Vision Securities Pvt. Ltd,990,665.0,658350.0,2025-07-21 12:02:55.010895
2025-07-21,98504,2025072103011363,EDBL,Capital Max Securities Ltd,Nabil Stock Dealer Ltd.,400,663.1,265240.0,2025-07-21 12:02:57.320515
2025-07-21,98339,2025072103011414,EDBL,Capital Max Securities Ltd,Aryatara Investment & Securities,50,663.1,33155.0,2025-07-21 12:03:16.125347
2025-07-21,98338,2025072103011415,EDBL,Capital Max Securities Ltd,Aryatara Investment & Securities,450,663.1,298395.0,2025-07-21 12:03:16.125488
2025-07-21,98142,2025072103011471,EDBL,Capital Max Securities Ltd,Thrive Brokerage House Pvt. Ltd,50,663.1,33155.0,2025-07-21 12:03:37.217404
2025-07-21,98141,2025072103011472,EDBL,South Asian Bulls Pvt. Ltd.,Thrive Brokerage House Pvt. Ltd,36,663.0,23868.0,2025-07-21 12:03:37.217680
2025-07-21,98140,2025072103011473,EDBL,Sani Securities Company Ltd.,Thrive Brokerage House Pvt. Ltd,100,663.0,66300.0,2025-07-21 12:03:37.217831
2025-07-21,98139,2025072103011474,EDBL,Kohinoor Investment & Securities Pvt. Ltd.,Thrive Brokerage House Pvt. Ltd,14,663.0,9282.0,2025-07-21 12:03:37.217971
2025-07-21,98070,2025072103011500,EDBL,Kohinoor Investment & Securities Pvt. Ltd.,Infinity Securities Limited,19,663.0,12597.0,2025-07-21 12:03:44.952657
2025-07-21,98069,2025072103011501,EDBL,Midas Stock Broking Company Private Limited,Infinity Securities Limited,191,661.0,126251.0,2025-07-21 12:03:44.952705
2025-07-21,98047,2025072103011503,EDBL,Midas Stock Broking Company Private Limited,Aryatara Investment & Securities,299,661.0,197639.0,2025-07-21 12:03:46.781097
2025-07-21,96247,2025072103011930,EDBL,South Asian Bulls Pvt. Ltd.,Pragyan Securities (PVT) Ltd.,20,655.0,13100.0,2025-07-21 12:07:10.752766
2025-07-21,94703,2025072103012318,EDBL,Vision Securities Pvt. Ltd,Investment Management Nepal Pvt. Ltd.,250,660.0,165000.0,2025-07-21 12:10:33.808325
2025-07-21,94702,2025072103012319,EDBL,Vision Securities Pvt. Ltd,Aryatara Investment & Securities,201,661.0,132861.0,2025-07-21 12:10:33.808391
2025-07-21,94701,2025072103012320,EDBL,Vision Securities Pvt. Ltd,Dynamic Money Managers Securities Pvt. Ltd.,49,664.0,32536.0,2025-07-21 12:10:33.808434
2025-07-21,94386,2025072103012406,EDBL,Infinity Securities Limited,Dynamic Money Managers Securities Pvt. Ltd.,201,664.0,133464.0,2025-07-21 12:11:18.581441
2025-07-21,94385,2025072103012407,EDBL,Infinity Securities Limited,Aryatara Investment & Securities,250,664.1,166025.0,2025-07-21 12:11:18.581587
2025-07-21,94384,2025072103012408,EDBL,Infinity Securities Limited,Vision Securities Pvt. Ltd,649,665.0,431585.0,2025-07-21 12:11:18.581646
2025-07-21,94162,2025072103012460,EDBL,Sani Securities Company Ltd.,Vision Securities Pvt. Ltd,351,665.0,233415.0,2025-07-21 12:11:44.457507
2025-07-21,94161,2025072103012461,EDBL,Sani Securities Company Ltd.,Agrawal Securities (PVT) Ltd.,17,665.0,11305.0,2025-07-21 12:11:44.457693
2025-07-21,94120,2025072103012500,EDBL,Sani Securities Company Ltd.,Naasa Securities Co. Ltd.,32,665.0,21280.0,2025-07-21 12:11:46.086051
2025-07-21,93015,2025072103012843,EDBL,Sri Hari Securities Pvt. Ltd.,Trishakti Securities Public Limited,50,665.0,33250.0,2025-07-21 12:14:14.185782
2025-07-21,91786,2025072103013265,EDBL,Cristal Kanchanjanga Securites Pvt. Ltd.,Trishakti Securities Public Limited,300,665.0,199500.0,2025-07-21 12:16:51.986122
2025-07-21,91582,2025072103013313,EDBL,Naasa Securities Co. Ltd.,Trishakti Securities Public Limited,150,665.0,99750.0,2025-07-21 12:17:14.245427
2025-07-21,91569,2025072103013323,EDBL,South Asian Bulls Pvt. Ltd.,Dynamic Money Managers Securities Pvt. Ltd.,500,666.0,333000.0,2025-07-21 12:17:15.231537
2025-07-21,91568,2025072103013324,EDBL,South Asian Bulls Pvt. Ltd.,Online Securities Pvt. Ltd.,100,666.0,66600.0,2025-07-21 12:17:15.231786
2025-07-21,91115,2025072103013459,EDBL,Cristal Kanchanjanga Securites Pvt. Ltd.,Oxford Securities Pvt. Ltd.,100,664.0,66400.0,2025-07-21 12:18:14.949237
2025-07-21,91114,2025072103013460,EDBL,Aryatara Investment & Securities,Oxford Securities Pvt. Ltd.,20,663.0,13260.0,2025-07-21 12:18:14.949309
2025-07-21,89860,2025072103013833,EDBL,Kumari Securities Private Limited,Vision Securities Pvt. Ltd,200,665.0,133000.0,2025-07-21 12:21:30.098237
2025-07-21,89437,2025072103013978,EDBL,Aryatara Investment & Securities,Online Securities Pvt. Ltd.,100,667.0,66700.0,2025-07-21 12:22:38.482215
2025-07-21,89436,2025072103013979,EDBL,Aryatara Investment & Securities,Kumari Securities Private Limited,100,667.0,66700.0,2025-07-21 12:22:38.482382
2025-07-21,88593,2025072103014179,EDBL,Sumeru Securities Pvt. Ltd.,Asian Securities Private Ltd.,100,665.0,66500.0,2025-07-21 12:24:44.282099
2025-07-21,88526,2025072103014192,EDBL,Sumeru Securities Pvt. Ltd.,Naasa Securities Co. Ltd.,18,667.0,12006.0,2025-07-21 12:24:52.963906
2025-07-21,88525,2025072103014193,EDBL,Sumeru Securities Pvt. Ltd.,Vision Securities Pvt. Ltd,100,667.0,66700.0,2025-07-21 12:24:52.964066
2025-07-21,86451,2025072103014662,EDBL,Sumeru Securities Pvt. Ltd.,Sundhara Securities Limited,17,665.1,11306.7,2025-07-21 12:29:58.709868
2025-07-21,86037,2025072103014817,EDBL,Sumeru Securities Pvt. Ltd.,Secured Securities Ltd.,150,665.1,99765.0,2025-07-21 12:30:48.447768
2025-07-21,85800,2025072103014881,EDBL,Sumeru Securities Pvt. Ltd.,Asian Securities Private Ltd.,115,665.1,76486.5,2025-07-21 12:31:17.769617
2025-07-21,85799,2025072103014882,EDBL,Sumeru Securities Pvt. Ltd.,Asian Securities Private Ltd.,85,665.0,56525.0,2025-07-21 12:31:17.769781
2025-07-21,85505,2025072103014972,EDBL,Sumeru Securities Pvt. Ltd.,Dipshikha Dhitopatra Karobar Co. Pvt Ltd.,100,666.0,66600.0,2025-07-21 12:31:49.507354
2025-07-21,85504,2025072103014973,EDBL,Sumeru Securities Pvt. Ltd.,Investment Management Nepal Pvt. Ltd.,200,666.0,133200.0,2025-07-21 12:31:49.507595
2025-07-21,85295,2025072103015032,EDBL,Neev Securities Pvt. Ltd.,Imperial Securities Company Pvt. Ltd.,10,665.2,6652.0,2025-07-21 12:32:17.063783
2025-07-21,85294,2025072103015033,EDBL,Sumeru Securities Pvt. Ltd.,Imperial Securities Company Pvt. Ltd.,15,665.0,9975.0,2025-07-21 12:32:17.064101
2025-07-21,85293,2025072103015034,EDBL,Sumeru Securities Pvt. Ltd.,Imperial Securities Company Pvt. Ltd.,175,665.0,116375.0,2025-07-21 12:32:17.064307
2025-07-21,85094,2025072103015080,EDBL,Dipshikha Dhitopatra Karobar Co. Pvt Ltd.,Dakshinkali Investment & Securities Pvt. Ltd.,20,666.0,13320.0,2025-07-21 12:32:39.017203
2025-07-21,84375,2025072103015244,EDBL,Sumeru Securities Pvt. Ltd.,Nepal Investment And Securities Trading Private Limited,125,665.0,83125.0,2025-07-21 12:34:13.817212
2025-07-21,84374,2025072103015245,EDBL,Sumeru Securities Pvt. Ltd.,Nepal Investment And Securities Trading Private Limited,125,664.0,83000.0,2025-07-21 12:34:13.817252
2025-07-21,84211,2025072103015287,EDBL,Sumeru Securities Pvt. Ltd.,Aryatara Investment & Securities,75,664.0,49800.0,2025-07-21 12:34:34.450158
2025-07-21,84210,2025072103015288,EDBL,Cristal Kanchanjanga Securites Pvt. Ltd.,Aryatara Investment & Securities,100,664.0,66400.0,2025-07-21 12:34:34.450337
2025-07-21,84209,2025072103015289,EDBL,Kumari Securities Private Limited,Aryatara Investment & Securities,325,663.2,215540.0,2025-07-21 12:34:34.450420
2025-07-21,83556,2025072103015420,EDBL,Sumeru Securities Pvt. Ltd.,Dipshikha Dhitopatra Karobar Co. Pvt Ltd.,320,664.5,212640.0,2025-07-21 12:35:43.324366
2025-07-21,83406,2025072103015451,EDBL,Sumeru Securities Pvt. Ltd.,Asian Securities Private Ltd.,180,664.5,119610.0,2025-07-21 12:35:59.906499
2025-07-21,82815,2025072103015610,EDBL,Dipshikha Dhitopatra Karobar Co. Pvt Ltd.,Asian Securities Private Ltd.,20,663.3,13266.0,2025-07-21 12:37:06.279204
2025-07-21,82814,2025072103015611,EDBL,Dipshikha Dhitopatra Karobar Co. Pvt Ltd.,Sumeru Securities Pvt. Ltd.,980,663.3,650034.0,2025-07-21 12:37:06.374368
2025-07-21,82499,2025072103015679,EDBL,Sumeru Securities Pvt. Ltd.,Sumeru Securities Pvt. Ltd.,100,663.0,66300.0,2025-07-21 12:37:43.590682
2025-07-21,82394,2025072103015706,EDBL,Sumeru Securities Pvt. Ltd.,Trishakti Securities Public Limited,10,663.0,6630.0,2025-07-21 12:37:50.533317
2025-07-21,82313,2025072103015739,EDBL,Sumeru Securities Pvt. Ltd.,Primo Securities (PVT) Ltd.,90,663.0,59670.0,2025-07-21 12:38:01.358422
2025-07-21,81944,2025072103015855,EDBL,Dipshikha Dhitopatra Karobar Co. Pvt Ltd.,Naasa Securities Co. Ltd.,212,662.5,140450.0,2025-07-21 12:38:39.998559
2025-07-21,81893,2025072103015863,EDBL,Dipshikha Dhitopatra Karobar Co. Pvt Ltd.,Sani Securities Company Ltd.,88,662.5,58300.0,2025-07-21 12:38:46.365886
2025-07-21,81892,2025072103015864,EDBL,Sweta Securities Private Limited,Sani Securities Company Ltd.,100,662.0,66200.0,2025-07-21 12:38:46.366059
2025-07-21,81891,2025072103015865,EDBL,Kumari Securities Private Limited,Sani Securities Company Ltd.,1675,661.1,1107342.5,2025-07-21 12:38:46.366124
2025-07-21,81544,2025072103015951,EDBL,South Asian Bulls Pvt. Ltd.,Sharepro Securities Private Limited,480,661.0,317280.0,2025-07-21 12:39:20.865234
2025-07-21,81543,2025072103015952,EDBL,Capital Max Securities Ltd,Sharepro Securities Private Limited,500,660.2,330100.0,2025-07-21 12:39:20.865388
2025-07-21,81542,2025072103015953,EDBL,Sani Securities Company Ltd.,Sharepro Securities Private Limited,20,660.0,13200.0,2025-07-21 12:39:20.865448
2025-07-21,81406,2025072103016022,EDBL,Sani Securities Company Ltd.,Sani Securities Company Ltd.,10,660.0,6600.0,2025-07-21 12:39:33.427989
2025-07-21,81405,2025072103016023,EDBL,Cristal Kanchanjanga Securites Pvt. Ltd.,Sani Securities Company Ltd.,50,660.0,33000.0,2025-07-21 12:39:33.428308
2025-07-21,80920,2025072103016121,EDBL,Cristal Kanchanjanga Securites Pvt. Ltd.,Sani Securities Company Ltd.,77,660.0,50820.0,2025-07-21 12:40:23.428225
2025-07-21,80919,2025072103016122,EDBL,Cristal Kanchanjanga Securites Pvt. Ltd.,Vision Securities Pvt. Ltd,123,660.0,81180.0,2025-07-21 12:40:23.428409
2025-07-21,79970,2025072103016368,EDBL,Cristal Kanchanjanga Securites Pvt. Ltd.,Imperial Securities Company Pvt. Ltd.,50,657.0,32850.0,2025-07-21 12:41:47.036976
2025-07-21,79878,2025072103016395,EDBL,Dipshikha Dhitopatra Karobar Co. Pvt Ltd.,Vision Securities Pvt. Ltd,100,657.0,65700.0,2025-07-21 12:41:56.834011
2025-07-21,79426,2025072103016564,EDBL,Sumeru Securities Pvt. Ltd.,Trisul Securities & Invt. Ltd.,200,656.1,131220.0,2025-07-21 12:42:35.728978
2025-07-21,78981,2025072103016671,EDBL,Dipshikha Dhitopatra Karobar Co. Pvt Ltd.,Vision Securities Pvt. Ltd,100,657.0,65700.0,2025-07-21 12:43:20.196487
2025-07-21,78812,2025072103016698,EDBL,Sani Securities Company Ltd.,Market Securities & Exchange (PVT) Ltd.,1,650.0,650.0,2025-07-21 12:43:39.227478
2025-07-21,78191,2025072103016917,EDBL,Sumeru Securities Pvt. Ltd.,Vision Securities Pvt. Ltd,177,659.0,116643.0,2025-07-21 12:44:45.169979
2025-07-21,78190,2025072103016918,EDBL,Sumeru Securities Pvt. Ltd.,Nabil Stock Dealer Ltd.,323,660.0,213180.0,2025-07-21 12:44:45.170172
2025-07-21,76990,2025072103017211,EDBL,Dipshikha Dhitopatra Karobar Co. Pvt Ltd.,Nabil Stock Dealer Ltd.,177,660.0,116820.0,2025-07-21 12:46:29.475120
2025-07-21,76989,2025072103017212,EDBL,Dipshikha Dhitopatra Karobar Co. Pvt Ltd.,Sumeru Securities Pvt. Ltd.,250,660.0,165000.0,2025-07-21 12:46:29.475483
2025-07-21,76988,2025072103017213,EDBL,Dipshikha Dhitopatra Karobar Co. Pvt Ltd.,Indira securities pvt. ltd,473,660.0,312180.0,2025-07-21 12:46:29.475728
2025-07-21,75019,2025072103017720,EDBL,Sani Securities Company Ltd.,Nepal Investment And Securities Trading Private Limited,600,658.1,394860.0,2025-07-21 12:49:50.782410
2025-07-21,74477,2025072103017837,EDBL,Sani Securities Company Ltd.,Indira securities pvt. ltd,28,658.1,18426.8,2025-07-21 12:50:37.317345
2025-07-21,74039,2025072103017950,EDBL,Sani Securities Company Ltd.,Sani Securities Company Ltd.,152,658.1,100031.2,2025-07-21 12:51:13.265832
2025-07-21,73962,2025072103017982,EDBL,Sumeru Securities Pvt. Ltd.,Dynamic Money Managers Securities Pvt. Ltd.,39,660.0,25740.0,2025-07-21 12:51:22.982737
2025-07-21,72541,2025072103018398,EDBL,Sumeru Securities Pvt. Ltd.,Sani Securities Company Ltd.,150,662.0,99300.0,2025-07-21 12:54:25.220631
2025-07-21,72540,2025072103018399,EDBL,Sumeru Securities Pvt. Ltd.,South Asian Bulls Pvt. Ltd.,25,662.0,16550.0,2025-07-21 12:54:25.220837
2025-07-21,72539,2025072103018400,EDBL,Sumeru Securities Pvt. Ltd.,Kumari Securities Private Limited,100,663.0,66300.0,2025-07-21 12:54:25.220914
2025-07-21,72196,2025072103018505,EDBL,Sumeru Securities Pvt. Ltd.,Sri Hari Securities Pvt. Ltd.,25,664.9,16622.5,2025-07-21 12:54:59.418881
2025-07-21,71793,2025072103018614,EDBL,Dakshinkali Investment & Securities Pvt. Ltd.,Sri Hari Securities Pvt. Ltd.,475,664.9,315827.5,2025-07-21 12:55:51.918727
2025-07-21,71792,2025072103018615,EDBL,Dakshinkali Investment & Securities Pvt. Ltd.,Sri Hari Securities Pvt. Ltd.,350,664.9,232715.0,2025-07-21 12:55:51.918939
2025-07-21,71791,2025072103018616,EDBL,Dakshinkali Investment & Securities Pvt. Ltd.,Kohinoor Investment & Securities Pvt. Ltd.,50,665.0,33250.0,2025-07-21 12:55:51.919004
2025-07-21,71790,2025072103018617,EDBL,Dakshinkali Investment & Securities Pvt. Ltd.,Thrive Brokerage House Pvt. Ltd,300,665.0,199500.0,2025-07-21 12:55:51.919076
2025-07-21,71789,2025072103018618,EDBL,Dakshinkali Investment & Securities Pvt. Ltd.,Trishakti Securities Public Limited,825,665.0,548625.0,2025-07-21 12:55:51.919139
2025-07-21,70424,2025072103018939,EDBL,Oxford Securities Pvt. Ltd.,Trishakti Securities Public Limited,175,665.0,116375.0,2025-07-21 12:59:12.231556
2025-07-21,70423,2025072103018940,EDBL,Oxford Securities Pvt. Ltd.,ABC Securities Private Limited,200,665.0,133000.0,2025-07-21 12:59:12.231745
2025-07-21,70422,2025072103018941,EDBL,Oxford Securities Pvt. Ltd.,Dakshinkali Investment & Securities Pvt. Ltd.,80,666.0,53280.0,2025-07-21 12:59:12.231812
2025-07-21,70421,2025072103018942,EDBL,Oxford Securities Pvt. Ltd.,Neev Securities Pvt. Ltd.,100,666.0,66600.0,2025-07-21 12:59:12.231875
2025-07-21,70055,2025072103019094,EDBL,Deevyaa Securities & Stock House Pvt. Ltd,Neev Securities Pvt. Ltd.,270,666.0,179820.0,2025-07-21 12:59:57.949004
2025-07-21,70054,2025072103019095,EDBL,Deevyaa Securities & Stock House Pvt. Ltd,ABC Securities Private Limited,100,666.8,66680.0,2025-07-21 12:59:57.949185
2025-07-21,70053,2025072103019096,EDBL,Deevyaa Securities & Stock House Pvt. Ltd,Kumari Securities Private Limited,50,667.0,33350.0,2025-07-21 12:59:57.949274
2025-07-21,70052,2025072103019097,EDBL,Deevyaa Securities & Stock House Pvt. Ltd,Kumari Securities Private Limited,10,667.1,6671.0,2025-07-21 12:59:57.949359
2025-07-21,70051,2025072103019098,EDBL,Deevyaa Securities & Stock House Pvt. Ltd,Kumari Securities Private Limited,50,667.4,33370.0,2025-07-21 12:59:57.949437
2025-07-21,70050,2025072103019099,EDBL,Deevyaa Securities & Stock House Pvt. Ltd,Naasa Securities Co. Ltd.,20,667.4,13348.0,2025-07-21 12:59:57.949510
2025-07-21,69831,2025072103019195,EDBL,Sharepro Securities Private Limited,Naasa Securities Co. Ltd.,100,666.7,66670.0,2025-07-21 13:00:31.696731
2025-07-21,67837,2025072103019835,EDBL,Kumari Securities Private Limited,Nepal Stock House (PVT) Ltd.,40,665.0,26600.0,2025-07-21 13:06:28.425800
2025-07-21,67836,2025072103019836,EDBL,Kumari Securities Private Limited,Trisul Securities & Invt. Ltd.,50,665.0,33250.0,2025-07-21 13:06:28.426169
2025-07-21,67548,2025072103019914,EDBL,Kumari Securities Private Limited,Naasa Securities Co. Ltd.,10,665.0,6650.0,2025-07-21 13:07:08.079890
2025-07-21,67467,2025072103019934,EDBL,Kumari Securities Private Limited,Naasa Securities Co. Ltd.,100,665.0,66500.0,2025-07-21 13:07:22.935461
2025-07-21,67366,2025072103019960,EDBL,South Asian Bulls Pvt. Ltd.,Sewa Securities Pvt. Ltd.,10,667.0,6670.0,2025-07-21 13:07:46.399953
2025-07-21,67365,2025072103019961,EDBL,South Asian Bulls Pvt. Ltd.,Naasa Securities Co. Ltd.,80,667.4,53392.0,2025-07-21 13:07:46.400343
2025-07-21,67364,2025072103019962,EDBL,South Asian Bulls Pvt. Ltd.,Kumari Securities Private Limited,10,667.7,6677.0,2025-07-21 13:07:46.400626
2025-07-21,67363,2025072103019963,EDBL,South Asian Bulls Pvt. Ltd.,Kumari Securities Private Limited,10,667.9,6679.0,2025-07-21 13:07:46.400968
2025-07-21,67362,2025072103019964,EDBL,South Asian Bulls Pvt. Ltd.,Trishakti Securities Public Limited,500,668.0,334000.0,2025-07-21 13:07:46.401213
2025-07-21,66656,2025072103020191,EDBL,Aryatara Investment & Securities,Market Securities & Exchange (PVT) Ltd.,50,668.0,33400.0,2025-07-21 13:09:30.074288
2025-07-21,66435,2025072103020243,EDBL,Oxford Securities Pvt. Ltd.,Vision Securities Pvt. Ltd,100,669.0,66900.0,2025-07-21 13:10:00.033457
2025-07-21,66434,2025072103020244,EDBL,Oxford Securities Pvt. Ltd.,Aryatara Investment & Securities,345,669.5,230977.5,2025-07-21 13:10:00.033628
2025-07-21,66400,2025072103020267,EDBL,Aryatara Investment & Securities,Linch Stock Market Ltd.,50,668.0,33400.0,2025-07-21 13:10:03.829985
2025-07-21,65951,2025072103020425,EDBL,Nepal Investment And Securities Trading Private Limited,Agrawal Securities (PVT) Ltd.,200,668.0,133600.0,2025-07-21 13:11:08.917592
2025-07-21,65950,2025072103020426,EDBL,Primo Securities (PVT) Ltd.,Agrawal Securities (PVT) Ltd.,100,666.1,66610.0,2025-07-21 13:11:08.917758
2025-07-21,65436,2025072103020543,EDBL,Deevyaa Securities & Stock House Pvt. Ltd,Market Securities & Exchange (PVT) Ltd.,50,669.0,33450.0,2025-07-21 13:12:35.346565
2025-07-21,65435,2025072103020544,EDBL,Deevyaa Securities & Stock House Pvt. Ltd,Online Securities Pvt. Ltd.,100,669.4,66940.0,2025-07-21 13:12:35.346741
2025-07-21,65434,2025072103020545,EDBL,Deevyaa Securities & Stock House Pvt. Ltd,Dipshikha Dhitopatra Karobar Co. Pvt Ltd.,1769,669.4,1184168.6,2025-07-21 13:12:35.346801
2025-07-21,65189,2025072103020626,EDBL,Deevyaa Securities & Stock House Pvt. Ltd,Online Securities Pvt. Ltd.,81,669.4,54221.4,2025-07-21 13:13:08.947831
2025-07-21,64914,2025072103020691,EDBL,Sipla Securities Private Limited,Primo Securities (PVT) Ltd.,30,669.4,20082.0,2025-07-21 13:13:58.013593
2025-07-21,64373,2025072103020829,EDBL,Imperial Securities Company Pvt. Ltd.,Vision Securities Pvt. Ltd,100,668.9,66890.0,2025-07-21 13:15:27.588914
2025-07-21,64372,2025072103020830,EDBL,Imperial Securities Company Pvt. Ltd.,Sewa Securities Pvt. Ltd.,40,669.0,26760.0,2025-07-21 13:15:27.589112
2025-07-21,64371,2025072103020831,EDBL,Imperial Securities Company Pvt. Ltd.,Premier Securities Company Ltd.,393,669.0,262917.0,2025-07-21 13:15:27.589177
2025-07-21,64289,2025072103020848,EDBL,Primo Securities (PVT) Ltd.,Premier Securities Company Ltd.,100,669.0,66900.0,2025-07-21 13:15:45.565049
2025-07-21,61807,2025072103021551,EDBL,South Asian Bulls Pvt. Ltd.,Kumari Securities Private Limited,270,665.2,179604.0,2025-07-21 13:22:21.844278
2025-07-21,61241,2025072103021657,EDBL,South Asian Bulls Pvt. Ltd.,Sharepro Securities Private Limited,30,665.2,19956.0,2025-07-21 13:23:45.557895
2025-07-21,61240,2025072103021658,EDBL,Kumari Securities Private Limited,Sharepro Securities Private Limited,100,665.0,66500.0,2025-07-21 13:23:45.558090
2025-07-21,61239,2025072103021659,EDBL,Secured Securities Ltd.,Sharepro Securities Private Limited,500,665.0,332500.0,2025-07-21 13:23:45.558157
2025-07-21,61238,2025072103021660,EDBL,Imperial Securities Company Pvt. Ltd.,Sharepro Securities Private Limited,15,665.0,9975.0,2025-07-21 13:23:45.558221
2025-07-21,61183,2025072103021665,EDBL,Dipshikha Dhitopatra Karobar Co. Pvt Ltd.,Nabil Stock Dealer Ltd.,100,666.0,66600.0,2025-07-21 13:23:50.073672
2025-07-21,61018,2025072103021702,EDBL,Dipshikha Dhitopatra Karobar Co. Pvt Ltd.,Kumari Securities Private Limited,300,666.0,199800.0,2025-07-21 13:24:13.741129
2025-07-21,60898,2025072103021729,EDBL,Dipshikha Dhitopatra Karobar Co. Pvt Ltd.,Aryatara Investment & Securities,100,666.0,66600.0,2025-07-21 13:24:36.231827
2025-07-21,60803,2025072103021755,EDBL,Imperial Securities Company Pvt. Ltd.,Aryatara Investment & Securities,173,665.0,115045.0,2025-07-21 13:24:53.525052
2025-07-21,60802,2025072103021756,EDBL,Nepal Investment And Securities Trading Private Limited,Aryatara Investment & Securities,27,665.0,17955.0,2025-07-21 13:24:53.525121
2025-07-21,60738,2025072103021776,EDBL,Dipshikha Dhitopatra Karobar Co. Pvt Ltd.,Aryatara Investment & Securities,289,666.0,192474.0,2025-07-21 13:25:03.574228
2025-07-21,60652,2025072103021797,EDBL,Dipshikha Dhitopatra Karobar Co. Pvt Ltd.,Trishakti Securities Public Limited,30,666.0,19980.0,2025-07-21 13:25:16.575137
2025-07-21,60503,2025072103021818,EDBL,Dipshikha Dhitopatra Karobar Co. Pvt Ltd.,Swarna Laxmi Securities Pvt. Ltd.,50,666.0,33300.0,2025-07-21 13:25:37.408903
2025-07-21,59942,2025072103021952,EDBL,Online Securities Pvt. Ltd.,Premier Securities Company Ltd.,50,668.0,33400.0,2025-07-21 13:27:01.384654
2025-07-21,59774,2025072103021989,EDBL,Dipshikha Dhitopatra Karobar Co. Pvt Ltd.,Primo Securities (PVT) Ltd.,80,666.0,53280.0,2025-07-21 13:27:30.512786
2025-07-21,58646,2025072103022225,EDBL,Dipshikha Dhitopatra Karobar Co. Pvt Ltd.,Kumari Securities Private Limited,51,666.0,33966.0,2025-07-21 13:30:24.962213
2025-07-21,58645,2025072103022226,EDBL,Sumeru Securities Pvt. Ltd.,Kumari Securities Private Limited,49,666.0,32634.0,2025-07-21 13:30:24.962451
2025-07-21,58572,2025072103022235,EDBL,Sumeru Securities Pvt. Ltd.,Imperial Securities Company Pvt. Ltd.,43,666.0,28638.0,2025-07-21 13:30:36.265453
2025-07-21,56926,2025072103022640,EDBL,Sumeru Securities Pvt. Ltd.,Bhrikuti Stock Broking Co. Pvt. Ltd.,90,666.0,59940.0,2025-07-21 13:34:52.422461
2025-07-21,56925,2025072103022641,EDBL,Imperial Securities Company Pvt. Ltd.,Bhrikuti Stock Broking Co. Pvt. Ltd.,225,666.0,149850.0,2025-07-21 13:34:52.422656
2025-07-21,56918,2025072103022645,EDBL,Imperial Securities Company Pvt. Ltd.,Kohinoor Investment & Securities Pvt. Ltd.,30,666.0,19980.0,2025-07-21 13:34:53.950596
2025-07-21,54831,2025072103023227,EDBL,Oxford Securities Pvt. Ltd.,Online Securities Pvt. Ltd.,230,667.0,153410.0,2025-07-21 13:39:51.467126
2025-07-21,54698,2025072103023256,EDBL,Oxford Securities Pvt. Ltd.,Sani Securities Company Ltd.,90,667.0,60030.0,2025-07-21 13:40:01.210678
2025-07-21,53006,2025072103023702,EDBL,Sharepro Securities Private Limited,Nabil Stock Dealer Ltd.,100,667.0,66700.0,2025-07-21 13:43:54.147391
2025-07-21,53005,2025072103023703,EDBL,Oxford Securities Pvt. Ltd.,Nabil Stock Dealer Ltd.,380,666.6,253308.0,2025-07-21 13:43:54.147604
2025-07-21,52902,2025072103023717,EDBL,Oxford Securities Pvt. Ltd.,Neev Securities Pvt. Ltd.,100,666.6,66660.0,2025-07-21 13:44:05.104042
2025-07-21,52901,2025072103023718,EDBL,Imperial Securities Company Pvt. Ltd.,Neev Securities Pvt. Ltd.,305,666.0,203130.0,2025-07-21 13:44:05.104227
2025-07-21,52900,2025072103023719,EDBL,Nepal Investment And Securities Trading Private Limited,Neev Securities Pvt. Ltd.,44,665.0,29260.0,2025-07-21 13:44:05.104301
2025-07-21,52436,2025072103023892,EDBL,Nepal Investment And Securities Trading Private Limited,Trishakti Securities Public Limited,21,665.0,13965.0,2025-07-21 13:45:01.539853
2025-07-21,51332,2025072103024230,EDBL,Sagarmatha Securities Private Limited,Oxford Securities Pvt. Ltd.,20,665.0,13300.0,2025-07-21 13:47:25.058978
2025-07-21,48946,2025072103025291,EDBL,Sagarmatha Securities Private Limited,Sri Hari Securities Pvt. Ltd.,480,665.0,319200.0,2025-07-21 13:51:19.953534
2025-07-21,48945,2025072103025292,EDBL,Dipshikha Dhitopatra Karobar Co. Pvt Ltd.,Sri Hari Securities Pvt. Ltd.,200,663.5,132700.0,2025-07-21 13:51:19.953720
2025-07-21,48944,2025072103025293,EDBL,ABC Securities Private Limited,Sri Hari Securities Pvt. Ltd.,20,663.1,13262.0,2025-07-21 13:51:19.953807
2025-07-21,48943,2025072103025294,EDBL,Sri Hari Securities Pvt. Ltd.,Sri Hari Securities Pvt. Ltd.,100,663.1,66310.0,2025-07-21 13:51:19.953882
2025-07-21,48942,2025072103025295,EDBL,Ashutosh Brokerage & Securities (PVT) Ltd.,Sri Hari Securities Pvt. Ltd.,1000,662.2,662200.0,2025-07-21 13:51:19.953952
2025-07-21,48941,2025072103025296,EDBL,Blue Chip Securities Ltd,Sri Hari Securities Pvt. Ltd.,200,662.1,132420.0,2025-07-21 13:51:19.954029
2025-07-21,47427,2025072103025878,EDBL,Vision Securities Pvt. Ltd,Kohinoor Investment & Securities Pvt. Ltd.,250,662.3,165575.0,2025-07-21 13:53:45.298864
2025-07-21,47426,2025072103025879,EDBL,Ashutosh Brokerage & Securities (PVT) Ltd.,Kohinoor Investment & Securities Pvt. Ltd.,150,662.2,99330.0,2025-07-21 13:53:45.299225
2025-07-21,46597,2025072103026139,EDBL,Ashutosh Brokerage & Securities (PVT) Ltd.,Asian Securities Private Ltd.,850,662.2,562870.0,2025-07-21 13:55:15.621089
2025-07-21,45959,2025072103026357,EDBL,Imperial Securities Company Pvt. Ltd.,Asian Securities Private Ltd.,1000,661.2,661200.0,2025-07-21 13:56:44.494092
2025-07-21,45331,2025072103026592,EDBL,Ashutosh Brokerage & Securities (PVT) Ltd.,Asian Securities Private Ltd.,1000,661.1,661100.0,2025-07-21 13:57:49.977105
2025-07-21,45305,2025072103026606,EDBL,Sri Hari Securities Pvt. Ltd.,Asian Securities Private Ltd.,150,661.1,99165.0,2025-07-21 13:57:53.886571
2025-07-21,45304,2025072103026607,EDBL,Sri Hari Securities Pvt. Ltd.,Kumari Securities Private Limited,32,661.2,21158.4,2025-07-21 13:57:53.886785
2025-07-21,40508,2025072103028341,EDBL,Ashutosh Brokerage & Securities (PVT) Ltd.,Kohinoor Investment & Securities Pvt. Ltd.,160,661.3,105808.0,2025-07-21 14:05:41.319000
2025-07-21,40355,2025072103028408,EDBL,Ashutosh Brokerage & Securities (PVT) Ltd.,INDEX SECURITIES LIMITED,41,661.3,27113.3,2025-07-21 14:05:56.309379
2025-07-21,40354,2025072103028409,EDBL,Nepal Investment And Securities Trading Private Limited,INDEX SECURITIES LIMITED,100,661.2,66120.0,2025-07-21 14:05:56.309438
2025-07-21,40353,2025072103028410,EDBL,Deevyaa Securities & Stock House Pvt. Ltd,INDEX SECURITIES LIMITED,200,661.0,132200.0,2025-07-21 14:05:56.309466
2025-07-21,39798,2025072103028576,EDBL,Swarna Laxmi Securities Pvt. Ltd.,Vision Securities Pvt. Ltd,500,661.0,330500.0,2025-07-21 14:06:54.374385
2025-07-21,39797,2025072103028577,EDBL,Imperial Securities Company Pvt. Ltd.,Vision Securities Pvt. Ltd,100,661.0,66100.0,2025-07-21 14:06:54.374633
2025-07-21,39642,2025072103028617,EDBL,Deevyaa Securities & Stock House Pvt. Ltd,Vision Securities Pvt. Ltd,200,660.1,132020.0,2025-07-21 14:07:07.698478
2025-07-21,38891,2025072103028825,EDBL,Deevyaa Securities & Stock House Pvt. Ltd,Vision Securities Pvt. Ltd,100,660.1,66010.0,2025-07-21 14:08:30.656375
2025-07-21,38758,2025072103028878,EDBL,Sewa Securities Pvt. Ltd.,Vision Securities Pvt. Ltd,25,661.0,16525.0,2025-07-21 14:08:45.149532
2025-07-21,38757,2025072103028879,EDBL,Sewa Securities Pvt. Ltd.,Online Securities Pvt. Ltd.,575,664.0,381800.0,2025-07-21 14:08:45.149727
2025-07-21,38756,2025072103028880,EDBL,Sewa Securities Pvt. Ltd.,Trishakti Securities Public Limited,580,664.0,385120.0,2025-07-21 14:08:45.149808
2025-07-21,38755,2025072103028881,EDBL,Sewa Securities Pvt. Ltd.,Opal Securities Investment (PVT) Ltd.,40,665.0,26600.0,2025-07-21 14:08:45.149886
2025-07-21,38754,2025072103028882,EDBL,Sewa Securities Pvt. Ltd.,Secured Securities Ltd.,11,665.0,7315.0,2025-07-21 14:08:45.149959
2025-07-21,38753,2025072103028883,EDBL,Sewa Securities Pvt. Ltd.,Dakshinkali Investment & Securities Pvt. Ltd.,500,665.0,332500.0,2025-07-21 14:08:45.150038
2025-07-21,38752,2025072103028884,EDBL,Sewa Securities Pvt. Ltd.,Dakshinkali Investment & Securities Pvt. Ltd.,500,665.0,332500.0,2025-07-21 14:08:45.150106
2025-07-21,38751,2025072103028885,EDBL,Sewa Securities Pvt. Ltd.,Online Securities Pvt. Ltd.,160,665.0,106400.0,2025-07-21 14:08:45.150171
2025-07-21,38750,2025072103028886,EDBL,Sewa Securities Pvt. Ltd.,Agrawal Securities (PVT) Ltd.,50,665.0,33250.0,2025-07-21 14:08:45.150239
2025-07-21,37998,2025072103029116,EDBL,Sewa Securities Pvt. Ltd.,Deevyaa Securities & Stock House Pvt. Ltd,59,665.0,39235.0,2025-07-21 14:10:21.158873
2025-07-21,37864,2025072103029165,EDBL,Ashutosh Brokerage & Securities (PVT) Ltd.,Agrawal Securities (PVT) Ltd.,100,667.0,66700.0,2025-07-21 14:10:40.921977
2025-07-21,36995,2025072103029459,EDBL,Deevyaa Securities & Stock House Pvt. Ltd,Deevyaa Securities & Stock House Pvt. Ltd,141,660.1,93074.1,2025-07-21 14:12:13.240265
2025-07-21,35474,2025072103029891,EDBL,Creative Securities Pvt Ltd,Sweta Securities Private Limited,21,660.2,13864.2,2025-07-21 14:14:52.702672
2025-07-21,34933,2025072103030047,EDBL,Creative Securities Pvt Ltd,Naasa Securities Co. Ltd.,179,660.2,118175.8,2025-07-21 14:15:54.127128
2025-07-21,34932,2025072103030048,EDBL,Deevyaa Securities & Stock House Pvt. Ltd,Naasa Securities Co. Ltd.,159,660.1,104955.9,2025-07-21 14:15:54.127346
2025-07-21,34931,2025072103030049,EDBL,Vision Securities Pvt. Ltd,Naasa Securities Co. Ltd.,100,660.1,66010.0,2025-07-21 14:15:54.127423
2025-07-21,34930,2025072103030050,EDBL,Aryatara Investment & Securities,Naasa Securities Co. Ltd.,1562,660.0,1030920.0,2025-07-21 14:15:54.127493
2025-07-21,34599,2025072103030161,EDBL,Aryatara Investment & Securities,Naasa Securities Co. Ltd.,2500,660.0,1650000.0,2025-07-21 14:16:38.398695
2025-07-21,34515,2025072103030172,EDBL,Aryatara Investment & Securities,Investment Management Nepal Pvt. Ltd.,400,660.0,264000.0,2025-07-21 14:16:50.020247
2025-07-21,34435,2025072103030198,EDBL,Aryatara Investment & Securities,Himalayan Brokerage Company Limited,100,660.0,66000.0,2025-07-21 14:16:57.503953
2025-07-21,33657,2025072103030460,EDBL,Aryatara Investment & Securities,Linch Stock Market Ltd.,160,660.0,105600.0,2025-07-21 14:18:22.888321
2025-07-21,32375,2025072103030832,EDBL,Naasa Securities Co. Ltd.,Vision Securities Pvt. Ltd,10,660.1,6601.0,2025-07-21 14:20:48.408617
2025-07-21,32374,2025072103030833,EDBL,Aryatara Investment & Securities,Vision Securities Pvt. Ltd,90,660.0,59400.0,2025-07-21 14:20:48.408977
2025-07-21,31962,2025072103030913,EDBL,Aryatara Investment & Securities,Investment Management Nepal Pvt. Ltd.,188,660.0,124080.0,2025-07-21 14:21:20.045571
2025-07-21,31961,2025072103030914,EDBL,Sharepro Securities Private Limited,Investment Management Nepal Pvt. Ltd.,100,660.0,66000.0,2025-07-21 14:21:20.045764
2025-07-21,31960,2025072103030915,EDBL,Malla & Malla Stock Broking Company Pvt. Limited,Investment Management Nepal Pvt. Ltd.,100,660.0,66000.0,2025-07-21 14:21:20.045841
2025-07-21,31855,2025072103030934,EDBL,Sumeru Securities Pvt. Ltd.,SHUBHAKAMANA SECURITIES PVT. LTD,60,659.0,39540.0,2025-07-21 14:21:27.929293
2025-07-21,31700,2025072103030976,EDBL,Sumeru Securities Pvt. Ltd.,Investment Management Nepal Pvt. Ltd.,40,659.0,26360.0,2025-07-21 14:21:44.321067
2025-07-21,31699,2025072103030977,EDBL,Sajilo Broker Limited,Investment Management Nepal Pvt. Ltd.,104,658.5,68484.0,2025-07-21 14:21:44.321303
2025-07-21,31698,2025072103030978,EDBL,Sumeru Securities Pvt. Ltd.,Investment Management Nepal Pvt. Ltd.,157,658.4,103368.8,2025-07-21 14:21:44.321379
2025-07-21,31603,2025072103031007,EDBL,Garima Securities Limited,Imperial Securities Company Pvt. Ltd.,1000,658.3,658300.0,2025-07-21 14:21:54.048325
2025-07-21,31462,2025072103031067,EDBL,Imperial Securities Company Pvt. Ltd.,Kohinoor Investment & Securities Pvt. Ltd.,1000,658.2,658200.0,2025-07-21 14:22:11.456829
2025-07-21,31346,2025072103031092,EDBL,Imperial Securities Company Pvt. Ltd.,Aryatara Investment & Securities,700,658.2,460740.0,2025-07-21 14:22:25.280388
2025-07-21,31164,2025072103031124,EDBL,Imperial Securities Company Pvt. Ltd.,Trisul Securities & Invt. Ltd.,150,658.2,98730.0,2025-07-21 14:22:40.650988
2025-07-21,30966,2025072103031201,EDBL,Imperial Securities Company Pvt. Ltd.,Sri Hari Securities Pvt. Ltd.,100,658.2,65820.0,2025-07-21 14:22:58.376910
2025-07-21,30889,2025072103031222,EDBL,Imperial Securities Company Pvt. Ltd.,SUN SECURITIES PVT LTD,50,658.2,32910.0,2025-07-21 14:23:07.653410
2025-07-21,30888,2025072103031223,EDBL,Sewa Securities Pvt. Ltd.,SUN SECURITIES PVT LTD,100,658.0,65800.0,2025-07-21 14:23:07.653673
2025-07-21,30822,2025072103031245,EDBL,Sewa Securities Pvt. Ltd.,Nabil Stock Dealer Ltd.,430,658.0,282940.0,2025-07-21 14:23:15.485240
2025-07-21,30765,2025072103031255,EDBL,Sewa Securities Pvt. Ltd.,ABC Securities Private Limited,470,658.0,309260.0,2025-07-21 14:23:20.629797
2025-07-21,30764,2025072103031256,EDBL,Trishakti Securities Public Limited,ABC Securities Private Limited,200,658.0,131600.0,2025-07-21 14:23:20.629887
2025-07-21,30763,2025072103031257,EDBL,Sri Hari Securities Pvt. Ltd.,ABC Securities Private Limited,330,658.0,217140.0,2025-07-21 14:23:20.629960
2025-07-21,29618,2025072103031579,EDBL,Naasa Securities Co. Ltd.,Naasa Securities Co. Ltd.,10,656.1,6561.0,2025-07-21 14:25:14.163924
2025-07-21,29617,2025072103031580,EDBL,Agrawal Securities (PVT) Ltd.,Naasa Securities Co. Ltd.,90,656.0,59040.0,2025-07-21 14:25:14.164133
2025-07-21,27967,2025072103032111,EDBL,Agrawal Securities (PVT) Ltd.,Sajilo Broker Limited,410,656.0,268960.0,2025-07-21 14:28:11.022661
2025-07-21,26042,2025072103032594,EDBL,Sri Hari Securities Pvt. Ltd.,Online Securities Pvt. Ltd.,10,656.0,6560.0,2025-07-21 14:31:53.097567
2025-07-21,23973,2025072103033200,EDBL,Naasa Securities Co. Ltd.,Himalayan Brokerage Company Limited,10,655.3,6553.0,2025-07-21 14:35:56.979631
2025-07-21,23972,2025072103033201,EDBL,Naasa Securities Co. Ltd.,Himalayan Brokerage Company Limited,10,655.2,6552.0,2025-07-21 14:35:56.979817
2025-07-21,23971,2025072103033202,EDBL,Naasa Securities Co. Ltd.,Himalayan Brokerage Company Limited,10,655.1,6551.0,2025-07-21 14:35:56.979903
2025-07-21,23970,2025072103033203,EDBL,Online Securities Pvt. Ltd.,Himalayan Brokerage Company Limited,200,655.1,131020.0,2025-07-21 14:35:56.979972
2025-07-21,23969,2025072103033204,EDBL,Bhrikuti Stock Broking Co. Pvt. Ltd.,Himalayan Brokerage Company Limited,50,655.0,32750.0,2025-07-21 14:35:56.980075
2025-07-21,23968,2025072103033205,EDBL,Primo Securities (PVT) Ltd.,Himalayan Brokerage Company Limited,320,655.0,209600.0,2025-07-21 14:35:56.980150
2025-07-21,23599,2025072103033308,EDBL,Primo Securities (PVT) Ltd.,Himalayan Brokerage Company Limited,180,655.0,117900.0,2025-07-21 14:36:45.213580
2025-07-21,23598,2025072103033309,EDBL,Premier Securities Company Ltd.,Himalayan Brokerage Company Limited,420,654.0,274680.0,2025-07-21 14:36:45.213758
2025-07-21,23451,2025072103033349,EDBL,Premier Securities Company Ltd.,Sanima Securities Limited,80,654.0,52320.0,2025-07-21 14:37:00.617059
2025-07-21,23450,2025072103033350,EDBL,Ashutosh Brokerage & Securities (PVT) Ltd.,Sanima Securities Limited,420,653.2,274344.0,2025-07-21 14:37:00.617294
2025-07-21,23289,2025072103033387,EDBL,Ashutosh Brokerage & Securities (PVT) Ltd.,Sanima Securities Limited,500,653.2,326600.0,2025-07-21 14:37:19.677525
2025-07-21,22913,2025072103033471,EDBL,Ashutosh Brokerage & Securities (PVT) Ltd.,Nepal Stock House (PVT) Ltd.,200,653.2,130640.0,2025-07-21 14:37:57.327550
2025-07-21,22826,2025072103033512,EDBL,Ashutosh Brokerage & Securities (PVT) Ltd.,Ashutosh Brokerage & Securities (PVT) Ltd.,30,653.2,19596.0,2025-07-21 14:38:07.214645
2025-07-21,22454,2025072103033630,EDBL,Sewa Securities Pvt. Ltd.,Naasa Securities Co. Ltd.,110,656.0,72160.0,2025-07-21 14:38:46.760961
2025-07-21,21755,2025072103033845,EDBL,Online Securities Pvt. Ltd.,Miyo Securities Pvt Ltd,100,655.0,65500.0,2025-07-21 14:40:03.892295
2025-07-21,21620,2025072103033881,EDBL,Sewa Securities Pvt. Ltd.,Miyo Securities Pvt Ltd,100,655.0,65500.0,2025-07-21 14:40:20.569308
2025-07-21,20803,2025072103034156,EDBL,Cristal Kanchanjanga Securites Pvt. Ltd.,Sumeru Securities Pvt. Ltd.,15,657.0,9855.0,2025-07-21 14:41:41.531386
2025-07-21,20123,2025072103034398,EDBL,Dynamic Money Managers Securities Pvt. Ltd.,Naasa Securities Co. Ltd.,100,656.9,65690.0,2025-07-21 14:42:39.302520
2025-07-21,20044,2025072103034420,EDBL,Cristal Kanchanjanga Securites Pvt. Ltd.,Linch Stock Market Ltd.,50,658.0,32900.0,2025-07-21 14:42:49.100205
2025-07-21,19141,2025072103034650,EDBL,Midas Stock Broking Company Private Limited,Linch Stock Market Ltd.,17,658.0,11186.0,2025-07-21 14:44:04.930362
2025-07-21,19140,2025072103034651,EDBL,Midas Stock Broking Company Private Limited,Aryatara Investment & Securities,100,659.0,65900.0,2025-07-21 14:44:04.930546
2025-07-21,19139,2025072103034652,EDBL,Midas Stock Broking Company Private Limited,Blue Chip Securities Ltd,150,659.9,98985.0,2025-07-21 14:44:04.930619
2025-07-21,19138,2025072103034653,EDBL,Midas Stock Broking Company Private Limited,Vision Securities Pvt. Ltd,500,660.0,330000.0,2025-07-21 14:44:04.930689
2025-07-21,19137,2025072103034654,EDBL,Midas Stock Broking Company Private Limited,Trademow Securities Private Limited,100,660.0,66000.0,2025-07-21 14:44:04.930756
2025-07-21,19136,2025072103034655,EDBL,Midas Stock Broking Company Private Limited,Agrawal Securities (PVT) Ltd.,50,660.0,33000.0,2025-07-21 14:44:04.930821
2025-07-21,19135,2025072103034656,EDBL,Midas Stock Broking Company Private Limited,Agrawal Securities (PVT) Ltd.,10,660.0,6600.0,2025-07-21 14:44:04.930887
2025-07-21,17752,2025072103034957,EDBL,KALASH STOCK MARKET PVT. LTD.,ABC Securities Private Limited,10,659.0,6590.0,2025-07-21 14:45:28.219372
2025-07-21,15539,2025072103035498,EDBL,Vision Securities Pvt. Ltd,Aakashbhairab Securities Ltd.,100,660.0,66000.0,2025-07-21 14:48:21.494416
2025-07-21,15416,2025072103035527,EDBL,Vision Securities Pvt. Ltd,South Asian Bulls Pvt. Ltd.,150,660.0,99000.0,2025-07-21 14:48:29.230445
2025-07-21,14959,2025072103035628,EDBL,Deevyaa Securities & Stock House Pvt. Ltd,Thrive Brokerage House Pvt. Ltd,1000,659.3,659300.0,2025-07-21 14:49:05.038601
2025-07-21,14769,2025072103035697,EDBL,Midas Stock Broking Company Private Limited,Thrive Brokerage House Pvt. Ltd,73,660.0,48180.0,2025-07-21 14:49:20.176189
2025-07-21,14768,2025072103035698,EDBL,Vision Securities Pvt. Ltd,Thrive Brokerage House Pvt. Ltd,500,659.2,329600.0,2025-07-21 14:49:20.176593
2025-07-21,14767,2025072103035699,EDBL,KALASH STOCK MARKET PVT. LTD.,Thrive Brokerage House Pvt. Ltd,427,659.0,281393.0,2025-07-21 14:49:20.176797
2025-07-21,13688,2025072103035970,EDBL,KALASH STOCK MARKET PVT. LTD.,Thrive Brokerage House Pvt. Ltd,118,659.0,77762.0,2025-07-21 14:50:42.709970
2025-07-21,13687,2025072103035971,EDBL,Market Securities & Exchange (PVT) Ltd.,Thrive Brokerage House Pvt. Ltd,50,659.0,32950.0,2025-07-21 14:50:42.710165
2025-07-21,13686,2025072103035972,EDBL,Vision Securities Pvt. Ltd,Thrive Brokerage House Pvt. Ltd,500,658.5,329250.0,2025-07-21 14:50:42.710237
2025-07-21,13685,2025072103035973,EDBL,Sani Securities Company Ltd.,Thrive Brokerage House Pvt. Ltd,100,658.1,65810.0,2025-07-21 14:50:42.710304
2025-07-21,13684,2025072103035974,EDBL,N.M.B. SECURITIES LIMITED,Thrive Brokerage House Pvt. Ltd,1374,658.0,904092.0,2025-07-21 14:50:42.710373
2025-07-21,9376,2025072103037036,EDBL,Imperial Securities Company Pvt. Ltd.,South Asian Bulls Pvt. Ltd.,85,660.1,56108.5,2025-07-21 14:54:59.447951
2025-07-21,9375,2025072103037037,EDBL,Dipshikha Dhitopatra Karobar Co. Pvt Ltd.,South Asian Bulls Pvt. Ltd.,15,660.0,9900.0,2025-07-21 14:54:59.448352
2025-07-21,5848,2025072103037946,EDBL,Kumari Securities Private Limited,Investment Management Nepal Pvt. Ltd.,630,660.2,415926.0,2025-07-21 14:57:36.087984
2025-07-21,3496,2025072103038520,EDBL,Aryatara Investment & Securities,Sani Securities Company Ltd.,50,660.3,33015.0,2025-07-21 14:58:45.960859
2025-07-21,3495,2025072103038521,EDBL,ABC Securities Private Limited,Sani Securities Company Ltd.,85,660.3,56125.5,2025-07-21 14:58:45.961063
2025-07-21,2033,2025072103038885,EDBL,Online Securities Pvt. Ltd.,Himalayan Securities Limited,50,661.0,33050.0,2025-07-21 14:59:25.050423
2025-07-21,2032,2025072103038886,EDBL,ABC Securities Private Limited,Himalayan Securities Limited,115,660.3,75934.5,2025-07-21 14:59:25.050604
2025-07-21,2031,2025072103038887,EDBL,Kumari Securities Private Limited,Himalayan Securities Limited,235,660.2,155147.0,2025-07-21 14:59:25.050686
