Date,S.N.,Contract ID,Symbol,Buyer Broker,Seller Broker,quantity,rate,amount,transaction_time
2025-07-21,138104,2025072105000090,NIFRA,Midas Stock Broking Company Private Limited,Premier Securities Company Ltd.,54,289.0,15606.0,2025-07-21 11:01:37.828900
2025-07-21,137825,2025072105000158,NIFRA,ABC Securities Private Limited,Linch Stock Market Ltd.,14,290.0,4060.0,2025-07-21 11:02:11.793617
2025-07-21,137824,2025072105000159,NIFRA,ABC Securities Private Limited,Aryatara Investment & Securities,70,290.0,20300.0,2025-07-21 11:02:11.793735
2025-07-21,137555,2025072105000217,NIFRA,Linch Stock Market Ltd.,Vision Securities Pvt. Ltd,500,292.0,146000.0,2025-07-21 11:02:42.405326
2025-07-21,137554,2025072105000218,NIFRA,Linch Stock Market Ltd.,Naasa Securities Co. Ltd.,21,292.0,6132.0,2025-07-21 11:02:42.405420
2025-07-21,137286,2025072105000259,NIFRA,Global IME Securities Limited,NIMB Stock Markets Limited,168,291.5,48972.0,2025-07-21 11:03:14.737468
2025-07-21,137285,2025072105000260,NIFRA,Kumari Securities Private Limited,NIMB Stock Markets Limited,332,290.1,96313.2,2025-07-21 11:03:14.737653
2025-07-21,137216,2025072105000269,NIFRA,Sumeru Securities Pvt. Ltd.,R.B.B. Securities Company Ltd,15,293.0,4395.0,2025-07-21 11:03:22.947096
2025-07-21,137035,2025072105000291,NIFRA,Naasa Securities Co. Ltd.,R.B.B. Securities Company Ltd,100,293.0,29300.0,2025-07-21 11:03:46.314399
2025-07-21,137024,2025072105000292,NIFRA,Kumari Securities Private Limited,Naasa Securities Co. Ltd.,368,290.1,106756.8,2025-07-21 11:03:47.446606
2025-07-21,137023,2025072105000293,NIFRA,ABC Securities Private Limited,Naasa Securities Co. Ltd.,166,290.0,48140.0,2025-07-21 11:03:47.446754
2025-07-21,137022,2025072105000294,NIFRA,Midas Stock Broking Company Private Limited,Naasa Securities Co. Ltd.,246,289.0,71094.0,2025-07-21 11:03:47.446815
2025-07-21,137021,2025072105000295,NIFRA,Nepal Investment And Securities Trading Private Limited,Naasa Securities Co. Ltd.,75,289.0,21675.0,2025-07-21 11:03:47.446878
2025-07-21,137020,2025072105000296,NIFRA,Aakashbhairab Securities Ltd.,Naasa Securities Co. Ltd.,445,289.0,128605.0,2025-07-21 11:03:47.446937
2025-07-21,136814,2025072105000348,NIFRA,Aakashbhairab Securities Ltd.,Naasa Securities Co. Ltd.,101,289.0,29189.0,2025-07-21 11:04:07.088367
2025-07-21,136492,2025072105000384,NIFRA,Aakashbhairab Securities Ltd.,Midas Stock Broking Company Private Limited,95,289.0,27455.0,2025-07-21 11:04:41.953658
2025-07-21,136491,2025072105000385,NIFRA,South Asian Bulls Pvt. Ltd.,Midas Stock Broking Company Private Limited,305,288.9,88114.5,2025-07-21 11:04:41.953753
2025-07-21,136250,2025072105000421,NIFRA,South Asian Bulls Pvt. Ltd.,Oxford Securities Pvt. Ltd.,64,288.9,18489.6,2025-07-21 11:05:09.183245
2025-07-21,135895,2025072105000463,NIFRA,South Asian Bulls Pvt. Ltd.,Nepal Investment And Securities Trading Private Limited,68,288.9,19645.2,2025-07-21 11:05:41.619450
2025-07-21,135660,2025072105000528,NIFRA,South Asian Bulls Pvt. Ltd.,Neev Securities Pvt. Ltd.,105,288.9,30334.5,2025-07-21 11:06:02.245580
2025-07-21,135621,2025072105000530,NIFRA,South Asian Bulls Pvt. Ltd.,Naasa Securities Co. Ltd.,200,288.9,57780.0,2025-07-21 11:06:06.051514
2025-07-21,135516,2025072105000550,NIFRA,MILKY WAY SHARE BROKER COMPANY LTD ,Dipshikha Dhitopatra Karobar Co. Pvt Ltd.,290,288.8,83752.0,2025-07-21 11:06:15.457713
2025-07-21,135515,2025072105000551,NIFRA,Premier Securities Company Ltd.,Dipshikha Dhitopatra Karobar Co. Pvt Ltd.,210,288.8,60648.0,2025-07-21 11:06:15.457817
2025-07-21,135486,2025072105000557,NIFRA,Naasa Securities Co. Ltd.,Oxford Securities Pvt. Ltd.,20,288.9,5778.0,2025-07-21 11:06:19.724915
2025-07-21,135485,2025072105000558,NIFRA,Premier Securities Company Ltd.,Oxford Securities Pvt. Ltd.,44,288.8,12707.2,2025-07-21 11:06:19.725034
2025-07-21,135332,2025072105000571,NIFRA,Premier Securities Company Ltd.,Sumeru Securities Pvt. Ltd.,54,288.8,15595.2,2025-07-21 11:06:35.458444
2025-07-21,135322,2025072105000576,NIFRA,Premier Securities Company Ltd.,South Asian Bulls Pvt. Ltd.,192,288.8,55449.6,2025-07-21 11:06:36.416068
2025-07-21,135104,2025072105000614,NIFRA,South Asian Bulls Pvt. Ltd.,Oxford Securities Pvt. Ltd.,54,288.7,15589.8,2025-07-21 11:06:56.160120
2025-07-21,134734,2025072105000664,NIFRA,South Asian Bulls Pvt. Ltd.,Oxford Securities Pvt. Ltd.,64,288.7,18476.8,2025-07-21 11:07:22.311274
2025-07-21,134663,2025072105000673,NIFRA,South Asian Bulls Pvt. Ltd.,Secured Securities Ltd.,64,288.7,18476.8,2025-07-21 11:07:27.972094
2025-07-21,134513,2025072105000695,NIFRA,South Asian Bulls Pvt. Ltd.,Sri Hari Securities Pvt. Ltd.,64,288.7,18476.8,2025-07-21 11:07:40.685831
2025-07-21,134506,2025072105000696,NIFRA,South Asian Bulls Pvt. Ltd.,Neev Securities Pvt. Ltd.,54,288.7,15589.8,2025-07-21 11:07:41.194767
2025-07-21,134463,2025072105000700,NIFRA,South Asian Bulls Pvt. Ltd.,Sani Securities Company Ltd.,54,288.7,15589.8,2025-07-21 11:07:44.527258
2025-07-21,134340,2025072105000720,NIFRA,Citizens Share Broker Limited,Naasa Securities Co. Ltd.,100,289.8,28980.0,2025-07-21 11:07:55.188698
2025-07-21,133918,2025072105000795,NIFRA,Citizens Share Broker Limited,Sumeru Securities Pvt. Ltd.,100,289.0,28900.0,2025-07-21 11:08:31.243022
2025-07-21,133691,2025072105000828,NIFRA,Kumari Securities Private Limited,R.B.B. Securities Company Ltd,60,288.8,17328.0,2025-07-21 11:08:55.102883
2025-07-21,133690,2025072105000829,NIFRA,Malla & Malla Stock Broking Company Pvt. Limited,R.B.B. Securities Company Ltd,100,288.8,28880.0,2025-07-21 11:08:55.102938
2025-07-21,133689,2025072105000830,NIFRA,South Asian Bulls Pvt. Ltd.,R.B.B. Securities Company Ltd,396,288.7,114325.2,2025-07-21 11:08:55.102978
2025-07-21,133688,2025072105000831,NIFRA,Creative Securities Pvt Ltd,R.B.B. Securities Company Ltd,200,288.1,57620.0,2025-07-21 11:08:55.103003
2025-07-21,133687,2025072105000832,NIFRA,MILKY WAY SHARE BROKER COMPANY LTD ,R.B.B. Securities Company Ltd,400,288.0,115200.0,2025-07-21 11:08:55.103031
2025-07-21,133686,2025072105000833,NIFRA,Sumeru Securities Pvt. Ltd.,R.B.B. Securities Company Ltd,44,288.0,12672.0,2025-07-21 11:08:55.103060
2025-07-21,133517,2025072105000868,NIFRA,Sumeru Securities Pvt. Ltd.,MILKY WAY SHARE BROKER COMPANY LTD ,1956,288.0,563328.0,2025-07-21 11:09:10.868218
2025-07-21,133516,2025072105000869,NIFRA,ABC Securities Private Limited,MILKY WAY SHARE BROKER COMPANY LTD ,500,288.0,144000.0,2025-07-21 11:09:10.868381
2025-07-21,133515,2025072105000870,NIFRA,Dakshinkali Investment & Securities Pvt. Ltd.,MILKY WAY SHARE BROKER COMPANY LTD ,200,288.0,57600.0,2025-07-21 11:09:10.868445
2025-07-21,133226,2025072105000925,NIFRA,Trishakti Securities Public Limited,MILKY WAY SHARE BROKER COMPANY LTD ,100,287.1,28710.0,2025-07-21 11:09:34.904272
2025-07-21,133225,2025072105000926,NIFRA,Oxford Securities Pvt. Ltd.,MILKY WAY SHARE BROKER COMPANY LTD ,100,287.1,28710.0,2025-07-21 11:09:34.904421
2025-07-21,133224,2025072105000927,NIFRA,Sajilo Broker Limited,MILKY WAY SHARE BROKER COMPANY LTD ,350,287.0,100450.0,2025-07-21 11:09:34.904474
2025-07-21,133223,2025072105000928,NIFRA,MILKY WAY SHARE BROKER COMPANY LTD ,MILKY WAY SHARE BROKER COMPANY LTD ,100,287.0,28700.0,2025-07-21 11:09:34.904537
2025-07-21,133079,2025072105000956,NIFRA,Malla & Malla Stock Broking Company Pvt. Limited,MILKY WAY SHARE BROKER COMPANY LTD ,100,287.0,28700.0,2025-07-21 11:09:46.654723
2025-07-21,132908,2025072105000981,NIFRA,South Asian Bulls Pvt. Ltd.,Naasa Securities Co. Ltd.,200,286.7,57340.0,2025-07-21 11:10:02.267389
2025-07-21,132270,2025072105001080,NIFRA,Dipshikha Dhitopatra Karobar Co. Pvt Ltd.,Sani Securities Company Ltd.,60,286.7,17202.0,2025-07-21 11:10:58.747121
2025-07-21,132108,2025072105001127,NIFRA,Sharepro Securities Private Limited,MILKY WAY SHARE BROKER COMPANY LTD ,250,287.0,71750.0,2025-07-21 11:11:10.052905
2025-07-21,132057,2025072105001136,NIFRA,Malla & Malla Stock Broking Company Pvt. Limited,Midas Stock Broking Company Private Limited,100,286.7,28670.0,2025-07-21 11:11:16.165167
2025-07-21,132020,2025072105001140,NIFRA,Naasa Securities Co. Ltd.,Midas Stock Broking Company Private Limited,50,286.7,14335.0,2025-07-21 11:11:18.932724
2025-07-21,131893,2025072105001152,NIFRA,ABC Securities Private Limited,Midas Stock Broking Company Private Limited,500,286.7,143350.0,2025-07-21 11:11:25.230196
2025-07-21,131817,2025072105001167,NIFRA,South Asian Bulls Pvt. Ltd.,Online Securities Pvt. Ltd.,54,286.6,15476.4,2025-07-21 11:11:31.344096
2025-07-21,131731,2025072105001191,NIFRA,Dipshikha Dhitopatra Karobar Co. Pvt Ltd.,Midas Stock Broking Company Private Limited,40,286.7,11468.0,2025-07-21 11:11:38.678555
2025-07-21,131679,2025072105001201,NIFRA,Naasa Securities Co. Ltd.,Midas Stock Broking Company Private Limited,10,286.7,2867.0,2025-07-21 11:11:41.921232
2025-07-21,131678,2025072105001202,NIFRA,South Asian Bulls Pvt. Ltd.,Naasa Securities Co. Ltd.,200,286.6,57320.0,2025-07-21 11:11:41.967753
2025-07-21,131532,2025072105001231,NIFRA,Sewa Securities Pvt. Ltd.,Midas Stock Broking Company Private Limited,50,286.7,14335.0,2025-07-21 11:11:51.541125
2025-07-21,131327,2025072105001263,NIFRA,Trisul Securities & Invt. Ltd.,Midas Stock Broking Company Private Limited,100,286.7,28670.0,2025-07-21 11:12:04.252587
2025-07-21,131297,2025072105001264,NIFRA,Imperial Securities Company Pvt. Ltd.,Midas Stock Broking Company Private Limited,200,286.7,57340.0,2025-07-21 11:12:05.886445
2025-07-21,131094,2025072105001307,NIFRA,South Asian Bulls Pvt. Ltd.,Online Securities Pvt. Ltd.,746,286.6,213803.6,2025-07-21 11:12:20.381972
2025-07-21,130820,2025072105001362,NIFRA,Investment Management Nepal Pvt. Ltd.,Online Securities Pvt. Ltd.,254,286.6,72796.4,2025-07-21 11:12:36.001918
2025-07-21,130726,2025072105001375,NIFRA,Premier Securities Company Ltd.,Midas Stock Broking Company Private Limited,165,286.7,47305.5,2025-07-21 11:12:40.972584
2025-07-21,130669,2025072105001390,NIFRA,Sumeru Securities Pvt. Ltd.,Midas Stock Broking Company Private Limited,500,286.7,143350.0,2025-07-21 11:12:44.100541
2025-07-21,130668,2025072105001391,NIFRA,Midas Stock Broking Company Private Limited,Midas Stock Broking Company Private Limited,1000,286.7,286700.0,2025-07-21 11:12:44.443800
2025-07-21,130651,2025072105001393,NIFRA,Investment Management Nepal Pvt. Ltd.,Midas Stock Broking Company Private Limited,1285,286.7,368409.5,2025-07-21 11:12:46.105612
2025-07-21,130495,2025072105001424,NIFRA,Midas Stock Broking Company Private Limited,MILKY WAY SHARE BROKER COMPANY LTD ,344,287.0,98728.0,2025-07-21 11:12:58.537451
2025-07-21,130494,2025072105001425,NIFRA,Midas Stock Broking Company Private Limited,Himalayan Brokerage Company Limited,10,287.0,2870.0,2025-07-21 11:12:58.537639
2025-07-21,130493,2025072105001426,NIFRA,Midas Stock Broking Company Private Limited,Opal Securities Investment (PVT) Ltd.,400,287.0,114800.0,2025-07-21 11:12:58.537715
2025-07-21,130492,2025072105001427,NIFRA,Midas Stock Broking Company Private Limited,Dynamic Money Managers Securities Pvt. Ltd.,600,287.0,172200.0,2025-07-21 11:12:58.537788
2025-07-21,130399,2025072105001439,NIFRA,Neev Securities Pvt. Ltd.,Sundhara Securities Limited,110,287.1,31581.0,2025-07-21 11:13:04.051002
2025-07-21,130276,2025072105001454,NIFRA,Market Securities & Exchange (PVT) Ltd.,Sundhara Securities Limited,337,287.1,96752.7,2025-07-21 11:13:11.093449
2025-07-21,130159,2025072105001485,NIFRA,South Asian Bulls Pvt. Ltd.,Naasa Securities Co. Ltd.,100,288.0,28800.0,2025-07-21 11:13:17.626118
2025-07-21,130158,2025072105001486,NIFRA,South Asian Bulls Pvt. Ltd.,Naasa Securities Co. Ltd.,74,288.0,21312.0,2025-07-21 11:13:17.626273
2025-07-21,130125,2025072105001494,NIFRA,South Asian Bulls Pvt. Ltd.,Trisul Securities & Invt. Ltd.,50,288.0,14400.0,2025-07-21 11:13:19.225231
2025-07-21,130014,2025072105001538,NIFRA,South Asian Bulls Pvt. Ltd.,Imperial Securities Company Pvt. Ltd.,85,288.0,24480.0,2025-07-21 11:13:24.905230
2025-07-21,129940,2025072105001550,NIFRA,Deevyaa Securities & Stock House Pvt. Ltd,Malla & Malla Stock Broking Company Pvt. Limited,64,289.0,18496.0,2025-07-21 11:13:31.212186
2025-07-21,129889,2025072105001572,NIFRA,Aryatara Investment & Securities,Naasa Securities Co. Ltd.,900,289.8,260820.0,2025-07-21 11:13:35.999991
2025-07-21,129784,2025072105001585,NIFRA,Sani Securities Company Ltd.,Sewa Securities Pvt. Ltd.,32,290.0,9280.0,2025-07-21 11:13:43.259437
2025-07-21,129783,2025072105001586,NIFRA,Sani Securities Company Ltd.,Naasa Securities Co. Ltd.,205,290.0,59450.0,2025-07-21 11:13:43.259612
2025-07-21,129782,2025072105001587,NIFRA,Sani Securities Company Ltd.,J.F. Securites (PVT) Ltd.,24,290.0,6960.0,2025-07-21 11:13:43.259683
2025-07-21,129781,2025072105001588,NIFRA,Sani Securities Company Ltd.,Agrawal Securities (PVT) Ltd.,739,290.0,214310.0,2025-07-21 11:13:43.259745
2025-07-21,129760,2025072105001598,NIFRA,Malla & Malla Stock Broking Company Pvt. Limited,Agrawal Securities (PVT) Ltd.,261,290.0,75690.0,2025-07-21 11:13:43.797686
2025-07-21,129759,2025072105001599,NIFRA,Malla & Malla Stock Broking Company Pvt. Limited,Sweta Securities Private Limited,200,290.0,58000.0,2025-07-21 11:13:43.797854
2025-07-21,129758,2025072105001600,NIFRA,Malla & Malla Stock Broking Company Pvt. Limited,Imperial Securities Company Pvt. Ltd.,39,290.0,11310.0,2025-07-21 11:13:43.797928
2025-07-21,129729,2025072105001608,NIFRA,Dipshikha Dhitopatra Karobar Co. Pvt Ltd.,Imperial Securities Company Pvt. Ltd.,61,290.0,17690.0,2025-07-21 11:13:45.491373
2025-07-21,129728,2025072105001609,NIFRA,Dipshikha Dhitopatra Karobar Co. Pvt Ltd.,Kohinoor Investment & Securities Pvt. Ltd.,43,290.0,12470.0,2025-07-21 11:13:45.491516
2025-07-21,129727,2025072105001610,NIFRA,Dipshikha Dhitopatra Karobar Co. Pvt Ltd.,Online Securities Pvt. Ltd.,11,290.0,3190.0,2025-07-21 11:13:45.491581
2025-07-21,129674,2025072105001613,NIFRA,Sagarmatha Securities Private Limited,Online Securities Pvt. Ltd.,97,290.0,28130.0,2025-07-21 11:13:48.027598
2025-07-21,129499,2025072105001645,NIFRA,Online Securities Pvt. Ltd.,Imperial Securities Company Pvt. Ltd.,50,290.0,14500.0,2025-07-21 11:13:59.678009
2025-07-21,129498,2025072105001646,NIFRA,Online Securities Pvt. Ltd.,ABC Securities Private Limited,54,290.0,15660.0,2025-07-21 11:13:59.678179
2025-07-21,129465,2025072105001651,NIFRA,Online Securities Pvt. Ltd.,Pragyan Securities (PVT) Ltd.,54,290.0,15660.0,2025-07-21 11:14:02.781798
2025-07-21,129462,2025072105001652,NIFRA,Midas Stock Broking Company Private Limited,Sani Securities Company Ltd.,172,291.0,50052.0,2025-07-21 11:14:03.063940
2025-07-21,129461,2025072105001653,NIFRA,Midas Stock Broking Company Private Limited,Siprabi Securities Pvt. Ltd.,64,291.0,18624.0,2025-07-21 11:14:03.063984
2025-07-21,129460,2025072105001654,NIFRA,Midas Stock Broking Company Private Limited,Sharepro Securities Private Limited,910,292.0,265720.0,2025-07-21 11:14:03.064011
2025-07-21,129179,2025072105001708,NIFRA,Sweta Securities Private Limited,Sharepro Securities Private Limited,90,292.0,26280.0,2025-07-21 11:14:20.550828
2025-07-21,129178,2025072105001709,NIFRA,Sweta Securities Private Limited,Indira securities pvt. ltd,10,292.0,2920.0,2025-07-21 11:14:20.550973
2025-07-21,128815,2025072105001773,NIFRA,Naasa Securities Co. Ltd.,Indira securities pvt. ltd,290,292.0,84680.0,2025-07-21 11:14:42.857675
2025-07-21,128814,2025072105001774,NIFRA,Naasa Securities Co. Ltd.,Prabhu Stock Market Limited,54,292.0,15768.0,2025-07-21 11:14:42.857973
2025-07-21,128813,2025072105001775,NIFRA,Naasa Securities Co. Ltd.,Kohinoor Investment & Securities Pvt. Ltd.,54,292.0,15768.0,2025-07-21 11:14:42.858160
2025-07-21,128812,2025072105001776,NIFRA,Naasa Securities Co. Ltd.,Trisul Securities & Invt. Ltd.,54,292.0,15768.0,2025-07-21 11:14:42.858363
2025-07-21,128800,2025072105001781,NIFRA,Naasa Securities Co. Ltd.,Aryatara Investment & Securities,54,292.0,15768.0,2025-07-21 11:14:43.730508
2025-07-21,128755,2025072105001798,NIFRA,Naasa Securities Co. Ltd.,Neev Securities Pvt. Ltd.,494,292.0,144248.0,2025-07-21 11:14:47.068879
2025-07-21,128641,2025072105001830,NIFRA,Indira securities pvt. ltd,Neev Securities Pvt. Ltd.,100,292.0,29200.0,2025-07-21 11:14:55.842744
2025-07-21,127947,2025072105001969,NIFRA,Sharepro Securities Private Limited,Online Securities Pvt. Ltd.,402,290.2,116660.4,2025-07-21 11:15:52.339867
2025-07-21,127867,2025072105001983,NIFRA,Neev Securities Pvt. Ltd.,Deevyaa Securities & Stock House Pvt. Ltd,7,286.0,2002.0,2025-07-21 11:15:59.428219
2025-07-21,127784,2025072105002016,NIFRA,Imperial Securities Company Pvt. Ltd.,Naasa Securities Co. Ltd.,100,290.3,29030.0,2025-07-21 11:16:05.425349
2025-07-21,127758,2025072105002022,NIFRA,Neev Securities Pvt. Ltd.,Sani Securities Company Ltd.,4,286.0,1144.0,2025-07-21 11:16:07.485536
2025-07-21,127633,2025072105002040,NIFRA,Sri Hari Securities Pvt. Ltd.,Dakshinkali Investment & Securities Pvt. Ltd.,30,291.0,8730.0,2025-07-21 11:16:19.568518
2025-07-21,127510,2025072105002062,NIFRA,Online Securities Pvt. Ltd.,Dakshinkali Investment & Securities Pvt. Ltd.,639,291.0,185949.0,2025-07-21 11:16:28.708028
2025-07-21,127509,2025072105002063,NIFRA,Online Securities Pvt. Ltd.,Naasa Securities Co. Ltd.,21,291.0,6111.0,2025-07-21 11:16:28.708195
2025-07-21,127317,2025072105002100,NIFRA,Online Securities Pvt. Ltd.,Asian Securities Private Ltd.,182,291.0,52962.0,2025-07-21 11:16:48.617350
2025-07-21,127133,2025072105002131,NIFRA,Dipshikha Dhitopatra Karobar Co. Pvt Ltd.,Asian Securities Private Ltd.,18,291.0,5238.0,2025-07-21 11:17:02.159775
2025-07-21,126997,2025072105002156,NIFRA,Dipshikha Dhitopatra Karobar Co. Pvt Ltd.,Naasa Securities Co. Ltd.,250,291.0,72750.0,2025-07-21 11:17:11.353876
2025-07-21,126903,2025072105002163,NIFRA,Dipshikha Dhitopatra Karobar Co. Pvt Ltd.,Sri Hari Securities Pvt. Ltd.,732,291.0,213012.0,2025-07-21 11:17:18.719794
2025-07-21,126902,2025072105002164,NIFRA,Imperial Securities Company Pvt. Ltd.,Sri Hari Securities Pvt. Ltd.,200,290.3,58060.0,2025-07-21 11:17:18.720111
2025-07-21,126901,2025072105002165,NIFRA,Dipshikha Dhitopatra Karobar Co. Pvt Ltd.,Sri Hari Securities Pvt. Ltd.,68,290.3,19740.4,2025-07-21 11:17:18.720327
2025-07-21,126835,2025072105002175,NIFRA,Neev Securities Pvt. Ltd.,Online Securities Pvt. Ltd.,4,285.0,1140.0,2025-07-21 11:17:26.012510
2025-07-21,126387,2025072105002230,NIFRA,Online Securities Pvt. Ltd.,Naasa Securities Co. Ltd.,30,291.0,8730.0,2025-07-21 11:17:58.147050
2025-07-21,126386,2025072105002231,NIFRA,Online Securities Pvt. Ltd.,Aryatara Investment & Securities,470,291.0,136770.0,2025-07-21 11:17:58.147209
2025-07-21,126258,2025072105002255,NIFRA,Vision Securities Pvt. Ltd,Aryatara Investment & Securities,200,291.0,58200.0,2025-07-21 11:18:10.321369
2025-07-21,126093,2025072105002286,NIFRA,Indira securities pvt. ltd,Aryatara Investment & Securities,100,291.0,29100.0,2025-07-21 11:18:22.255284
2025-07-21,126023,2025072105002302,NIFRA,Nepal Stock House (PVT) Ltd.,Aryatara Investment & Securities,330,291.0,96030.0,2025-07-21 11:18:29.503221
2025-07-21,126022,2025072105002303,NIFRA,Nepal Stock House (PVT) Ltd.,Online Securities Pvt. Ltd.,670,291.0,194970.0,2025-07-21 11:18:29.503420
2025-07-21,126004,2025072105002306,NIFRA,Sani Securities Company Ltd.,Siprabi Securities Pvt. Ltd.,64,290.4,18585.6,2025-07-21 11:18:32.129706
2025-07-21,125993,2025072105002311,NIFRA,Sani Securities Company Ltd.,Pragyan Securities (PVT) Ltd.,54,290.4,15681.6,2025-07-21 11:18:33.380564
2025-07-21,125916,2025072105002339,NIFRA,Sani Securities Company Ltd.,Linch Stock Market Ltd.,54,290.4,15681.6,2025-07-21 11:18:39.923125
2025-07-21,125744,2025072105002360,NIFRA,Neev Securities Pvt. Ltd.,Sani Securities Company Ltd.,4,285.0,1140.0,2025-07-21 11:18:55.227046
2025-07-21,125710,2025072105002367,NIFRA,Cristal Kanchanjanga Securites Pvt. Ltd.,Online Securities Pvt. Ltd.,80,291.0,23280.0,2025-07-21 11:18:59.022444
2025-07-21,125458,2025072105002409,NIFRA,Cristal Kanchanjanga Securites Pvt. Ltd.,Midas Stock Broking Company Private Limited,54,291.0,15714.0,2025-07-21 11:19:20.653119
2025-07-21,125413,2025072105002419,NIFRA,Cristal Kanchanjanga Securites Pvt. Ltd.,Swarna Laxmi Securities Pvt. Ltd.,14,291.0,4074.0,2025-07-21 11:19:25.354203
2025-07-21,125389,2025072105002425,NIFRA,Cristal Kanchanjanga Securites Pvt. Ltd.,Naasa Securities Co. Ltd.,452,291.0,131532.0,2025-07-21 11:19:27.770078
2025-07-21,125339,2025072105002436,NIFRA,Hatemalo Financial Services Private Limited,Naasa Securities Co. Ltd.,50,291.0,14550.0,2025-07-21 11:19:31.476742
2025-07-21,125309,2025072105002441,NIFRA,Indira securities pvt. ltd,Naasa Securities Co. Ltd.,100,291.0,29100.0,2025-07-21 11:19:34.410720
2025-07-21,125234,2025072105002460,NIFRA,Kohinoor Investment & Securities Pvt. Ltd.,Naasa Securities Co. Ltd.,100,291.0,29100.0,2025-07-21 11:19:38.723811
2025-07-21,125159,2025072105002480,NIFRA,Sharepro Securities Private Limited,Naasa Securities Co. Ltd.,895,291.0,260445.0,2025-07-21 11:19:44.266653
2025-07-21,124888,2025072105002520,NIFRA,Investment Management Nepal Pvt. Ltd.,Online Securities Pvt. Ltd.,500,291.0,145500.0,2025-07-21 11:20:03.543736
2025-07-21,124415,2025072105002581,NIFRA,Vision Securities Pvt. Ltd,Online Securities Pvt. Ltd.,500,291.0,145500.0,2025-07-21 11:20:45.084675
2025-07-21,124389,2025072105002588,NIFRA,MILKY WAY SHARE BROKER COMPANY LTD ,Trishakti Securities Public Limited,64,291.0,18624.0,2025-07-21 11:20:46.265812
2025-07-21,124296,2025072105002614,NIFRA,MILKY WAY SHARE BROKER COMPANY LTD ,Malla & Malla Stock Broking Company Pvt. Limited,64,291.0,18624.0,2025-07-21 11:20:52.648468
2025-07-21,124230,2025072105002631,NIFRA,MILKY WAY SHARE BROKER COMPANY LTD ,Online Securities Pvt. Ltd.,110,291.0,32010.0,2025-07-21 11:20:56.449087
2025-07-21,124190,2025072105002641,NIFRA,MILKY WAY SHARE BROKER COMPANY LTD ,Vision Securities Pvt. Ltd,50,291.0,14550.0,2025-07-21 11:20:59.262710
2025-07-21,124165,2025072105002642,NIFRA,MILKY WAY SHARE BROKER COMPANY LTD ,Naasa Securities Co. Ltd.,112,291.0,32592.0,2025-07-21 11:21:00.679928
2025-07-21,124164,2025072105002643,NIFRA,Sweta Securities Private Limited,Naasa Securities Co. Ltd.,58,291.0,16878.0,2025-07-21 11:21:00.680147
2025-07-21,124060,2025072105002664,NIFRA,Sri Hari Securities Pvt. Ltd.,Asian Securities Private Ltd.,20,291.1,5822.0,2025-07-21 11:21:06.917939
2025-07-21,124059,2025072105002665,NIFRA,Sweta Securities Private Limited,Asian Securities Private Ltd.,142,291.0,41322.0,2025-07-21 11:21:06.918130
2025-07-21,124058,2025072105002666,NIFRA,Naasa Securities Co. Ltd.,Asian Securities Private Ltd.,100,291.0,29100.0,2025-07-21 11:21:06.918211
2025-07-21,124057,2025072105002667,NIFRA,ABC Securities Private Limited,Asian Securities Private Ltd.,258,291.0,75078.0,2025-07-21 11:21:06.918287
2025-07-21,123999,2025072105002691,NIFRA,ABC Securities Private Limited,Midas Stock Broking Company Private Limited,242,291.0,70422.0,2025-07-21 11:21:11.090682
2025-07-21,123998,2025072105002692,NIFRA,Kumari Securities Private Limited,Midas Stock Broking Company Private Limited,10,291.0,2910.0,2025-07-21 11:21:11.090880
2025-07-21,123833,2025072105002722,NIFRA,Premier Securities Company Ltd.,Vision Securities Pvt. Ltd,100,290.7,29070.0,2025-07-21 11:21:23.699868
2025-07-21,123832,2025072105002723,NIFRA,Sharepro Securities Private Limited,Vision Securities Pvt. Ltd,332,290.6,96479.2,2025-07-21 11:21:23.700097
2025-07-21,123719,2025072105002740,NIFRA,Midas Stock Broking Company Private Limited,Midas Stock Broking Company Private Limited,50,291.0,14550.0,2025-07-21 11:21:33.219880
2025-07-21,123705,2025072105002746,NIFRA,Sharepro Securities Private Limited,Aryatara Investment & Securities,350,290.6,101710.0,2025-07-21 11:21:34.419970
2025-07-21,123620,2025072105002772,NIFRA,Aryatara Investment & Securities,Investment Management Nepal Pvt. Ltd.,400,291.9,116760.0,2025-07-21 11:21:40.504329
2025-07-21,123619,2025072105002773,NIFRA,Aryatara Investment & Securities,Kohinoor Investment & Securities Pvt. Ltd.,1000,291.9,291900.0,2025-07-21 11:21:40.504540
2025-07-21,123603,2025072105002774,NIFRA,Sharepro Securities Private Limited,Vision Securities Pvt. Ltd,300,290.6,87180.0,2025-07-21 11:21:41.827045
2025-07-21,123461,2025072105002795,NIFRA,Dakshinkali Investment & Securities Pvt. Ltd.,Property Wiard Limited,100,291.0,29100.0,2025-07-21 11:21:52.867515
2025-07-21,123460,2025072105002796,NIFRA,Sharepro Securities Private Limited,Property Wiard Limited,1018,290.6,295830.8,2025-07-21 11:21:52.867584
2025-07-21,123459,2025072105002797,NIFRA,Sani Securities Company Ltd.,Property Wiard Limited,1000,290.5,290500.0,2025-07-21 11:21:52.867613
2025-07-21,123458,2025072105002798,NIFRA,Capital Max Securities Ltd,Property Wiard Limited,382,290.5,110971.0,2025-07-21 11:21:52.867640
2025-07-21,123326,2025072105002817,NIFRA,Magnet Securities and Investment Company Private Limited,Investment Management Nepal Pvt. Ltd.,500,290.7,145350.0,2025-07-21 11:22:01.264285
2025-07-21,123302,2025072105002821,NIFRA,Online Securities Pvt. Ltd.,Midas Stock Broking Company Private Limited,250,291.0,72750.0,2025-07-21 11:22:03.211656
2025-07-21,123214,2025072105002827,NIFRA,Online Securities Pvt. Ltd.,Vision Securities Pvt. Ltd,250,291.0,72750.0,2025-07-21 11:22:10.081477
2025-07-21,123092,2025072105002838,NIFRA,Sri Hari Securities Pvt. Ltd.,Vision Securities Pvt. Ltd,20,290.6,5812.0,2025-07-21 11:22:20.197135
2025-07-21,123091,2025072105002839,NIFRA,Capital Max Securities Ltd,Vision Securities Pvt. Ltd,730,290.5,212065.0,2025-07-21 11:22:20.197328
2025-07-21,123082,2025072105002840,NIFRA,Capital Max Securities Ltd,Property Wiard Limited,2000,290.5,581000.0,2025-07-21 11:22:20.934891
2025-07-21,122992,2025072105002849,NIFRA,Capital Max Securities Ltd,NIMB Stock Markets Limited,6888,290.5,2000964.0,2025-07-21 11:22:27.795688
2025-07-21,122991,2025072105002850,NIFRA,Sani Securities Company Ltd.,NIMB Stock Markets Limited,328,290.4,95251.2,2025-07-21 11:22:27.796058
2025-07-21,122990,2025072105002851,NIFRA,Cristal Kanchanjanga Securites Pvt. Ltd.,NIMB Stock Markets Limited,1000,290.4,290400.0,2025-07-21 11:22:27.796300
2025-07-21,122989,2025072105002852,NIFRA,Sharepro Securities Private Limited,NIMB Stock Markets Limited,1284,290.4,372873.6,2025-07-21 11:22:27.796547
2025-07-21,122831,2025072105002878,NIFRA,Sharepro Securities Private Limited,Oxford Securities Pvt. Ltd.,300,290.4,87120.0,2025-07-21 11:22:37.802704
2025-07-21,122827,2025072105002879,NIFRA,Kumari Securities Private Limited,Naasa Securities Co. Ltd.,200,290.5,58100.0,2025-07-21 11:22:37.995748
2025-07-21,122713,2025072105002900,NIFRA,Kumari Securities Private Limited,Market Securities & Exchange (PVT) Ltd.,300,291.0,87300.0,2025-07-21 11:22:48.052886
2025-07-21,122519,2025072105002926,NIFRA,Sharepro Securities Private Limited,Midas Stock Broking Company Private Limited,150,290.4,43560.0,2025-07-21 11:23:05.419947
2025-07-21,122388,2025072105002960,NIFRA,Sharepro Securities Private Limited,Aakashbhairab Securities Ltd.,54,290.4,15681.6,2025-07-21 11:23:21.057693
2025-07-21,122308,2025072105002974,NIFRA,Sharepro Securities Private Limited,Sweta Securities Private Limited,500,290.4,145200.0,2025-07-21 11:23:27.317733
2025-07-21,122130,2025072105002992,NIFRA,Sharepro Securities Private Limited,Midas Stock Broking Company Private Limited,54,290.4,15681.6,2025-07-21 11:23:47.578553
2025-07-21,122019,2025072105003006,NIFRA,Sharepro Securities Private Limited,Kohinoor Investment & Securities Pvt. Ltd.,158,290.4,45883.2,2025-07-21 11:23:54.156112
2025-07-21,122018,2025072105003007,NIFRA,Dipshikha Dhitopatra Karobar Co. Pvt Ltd.,Kohinoor Investment & Securities Pvt. Ltd.,232,290.3,67349.6,2025-07-21 11:23:54.156297
2025-07-21,122017,2025072105003008,NIFRA,Ashutosh Brokerage & Securities (PVT) Ltd.,Kohinoor Investment & Securities Pvt. Ltd.,100,290.2,29020.0,2025-07-21 11:23:54.156387
2025-07-21,122016,2025072105003009,NIFRA,Agrawal Securities (PVT) Ltd.,Kohinoor Investment & Securities Pvt. Ltd.,80,290.0,23200.0,2025-07-21 11:23:54.156464
2025-07-21,122015,2025072105003010,NIFRA,Imperial Securities Company Pvt. Ltd.,Kohinoor Investment & Securities Pvt. Ltd.,300,290.0,87000.0,2025-07-21 11:23:54.156539
2025-07-21,122014,2025072105003011,NIFRA,ABC Securities Private Limited,Kohinoor Investment & Securities Pvt. Ltd.,100,290.0,29000.0,2025-07-21 11:23:54.156613
2025-07-21,122013,2025072105003012,NIFRA,Naasa Securities Co. Ltd.,Kohinoor Investment & Securities Pvt. Ltd.,24,290.0,6960.0,2025-07-21 11:23:54.156690
2025-07-21,122012,2025072105003013,NIFRA,Sani Securities Company Ltd.,Kohinoor Investment & Securities Pvt. Ltd.,10,290.0,2900.0,2025-07-21 11:23:54.156763
2025-07-21,121811,2025072105003059,NIFRA,Trishakti Securities Public Limited,Kohinoor Investment & Securities Pvt. Ltd.,10,290.0,2900.0,2025-07-21 11:24:11.338788
2025-07-21,121780,2025072105003064,NIFRA,South Asian Bulls Pvt. Ltd.,Vision Securities Pvt. Ltd,200,289.1,57820.0,2025-07-21 11:24:13.559700
2025-07-21,121683,2025072105003079,NIFRA,South Asian Bulls Pvt. Ltd.,Secured Securities Ltd.,808,289.1,233592.8,2025-07-21 11:24:22.024656
2025-07-21,121627,2025072105003084,NIFRA,Deevyaa Securities & Stock House Pvt. Ltd,Vision Securities Pvt. Ltd,50,289.0,14450.0,2025-07-21 11:24:27.734206
2025-07-21,121596,2025072105003090,NIFRA,Deevyaa Securities & Stock House Pvt. Ltd,Secured Securities Ltd.,886,289.0,256054.0,2025-07-21 11:24:30.282284
2025-07-21,121595,2025072105003091,NIFRA,Sharepro Securities Private Limited,Secured Securities Ltd.,114,289.0,32946.0,2025-07-21 11:24:30.282520
2025-07-21,121487,2025072105003134,NIFRA,Sharepro Securities Private Limited,Secured Securities Ltd.,484,289.0,139876.0,2025-07-21 11:24:44.508482
2025-07-21,121486,2025072105003135,NIFRA,Swarna Laxmi Securities Pvt. Ltd.,Secured Securities Ltd.,712,289.0,205768.0,2025-07-21 11:24:44.508719
2025-07-21,121222,2025072105003197,NIFRA,Dakshinkali Investment & Securities Pvt. Ltd.,Secured Securities Ltd.,100,289.1,28910.0,2025-07-21 11:25:11.158286
2025-07-21,121221,2025072105003198,NIFRA,Opal Securities Investment (PVT) Ltd.,Secured Securities Ltd.,92,289.1,26597.2,2025-07-21 11:25:11.251349
2025-07-21,121220,2025072105003199,NIFRA,Opal Securities Investment (PVT) Ltd.,Kohinoor Investment & Securities Pvt. Ltd.,378,290.0,109620.0,2025-07-21 11:25:11.251507
2025-07-21,121219,2025072105003200,NIFRA,Opal Securities Investment (PVT) Ltd.,Sipla Securities Private Limited,54,290.0,15660.0,2025-07-21 11:25:11.251588
2025-07-21,121169,2025072105003208,NIFRA,Opal Securities Investment (PVT) Ltd.,Sani Securities Company Ltd.,476,290.0,138040.0,2025-07-21 11:25:19.002456
2025-07-21,121035,2025072105003247,NIFRA,Swarna Laxmi Securities Pvt. Ltd.,R.B.B. Securities Company Ltd,288,289.0,83232.0,2025-07-21 11:25:26.704717
2025-07-21,121034,2025072105003248,NIFRA,KALASH STOCK MARKET PVT. LTD.,R.B.B. Securities Company Ltd,90,288.1,25929.0,2025-07-21 11:25:26.704818
2025-07-21,120844,2025072105003288,NIFRA,Thrive Brokerage House Pvt. Ltd,Sani Securities Company Ltd.,500,290.0,145000.0,2025-07-21 11:25:47.982703
2025-07-21,120799,2025072105003296,NIFRA,Secured Securities Ltd.,Shree Krishna Securities Ltd.,50,289.0,14450.0,2025-07-21 11:25:53.553363
2025-07-21,120397,2025072105003413,NIFRA,Hatemalo Financial Services Private Limited,Sani Securities Company Ltd.,58,290.0,16820.0,2025-07-21 11:26:46.288072
2025-07-21,120396,2025072105003414,NIFRA,Hatemalo Financial Services Private Limited,Midas Stock Broking Company Private Limited,20,290.0,5800.0,2025-07-21 11:26:46.288281
2025-07-21,120368,2025072105003420,NIFRA,Thrive Brokerage House Pvt. Ltd,Creative Securities Pvt Ltd,54,289.2,15616.8,2025-07-21 11:26:49.247910
2025-07-21,120294,2025072105003438,NIFRA,Thrive Brokerage House Pvt. Ltd,Naasa Securities Co. Ltd.,54,289.2,15616.8,2025-07-21 11:26:57.870178
2025-07-21,120252,2025072105003450,NIFRA,Hatemalo Financial Services Private Limited,Nepal Investment And Securities Trading Private Limited,50,289.3,14465.0,2025-07-21 11:27:04.171021
2025-07-21,120137,2025072105003483,NIFRA,Thrive Brokerage House Pvt. Ltd,Agrawal Securities (PVT) Ltd.,21,289.2,6073.2,2025-07-21 11:27:18.151000
2025-07-21,119878,2025072105003531,NIFRA,Imperial Securities Company Pvt. Ltd.,Imperial Securities Company Pvt. Ltd.,54,290.0,15660.0,2025-07-21 11:27:54.730961
2025-07-21,119706,2025072105003568,NIFRA,Imperial Securities Company Pvt. Ltd.,Opal Securities Investment (PVT) Ltd.,54,290.0,15660.0,2025-07-21 11:28:15.157873
2025-07-21,119648,2025072105003589,NIFRA,Thrive Brokerage House Pvt. Ltd,Vision Securities Pvt. Ltd,21,291.0,6111.0,2025-07-21 11:28:22.045519
2025-07-21,119647,2025072105003590,NIFRA,Thrive Brokerage House Pvt. Ltd,Online Securities Pvt. Ltd.,950,291.0,276450.0,2025-07-21 11:28:22.045904
2025-07-21,119554,2025072105003598,NIFRA,Imperial Securities Company Pvt. Ltd.,Aryatara Investment & Securities,58,290.0,16820.0,2025-07-21 11:28:34.135609
2025-07-21,119497,2025072105003612,NIFRA,Imperial Securities Company Pvt. Ltd.,Online Securities Pvt. Ltd.,10,290.0,2900.0,2025-07-21 11:28:43.038398
2025-07-21,119470,2025072105003620,NIFRA,Imperial Securities Company Pvt. Ltd.,South Asian Bulls Pvt. Ltd.,200,290.0,58000.0,2025-07-21 11:28:47.985136
2025-07-21,119096,2025072105003685,NIFRA,Machhapuchchhre Securities Limited,Premier Securities Company Ltd.,44,291.0,12804.0,2025-07-21 11:29:34.667617
2025-07-21,119075,2025072105003692,NIFRA,Imperial Securities Company Pvt. Ltd.,Sewa Securities Pvt. Ltd.,54,290.0,15660.0,2025-07-21 11:29:39.634990
2025-07-21,118793,2025072105003759,NIFRA,Imperial Securities Company Pvt. Ltd.,Dakshinkali Investment & Securities Pvt. Ltd.,64,290.0,18560.0,2025-07-21 11:30:21.174244
2025-07-21,118792,2025072105003760,NIFRA,Market Securities & Exchange (PVT) Ltd.,Sani Securities Company Ltd.,73,290.0,21170.0,2025-07-21 11:30:21.174786
2025-07-21,118401,2025072105003864,NIFRA,Sajilo Broker Limited,Premier Securities Company Ltd.,10,291.0,2910.0,2025-07-21 11:31:08.177168
2025-07-21,118400,2025072105003865,NIFRA,Sajilo Broker Limited,Naasa Securities Co. Ltd.,15,291.0,4365.0,2025-07-21 11:31:08.177597
2025-07-21,118399,2025072105003866,NIFRA,Sajilo Broker Limited,Online Securities Pvt. Ltd.,50,291.0,14550.0,2025-07-21 11:31:08.177957
2025-07-21,118032,2025072105003932,NIFRA,Sajilo Broker Limited,Dynamic Money Managers Securities Pvt. Ltd.,54,291.3,15730.2,2025-07-21 11:31:51.318274
2025-07-21,117963,2025072105003955,NIFRA,Sajilo Broker Limited,Neev Securities Pvt. Ltd.,54,291.3,15730.2,2025-07-21 11:32:00.642818
2025-07-21,117827,2025072105003989,NIFRA,Midas Stock Broking Company Private Limited,Oxford Securities Pvt. Ltd.,61,291.6,17787.6,2025-07-21 11:32:10.556444
2025-07-21,117596,2025072105004024,NIFRA,Sajilo Broker Limited,Dipshikha Dhitopatra Karobar Co. Pvt Ltd.,200,291.3,58260.0,2025-07-21 11:32:34.653616
2025-07-21,117591,2025072105004025,NIFRA,Sajilo Broker Limited,Oxford Securities Pvt. Ltd.,39,291.3,11360.7,2025-07-21 11:32:34.832495
2025-07-21,117557,2025072105004035,NIFRA,Sajilo Broker Limited,Online Securities Pvt. Ltd.,78,291.3,22721.4,2025-07-21 11:32:39.158751
2025-07-21,117422,2025072105004052,NIFRA,Magnet Securities and Investment Company Private Limited,Sewa Securities Pvt. Ltd.,500,291.1,145550.0,2025-07-21 11:32:56.129176
2025-07-21,117187,2025072105004076,NIFRA,Market Securities & Exchange (PVT) Ltd.,Imperial Securities Company Pvt. Ltd.,27,290.0,7830.0,2025-07-21 11:33:22.915007
2025-07-21,117186,2025072105004077,NIFRA,J.F. Securites (PVT) Ltd.,Imperial Securities Company Pvt. Ltd.,50,290.0,14500.0,2025-07-21 11:33:22.915261
2025-07-21,117185,2025072105004078,NIFRA,Citizens Share Broker Limited,Imperial Securities Company Pvt. Ltd.,200,290.0,58000.0,2025-07-21 11:33:22.915367
2025-07-21,117184,2025072105004079,NIFRA,Stoxkarts Securities Limited,Imperial Securities Company Pvt. Ltd.,523,290.0,151670.0,2025-07-21 11:33:22.915455
2025-07-21,116863,2025072105004140,NIFRA,Stoxkarts Securities Limited,Thrive Brokerage House Pvt. Ltd,120,290.0,34800.0,2025-07-21 11:33:52.995501
2025-07-21,116430,2025072105004189,NIFRA,Stoxkarts Securities Limited,Sri Hari Securities Pvt. Ltd.,54,290.0,15660.0,2025-07-21 11:34:38.487836
2025-07-21,116124,2025072105004280,NIFRA,Neev Securities Pvt. Ltd.,Online Securities Pvt. Ltd.,50,290.1,14505.0,2025-07-21 11:35:08.304114
2025-07-21,115998,2025072105004295,NIFRA,Imperial Securities Company Pvt. Ltd.,Sani Securities Company Ltd.,500,291.0,145500.0,2025-07-21 11:35:23.102078
2025-07-21,115710,2025072105004333,NIFRA,Imperial Securities Company Pvt. Ltd.,Online Securities Pvt. Ltd.,14,291.0,4074.0,2025-07-21 11:35:47.092562
2025-07-21,115300,2025072105004370,NIFRA,Imperial Securities Company Pvt. Ltd.,Siprabi Securities Pvt. Ltd.,54,291.0,15714.0,2025-07-21 11:36:21.776435
2025-07-21,115032,2025072105004402,NIFRA,Secured Securities Ltd.,Online Securities Pvt. Ltd.,10,291.3,2913.0,2025-07-21 11:36:50.866898
2025-07-21,114948,2025072105004411,NIFRA,Imperial Securities Company Pvt. Ltd.,Midas Stock Broking Company Private Limited,14,291.0,4074.0,2025-07-21 11:36:57.515274
2025-07-21,114667,2025072105004474,NIFRA,Imperial Securities Company Pvt. Ltd.,Midas Stock Broking Company Private Limited,40,291.1,11644.0,2025-07-21 11:37:23.674427
2025-07-21,114581,2025072105004479,NIFRA,Nepal Stock House (PVT) Ltd.,Online Securities Pvt. Ltd.,62,291.3,18060.6,2025-07-21 11:37:31.166112
2025-07-21,114580,2025072105004480,NIFRA,Nepal Stock House (PVT) Ltd.,Asian Securities Private Ltd.,256,291.3,74572.8,2025-07-21 11:37:31.166193
2025-07-21,114579,2025072105004481,NIFRA,Nepal Stock House (PVT) Ltd.,Siprabi Securities Pvt. Ltd.,182,291.5,53053.0,2025-07-21 11:37:31.166223
2025-07-21,114225,2025072105004517,NIFRA,Imperial Securities Company Pvt. Ltd.,Dipshikha Dhitopatra Karobar Co. Pvt Ltd.,54,291.1,15719.4,2025-07-21 11:38:00.971538
2025-07-21,114086,2025072105004538,NIFRA,Imperial Securities Company Pvt. Ltd.,Aryatara Investment & Securities,418,291.0,121638.0,2025-07-21 11:38:15.333090
2025-07-21,114085,2025072105004539,NIFRA,Primo Securities (PVT) Ltd.,Aryatara Investment & Securities,582,291.0,169362.0,2025-07-21 11:38:15.333338
2025-07-21,114066,2025072105004543,NIFRA,Primo Securities (PVT) Ltd.,Ashutosh Brokerage & Securities (PVT) Ltd.,54,291.0,15714.0,2025-07-21 11:38:17.564581
2025-07-21,113871,2025072105004565,NIFRA,Primo Securities (PVT) Ltd.,Market Securities & Exchange (PVT) Ltd.,200,291.0,58200.0,2025-07-21 11:38:38.794644
2025-07-21,113835,2025072105004579,NIFRA,Primo Securities (PVT) Ltd.,Neev Securities Pvt. Ltd.,100,291.0,29100.0,2025-07-21 11:38:42.296597
2025-07-21,113785,2025072105004589,NIFRA,Aryatara Investment & Securities,J.F. Securites (PVT) Ltd.,32,291.5,9328.0,2025-07-21 11:38:47.753511
2025-07-21,113609,2025072105004623,NIFRA,Nepal Stock House (PVT) Ltd.,Capital Max Securities Ltd,230,291.1,66953.0,2025-07-21 11:39:04.981023
2025-07-21,113488,2025072105004670,NIFRA,Aryatara Investment & Securities,Naasa Securities Co. Ltd.,100,291.5,29150.0,2025-07-21 11:39:14.088541
2025-07-21,113455,2025072105004677,NIFRA,Nepal Stock House (PVT) Ltd.,Siprabi Securities Pvt. Ltd.,54,291.1,15719.4,2025-07-21 11:39:18.970188
2025-07-21,113395,2025072105004694,NIFRA,Capital Max Securities Ltd,Sani Securities Company Ltd.,10,291.6,2916.0,2025-07-21 11:39:28.127914
2025-07-21,113040,2025072105004764,NIFRA,Aryatara Investment & Securities,Sani Securities Company Ltd.,44,291.6,12830.4,2025-07-21 11:40:14.391242
2025-07-21,112841,2025072105004814,NIFRA,BHOLE GANESH SECURITIES LTD,Aryatara Investment & Securities,64,291.7,18668.8,2025-07-21 11:40:39.102594
2025-07-21,112840,2025072105004815,NIFRA,BHOLE GANESH SECURITIES LTD,Trishakti Securities Public Limited,500,291.9,145950.0,2025-07-21 11:40:39.102632
2025-07-21,112839,2025072105004816,NIFRA,BHOLE GANESH SECURITIES LTD,Sani Securities Company Ltd.,10,291.9,2919.0,2025-07-21 11:40:39.102660
2025-07-21,112838,2025072105004817,NIFRA,BHOLE GANESH SECURITIES LTD,Neev Securities Pvt. Ltd.,406,292.0,118552.0,2025-07-21 11:40:39.102685
2025-07-21,112837,2025072105004818,NIFRA,BHOLE GANESH SECURITIES LTD,Imperial Securities Company Pvt. Ltd.,32,292.0,9344.0,2025-07-21 11:40:39.102717
2025-07-21,112836,2025072105004819,NIFRA,BHOLE GANESH SECURITIES LTD,Imperial Securities Company Pvt. Ltd.,54,292.0,15768.0,2025-07-21 11:40:39.102764
2025-07-21,112835,2025072105004820,NIFRA,BHOLE GANESH SECURITIES LTD,Ashutosh Brokerage & Securities (PVT) Ltd.,934,292.0,272728.0,2025-07-21 11:40:39.102783
2025-07-21,112735,2025072105004831,NIFRA,BHOLE GANESH SECURITIES LTD,Ashutosh Brokerage & Securities (PVT) Ltd.,902,292.0,263384.0,2025-07-21 11:40:56.147095
2025-07-21,112734,2025072105004832,NIFRA,BHOLE GANESH SECURITIES LTD,Online Securities Pvt. Ltd.,98,292.0,28616.0,2025-07-21 11:40:56.147195
2025-07-21,112171,2025072105004909,NIFRA,Sumeru Securities Pvt. Ltd.,Online Securities Pvt. Ltd.,16,291.3,4660.8,2025-07-21 11:41:56.443492
2025-07-21,112126,2025072105004911,NIFRA,Trisul Securities & Invt. Ltd.,Sani Securities Company Ltd.,15,291.6,4374.0,2025-07-21 11:42:01.245751
2025-07-21,112120,2025072105004912,NIFRA,Trisul Securities & Invt. Ltd.,Bhrikuti Stock Broking Co. Pvt. Ltd.,15,291.6,4374.0,2025-07-21 11:42:01.854470
2025-07-21,111912,2025072105004940,NIFRA,Imperial Securities Company Pvt. Ltd.,Online Securities Pvt. Ltd.,22,292.0,6424.0,2025-07-21 11:42:23.753882
2025-07-21,111911,2025072105004941,NIFRA,Imperial Securities Company Pvt. Ltd.,Aryatara Investment & Securities,118,292.0,34456.0,2025-07-21 11:42:23.754173
2025-07-21,111910,2025072105004942,NIFRA,Imperial Securities Company Pvt. Ltd.,Dipshikha Dhitopatra Karobar Co. Pvt Ltd.,54,292.0,15768.0,2025-07-21 11:42:23.754276
2025-07-21,111909,2025072105004943,NIFRA,Imperial Securities Company Pvt. Ltd.,Linch Stock Market Ltd.,30,292.5,8775.0,2025-07-21 11:42:23.754396
2025-07-21,111908,2025072105004944,NIFRA,Imperial Securities Company Pvt. Ltd.,Online Securities Pvt. Ltd.,30,292.5,8775.0,2025-07-21 11:42:23.754521
2025-07-21,111907,2025072105004945,NIFRA,Imperial Securities Company Pvt. Ltd.,Dipshikha Dhitopatra Karobar Co. Pvt Ltd.,20,292.8,5856.0,2025-07-21 11:42:23.754633
2025-07-21,111906,2025072105004946,NIFRA,Imperial Securities Company Pvt. Ltd.,Trishakti Securities Public Limited,3000,292.8,878400.0,2025-07-21 11:42:23.754745
2025-07-21,111905,2025072105004947,NIFRA,Imperial Securities Company Pvt. Ltd.,S.P.S.A. Securities Limited,3726,292.9,1091345.4,2025-07-21 11:42:23.754847
2025-07-21,111545,2025072105005041,NIFRA,Magnet Securities and Investment Company Private Limited,Infinity Securities Limited,54,292.0,15768.0,2025-07-21 11:43:00.001120
2025-07-21,111452,2025072105005068,NIFRA,Magnet Securities and Investment Company Private Limited,Dipshikha Dhitopatra Karobar Co. Pvt Ltd.,146,292.0,42632.0,2025-07-21 11:43:07.703351
2025-07-21,111361,2025072105005076,NIFRA,Magnet Securities and Investment Company Private Limited,Premier Securities Company Ltd.,64,292.0,18688.0,2025-07-21 11:43:15.145342
2025-07-21,111239,2025072105005111,NIFRA,Dipshikha Dhitopatra Karobar Co. Pvt Ltd.,S.P.S.A. Securities Limited,37,292.9,10837.3,2025-07-21 11:43:32.105754
2025-07-21,111109,2025072105005149,NIFRA,Imperial Securities Company Pvt. Ltd.,S.P.S.A. Securities Limited,237,292.9,69417.3,2025-07-21 11:43:45.587329
2025-07-21,111108,2025072105005150,NIFRA,Imperial Securities Company Pvt. Ltd.,ABC Securities Private Limited,54,293.0,15822.0,2025-07-21 11:43:45.587592
2025-07-21,111107,2025072105005151,NIFRA,Imperial Securities Company Pvt. Ltd.,Malla & Malla Stock Broking Company Pvt. Limited,630,293.0,184590.0,2025-07-21 11:43:45.587696
2025-07-21,111106,2025072105005152,NIFRA,Imperial Securities Company Pvt. Ltd.,Naasa Securities Co. Ltd.,20,293.0,5860.0,2025-07-21 11:43:45.587795
2025-07-21,111105,2025072105005153,NIFRA,Imperial Securities Company Pvt. Ltd.,Oxford Securities Pvt. Ltd.,59,293.0,17287.0,2025-07-21 11:43:45.587894
2025-07-21,110495,2025072105005244,NIFRA,Imperial Securities Company Pvt. Ltd.,Oxford Securities Pvt. Ltd.,500,293.0,146500.0,2025-07-21 11:44:29.698993
2025-07-21,110365,2025072105005277,NIFRA,Dipshikha Dhitopatra Karobar Co. Pvt Ltd.,Oxford Securities Pvt. Ltd.,35,293.0,10255.0,2025-07-21 11:44:44.098958
2025-07-21,110194,2025072105005308,NIFRA,Secured Securities Ltd.,SHUBHAKAMANA SECURITIES PVT. LTD,100,292.9,29290.0,2025-07-21 11:45:01.023796
2025-07-21,110193,2025072105005309,NIFRA,Secured Securities Ltd.,Oxford Securities Pvt. Ltd.,900,293.0,263700.0,2025-07-21 11:45:01.024061
2025-07-21,109563,2025072105005402,NIFRA,Bhrikuti Stock Broking Co. Pvt. Ltd.,Oxford Securities Pvt. Ltd.,300,293.0,87900.0,2025-07-21 11:46:01.339174
2025-07-21,109407,2025072105005436,NIFRA,Oxford Securities Pvt. Ltd.,Oxford Securities Pvt. Ltd.,100,293.0,29300.0,2025-07-21 11:46:17.436331
2025-07-21,109324,2025072105005466,NIFRA,ABC Securities Private Limited,Market Securities & Exchange (PVT) Ltd.,390,292.9,114231.0,2025-07-21 11:46:26.065363
2025-07-21,109323,2025072105005467,NIFRA,ABC Securities Private Limited,Oxford Securities Pvt. Ltd.,610,293.0,178730.0,2025-07-21 11:46:26.065669
2025-07-21,109227,2025072105005480,NIFRA,Magnet Securities and Investment Company Private Limited,Oxford Securities Pvt. Ltd.,496,293.0,145328.0,2025-07-21 11:46:34.938532
2025-07-21,109226,2025072105005481,NIFRA,Magnet Securities and Investment Company Private Limited,ABC Securities Private Limited,20,293.0,5860.0,2025-07-21 11:46:34.938829
2025-07-21,109225,2025072105005482,NIFRA,Magnet Securities and Investment Company Private Limited,Nepal Investment And Securities Trading Private Limited,50,293.0,14650.0,2025-07-21 11:46:34.938948
2025-07-21,109224,2025072105005483,NIFRA,Magnet Securities and Investment Company Private Limited,Midas Stock Broking Company Private Limited,64,293.0,18752.0,2025-07-21 11:46:34.939055
2025-07-21,109223,2025072105005484,NIFRA,Magnet Securities and Investment Company Private Limited,Online Securities Pvt. Ltd.,54,293.0,15822.0,2025-07-21 11:46:34.939161
2025-07-21,109222,2025072105005485,NIFRA,Magnet Securities and Investment Company Private Limited,J.F. Securites (PVT) Ltd.,15,293.0,4395.0,2025-07-21 11:46:34.939265
2025-07-21,109221,2025072105005486,NIFRA,Magnet Securities and Investment Company Private Limited,Sani Securities Company Ltd.,37,293.0,10841.0,2025-07-21 11:46:34.939388
2025-07-21,109056,2025072105005507,NIFRA,Vision Securities Pvt. Ltd,Sani Securities Company Ltd.,27,293.0,7911.0,2025-07-21 11:46:51.235014
2025-07-21,109055,2025072105005508,NIFRA,Vision Securities Pvt. Ltd,Aryatara Investment & Securities,250,293.0,73250.0,2025-07-21 11:46:51.235527
2025-07-21,109054,2025072105005509,NIFRA,Vision Securities Pvt. Ltd,Dipshikha Dhitopatra Karobar Co. Pvt Ltd.,10,293.8,2938.0,2025-07-21 11:46:51.235915
2025-07-21,109053,2025072105005510,NIFRA,Vision Securities Pvt. Ltd,Premier Securities Company Ltd.,1713,293.9,503450.7,2025-07-21 11:46:51.236299
2025-07-21,108956,2025072105005521,NIFRA,Secured Securities Ltd.,Premier Securities Company Ltd.,270,293.9,79353.0,2025-07-21 11:47:02.648357
2025-07-21,108925,2025072105005524,NIFRA,Kohinoor Investment & Securities Pvt. Ltd.,Imperial Securities Company Pvt. Ltd.,54,293.0,15822.0,2025-07-21 11:47:03.874357
2025-07-21,107777,2025072105005790,NIFRA,Siprabi Securities Pvt. Ltd.,Market Securities & Exchange (PVT) Ltd.,10,293.8,2938.0,2025-07-21 11:48:35.820081
2025-07-21,107742,2025072105005799,NIFRA,Imperial Securities Company Pvt. Ltd.,Premier Securities Company Ltd.,10,293.9,2939.0,2025-07-21 11:48:38.045351
2025-07-21,107659,2025072105005822,NIFRA,Kohinoor Investment & Securities Pvt. Ltd.,Sani Securities Company Ltd.,64,293.0,18752.0,2025-07-21 11:48:43.858960
2025-07-21,107629,2025072105005831,NIFRA,Sani Securities Company Ltd.,Magnet Securities and Investment Company Private Limited,1000,293.9,293900.0,2025-07-21 11:48:47.934242
2025-07-21,107431,2025072105005857,NIFRA,Sri Hari Securities Pvt. Ltd.,Magnet Securities and Investment Company Private Limited,100,293.9,29390.0,2025-07-21 11:49:08.771434
2025-07-21,107106,2025072105005979,NIFRA,Kohinoor Investment & Securities Pvt. Ltd.,Kohinoor Investment & Securities Pvt. Ltd.,500,294.0,147000.0,2025-07-21 11:49:35.651651
2025-07-21,106929,2025072105006014,NIFRA,Dipshikha Dhitopatra Karobar Co. Pvt Ltd.,Kohinoor Investment & Securities Pvt. Ltd.,80,294.0,23520.0,2025-07-21 11:49:51.797987
2025-07-21,106752,2025072105006065,NIFRA,Dipshikha Dhitopatra Karobar Co. Pvt Ltd.,Kohinoor Investment & Securities Pvt. Ltd.,3,288.8,866.4,2025-07-21 11:50:06.922841
2025-07-21,106723,2025072105006076,NIFRA,Vision Securities Pvt. Ltd,Kohinoor Investment & Securities Pvt. Ltd.,1005,294.0,295470.0,2025-07-21 11:50:10.305810
2025-07-21,106687,2025072105006078,NIFRA,Sri Hari Securities Pvt. Ltd.,Aryatara Investment & Securities,30,293.9,8817.0,2025-07-21 11:50:11.815682
2025-07-21,106496,2025072105006111,NIFRA,Siprabi Securities Pvt. Ltd.,Dipshikha Dhitopatra Karobar Co. Pvt Ltd.,10,293.9,2939.0,2025-07-21 11:50:29.129598
2025-07-21,106495,2025072105006112,NIFRA,Siprabi Securities Pvt. Ltd.,Kohinoor Investment & Securities Pvt. Ltd.,415,294.0,122010.0,2025-07-21 11:50:29.129915
2025-07-21,106494,2025072105006113,NIFRA,Siprabi Securities Pvt. Ltd.,Bhrikuti Stock Broking Co. Pvt. Ltd.,300,294.0,88200.0,2025-07-21 11:50:29.130117
2025-07-21,106493,2025072105006114,NIFRA,Siprabi Securities Pvt. Ltd.,Sagarmatha Securities Private Limited,54,294.0,15876.0,2025-07-21 11:50:29.130283
2025-07-21,106492,2025072105006115,NIFRA,Siprabi Securities Pvt. Ltd.,Sani Securities Company Ltd.,23,294.0,6762.0,2025-07-21 11:50:29.130428
2025-07-21,106491,2025072105006116,NIFRA,Siprabi Securities Pvt. Ltd.,Kohinoor Investment & Securities Pvt. Ltd.,64,294.0,18816.0,2025-07-21 11:50:29.130571
2025-07-21,106490,2025072105006117,NIFRA,Siprabi Securities Pvt. Ltd.,Online Securities Pvt. Ltd.,100,294.0,29400.0,2025-07-21 11:50:29.130736
2025-07-21,106489,2025072105006118,NIFRA,Siprabi Securities Pvt. Ltd.,Siprabi Securities Pvt. Ltd.,34,294.0,9996.0,2025-07-21 11:50:29.130892
2025-07-21,106265,2025072105006142,NIFRA,Capital Max Securities Ltd,Sri Hari Securities Pvt. Ltd.,300,293.1,87930.0,2025-07-21 11:50:46.503906
2025-07-21,106264,2025072105006143,NIFRA,Kohinoor Investment & Securities Pvt. Ltd.,Sri Hari Securities Pvt. Ltd.,882,293.0,258426.0,2025-07-21 11:50:46.504193
2025-07-21,106263,2025072105006144,NIFRA,Investment Management Nepal Pvt. Ltd.,Sri Hari Securities Pvt. Ltd.,1000,293.0,293000.0,2025-07-21 11:50:46.504325
2025-07-21,106262,2025072105006145,NIFRA,Ashutosh Brokerage & Securities (PVT) Ltd.,Sri Hari Securities Pvt. Ltd.,3000,293.0,879000.0,2025-07-21 11:50:46.504437
2025-07-21,106261,2025072105006146,NIFRA,Investment Management Nepal Pvt. Ltd.,Sri Hari Securities Pvt. Ltd.,1000,293.0,293000.0,2025-07-21 11:50:46.504550
2025-07-21,106260,2025072105006147,NIFRA,Infinity Securities Limited,Sri Hari Securities Pvt. Ltd.,4750,293.0,1391750.0,2025-07-21 11:50:46.504661
2025-07-21,106259,2025072105006148,NIFRA,Stoxkarts Securities Limited,Sri Hari Securities Pvt. Ltd.,1068,293.0,312924.0,2025-07-21 11:50:46.504775
2025-07-21,106103,2025072105006182,NIFRA,Stoxkarts Securities Limited,ABC Securities Private Limited,10,293.0,2930.0,2025-07-21 11:51:01.629717
2025-07-21,105920,2025072105006196,NIFRA,Stoxkarts Securities Limited,Investment Management Nepal Pvt. Ltd.,44,293.0,12892.0,2025-07-21 11:51:17.578190
2025-07-21,105870,2025072105006212,NIFRA,Vision Securities Pvt. Ltd,Sani Securities Company Ltd.,134,293.2,39288.8,2025-07-21 11:51:23.290967
2025-07-21,105869,2025072105006213,NIFRA,Vision Securities Pvt. Ltd,Sumeru Securities Pvt. Ltd.,1100,293.9,323290.0,2025-07-21 11:51:23.291247
2025-07-21,105868,2025072105006214,NIFRA,Vision Securities Pvt. Ltd,Siprabi Securities Pvt. Ltd.,26,294.0,7644.0,2025-07-21 11:51:23.291373
2025-07-21,105867,2025072105006215,NIFRA,Vision Securities Pvt. Ltd,Sumeru Securities Pvt. Ltd.,100,294.0,29400.0,2025-07-21 11:51:23.291491
2025-07-21,105529,2025072105006338,NIFRA,Vision Securities Pvt. Ltd,Sumeru Securities Pvt. Ltd.,140,294.0,41160.0,2025-07-21 11:51:48.593189
2025-07-21,105528,2025072105006339,NIFRA,Vision Securities Pvt. Ltd,Sumeru Securities Pvt. Ltd.,960,294.0,282240.0,2025-07-21 11:51:48.593479
2025-07-21,105249,2025072105006368,NIFRA,Vision Securities Pvt. Ltd,Kohinoor Investment & Securities Pvt. Ltd.,300,294.0,88200.0,2025-07-21 11:52:10.540485
2025-07-21,105234,2025072105006370,NIFRA,Vision Securities Pvt. Ltd,Aryatara Investment & Securities,240,294.0,70560.0,2025-07-21 11:52:11.246752
2025-07-21,105129,2025072105006393,NIFRA,Dakshinkali Investment & Securities Pvt. Ltd.,Aryatara Investment & Securities,20,294.0,5880.0,2025-07-21 11:52:20.369567
2025-07-21,105003,2025072105006413,NIFRA,Kohinoor Investment & Securities Pvt. Ltd.,Aryatara Investment & Securities,80,294.0,23520.0,2025-07-21 11:52:32.790954
2025-07-21,104919,2025072105006424,NIFRA,Agrawal Securities (PVT) Ltd.,Aryatara Investment & Securities,50,294.0,14700.0,2025-07-21 11:52:42.953828
2025-07-21,104891,2025072105006431,NIFRA,Imperial Securities Company Pvt. Ltd.,Aryatara Investment & Securities,2694,294.0,792036.0,2025-07-21 11:52:45.855492
2025-07-21,104692,2025072105006479,NIFRA,Imperial Securities Company Pvt. Ltd.,Sweta Securities Private Limited,306,294.0,89964.0,2025-07-21 11:53:07.993582
2025-07-21,104691,2025072105006480,NIFRA,Dipshikha Dhitopatra Karobar Co. Pvt Ltd.,Sweta Securities Private Limited,227,294.0,66738.0,2025-07-21 11:53:07.993862
2025-07-21,104615,2025072105006486,NIFRA,Dipshikha Dhitopatra Karobar Co. Pvt Ltd.,Kohinoor Investment & Securities Pvt. Ltd.,4,288.4,1153.6,2025-07-21 11:53:14.105029
2025-07-21,104562,2025072105006494,NIFRA,Dipshikha Dhitopatra Karobar Co. Pvt Ltd.,Siprabi Securities Pvt. Ltd.,14,294.0,4116.0,2025-07-21 11:53:20.332092
2025-07-21,104553,2025072105006498,NIFRA,Dipshikha Dhitopatra Karobar Co. Pvt Ltd.,Ashutosh Brokerage & Securities (PVT) Ltd.,759,294.0,223146.0,2025-07-21 11:53:22.014794
2025-07-21,104535,2025072105006500,NIFRA,Dakshinkali Investment & Securities Pvt. Ltd.,Deevyaa Securities & Stock House Pvt. Ltd,1,290.0,290.0,2025-07-21 11:53:24.073650
2025-07-21,104164,2025072105006548,NIFRA,Dakshinkali Investment & Securities Pvt. Ltd.,Ashutosh Brokerage & Securities (PVT) Ltd.,30,294.0,8820.0,2025-07-21 11:54:02.538804
2025-07-21,104150,2025072105006550,NIFRA,Siprabi Securities Pvt. Ltd.,Ashutosh Brokerage & Securities (PVT) Ltd.,211,294.0,62034.0,2025-07-21 11:54:03.854812
2025-07-21,104070,2025072105006556,NIFRA,Siprabi Securities Pvt. Ltd.,Neev Securities Pvt. Ltd.,30,294.0,8820.0,2025-07-21 11:54:13.780752
2025-07-21,104022,2025072105006559,NIFRA,Vision Securities Pvt. Ltd,Sajilo Broker Limited,300,293.1,87930.0,2025-07-21 11:54:20.631993
2025-07-21,103958,2025072105006578,NIFRA,Sri Hari Securities Pvt. Ltd.,Neev Securities Pvt. Ltd.,100,294.1,29410.0,2025-07-21 11:54:26.751688
2025-07-21,103957,2025072105006579,NIFRA,Sri Hari Securities Pvt. Ltd.,Trishakti Securities Public Limited,900,294.2,264780.0,2025-07-21 11:54:26.751992
2025-07-21,103545,2025072105006644,NIFRA,Imperial Securities Company Pvt. Ltd.,Secured Securities Ltd.,100,294.0,29400.0,2025-07-21 11:55:13.356229
2025-07-21,103469,2025072105006659,NIFRA,Imperial Securities Company Pvt. Ltd.,Malla & Malla Stock Broking Company Pvt. Limited,800,294.0,235200.0,2025-07-21 11:55:21.293555
2025-07-21,103263,2025072105006694,NIFRA,KALASH STOCK MARKET PVT. LTD.,Trishakti Securities Public Limited,400,294.2,117680.0,2025-07-21 11:55:45.308800
2025-07-21,103233,2025072105006701,NIFRA,Imperial Securities Company Pvt. Ltd.,Naasa Securities Co. Ltd.,100,294.0,29400.0,2025-07-21 11:55:48.455190
2025-07-21,103232,2025072105006702,NIFRA,Thrive Brokerage House Pvt. Ltd,Naasa Securities Co. Ltd.,100,294.0,29400.0,2025-07-21 11:55:48.455513
2025-07-21,103045,2025072105006726,NIFRA,Vision Securities Pvt. Ltd,Sri Hari Securities Pvt. Ltd.,2700,293.1,791370.0,2025-07-21 11:56:03.970423
2025-07-21,103044,2025072105006727,NIFRA,Sumeru Securities Pvt. Ltd.,Sri Hari Securities Pvt. Ltd.,200,293.1,58620.0,2025-07-21 11:56:03.971113
2025-07-21,102715,2025072105006772,NIFRA,Kumari Securities Private Limited,Sweta Securities Private Limited,1700,293.2,498440.0,2025-07-21 11:56:42.581378
2025-07-21,102714,2025072105006773,NIFRA,Stoxkarts Securities Limited,Sweta Securities Private Limited,300,293.0,87900.0,2025-07-21 11:56:42.581678
2025-07-21,102600,2025072105006788,NIFRA,Stoxkarts Securities Limited,ABC Securities Private Limited,54,293.0,15822.0,2025-07-21 11:56:55.687942
2025-07-21,102372,2025072105006823,NIFRA,Imperial Securities Company Pvt. Ltd.,Trishakti Securities Public Limited,100,293.1,29310.0,2025-07-21 11:57:18.438078
2025-07-21,102288,2025072105006847,NIFRA,Imperial Securities Company Pvt. Ltd.,Market Securities & Exchange (PVT) Ltd.,500,293.1,146550.0,2025-07-21 11:57:26.588396
2025-07-21,102260,2025072105006859,NIFRA,Neev Securities Pvt. Ltd.,Vision Securities Pvt. Ltd,4,288.0,1152.0,2025-07-21 11:57:29.331915
2025-07-21,102254,2025072105006860,NIFRA,Dipshikha Dhitopatra Karobar Co. Pvt Ltd.,Kohinoor Investment & Securities Pvt. Ltd.,4,287.3,1149.2,2025-07-21 11:57:29.619939
2025-07-21,102153,2025072105006886,NIFRA,Neev Securities Pvt. Ltd.,Siprabi Securities Pvt. Ltd.,4,288.0,1152.0,2025-07-21 11:57:39.362916
2025-07-21,102109,2025072105006898,NIFRA,Imperial Securities Company Pvt. Ltd.,Online Securities Pvt. Ltd.,43,293.1,12603.3,2025-07-21 11:57:43.581704
2025-07-21,101872,2025072105006951,NIFRA,Imperial Securities Company Pvt. Ltd.,Sri Hari Securities Pvt. Ltd.,357,293.1,104636.7,2025-07-21 11:58:04.745024
2025-07-21,101871,2025072105006952,NIFRA,Stoxkarts Securities Limited,Sri Hari Securities Pvt. Ltd.,230,293.0,67390.0,2025-07-21 11:58:04.745617
2025-07-21,101870,2025072105006953,NIFRA,Vision Securities Pvt. Ltd,Sri Hari Securities Pvt. Ltd.,197,293.0,57721.0,2025-07-21 11:58:04.746050
2025-07-21,101869,2025072105006954,NIFRA,Sani Securities Company Ltd.,Sri Hari Securities Pvt. Ltd.,216,293.0,63288.0,2025-07-21 11:58:04.746458
2025-07-21,101665,2025072105006979,NIFRA,Sani Securities Company Ltd.,Pragyan Securities (PVT) Ltd.,100,293.0,29300.0,2025-07-21 11:58:19.468712
2025-07-21,101650,2025072105006980,NIFRA,Sani Securities Company Ltd.,Dipshikha Dhitopatra Karobar Co. Pvt Ltd.,14,293.0,4102.0,2025-07-21 11:58:21.466039
2025-07-21,101646,2025072105006981,NIFRA,Neev Securities Pvt. Ltd.,Online Securities Pvt. Ltd.,4,288.2,1152.8,2025-07-21 11:58:22.654347
2025-07-21,101249,2025072105007034,NIFRA,Sani Securities Company Ltd.,Sumeru Securities Pvt. Ltd.,60,293.0,17580.0,2025-07-21 11:59:01.697024
2025-07-21,101248,2025072105007035,NIFRA,Sani Securities Company Ltd.,Sipla Securities Private Limited,2,293.0,586.0,2025-07-21 11:59:01.697249
2025-07-21,101210,2025072105007046,NIFRA,Market Securities & Exchange (PVT) Ltd.,Naasa Securities Co. Ltd.,54,292.5,15795.0,2025-07-21 11:59:05.840608
2025-07-21,101155,2025072105007054,NIFRA,Market Securities & Exchange (PVT) Ltd.,MILKY WAY SHARE BROKER COMPANY LTD ,46,292.5,13455.0,2025-07-21 11:59:10.518449
2025-07-21,101154,2025072105007055,NIFRA,Naasa Securities Co. Ltd.,MILKY WAY SHARE BROKER COMPANY LTD ,100,292.5,29250.0,2025-07-21 11:59:10.518792
2025-07-21,101153,2025072105007056,NIFRA,South Asian Bulls Pvt. Ltd.,MILKY WAY SHARE BROKER COMPANY LTD ,1000,292.3,292300.0,2025-07-21 11:59:10.518926
2025-07-21,101152,2025072105007057,NIFRA,Sumeru Securities Pvt. Ltd.,MILKY WAY SHARE BROKER COMPANY LTD ,284,292.2,82984.8,2025-07-21 11:59:10.519050
2025-07-21,101151,2025072105007058,NIFRA,KALASH STOCK MARKET PVT. LTD.,MILKY WAY SHARE BROKER COMPANY LTD ,1500,292.1,438150.0,2025-07-21 11:59:10.519200
2025-07-21,101150,2025072105007059,NIFRA,Dakshinkali Investment & Securities Pvt. Ltd.,MILKY WAY SHARE BROKER COMPANY LTD ,300,292.0,87600.0,2025-07-21 11:59:10.519348
2025-07-21,100891,2025072105007132,NIFRA,Sweta Securities Private Limited,Kumari Securities Private Limited,300,291.7,87510.0,2025-07-21 11:59:31.292082
2025-07-21,100732,2025072105007154,NIFRA,Sweta Securities Private Limited,Online Securities Pvt. Ltd.,200,291.7,58340.0,2025-07-21 11:59:46.146260
2025-07-21,100598,2025072105007172,NIFRA,Trisul Securities & Invt. Ltd.,Indira securities pvt. ltd,970,291.6,282852.0,2025-07-21 11:59:59.017638
2025-07-21,100597,2025072105007173,NIFRA,Asian Securities Private Ltd.,Indira securities pvt. ltd,200,291.4,58280.0,2025-07-21 11:59:59.017931
2025-07-21,100596,2025072105007174,NIFRA,Nepal Stock House (PVT) Ltd.,Indira securities pvt. ltd,716,291.1,208427.6,2025-07-21 11:59:59.018066
2025-07-21,100595,2025072105007175,NIFRA,Imperial Securities Company Pvt. Ltd.,Indira securities pvt. ltd,25,291.1,7277.5,2025-07-21 11:59:59.018203
2025-07-21,100594,2025072105007176,NIFRA,Primo Securities (PVT) Ltd.,Indira securities pvt. ltd,64,291.0,18624.0,2025-07-21 11:59:59.018345
2025-07-21,100593,2025072105007177,NIFRA,Sani Securities Company Ltd.,Indira securities pvt. ltd,200,291.0,58200.0,2025-07-21 11:59:59.018536
2025-07-21,100592,2025072105007178,NIFRA,Sani Securities Company Ltd.,Indira securities pvt. ltd,300,291.0,87300.0,2025-07-21 11:59:59.018720
2025-07-21,100591,2025072105007179,NIFRA,BHOLE GANESH SECURITIES LTD,Indira securities pvt. ltd,500,290.2,145100.0,2025-07-21 11:59:59.018902
2025-07-21,100590,2025072105007180,NIFRA,Stoxkarts Securities Limited,Indira securities pvt. ltd,25,290.0,7250.0,2025-07-21 11:59:59.019078
2025-07-21,100233,2025072105007234,NIFRA,Stoxkarts Securities Limited,South Asian Bulls Pvt. Ltd.,300,290.0,87000.0,2025-07-21 12:00:29.467434
2025-07-21,100139,2025072105007243,NIFRA,Neev Securities Pvt. Ltd.,South Asian Bulls Pvt. Ltd.,4,285.0,1140.0,2025-07-21 12:00:38.513180
2025-07-21,99678,2025072105007322,NIFRA,Nepal Stock House (PVT) Ltd.,Vision Securities Pvt. Ltd,410,291.5,119515.0,2025-07-21 12:01:18.777120
2025-07-21,99323,2025072105007370,NIFRA,Bhrikuti Stock Broking Co. Pvt. Ltd.,Primo Securities (PVT) Ltd.,380,291.0,110580.0,2025-07-21 12:01:46.410722
2025-07-21,99288,2025072105007374,NIFRA,Stoxkarts Securities Limited,Dynamic Money Managers Securities Pvt. Ltd.,800,290.0,232000.0,2025-07-21 12:01:51.385242
2025-07-21,99251,2025072105007383,NIFRA,Stoxkarts Securities Limited,Dipshikha Dhitopatra Karobar Co. Pvt Ltd.,10,290.0,2900.0,2025-07-21 12:01:54.469366
2025-07-21,99146,2025072105007398,NIFRA,Dakshinkali Investment & Securities Pvt. Ltd.,Online Securities Pvt. Ltd.,5,291.0,1455.0,2025-07-21 12:02:03.989990
2025-07-21,99085,2025072105007412,NIFRA,Stoxkarts Securities Limited,Sweta Securities Private Limited,1203,290.0,348870.0,2025-07-21 12:02:09.767057
2025-07-21,99022,2025072105007413,NIFRA,Stoxkarts Securities Limited,Dynamic Money Managers Securities Pvt. Ltd.,200,290.0,58000.0,2025-07-21 12:02:13.916036
2025-07-21,98741,2025072105007451,NIFRA,Stoxkarts Securities Limited,Primo Securities (PVT) Ltd.,213,290.0,61770.0,2025-07-21 12:02:38.683001
2025-07-21,98740,2025072105007452,NIFRA,Naasa Securities Co. Ltd.,Primo Securities (PVT) Ltd.,500,290.0,145000.0,2025-07-21 12:02:38.683336
2025-07-21,98739,2025072105007453,NIFRA,Online Securities Pvt. Ltd.,Primo Securities (PVT) Ltd.,12,290.0,3480.0,2025-07-21 12:02:38.683470
2025-07-21,98738,2025072105007454,NIFRA,Trisul Securities & Invt. Ltd.,Primo Securities (PVT) Ltd.,80,290.0,23200.0,2025-07-21 12:02:38.683593
2025-07-21,98737,2025072105007455,NIFRA,Dynamic Money Managers Securities Pvt. Ltd.,Primo Securities (PVT) Ltd.,1300,290.0,377000.0,2025-07-21 12:02:38.683712
2025-07-21,98736,2025072105007456,NIFRA,Siprabi Securities Pvt. Ltd.,Primo Securities (PVT) Ltd.,30,290.0,8700.0,2025-07-21 12:02:38.683831
2025-07-21,98735,2025072105007457,NIFRA,Linch Stock Market Ltd.,Primo Securities (PVT) Ltd.,500,290.0,145000.0,2025-07-21 12:02:38.683954
2025-07-21,98734,2025072105007458,NIFRA,Aryatara Investment & Securities,Primo Securities (PVT) Ltd.,50,290.0,14500.0,2025-07-21 12:02:38.684077
2025-07-21,98733,2025072105007459,NIFRA,Asian Securities Private Ltd.,Primo Securities (PVT) Ltd.,340,290.0,98600.0,2025-07-21 12:02:38.684201
2025-07-21,98732,2025072105007460,NIFRA,ABC Securities Private Limited,Primo Securities (PVT) Ltd.,1000,290.0,290000.0,2025-07-21 12:02:38.684330
2025-07-21,98731,2025072105007461,NIFRA,Aryatara Investment & Securities,Primo Securities (PVT) Ltd.,85,290.0,24650.0,2025-07-21 12:02:38.684451
2025-07-21,98730,2025072105007462,NIFRA,ABC Securities Private Limited,Primo Securities (PVT) Ltd.,610,290.0,176900.0,2025-07-21 12:02:38.684573
2025-07-21,98687,2025072105007481,NIFRA,ABC Securities Private Limited,Naasa Securities Co. Ltd.,194,290.0,56260.0,2025-07-21 12:02:42.573238
2025-07-21,98652,2025072105007487,NIFRA,ABC Securities Private Limited,Vision Securities Pvt. Ltd,196,290.0,56840.0,2025-07-21 12:02:44.623760
2025-07-21,98651,2025072105007488,NIFRA,Sajilo Broker Limited,Vision Securities Pvt. Ltd,100,290.0,29000.0,2025-07-21 12:02:44.624347
2025-07-21,98650,2025072105007489,NIFRA,Sewa Securities Pvt. Ltd.,Vision Securities Pvt. Ltd,326,290.0,94540.0,2025-07-21 12:02:44.624710
2025-07-21,98649,2025072105007490,NIFRA,Agrawal Securities (PVT) Ltd.,Vision Securities Pvt. Ltd,500,290.0,145000.0,2025-07-21 12:02:44.625069
2025-07-21,98648,2025072105007491,NIFRA,Sani Securities Company Ltd.,Vision Securities Pvt. Ltd,85,290.0,24650.0,2025-07-21 12:02:44.625436
2025-07-21,98647,2025072105007492,NIFRA,Siprabi Securities Pvt. Ltd.,Vision Securities Pvt. Ltd,90,290.0,26100.0,2025-07-21 12:02:44.625797
2025-07-21,98646,2025072105007493,NIFRA,Sani Securities Company Ltd.,Vision Securities Pvt. Ltd,393,290.0,113970.0,2025-07-21 12:02:44.626178
2025-07-21,98436,2025072105007533,NIFRA,Sani Securities Company Ltd.,Dipshikha Dhitopatra Karobar Co. Pvt Ltd.,107,290.0,31030.0,2025-07-21 12:03:05.576684
2025-07-21,98435,2025072105007534,NIFRA,Kumari Securities Private Limited,Dipshikha Dhitopatra Karobar Co. Pvt Ltd.,193,290.0,55970.0,2025-07-21 12:03:05.577010
2025-07-21,98378,2025072105007541,NIFRA,Kumari Securities Private Limited,Cristal Kanchanjanga Securites Pvt. Ltd.,117,290.0,33930.0,2025-07-21 12:03:10.923936
2025-07-21,98238,2025072105007586,NIFRA,Swarna Laxmi Securities Pvt. Ltd.,Primo Securities (PVT) Ltd.,67,289.3,19383.1,2025-07-21 12:03:24.942594
2025-07-21,98186,2025072105007594,NIFRA,Imperial Securities Company Pvt. Ltd.,Cristal Kanchanjanga Securites Pvt. Ltd.,10,290.0,2900.0,2025-07-21 12:03:31.947533
2025-07-21,98143,2025072105007609,NIFRA,Swarna Laxmi Securities Pvt. Ltd.,J.F. Securites (PVT) Ltd.,54,289.3,15622.2,2025-07-21 12:03:37.189739
2025-07-21,97963,2025072105007642,NIFRA,Swarna Laxmi Securities Pvt. Ltd.,Miyo Securities Pvt Ltd,54,289.3,15622.2,2025-07-21 12:03:55.128375
2025-07-21,97773,2025072105007673,NIFRA,Swarna Laxmi Securities Pvt. Ltd.,Aryatara Investment & Securities,64,289.3,18515.2,2025-07-21 12:04:14.376775
2025-07-21,97471,2025072105007726,NIFRA,Sani Securities Company Ltd.,Primo Securities (PVT) Ltd.,1000,289.4,289400.0,2025-07-21 12:04:44.522665
2025-07-21,97470,2025072105007727,NIFRA,Swarna Laxmi Securities Pvt. Ltd.,Primo Securities (PVT) Ltd.,500,289.3,144650.0,2025-07-21 12:04:44.523031
2025-07-21,97314,2025072105007755,NIFRA,Cristal Kanchanjanga Securites Pvt. Ltd.,Cristal Kanchanjanga Securites Pvt. Ltd.,73,290.0,21170.0,2025-07-21 12:05:00.656196
2025-07-21,97313,2025072105007756,NIFRA,Cristal Kanchanjanga Securites Pvt. Ltd.,Oxford Securities Pvt. Ltd.,50,290.0,14500.0,2025-07-21 12:05:00.656474
2025-07-21,97231,2025072105007782,NIFRA,Online Securities Pvt. Ltd.,ABC Securities Private Limited,10,290.0,2900.0,2025-07-21 12:05:09.678761
2025-07-21,97230,2025072105007783,NIFRA,Online Securities Pvt. Ltd.,Vision Securities Pvt. Ltd,21,290.0,6090.0,2025-07-21 12:05:09.679117
2025-07-21,97229,2025072105007784,NIFRA,Online Securities Pvt. Ltd.,Dipshikha Dhitopatra Karobar Co. Pvt Ltd.,78,290.0,22620.0,2025-07-21 12:05:09.679252
2025-07-21,97202,2025072105007790,NIFRA,Online Securities Pvt. Ltd.,Primo Securities (PVT) Ltd.,231,290.0,66990.0,2025-07-21 12:05:13.751831
2025-07-21,97201,2025072105007791,NIFRA,Nepal Stock House (PVT) Ltd.,Primo Securities (PVT) Ltd.,1269,289.4,367248.6,2025-07-21 12:05:13.752441
2025-07-21,97044,2025072105007817,NIFRA,Dakshinkali Investment & Securities Pvt. Ltd.,Shree Krishna Securities Ltd.,20,290.5,5810.0,2025-07-21 12:05:31.015024
2025-07-21,97038,2025072105007821,NIFRA,Nepal Stock House (PVT) Ltd.,Primo Securities (PVT) Ltd.,131,289.4,37911.4,2025-07-21 12:05:31.838369
2025-07-21,97037,2025072105007822,NIFRA,Swarna Laxmi Securities Pvt. Ltd.,Primo Securities (PVT) Ltd.,261,289.3,75507.3,2025-07-21 12:05:31.838686
2025-07-21,96886,2025072105007845,NIFRA,Asian Securities Private Ltd.,Shree Krishna Securities Ltd.,34,290.5,9877.0,2025-07-21 12:05:51.918513
2025-07-21,96580,2025072105007916,NIFRA,Online Securities Pvt. Ltd.,Aryatara Investment & Securities,300,290.1,87030.0,2025-07-21 12:06:28.026843
2025-07-21,96579,2025072105007917,NIFRA,Siprabi Securities Pvt. Ltd.,Aryatara Investment & Securities,38,290.1,11023.8,2025-07-21 12:06:28.027503
2025-07-21,96578,2025072105007918,NIFRA,Market Securities & Exchange (PVT) Ltd.,Aryatara Investment & Securities,162,290.1,46996.2,2025-07-21 12:06:28.027911
2025-07-21,96494,2025072105007930,NIFRA,Agrawal Securities (PVT) Ltd.,Nepal Stock House (PVT) Ltd.,64,290.5,18592.0,2025-07-21 12:06:36.822572
2025-07-21,96484,2025072105007937,NIFRA,Siprabi Securities Pvt. Ltd.,Online Securities Pvt. Ltd.,50,291.0,14550.0,2025-07-21 12:06:38.640842
2025-07-21,96483,2025072105007938,NIFRA,Siprabi Securities Pvt. Ltd.,Himalayan Brokerage Company Limited,64,291.0,18624.0,2025-07-21 12:06:38.641459
2025-07-21,96482,2025072105007939,NIFRA,Siprabi Securities Pvt. Ltd.,Online Securities Pvt. Ltd.,14,291.0,4074.0,2025-07-21 12:06:38.641852
2025-07-21,96418,2025072105007953,NIFRA,Siprabi Securities Pvt. Ltd.,Miyo Securities Pvt Ltd,54,291.0,15714.0,2025-07-21 12:06:48.837357
2025-07-21,96330,2025072105007971,NIFRA,Siprabi Securities Pvt. Ltd.,Sri Hari Securities Pvt. Ltd.,246,291.0,71586.0,2025-07-21 12:07:00.312481
2025-07-21,96329,2025072105007972,NIFRA,Agrawal Securities (PVT) Ltd.,Sri Hari Securities Pvt. Ltd.,36,290.5,10458.0,2025-07-21 12:07:00.312802
2025-07-21,96328,2025072105007973,NIFRA,Swarna Laxmi Securities Pvt. Ltd.,Sri Hari Securities Pvt. Ltd.,1000,290.2,290200.0,2025-07-21 12:07:00.312933
2025-07-21,96327,2025072105007974,NIFRA,Market Securities & Exchange (PVT) Ltd.,Sri Hari Securities Pvt. Ltd.,218,290.1,63241.8,2025-07-21 12:07:00.313060
2025-07-21,96282,2025072105007989,NIFRA,Market Securities & Exchange (PVT) Ltd.,Aryatara Investment & Securities,64,290.1,18566.4,2025-07-21 12:07:07.621678
2025-07-21,96165,2025072105008008,NIFRA,Market Securities & Exchange (PVT) Ltd.,Online Securities Pvt. Ltd.,556,290.1,161295.6,2025-07-21 12:07:17.399644
2025-07-21,96164,2025072105008009,NIFRA,Vision Securities Pvt. Ltd,Online Securities Pvt. Ltd.,100,290.1,29010.0,2025-07-21 12:07:17.399968
2025-07-21,95918,2025072105008054,NIFRA,Dakshinkali Investment & Securities Pvt. Ltd.,Online Securities Pvt. Ltd.,54,290.0,15660.0,2025-07-21 12:07:49.939694
2025-07-21,95897,2025072105008056,NIFRA,Vision Securities Pvt. Ltd,Online Securities Pvt. Ltd.,44,290.1,12764.4,2025-07-21 12:07:52.323602
2025-07-21,95747,2025072105008080,NIFRA,Siprabi Securities Pvt. Ltd.,Online Securities Pvt. Ltd.,67,290.1,19436.7,2025-07-21 12:08:10.243142
2025-07-21,95721,2025072105008085,NIFRA,Siprabi Securities Pvt. Ltd.,Aryatara Investment & Securities,54,290.1,15665.4,2025-07-21 12:08:12.731541
2025-07-21,95650,2025072105008097,NIFRA,Cristal Kanchanjanga Securites Pvt. Ltd.,Imperial Securities Company Pvt. Ltd.,77,290.5,22368.5,2025-07-21 12:08:22.546958
2025-07-21,95649,2025072105008098,NIFRA,Siprabi Securities Pvt. Ltd.,Imperial Securities Company Pvt. Ltd.,323,290.1,93702.3,2025-07-21 12:08:22.547323
2025-07-21,95622,2025072105008101,NIFRA,Dipshikha Dhitopatra Karobar Co. Pvt Ltd.,Kohinoor Investment & Securities Pvt. Ltd.,4,284.4,1137.6,2025-07-21 12:08:26.197616
2025-07-21,95588,2025072105008113,NIFRA,Dipshikha Dhitopatra Karobar Co. Pvt Ltd.,Kohinoor Investment & Securities Pvt. Ltd.,14,291.5,4081.0,2025-07-21 12:08:31.304909
2025-07-21,95587,2025072105008114,NIFRA,Dipshikha Dhitopatra Karobar Co. Pvt Ltd.,Online Securities Pvt. Ltd.,300,291.5,87450.0,2025-07-21 12:08:31.305264
2025-07-21,95481,2025072105008146,NIFRA,Dipshikha Dhitopatra Karobar Co. Pvt Ltd.,Opal Securities Investment (PVT) Ltd.,18,291.5,5247.0,2025-07-21 12:08:49.929395
2025-07-21,95413,2025072105008162,NIFRA,Dipshikha Dhitopatra Karobar Co. Pvt Ltd.,Aryatara Investment & Securities,64,291.5,18656.0,2025-07-21 12:09:00.406570
2025-07-21,95338,2025072105008179,NIFRA,Dipshikha Dhitopatra Karobar Co. Pvt Ltd.,MILKY WAY SHARE BROKER COMPANY LTD ,500,291.5,145750.0,2025-07-21 12:09:09.408100
2025-07-21,95302,2025072105008197,NIFRA,Dipshikha Dhitopatra Karobar Co. Pvt Ltd.,Malla & Malla Stock Broking Company Pvt. Limited,104,291.5,30316.0,2025-07-21 12:09:14.608015
2025-07-21,95301,2025072105008198,NIFRA,Swarna Laxmi Securities Pvt. Ltd.,Malla & Malla Stock Broking Company Pvt. Limited,1000,290.2,290200.0,2025-07-21 12:09:14.608784
2025-07-21,95300,2025072105008199,NIFRA,Malla & Malla Stock Broking Company Pvt. Limited,Malla & Malla Stock Broking Company Pvt. Limited,96,290.2,27859.2,2025-07-21 12:09:14.609408
2025-07-21,95133,2025072105008230,NIFRA,Kumari Securities Private Limited,Cristal Kanchanjanga Securites Pvt. Ltd.,1000,291.6,291600.0,2025-07-21 12:09:34.993017
2025-07-21,94539,2025072105008393,NIFRA,Dipshikha Dhitopatra Karobar Co. Pvt Ltd.,Sajilo Broker Limited,54,291.6,15746.4,2025-07-21 12:10:58.500699
2025-07-21,94538,2025072105008394,NIFRA,Dipshikha Dhitopatra Karobar Co. Pvt Ltd.,Online Securities Pvt. Ltd.,300,291.7,87510.0,2025-07-21 12:10:58.501082
2025-07-21,94537,2025072105008395,NIFRA,Dipshikha Dhitopatra Karobar Co. Pvt Ltd.,Online Securities Pvt. Ltd.,346,291.7,100928.2,2025-07-21 12:10:58.501219
2025-07-21,94481,2025072105008399,NIFRA,Imperial Securities Company Pvt. Ltd.,Sri Hari Securities Pvt. Ltd.,20,291.0,5820.0,2025-07-21 12:11:02.945630
2025-07-21,94464,2025072105008415,NIFRA,Capital Max Securities Ltd,Online Securities Pvt. Ltd.,154,291.7,44921.8,2025-07-21 12:11:04.547181
2025-07-21,94427,2025072105008428,NIFRA,Dipshikha Dhitopatra Karobar Co. Pvt Ltd.,Kohinoor Investment & Securities Pvt. Ltd.,4,285.9,1143.6,2025-07-21 12:11:11.621934
2025-07-21,94402,2025072105008434,NIFRA,Capital Max Securities Ltd,Aryatara Investment & Securities,54,291.7,15751.8,2025-07-21 12:11:15.502538
2025-07-21,94301,2025072105008451,NIFRA,BHOLE GANESH SECURITIES LTD,Pragyan Securities (PVT) Ltd.,54,292.0,15768.0,2025-07-21 12:11:29.161798
2025-07-21,94300,2025072105008452,NIFRA,BHOLE GANESH SECURITIES LTD,Nabil Stock Dealer Ltd.,20,292.0,5840.0,2025-07-21 12:11:29.162177
2025-07-21,94299,2025072105008453,NIFRA,BHOLE GANESH SECURITIES LTD,ABC Securities Private Limited,64,292.0,18688.0,2025-07-21 12:11:29.162444
2025-07-21,94263,2025072105008459,NIFRA,Sri Hari Securities Pvt. Ltd.,Nepal Stock House (PVT) Ltd.,258,292.5,75465.0,2025-07-21 12:11:35.521369
2025-07-21,94048,2025072105008520,NIFRA,Cristal Kanchanjanga Securites Pvt. Ltd.,Naasa Securities Co. Ltd.,54,293.0,15822.0,2025-07-21 12:11:54.206630
2025-07-21,94047,2025072105008521,NIFRA,Cristal Kanchanjanga Securites Pvt. Ltd.,Trisul Securities & Invt. Ltd.,37,293.0,10841.0,2025-07-21 12:11:54.206960
2025-07-21,94046,2025072105008522,NIFRA,Cristal Kanchanjanga Securites Pvt. Ltd.,Online Securities Pvt. Ltd.,29,293.0,8497.0,2025-07-21 12:11:54.207101
2025-07-21,93822,2025072105008553,NIFRA,Premier Securities Company Ltd.,Kohinoor Investment & Securities Pvt. Ltd.,54,293.0,15822.0,2025-07-21 12:12:23.510431
2025-07-21,93821,2025072105008554,NIFRA,Premier Securities Company Ltd.,Sri Hari Securities Pvt. Ltd.,146,293.9,42909.4,2025-07-21 12:12:23.510753
2025-07-21,93761,2025072105008558,NIFRA,Sri Hari Securities Pvt. Ltd.,Vision Securities Pvt. Ltd,54,292.5,15795.0,2025-07-21 12:12:28.272750
2025-07-21,93736,2025072105008560,NIFRA,Sri Hari Securities Pvt. Ltd.,Sri Hari Securities Pvt. Ltd.,254,293.9,74650.6,2025-07-21 12:12:32.335352
2025-07-21,93735,2025072105008561,NIFRA,Sri Hari Securities Pvt. Ltd.,Sri Hari Securities Pvt. Ltd.,146,293.9,42909.4,2025-07-21 12:12:32.335988
2025-07-21,93707,2025072105008565,NIFRA,Kalika Securities Pvt. Ltd.,Sri Hari Securities Pvt. Ltd.,70,293.9,20573.0,2025-07-21 12:12:37.666099
2025-07-21,93542,2025072105008618,NIFRA,Sri Hari Securities Pvt. Ltd.,Naasa Securities Co. Ltd.,10,292.5,2925.0,2025-07-21 12:12:57.707993
2025-07-21,92899,2025072105008718,NIFRA,Sri Hari Securities Pvt. Ltd.,Investment Management Nepal Pvt. Ltd.,54,292.5,15795.0,2025-07-21 12:14:27.404135
2025-07-21,92749,2025072105008742,NIFRA,Sri Hari Securities Pvt. Ltd.,Imperial Securities Company Pvt. Ltd.,103,292.5,30127.5,2025-07-21 12:14:49.110897
2025-07-21,92673,2025072105008753,NIFRA,Linch Stock Market Ltd.,Sri Hari Securities Pvt. Ltd.,20,293.0,5860.0,2025-07-21 12:15:00.612127
2025-07-21,92495,2025072105008792,NIFRA,Neev Securities Pvt. Ltd.,Imperial Securities Company Pvt. Ltd.,8,289.0,2312.0,2025-07-21 12:15:19.577014
2025-07-21,92414,2025072105008806,NIFRA,Sri Hari Securities Pvt. Ltd.,Deevyaa Securities & Stock House Pvt. Ltd,21,292.5,6142.5,2025-07-21 12:15:29.420380
2025-07-21,92401,2025072105008808,NIFRA,Neev Securities Pvt. Ltd.,Primo Securities (PVT) Ltd.,8,289.0,2312.0,2025-07-21 12:15:32.682333
2025-07-21,92272,2025072105008843,NIFRA,Online Securities Pvt. Ltd.,Sri Hari Securities Pvt. Ltd.,764,293.0,223852.0,2025-07-21 12:15:49.740115
2025-07-21,92267,2025072105008844,NIFRA,Neev Securities Pvt. Ltd.,Naasa Securities Co. Ltd.,4,289.0,1156.0,2025-07-21 12:15:50.840982
2025-07-21,92205,2025072105008851,NIFRA,Online Securities Pvt. Ltd.,Naasa Securities Co. Ltd.,20,293.0,5860.0,2025-07-21 12:15:58.025736
2025-07-21,92167,2025072105008857,NIFRA,Neev Securities Pvt. Ltd.,Sani Securities Company Ltd.,4,289.0,1156.0,2025-07-21 12:16:00.935743
2025-07-21,92164,2025072105008858,NIFRA,Deevyaa Securities & Stock House Pvt. Ltd,Naasa Securities Co. Ltd.,10,293.1,2931.0,2025-07-21 12:16:02.592971
2025-07-21,92163,2025072105008859,NIFRA,Deevyaa Securities & Stock House Pvt. Ltd,MILKY WAY SHARE BROKER COMPANY LTD ,190,293.1,55689.0,2025-07-21 12:16:02.593672
2025-07-21,92087,2025072105008871,NIFRA,Dakshinkali Investment & Securities Pvt. Ltd.,MILKY WAY SHARE BROKER COMPANY LTD ,1580,293.1,463098.0,2025-07-21 12:16:15.410617
2025-07-21,92086,2025072105008872,NIFRA,Dakshinkali Investment & Securities Pvt. Ltd.,Pragyan Securities (PVT) Ltd.,100,293.7,29370.0,2025-07-21 12:16:15.411015
2025-07-21,92085,2025072105008873,NIFRA,Dakshinkali Investment & Securities Pvt. Ltd.,SHUBHAKAMANA SECURITIES PVT. LTD,100,293.8,29380.0,2025-07-21 12:16:15.411170
2025-07-21,92084,2025072105008874,NIFRA,Dakshinkali Investment & Securities Pvt. Ltd.,Opal Securities Investment (PVT) Ltd.,75,293.8,22035.0,2025-07-21 12:16:15.411327
2025-07-21,92083,2025072105008875,NIFRA,Dakshinkali Investment & Securities Pvt. Ltd.,MILKY WAY SHARE BROKER COMPANY LTD ,500,293.9,146950.0,2025-07-21 12:16:15.411476
2025-07-21,92082,2025072105008876,NIFRA,Dakshinkali Investment & Securities Pvt. Ltd.,Sumeru Securities Pvt. Ltd.,4500,293.9,1322550.0,2025-07-21 12:16:15.411665
2025-07-21,92081,2025072105008877,NIFRA,Dakshinkali Investment & Securities Pvt. Ltd.,Naasa Securities Co. Ltd.,142,294.0,41748.0,2025-07-21 12:16:15.411838
2025-07-21,92080,2025072105008878,NIFRA,Dakshinkali Investment & Securities Pvt. Ltd.,Nepal Investment And Securities Trading Private Limited,10,294.0,2940.0,2025-07-21 12:16:15.412014
2025-07-21,92079,2025072105008879,NIFRA,Dakshinkali Investment & Securities Pvt. Ltd.,Kohinoor Investment & Securities Pvt. Ltd.,800,294.0,235200.0,2025-07-21 12:16:15.412217
2025-07-21,92078,2025072105008880,NIFRA,Dakshinkali Investment & Securities Pvt. Ltd.,Oxford Securities Pvt. Ltd.,620,294.0,182280.0,2025-07-21 12:16:15.412391
2025-07-21,92077,2025072105008881,NIFRA,Dakshinkali Investment & Securities Pvt. Ltd.,Oxford Securities Pvt. Ltd.,1500,294.0,441000.0,2025-07-21 12:16:15.412669
2025-07-21,92076,2025072105008882,NIFRA,Dakshinkali Investment & Securities Pvt. Ltd.,Trishakti Securities Public Limited,2000,294.0,588000.0,2025-07-21 12:16:15.412837
2025-07-21,92075,2025072105008883,NIFRA,Dakshinkali Investment & Securities Pvt. Ltd.,Sani Securities Company Ltd.,73,294.0,21462.0,2025-07-21 12:16:15.412985
2025-07-21,92037,2025072105008891,NIFRA,Online Securities Pvt. Ltd.,Deevyaa Securities & Stock House Pvt. Ltd,216,293.0,63288.0,2025-07-21 12:16:18.664775
2025-07-21,91902,2025072105008911,NIFRA,Dipshikha Dhitopatra Karobar Co. Pvt Ltd.,South Asian Bulls Pvt. Ltd.,54,292.1,15773.4,2025-07-21 12:16:38.298749
2025-07-21,91189,2025072105008975,NIFRA,Kohinoor Investment & Securities Pvt. Ltd.,Secured Securities Ltd.,64,292.2,18700.8,2025-07-21 12:18:01.960614
2025-07-21,91118,2025072105008993,NIFRA,Market Securities & Exchange (PVT) Ltd.,Aryatara Investment & Securities,100,293.0,29300.0,2025-07-21 12:18:14.497790
2025-07-21,90861,2025072105009038,NIFRA,Naasa Securities Co. Ltd.,Kohinoor Investment & Securities Pvt. Ltd.,45,293.0,13185.0,2025-07-21 12:18:46.174645
2025-07-21,90860,2025072105009039,NIFRA,Naasa Securities Co. Ltd.,Naasa Securities Co. Ltd.,10,293.0,2930.0,2025-07-21 12:18:46.175188
2025-07-21,90715,2025072105009077,NIFRA,Kohinoor Investment & Securities Pvt. Ltd.,Investment Management Nepal Pvt. Ltd.,54,292.2,15778.8,2025-07-21 12:19:14.293080
2025-07-21,90308,2025072105009173,NIFRA,Kohinoor Investment & Securities Pvt. Ltd.,Nepal Investment And Securities Trading Private Limited,82,292.2,23960.4,2025-07-21 12:20:18.039916
2025-07-21,90307,2025072105009174,NIFRA,Dipshikha Dhitopatra Karobar Co. Pvt Ltd.,Nepal Investment And Securities Trading Private Limited,56,292.1,16357.6,2025-07-21 12:20:18.040303
2025-07-21,90147,2025072105009209,NIFRA,Dipshikha Dhitopatra Karobar Co. Pvt Ltd.,Siprabi Securities Pvt. Ltd.,40,292.1,11684.0,2025-07-21 12:20:45.942892
2025-07-21,90094,2025072105009218,NIFRA,Dipshikha Dhitopatra Karobar Co. Pvt Ltd.,Agrawal Securities (PVT) Ltd.,10,292.1,2921.0,2025-07-21 12:20:53.694672
2025-07-21,89877,2025072105009277,NIFRA,Arun Securities (PVT) Ltd.,Naasa Securities Co. Ltd.,44,293.0,12892.0,2025-07-21 12:21:27.380803
2025-07-21,89876,2025072105009278,NIFRA,Arun Securities (PVT) Ltd.,Midas Stock Broking Company Private Limited,54,293.0,15822.0,2025-07-21 12:21:27.381214
2025-07-21,89781,2025072105009295,NIFRA,Primo Securities (PVT) Ltd.,Kohinoor Investment & Securities Pvt. Ltd.,50,294.0,14700.0,2025-07-21 12:21:42.627821
2025-07-21,89639,2025072105009312,NIFRA,Arun Securities (PVT) Ltd.,Dakshinkali Investment & Securities Pvt. Ltd.,44,293.0,12892.0,2025-07-21 12:22:05.131222
2025-07-21,89638,2025072105009313,NIFRA,Arun Securities (PVT) Ltd.,Siprabi Securities Pvt. Ltd.,8,293.0,2344.0,2025-07-21 12:22:05.131400
2025-07-21,89535,2025072105009334,NIFRA,Linch Stock Market Ltd.,Dakshinkali Investment & Securities Pvt. Ltd.,10,293.0,2930.0,2025-07-21 12:22:23.254942
2025-07-21,89492,2025072105009339,NIFRA,Linch Stock Market Ltd.,Investment Management Nepal Pvt. Ltd.,54,293.0,15822.0,2025-07-21 12:22:30.238595
2025-07-21,89491,2025072105009340,NIFRA,Linch Stock Market Ltd.,Midas Stock Broking Company Private Limited,10,293.0,2930.0,2025-07-21 12:22:30.421928
2025-07-21,89488,2025072105009341,NIFRA,Linch Stock Market Ltd.,Pragyan Securities (PVT) Ltd.,26,293.0,7618.0,2025-07-21 12:22:30.869861
2025-07-21,89199,2025072105009401,NIFRA,BHOLE GANESH SECURITIES LTD,Pragyan Securities (PVT) Ltd.,24,293.0,7032.0,2025-07-21 12:23:13.990484
2025-07-21,89137,2025072105009434,NIFRA,BHOLE GANESH SECURITIES LTD,Naasa Securities Co. Ltd.,300,293.0,87900.0,2025-07-21 12:23:23.127013
2025-07-21,88745,2025072105009526,NIFRA,BHOLE GANESH SECURITIES LTD,Midas Stock Broking Company Private Limited,54,293.0,15822.0,2025-07-21 12:24:20.033343
2025-07-21,88742,2025072105009528,NIFRA,Imperial Securities Company Pvt. Ltd.,Kohinoor Investment & Securities Pvt. Ltd.,14,294.0,4116.0,2025-07-21 12:24:20.399560
2025-07-21,88741,2025072105009529,NIFRA,Imperial Securities Company Pvt. Ltd.,Dipshikha Dhitopatra Karobar Co. Pvt Ltd.,186,294.0,54684.0,2025-07-21 12:24:20.399933
2025-07-21,88545,2025072105009569,NIFRA,BHOLE GANESH SECURITIES LTD,Neev Securities Pvt. Ltd.,38,293.0,11134.0,2025-07-21 12:24:51.506501
2025-07-21,88449,2025072105009589,NIFRA,BHOLE GANESH SECURITIES LTD,Nepal Stock House (PVT) Ltd.,89,293.0,26077.0,2025-07-21 12:25:04.143966
2025-07-21,88334,2025072105009606,NIFRA,BHOLE GANESH SECURITIES LTD,Investment Management Nepal Pvt. Ltd.,54,293.0,15822.0,2025-07-21 12:25:22.938161
2025-07-21,88054,2025072105009676,NIFRA,BHOLE GANESH SECURITIES LTD,Secured Securities Ltd.,441,293.0,129213.0,2025-07-21 12:26:06.295722
2025-07-21,88053,2025072105009677,NIFRA,Agrawal Securities (PVT) Ltd.,Secured Securities Ltd.,54,293.0,15822.0,2025-07-21 12:26:06.296112
2025-07-21,87062,2025072105009814,NIFRA,Dipshikha Dhitopatra Karobar Co. Pvt Ltd.,Oxford Securities Pvt. Ltd.,40,292.1,11684.0,2025-07-21 12:28:33.075550
2025-07-21,87061,2025072105009815,NIFRA,Siprabi Securities Pvt. Ltd.,Oxford Securities Pvt. Ltd.,16,292.1,4673.6,2025-07-21 12:28:33.075970
2025-07-21,86972,2025072105009829,NIFRA,BHOLE GANESH SECURITIES LTD,Linch Stock Market Ltd.,14,292.0,4088.0,2025-07-21 12:28:43.421219
2025-07-21,86964,2025072105009836,NIFRA,BHOLE GANESH SECURITIES LTD,Secured Securities Ltd.,848,292.0,247616.0,2025-07-21 12:28:44.340219
2025-07-21,86963,2025072105009837,NIFRA,Agrawal Securities (PVT) Ltd.,Secured Securities Ltd.,1000,292.0,292000.0,2025-07-21 12:28:44.340630
2025-07-21,86962,2025072105009838,NIFRA,Primo Securities (PVT) Ltd.,Secured Securities Ltd.,400,292.0,116800.0,2025-07-21 12:28:44.340846
2025-07-21,86961,2025072105009839,NIFRA,Malla & Malla Stock Broking Company Pvt. Limited,Secured Securities Ltd.,100,292.0,29200.0,2025-07-21 12:28:44.341051
2025-07-21,86960,2025072105009840,NIFRA,Investment Management Nepal Pvt. Ltd.,Secured Securities Ltd.,50,292.0,14600.0,2025-07-21 12:28:44.341239
2025-07-21,86959,2025072105009841,NIFRA,Linch Stock Market Ltd.,Secured Securities Ltd.,600,292.0,175200.0,2025-07-21 12:28:44.341438
2025-07-21,86874,2025072105009853,NIFRA,Midas Stock Broking Company Private Limited,Secured Securities Ltd.,70,292.0,20440.0,2025-07-21 12:29:00.413695
2025-07-21,86873,2025072105009854,NIFRA,Midas Stock Broking Company Private Limited,Oxford Securities Pvt. Ltd.,30,292.0,8760.0,2025-07-21 12:29:00.414535
2025-07-21,86777,2025072105009870,NIFRA,Deevyaa Securities & Stock House Pvt. Ltd,Oxford Securities Pvt. Ltd.,20,292.0,5840.0,2025-07-21 12:29:16.230188
2025-07-21,86534,2025072105009924,NIFRA,Oxford Securities Pvt. Ltd.,Oxford Securities Pvt. Ltd.,54,291.9,15762.6,2025-07-21 12:29:45.743375
2025-07-21,86494,2025072105009931,NIFRA,Oxford Securities Pvt. Ltd.,Sewa Securities Pvt. Ltd.,11,291.9,3210.9,2025-07-21 12:29:53.958522
2025-07-21,86493,2025072105009932,NIFRA,ABC Securities Private Limited,Sewa Securities Pvt. Ltd.,10,291.5,2915.0,2025-07-21 12:29:53.958965
2025-07-21,86492,2025072105009933,NIFRA,Imperial Securities Company Pvt. Ltd.,Sewa Securities Pvt. Ltd.,120,291.0,34920.0,2025-07-21 12:29:53.959155
2025-07-21,86491,2025072105009934,NIFRA,Dakshinkali Investment & Securities Pvt. Ltd.,Sewa Securities Pvt. Ltd.,379,291.0,110289.0,2025-07-21 12:29:53.959343
2025-07-21,86411,2025072105009939,NIFRA,Dakshinkali Investment & Securities Pvt. Ltd.,Midas Stock Broking Company Private Limited,54,291.0,15714.0,2025-07-21 12:30:04.720910
2025-07-21,86373,2025072105009947,NIFRA,Dipshikha Dhitopatra Karobar Co. Pvt Ltd.,Oxford Securities Pvt. Ltd.,100,292.0,29200.0,2025-07-21 12:30:07.214950
2025-07-21,86301,2025072105009961,NIFRA,Dakshinkali Investment & Securities Pvt. Ltd.,Dipshikha Dhitopatra Karobar Co. Pvt Ltd.,54,291.0,15714.0,2025-07-21 12:30:16.364108
2025-07-21,86237,2025072105009970,NIFRA,Dakshinkali Investment & Securities Pvt. Ltd.,Linch Stock Market Ltd.,50,291.0,14550.0,2025-07-21 12:30:20.339428
2025-07-21,86120,2025072105009990,NIFRA,J.F. Securites (PVT) Ltd.,Creative Securities Pvt Ltd,122,291.5,35563.0,2025-07-21 12:30:36.913764
2025-07-21,86092,2025072105009991,NIFRA,Cristal Kanchanjanga Securites Pvt. Ltd.,Nepal Stock House (PVT) Ltd.,30,292.0,8760.0,2025-07-21 12:30:42.114396
2025-07-21,85836,2025072105010038,NIFRA,Aryatara Investment & Securities,Deevyaa Securities & Stock House Pvt. Ltd,64,291.1,18630.4,2025-07-21 12:31:12.269263
2025-07-21,85686,2025072105010065,NIFRA,Thrive Brokerage House Pvt. Ltd,Kohinoor Investment & Securities Pvt. Ltd.,54,291.2,15724.8,2025-07-21 12:31:31.124962
2025-07-21,85561,2025072105010078,NIFRA,Market Securities & Exchange (PVT) Ltd.,Nepal Stock House (PVT) Ltd.,34,292.0,9928.0,2025-07-21 12:31:44.248793
2025-07-21,85560,2025072105010079,NIFRA,Market Securities & Exchange (PVT) Ltd.,Imperial Securities Company Pvt. Ltd.,66,292.0,19272.0,2025-07-21 12:31:44.249233
2025-07-21,85525,2025072105010084,NIFRA,Thrive Brokerage House Pvt. Ltd,KALASH STOCK MARKET PVT. LTD.,200,291.2,58240.0,2025-07-21 12:31:47.893388
2025-07-21,85444,2025072105010093,NIFRA,Thrive Brokerage House Pvt. Ltd,Thrive Brokerage House Pvt. Ltd,746,291.2,217235.2,2025-07-21 12:31:56.773960
2025-07-21,85443,2025072105010094,NIFRA,Aryatara Investment & Securities,Thrive Brokerage House Pvt. Ltd,254,291.1,73939.4,2025-07-21 12:31:56.774025
2025-07-21,85249,2025072105010126,NIFRA,Aryatara Investment & Securities,Thrive Brokerage House Pvt. Ltd,682,291.1,198530.2,2025-07-21 12:32:21.905765
2025-07-21,85248,2025072105010127,NIFRA,J.F. Securites (PVT) Ltd.,Thrive Brokerage House Pvt. Ltd,28,291.1,8150.8,2025-07-21 12:32:21.905864
2025-07-21,85247,2025072105010128,NIFRA,Dakshinkali Investment & Securities Pvt. Ltd.,Thrive Brokerage House Pvt. Ltd,290,291.0,84390.0,2025-07-21 12:32:21.905931
2025-07-21,85149,2025072105010137,NIFRA,Dakshinkali Investment & Securities Pvt. Ltd.,Shree Krishna Securities Ltd.,54,291.0,15714.0,2025-07-21 12:32:33.895827
2025-07-21,85069,2025072105010149,NIFRA,Dakshinkali Investment & Securities Pvt. Ltd.,Primo Securities (PVT) Ltd.,54,291.0,15714.0,2025-07-21 12:32:42.454367
2025-07-21,84620,2025072105010218,NIFRA,Agrawal Securities (PVT) Ltd.,Agrawal Securities (PVT) Ltd.,54,291.1,15719.4,2025-07-21 12:33:39.465797
2025-07-21,83856,2025072105010333,NIFRA,Dakshinkali Investment & Securities Pvt. Ltd.,Linch Stock Market Ltd.,54,291.0,15714.0,2025-07-21 12:35:11.157898
2025-07-21,83799,2025072105010341,NIFRA,Dakshinkali Investment & Securities Pvt. Ltd.,Sri Hari Securities Pvt. Ltd.,8957,291.0,2606487.0,2025-07-21 12:35:16.295181
2025-07-21,83798,2025072105010342,NIFRA,Sani Securities Company Ltd.,Sri Hari Securities Pvt. Ltd.,43,291.0,12513.0,2025-07-21 12:35:16.296001
2025-07-21,83660,2025072105010364,NIFRA,Sundhara Securities Limited,Naasa Securities Co. Ltd.,6,291.0,1746.0,2025-07-21 12:35:31.855586
2025-07-21,83658,2025072105010365,NIFRA,Sani Securities Company Ltd.,Oxford Securities Pvt. Ltd.,294,291.0,85554.0,2025-07-21 12:35:32.478965
2025-07-21,83063,2025072105010450,NIFRA,Sani Securities Company Ltd.,Naasa Securities Co. Ltd.,64,291.0,18624.0,2025-07-21 12:36:37.236689
2025-07-21,83059,2025072105010453,NIFRA,Sani Securities Company Ltd.,Dipshikha Dhitopatra Karobar Co. Pvt Ltd.,139,291.0,40449.0,2025-07-21 12:36:37.900772
2025-07-21,83058,2025072105010454,NIFRA,Malla & Malla Stock Broking Company Pvt. Limited,Dipshikha Dhitopatra Karobar Co. Pvt Ltd.,100,291.0,29100.0,2025-07-21 12:36:37.901208
2025-07-21,83057,2025072105010455,NIFRA,Aryatara Investment & Securities,Dipshikha Dhitopatra Karobar Co. Pvt Ltd.,20,291.0,5820.0,2025-07-21 12:36:37.901408
2025-07-21,83037,2025072105010457,NIFRA,Sajilo Broker Limited,Online Securities Pvt. Ltd.,50,290.6,14530.0,2025-07-21 12:36:41.246537
2025-07-21,82974,2025072105010466,NIFRA,Kumari Securities Private Limited,Dipshikha Dhitopatra Karobar Co. Pvt Ltd.,41,291.0,11931.0,2025-07-21 12:36:49.071010
2025-07-21,82973,2025072105010467,NIFRA,Kumari Securities Private Limited,Asian Securities Private Ltd.,59,291.0,17169.0,2025-07-21 12:36:49.071466
2025-07-21,82708,2025072105010521,NIFRA,Trisul Securities & Invt. Ltd.,Siprabi Securities Pvt. Ltd.,38,291.0,11058.0,2025-07-21 12:37:19.774435
2025-07-21,82521,2025072105010549,NIFRA,Trisul Securities & Invt. Ltd.,Kalika Securities Pvt. Ltd.,54,291.0,15714.0,2025-07-21 12:37:42.248777
2025-07-21,82520,2025072105010550,NIFRA,Trisul Securities & Invt. Ltd.,Online Securities Pvt. Ltd.,8,291.0,2328.0,2025-07-21 12:37:42.248921
2025-07-21,82384,2025072105010561,NIFRA,Sajilo Broker Limited,Secured Securities Ltd.,54,290.6,15692.4,2025-07-21 12:37:52.373805
2025-07-21,82233,2025072105010594,NIFRA,Oxford Securities Pvt. Ltd.,Dipshikha Dhitopatra Karobar Co. Pvt Ltd.,200,291.0,58200.0,2025-07-21 12:38:10.610350
2025-07-21,82232,2025072105010595,NIFRA,Oxford Securities Pvt. Ltd.,Imperial Securities Company Pvt. Ltd.,14,291.2,4076.8,2025-07-21 12:38:10.610777
2025-07-21,82231,2025072105010596,NIFRA,Oxford Securities Pvt. Ltd.,Imperial Securities Company Pvt. Ltd.,56,292.0,16352.0,2025-07-21 12:38:10.610967
2025-07-21,82147,2025072105010616,NIFRA,Sajilo Broker Limited,KALASH STOCK MARKET PVT. LTD.,396,290.6,115077.6,2025-07-21 12:38:18.298257
2025-07-21,82146,2025072105010617,NIFRA,Oxford Securities Pvt. Ltd.,KALASH STOCK MARKET PVT. LTD.,50,290.6,14530.0,2025-07-21 12:38:18.298874
2025-07-21,82145,2025072105010618,NIFRA,Cristal Kanchanjanga Securites Pvt. Ltd.,KALASH STOCK MARKET PVT. LTD.,10,290.3,2903.0,2025-07-21 12:38:18.299208
2025-07-21,82144,2025072105010619,NIFRA,Malla & Malla Stock Broking Company Pvt. Limited,KALASH STOCK MARKET PVT. LTD.,104,290.2,30180.8,2025-07-21 12:38:18.299583
2025-07-21,82143,2025072105010620,NIFRA,Capital Max Securities Ltd,KALASH STOCK MARKET PVT. LTD.,2558,290.2,742331.6,2025-07-21 12:38:18.299934
2025-07-21,82081,2025072105010625,NIFRA,Capital Max Securities Ltd,Primo Securities (PVT) Ltd.,54,290.2,15670.8,2025-07-21 12:38:27.480239
2025-07-21,82022,2025072105010634,NIFRA,Capital Max Securities Ltd,Dipshikha Dhitopatra Karobar Co. Pvt Ltd.,54,290.2,15670.8,2025-07-21 12:38:34.093787
2025-07-21,81905,2025072105010654,NIFRA,Capital Max Securities Ltd,Magnet Securities and Investment Company Private Limited,300,290.2,87060.0,2025-07-21 12:38:44.928947
2025-07-21,81656,2025072105010716,NIFRA,Capital Max Securities Ltd,Deevyaa Securities & Stock House Pvt. Ltd,54,290.2,15670.8,2025-07-21 12:39:10.841273
2025-07-21,81618,2025072105010718,NIFRA,Capital Max Securities Ltd,Secured Securities Ltd.,11,290.2,3192.2,2025-07-21 12:39:15.476586
2025-07-21,81301,2025072105010758,NIFRA,Aryatara Investment & Securities,Secured Securities Ltd.,40,291.0,11640.0,2025-07-21 12:39:45.628263
2025-07-21,81300,2025072105010759,NIFRA,Capital Max Securities Ltd,Secured Securities Ltd.,5960,290.2,1729592.0,2025-07-21 12:39:45.628722
2025-07-21,81215,2025072105010783,NIFRA,Siprabi Securities Pvt. Ltd.,Linch Stock Market Ltd.,14,290.1,4061.4,2025-07-21 12:39:57.574431
2025-07-21,81184,2025072105010785,NIFRA,Neev Securities Pvt. Ltd.,Linch Stock Market Ltd.,4,286.0,1144.0,2025-07-21 12:40:00.621414
2025-07-21,80794,2025072105010828,NIFRA,Dynamic Money Managers Securities Pvt. Ltd.,Online Securities Pvt. Ltd.,54,290.2,15670.8,2025-07-21 12:40:34.363034
2025-07-21,80739,2025072105010836,NIFRA,Dynamic Money Managers Securities Pvt. Ltd.,Secured Securities Ltd.,946,290.2,274529.2,2025-07-21 12:40:38.592934
2025-07-21,80738,2025072105010837,NIFRA,Capital Max Securities Ltd,Secured Securities Ltd.,257,290.2,74581.4,2025-07-21 12:40:38.593360
2025-07-21,80674,2025072105010853,NIFRA,Capital Max Securities Ltd,Linch Stock Market Ltd.,50,290.2,14510.0,2025-07-21 12:40:42.952014
2025-07-21,80185,2025072105010925,NIFRA,Capital Max Securities Ltd,Siprabi Securities Pvt. Ltd.,64,290.2,18572.8,2025-07-21 12:41:26.781017
2025-07-21,79740,2025072105010986,NIFRA,Capital Max Securities Ltd,Investment Management Nepal Pvt. Ltd.,29,290.2,8415.8,2025-07-21 12:42:09.485755
2025-07-21,79739,2025072105010987,NIFRA,Siprabi Securities Pvt. Ltd.,Investment Management Nepal Pvt. Ltd.,35,290.1,10153.5,2025-07-21 12:42:09.486220
2025-07-21,79720,2025072105010998,NIFRA,Market Securities & Exchange (PVT) Ltd.,Vision Securities Pvt. Ltd,50,291.0,14550.0,2025-07-21 12:42:10.603095
2025-07-21,79719,2025072105010999,NIFRA,Market Securities & Exchange (PVT) Ltd.,Cristal Kanchanjanga Securites Pvt. Ltd.,950,291.0,276450.0,2025-07-21 12:42:10.603820
2025-07-21,79630,2025072105011021,NIFRA,Dakshinkali Investment & Securities Pvt. Ltd.,Vision Securities Pvt. Ltd,54,290.1,15665.4,2025-07-21 12:42:17.238890
2025-07-21,79472,2025072105011049,NIFRA,Market Securities & Exchange (PVT) Ltd.,Cristal Kanchanjanga Securites Pvt. Ltd.,50,291.0,14550.0,2025-07-21 12:42:30.702445
2025-07-21,79471,2025072105011050,NIFRA,Market Securities & Exchange (PVT) Ltd.,Stoxkarts Securities Limited,50,291.0,14550.0,2025-07-21 12:42:30.702910
2025-07-21,79240,2025072105011089,NIFRA,Cristal Kanchanjanga Securites Pvt. Ltd.,Linch Stock Market Ltd.,20,290.6,5812.0,2025-07-21 12:42:51.289026
2025-07-21,79123,2025072105011119,NIFRA,Dakshinkali Investment & Securities Pvt. Ltd.,Vision Securities Pvt. Ltd,46,290.1,13344.6,2025-07-21 12:43:05.022955
2025-07-21,79122,2025072105011120,NIFRA,Naasa Securities Co. Ltd.,Vision Securities Pvt. Ltd,280,290.1,81228.0,2025-07-21 12:43:05.023382
2025-07-21,79121,2025072105011121,NIFRA,Naasa Securities Co. Ltd.,Vision Securities Pvt. Ltd,403,290.0,116870.0,2025-07-21 12:43:05.023587
2025-07-21,78959,2025072105011156,NIFRA,Naasa Securities Co. Ltd.,Investment Management Nepal Pvt. Ltd.,10,290.0,2900.0,2025-07-21 12:43:23.154618
2025-07-21,78644,2025072105011219,NIFRA,Naasa Securities Co. Ltd.,Aryatara Investment & Securities,87,290.0,25230.0,2025-07-21 12:43:59.549386
2025-07-21,78643,2025072105011220,NIFRA,Dipshikha Dhitopatra Karobar Co. Pvt Ltd.,Aryatara Investment & Securities,200,290.0,58000.0,2025-07-21 12:43:59.549858
2025-07-21,78642,2025072105011221,NIFRA,Agrawal Securities (PVT) Ltd.,Aryatara Investment & Securities,80,290.0,23200.0,2025-07-21 12:43:59.550051
2025-07-21,78641,2025072105011222,NIFRA,Citizens Share Broker Limited,Aryatara Investment & Securities,100,290.0,29000.0,2025-07-21 12:43:59.550246
2025-07-21,78640,2025072105011223,NIFRA,Imperial Securities Company Pvt. Ltd.,Aryatara Investment & Securities,20,290.0,5800.0,2025-07-21 12:43:59.550443
2025-07-21,78639,2025072105011224,NIFRA,Malla & Malla Stock Broking Company Pvt. Limited,Aryatara Investment & Securities,100,290.0,29000.0,2025-07-21 12:43:59.550654
2025-07-21,78638,2025072105011225,NIFRA,Siprabi Securities Pvt. Ltd.,Aryatara Investment & Securities,232,290.0,67280.0,2025-07-21 12:43:59.550849
2025-07-21,78637,2025072105011226,NIFRA,Cristal Kanchanjanga Securites Pvt. Ltd.,Aryatara Investment & Securities,181,290.0,52490.0,2025-07-21 12:43:59.551052
2025-07-21,78610,2025072105011233,NIFRA,Cristal Kanchanjanga Securites Pvt. Ltd.,Midas Stock Broking Company Private Limited,19,290.0,5510.0,2025-07-21 12:44:04.327068
2025-07-21,78609,2025072105011234,NIFRA,Kohinoor Investment & Securities Pvt. Ltd.,Midas Stock Broking Company Private Limited,15,290.0,4350.0,2025-07-21 12:44:04.327513
2025-07-21,78608,2025072105011235,NIFRA,Kumari Securities Private Limited,Midas Stock Broking Company Private Limited,16,290.0,4640.0,2025-07-21 12:44:04.327712
2025-07-21,78523,2025072105011241,NIFRA,Kumari Securities Private Limited,Investment Management Nepal Pvt. Ltd.,64,290.0,18560.0,2025-07-21 12:44:12.665740
