contractId,stockSymbol,buyerMemberId,sellerMemberId,quantity,rate,amount,businessDate,tradeBookId,stockId,buyerBrokerName,sellerBrokerName,transaction_time,securityName
2026042304000372,BPCL,99,101,200,698.0,139600.0,2026-04-23,187622547,153,Prabhu Stock Market Limited,APPLE SECURITIES PRIVATE LIMITED,2026-04-23 11:07:47.109959,Butwal Power Company Limited
2026042304000401,BPCL,47,101,717,697.0,499749.0,2026-04-23,187622935,153,Neev Securities Pvt. Ltd.,APPLE SECURITIES PRIVATE LIMITED,2026-04-23 11:08:10.893599,Butwal Power Company Limited
2026042304000819,BPCL,45,53,15,685.0,10275.0,2026-04-23,187631085,153,Imperial Securities Company Pvt. Ltd.,Investment Management Nepal Pvt. Ltd.,2026-04-23 11:16:29.188061,Butwal Power Company Limited
2026042304001095,BPCL,45,14,10,685.0,6850.0,2026-04-23,187637811,153,Imperial Securities Company Pvt. Ltd.,Nepal Stock House (PVT) Ltd.,2026-04-23 11:21:58.305776,Butwal Power Company Limited
2026042304001301,BPCL,6,34,50,690.0,34500.0,2026-04-23,187641435,153,Agrawal Securities (PVT) Ltd.,Vision Securities Pvt. Ltd,2026-04-23 11:25:14.537915,Butwal Power Company Limited
2026042304001717,BPCL,14,1,30,690.0,20700.0,2026-04-23,187649880,153,Nepal Stock House (PVT) Ltd.,Kumari Securities Private Limited,2026-04-23 11:32:33.786423,Butwal Power Company Limited
2026042304001718,BPCL,45,1,75,685.0,51375.0,2026-04-23,187649882,153,Imperial Securities Company Pvt. Ltd.,Kumari Securities Private Limited,2026-04-23 11:32:33.786625,Butwal Power Company Limited
2026042304001719,BPCL,58,1,10,685.0,6850.0,2026-04-23,187649884,153,Naasa Securities Co. Ltd.,Kumari Securities Private Limited,2026-04-23 11:32:33.786744,Butwal Power Company Limited
2026042304001720,BPCL,57,1,70,685.0,47950.0,2026-04-23,187649886,153,Aryatara Investment & Securities,Kumari Securities Private Limited,2026-04-23 11:32:33.786867,Butwal Power Company Limited
2026042304001721,BPCL,45,1,15,685.0,10275.0,2026-04-23,187649888,153,Imperial Securities Company Pvt. Ltd.,Kumari Securities Private Limited,2026-04-23 11:32:33.786980,Butwal Power Company Limited
2026042304001722,BPCL,58,1,10,683.0,6830.0,2026-04-23,187649890,153,Naasa Securities Co. Ltd.,Kumari Securities Private Limited,2026-04-23 11:32:33.787128,Butwal Power Company Limited
2026042304001723,BPCL,11,1,20,682.0,13640.0,2026-04-23,187649892,153,Malla & Malla Stock Broking Company Pvt. Limited,Kumari Securities Private Limited,2026-04-23 11:32:33.787238,Butwal Power Company Limited
2026042304001724,BPCL,45,1,85,681.8,57953.0,2026-04-23,187649894,153,Imperial Securities Company Pvt. Ltd.,Kumari Securities Private Limited,2026-04-23 11:32:33.787378,Butwal Power Company Limited
2026042304001725,BPCL,80,1,300,681.2,204360.0,2026-04-23,187649896,153,Indira securities pvt. ltd,Kumari Securities Private Limited,2026-04-23 11:32:33.787489,Butwal Power Company Limited
2026042304001726,BPCL,34,1,20,681.1,13622.0,2026-04-23,187649897,153,Vision Securities Pvt. Ltd,Kumari Securities Private Limited,2026-04-23 11:32:33.787597,Butwal Power Company Limited
2026042304002796,BPCL,1,58,20,684.0,13680.0,2026-04-23,187667173,153,Kumari Securities Private Limited,Naasa Securities Co. Ltd.,2026-04-23 11:53:28.628005,Butwal Power Company Limited
2026042304003008,BPCL,35,58,20,685.0,13700.0,2026-04-23,187670527,153,Kohinoor Investment & Securities Pvt. Ltd.,Naasa Securities Co. Ltd.,2026-04-23 11:57:25.838457,Butwal Power Company Limited
2026042304003101,BPCL,57,41,20,690.0,13800.0,2026-04-23,187671480,153,Aryatara Investment & Securities,Linch Stock Market Ltd.,2026-04-23 11:58:31.602807,Butwal Power Company Limited
2026042304003588,BPCL,42,41,10,690.0,6900.0,2026-04-23,187679975,153,Sani Securities Company Ltd.,Linch Stock Market Ltd.,2026-04-23 12:08:33.675495,Butwal Power Company Limited
2026042304004370,BPCL,42,69,30,690.0,20700.0,2026-04-23,187692432,153,Sani Securities Company Ltd.,INDEX SECURITIES LIMITED,2026-04-23 12:27:11.109424,Butwal Power Company Limited
2026042304004371,BPCL,48,69,360,690.0,248400.0,2026-04-23,187692434,153,Trishakti Securities Public Limited,INDEX SECURITIES LIMITED,2026-04-23 12:27:11.109680,Butwal Power Company Limited
2026042304004724,BPCL,38,69,110,690.0,75900.0,2026-04-23,187697903,153,Dipshikha Dhitopatra Karobar Co. Pvt Ltd.,INDEX SECURITIES LIMITED,2026-04-23 12:36:39.619052,Butwal Power Company Limited
2026042304004991,BPCL,38,77,11411,690.0,7873590.0,2026-04-23,187700999,153,Dipshikha Dhitopatra Karobar Co. Pvt Ltd.,Nabil Stock Dealer Ltd.,2026-04-23 12:42:25.135632,Butwal Power Company Limited
2026042304005132,BPCL,64,58,20,694.0,13880.0,2026-04-23,187703329,153,SUN SECURITIES PVT LTD,Naasa Securities Co. Ltd.,2026-04-23 12:46:18.503836,Butwal Power Company Limited
2026042304005133,BPCL,64,34,100,694.0,69400.0,2026-04-23,187703331,153,SUN SECURITIES PVT LTD,Vision Securities Pvt. Ltd,2026-04-23 12:46:18.503979,Butwal Power Company Limited
2026042304005134,BPCL,64,45,85,694.8,59058.0,2026-04-23,187703333,153,SUN SECURITIES PVT LTD,Imperial Securities Company Pvt. Ltd.,2026-04-23 12:46:18.504054,Butwal Power Company Limited
2026042304005461,BPCL,51,101,182,690.0,125580.0,2026-04-23,187708840,153,Oxford Securities Pvt. Ltd.,APPLE SECURITIES PRIVATE LIMITED,2026-04-23 12:55:19.781590,Butwal Power Company Limited
2026042304005462,BPCL,34,101,70,690.0,48300.0,2026-04-23,187708841,153,Vision Securities Pvt. Ltd,APPLE SECURITIES PRIVATE LIMITED,2026-04-23 12:55:19.781730,Butwal Power Company Limited
2026042304006445,BPCL,34,52,10,694.0,6940.0,2026-04-23,187723469,153,Vision Securities Pvt. Ltd,Sundhara Securities Limited,2026-04-23 13:15:38.969815,Butwal Power Company Limited
2026042304006446,BPCL,34,38,10,695.0,6950.0,2026-04-23,187723471,153,Vision Securities Pvt. Ltd,Dipshikha Dhitopatra Karobar Co. Pvt Ltd.,2026-04-23 13:15:38.970077,Butwal Power Company Limited
2026042304006447,BPCL,34,39,30,695.0,20850.0,2026-04-23,187723474,153,Vision Securities Pvt. Ltd,Sumeru Securities Pvt. Ltd.,2026-04-23 13:15:38.970265,Butwal Power Company Limited
2026042304006498,BPCL,39,39,20,695.0,13900.0,2026-04-23,187724244,153,Sumeru Securities Pvt. Ltd.,Sumeru Securities Pvt. Ltd.,2026-04-23 13:17:01.310539,Butwal Power Company Limited
2026042304006782,BPCL,20,58,15,692.0,10380.0,2026-04-23,187728719,153,Sipla Securities Private Limited,Naasa Securities Co. Ltd.,2026-04-23 13:24:21.860166,Butwal Power Company Limited
2026042304006783,BPCL,20,101,100,694.0,69400.0,2026-04-23,187728721,153,Sipla Securities Private Limited,APPLE SECURITIES PRIVATE LIMITED,2026-04-23 13:24:21.860350,Butwal Power Company Limited
2026042304006784,BPCL,20,39,85,695.0,59075.0,2026-04-23,187728724,153,Sipla Securities Private Limited,Sumeru Securities Pvt. Ltd.,2026-04-23 13:24:21.860421,Butwal Power Company Limited
2026042304007168,BPCL,38,101,100,689.5,68950.0,2026-04-23,187732324,153,Dipshikha Dhitopatra Karobar Co. Pvt Ltd.,APPLE SECURITIES PRIVATE LIMITED,2026-04-23 13:29:25.442857,Butwal Power Company Limited
2026042304007169,BPCL,38,101,500,689.3,344650.0,2026-04-23,187732325,153,Dipshikha Dhitopatra Karobar Co. Pvt Ltd.,APPLE SECURITIES PRIVATE LIMITED,2026-04-23 13:29:25.443158,Butwal Power Company Limited
2026042304007332,BPCL,42,101,100,688.5,68850.0,2026-04-23,187734308,153,Sani Securities Company Ltd.,APPLE SECURITIES PRIVATE LIMITED,2026-04-23 13:31:51.295682,Butwal Power Company Limited
2026042304007333,BPCL,38,101,1000,688.2,688200.0,2026-04-23,187734310,153,Dipshikha Dhitopatra Karobar Co. Pvt Ltd.,APPLE SECURITIES PRIVATE LIMITED,2026-04-23 13:31:51.295857,Butwal Power Company Limited
2026042304007603,BPCL,90,101,500,688.1,344050.0,2026-04-23,187737271,153,Sajilo Broker Limited,APPLE SECURITIES PRIVATE LIMITED,2026-04-23 13:36:46.934306,Butwal Power Company Limited
2026042304008003,BPCL,25,38,20,690.0,13800.0,2026-04-23,187743871,153,Sweta Securities Private Limited,Dipshikha Dhitopatra Karobar Co. Pvt Ltd.,2026-04-23 13:50:11.090896,Butwal Power Company Limited
2026042304008124,BPCL,20,45,200,694.4,138880.0,2026-04-23,187746064,153,Sipla Securities Private Limited,Imperial Securities Company Pvt. Ltd.,2026-04-23 13:56:07.552910,Butwal Power Company Limited
2026042304008204,BPCL,20,17,200,691.0,138200.0,2026-04-23,187747363,153,Sipla Securities Private Limited,ABC Securities Private Limited,2026-04-23 13:58:56.734262,Butwal Power Company Limited
2026042304008224,BPCL,25,17,80,690.0,55200.0,2026-04-23,187747492,153,Sweta Securities Private Limited,ABC Securities Private Limited,2026-04-23 13:59:15.498205,Butwal Power Company Limited
2026042304008225,BPCL,14,17,50,690.0,34500.0,2026-04-23,187747494,153,Nepal Stock House (PVT) Ltd.,ABC Securities Private Limited,2026-04-23 13:59:15.498400,Butwal Power Company Limited
2026042304008226,BPCL,22,17,50,690.0,34500.0,2026-04-23,187747495,153,Siprabi Securities Pvt. Ltd.,ABC Securities Private Limited,2026-04-23 13:59:15.498472,Butwal Power Company Limited
2026042304008676,BPCL,34,7,1,670.0,670.0,2026-04-23,187752583,153,Vision Securities Pvt. Ltd,J.F. Securites (PVT) Ltd.,2026-04-23 14:08:55.713774,Butwal Power Company Limited
2026042304009295,BPCL,38,17,60,693.0,41580.0,2026-04-23,187759096,153,Dipshikha Dhitopatra Karobar Co. Pvt Ltd.,ABC Securities Private Limited,2026-04-23 14:20:29.711412,Butwal Power Company Limited
2026042304009765,BPCL,80,53,11,688.3,7571.3,2026-04-23,187765543,153,Indira securities pvt. ltd,Investment Management Nepal Pvt. Ltd.,2026-04-23 14:30:58.502782,Butwal Power Company Limited
2026042304010048,BPCL,80,25,54,691.0,37314.0,2026-04-23,187768326,153,Indira securities pvt. ltd,Sweta Securities Private Limited,2026-04-23 14:35:15.895324,Butwal Power Company Limited
2026042304010525,BPCL,20,25,40,691.0,27640.0,2026-04-23,187774842,153,Sipla Securities Private Limited,Sweta Securities Private Limited,2026-04-23 14:43:37.717887,Butwal Power Company Limited
2026042304010588,BPCL,39,11,150,688.6,103290.0,2026-04-23,187775276,153,Sumeru Securities Pvt. Ltd.,Malla & Malla Stock Broking Company Pvt. Limited,2026-04-23 14:44:00.826866,Butwal Power Company Limited
2026042304010589,BPCL,52,11,10,688.5,6885.0,2026-04-23,187775278,153,Sundhara Securities Limited,Malla & Malla Stock Broking Company Pvt. Limited,2026-04-23 14:44:00.827089,Butwal Power Company Limited
2026042304010590,BPCL,20,11,100,688.5,68850.0,2026-04-23,187775280,153,Sipla Securities Private Limited,Malla & Malla Stock Broking Company Pvt. Limited,2026-04-23 14:44:00.827177,Butwal Power Company Limited
2026042304010591,BPCL,36,11,50,688.3,34415.0,2026-04-23,187775282,153,Secured Securities Ltd.,Malla & Malla Stock Broking Company Pvt. Limited,2026-04-23 14:44:00.827285,Butwal Power Company Limited
2026042304010592,BPCL,35,11,60,688.2,41292.0,2026-04-23,187775284,153,Kohinoor Investment & Securities Pvt. Ltd.,Malla & Malla Stock Broking Company Pvt. Limited,2026-04-23 14:44:00.827378,Butwal Power Company Limited
2026042304010593,BPCL,66,11,60,688.0,41280.0,2026-04-23,187775286,153,Miyo Securities Pvt Ltd,Malla & Malla Stock Broking Company Pvt. Limited,2026-04-23 14:44:00.827462,Butwal Power Company Limited
2026042304010594,BPCL,38,11,1000,688.0,688000.0,2026-04-23,187775288,153,Dipshikha Dhitopatra Karobar Co. Pvt Ltd.,Malla & Malla Stock Broking Company Pvt. Limited,2026-04-23 14:44:00.827540,Butwal Power Company Limited
2026042304010707,BPCL,65,11,100,687.6,68760.0,2026-04-23,187775952,153,Sharepro Securities Private Limited,Malla & Malla Stock Broking Company Pvt. Limited,2026-04-23 14:44:41.486122,Butwal Power Company Limited
2026042304010708,BPCL,38,11,270,687.6,185652.0,2026-04-23,187775953,153,Dipshikha Dhitopatra Karobar Co. Pvt Ltd.,Malla & Malla Stock Broking Company Pvt. Limited,2026-04-23 14:44:41.486349,Butwal Power Company Limited
2026042304010745,BPCL,38,11,100,687.6,68760.0,2026-04-23,187776497,153,Dipshikha Dhitopatra Karobar Co. Pvt Ltd.,Malla & Malla Stock Broking Company Pvt. Limited,2026-04-23 14:45:15.726070,Butwal Power Company Limited
2026042304010746,BPCL,34,38,10,692.0,6920.0,2026-04-23,187776528,153,Vision Securities Pvt. Ltd,Dipshikha Dhitopatra Karobar Co. Pvt Ltd.,2026-04-23 14:45:18.523516,Butwal Power Company Limited
2026042304010954,BPCL,42,59,70,687.5,48125.0,2026-04-23,187778788,153,Sani Securities Company Ltd.,Deevyaa Securities & Stock House Pvt. Ltd,2026-04-23 14:47:28.919572,Butwal Power Company Limited
2026042304010955,BPCL,58,59,20,687.0,13740.0,2026-04-23,187778789,153,Naasa Securities Co. Ltd.,Deevyaa Securities & Stock House Pvt. Ltd,2026-04-23 14:47:28.919780,Butwal Power Company Limited
2026042304011284,BPCL,58,99,20,687.0,13740.0,2026-04-23,187781502,153,Naasa Securities Co. Ltd.,Prabhu Stock Market Limited,2026-04-23 14:49:25.728271,Butwal Power Company Limited
2026042304011285,BPCL,49,99,10,686.0,6860.0,2026-04-23,187781504,153,Online Securities Pvt. Ltd.,Prabhu Stock Market Limited,2026-04-23 14:49:25.728327,Butwal Power Company Limited
2026042304011286,BPCL,42,99,10,686.0,6860.0,2026-04-23,187781506,153,Sani Securities Company Ltd.,Prabhu Stock Market Limited,2026-04-23 14:49:25.728350,Butwal Power Company Limited
2026042304011287,BPCL,3,99,10,686.0,6860.0,2026-04-23,187781508,153,Arun Securities (PVT) Ltd.,Prabhu Stock Market Limited,2026-04-23 14:49:25.728374,Butwal Power Company Limited
2026042304011288,BPCL,5,99,95,686.0,65170.0,2026-04-23,187781510,153,Market Securities & Exchange (PVT) Ltd.,Prabhu Stock Market Limited,2026-04-23 14:49:25.728413,Butwal Power Company Limited
2026042304011289,BPCL,56,99,20,686.0,13720.0,2026-04-23,187781512,153,Sri Hari Securities Pvt. Ltd.,Prabhu Stock Market Limited,2026-04-23 14:49:25.728434,Butwal Power Company Limited
2026042304011290,BPCL,45,99,100,685.8,68580.0,2026-04-23,187781514,153,Imperial Securities Company Pvt. Ltd.,Prabhu Stock Market Limited,2026-04-23 14:49:25.728459,Butwal Power Company Limited
2026042304011291,BPCL,38,99,485,685.8,332613.0,2026-04-23,187781515,153,Dipshikha Dhitopatra Karobar Co. Pvt Ltd.,Prabhu Stock Market Limited,2026-04-23 14:49:25.728478,Butwal Power Company Limited
2026042304011647,BPCL,56,46,15,690.0,10350.0,2026-04-23,187783890,153,Sri Hari Securities Pvt. Ltd.,Kalika Securities Pvt. Ltd.,2026-04-23 14:50:58.778638,Butwal Power Company Limited
2026042304012145,BPCL,42,48,125,685.3,85662.5,2026-04-23,187788689,153,Sani Securities Company Ltd.,Trishakti Securities Public Limited,2026-04-23 14:54:19.060168,Butwal Power Company Limited
2026042304012773,BPCL,34,49,10,690.0,6900.0,2026-04-23,187794098,153,Vision Securities Pvt. Ltd,Online Securities Pvt. Ltd.,2026-04-23 14:57:29.982574,Butwal Power Company Limited
2026042304013391,BPCL,10,49,10,690.0,6900.0,2026-04-23,187800172,153,Pragyan Securities (PVT) Ltd.,Online Securities Pvt. Ltd.,2026-04-23 14:59:32.605149,Butwal Power Company Limited
2026042304013420,BPCL,35,49,20,690.0,13800.0,2026-04-23,187800316,153,Kohinoor Investment & Securities Pvt. Ltd.,Online Securities Pvt. Ltd.,2026-04-23 14:59:34.649994,Butwal Power Company Limited
2026042304013461,BPCL,71,21,50,686.6,34330.0,2026-04-23,187800496,153,SHUBHAKAMANA SECURITIES PVT. LTD,Midas Stock Broking Company Private Limited,2026-04-23 14:59:36.501887,Butwal Power Company Limited
2026042304013462,BPCL,52,21,10,686.5,6865.0,2026-04-23,187800498,153,Sundhara Securities Limited,Midas Stock Broking Company Private Limited,2026-04-23 14:59:36.502171,Butwal Power Company Limited
2026042304013463,BPCL,1,21,40,685.1,27404.0,2026-04-23,187800499,153,Kumari Securities Private Limited,Midas Stock Broking Company Private Limited,2026-04-23 14:59:36.502393,Butwal Power Company Limited
2026042304013650,BPCL,38,49,10,690.0,6900.0,2026-04-23,187802702,153,Dipshikha Dhitopatra Karobar Co. Pvt Ltd.,Online Securities Pvt. Ltd.,2026-04-23 14:59:58.950365,Butwal Power Company Limited
