contract_id,symbol,buyer_member_id,seller_member_id,volume,price,amount,buyer_broker,seller_broker,transaction_time
2026042303000013,CORBL,28,58,10,2015.1,20151.0,Shree Krishna Securities Ltd.,Naasa Securities Co. Ltd.,2026-04-23 11:00:48.051175
2026042303000033,CORBL,4,16,10,1960.0,19600.0,Opal Securities Investment (PVT) Ltd.,Primo Securities (PVT) Ltd.,2026-04-23 11:02:20.733967
2026042303000038,CORBL,8,16,20,1960.0,39200.0,Brilliant Securities Pvt. Ltd.,Primo Securities (PVT) Ltd.,2026-04-23 11:02:32.265249
2026042303000060,CORBL,46,28,10,2000.0,20000.0,Kalika Securities Pvt. Ltd.,Shree Krishna Securities Ltd.,2026-04-23 11:03:57.137581
2026042303000144,CORBL,46,14,10,2002.0,20020.0,Kalika Securities Pvt. Ltd.,Nepal Stock House (PVT) Ltd.,2026-04-23 11:07:19.021344
2026042303000175,CORBL,8,34,50,2005.0,100250.0,Brilliant Securities Pvt. Ltd.,Vision Securities Pvt. Ltd,2026-04-23 11:07:54.826927
2026042303000200,CORBL,8,41,50,2010.0,100500.0,Brilliant Securities Pvt. Ltd.,Linch Stock Market Ltd.,2026-04-23 11:09:00.173526
2026042303000268,CORBL,28,37,10,2050.0,20500.0,Shree Krishna Securities Ltd.,Swarna Laxmi Securities Pvt. Ltd.,2026-04-23 11:12:26.223454
2026042303000300,CORBL,8,28,10,2021.0,20210.0,Brilliant Securities Pvt. Ltd.,Shree Krishna Securities Ltd.,2026-04-23 11:14:21.214265
2026042303000346,CORBL,46,42,100,2040.0,204000.0,Kalika Securities Pvt. Ltd.,Sani Securities Company Ltd.,2026-04-23 11:16:38.674397
2026042303000360,CORBL,8,28,10,2021.0,20210.0,Brilliant Securities Pvt. Ltd.,Shree Krishna Securities Ltd.,2026-04-23 11:17:07.291823
2026042303000439,CORBL,8,34,20,2025.0,40500.0,Brilliant Securities Pvt. Ltd.,Vision Securities Pvt. Ltd,2026-04-23 11:20:28.632858
2026042303000478,CORBL,8,46,10,2025.0,20250.0,Brilliant Securities Pvt. Ltd.,Kalika Securities Pvt. Ltd.,2026-04-23 11:21:59.110721
2026042303000531,CORBL,8,35,20,2025.0,40500.0,Brilliant Securities Pvt. Ltd.,Kohinoor Investment & Securities Pvt. Ltd.,2026-04-23 11:23:27.505784
2026042303000545,CORBL,46,57,100,2025.0,202500.0,Kalika Securities Pvt. Ltd.,Aryatara Investment & Securities,2026-04-23 11:24:22.144713
2026042303000566,CORBL,46,78,14,2025.0,28350.0,Kalika Securities Pvt. Ltd.,Garima Securities Limited,2026-04-23 11:24:41.419318
2026042303000582,CORBL,41,44,10,2030.0,20300.0,Linch Stock Market Ltd.,Dynamic Money Managers Securities Pvt. Ltd.,2026-04-23 11:25:16.554251
2026042303000614,CORBL,46,56,200,2025.0,405000.0,Kalika Securities Pvt. Ltd.,Sri Hari Securities Pvt. Ltd.,2026-04-23 11:26:55.753048
2026042303000629,CORBL,46,42,30,2025.0,60750.0,Kalika Securities Pvt. Ltd.,Sani Securities Company Ltd.,2026-04-23 11:27:31.992065
2026042303000636,CORBL,46,56,200,2025.0,405000.0,Kalika Securities Pvt. Ltd.,Sri Hari Securities Pvt. Ltd.,2026-04-23 11:27:50.115789
2026042303000649,CORBL,46,37,40,2025.0,81000.0,Kalika Securities Pvt. Ltd.,Swarna Laxmi Securities Pvt. Ltd.,2026-04-23 11:28:27.284639
2026042303000653,CORBL,46,56,100,2025.0,202500.0,Kalika Securities Pvt. Ltd.,Sri Hari Securities Pvt. Ltd.,2026-04-23 11:28:35.722168
2026042303000694,CORBL,46,26,10,2025.0,20250.0,Kalika Securities Pvt. Ltd.,Asian Securities Private Ltd.,2026-04-23 11:29:59.480779
2026042303000734,CORBL,8,41,10,2026.0,20260.0,Brilliant Securities Pvt. Ltd.,Linch Stock Market Ltd.,2026-04-23 11:31:33.909191
2026042303000891,CORBL,8,26,20,2037.0,40740.0,Brilliant Securities Pvt. Ltd.,Asian Securities Private Ltd.,2026-04-23 11:37:35.300954
2026042303000892,CORBL,8,48,100,2038.0,203800.0,Brilliant Securities Pvt. Ltd.,Trishakti Securities Public Limited,2026-04-23 11:37:35.301215
2026042303000893,CORBL,8,33,10,2039.0,20390.0,Brilliant Securities Pvt. Ltd.,Dakshinkali Investment & Securities Pvt. Ltd.,2026-04-23 11:37:35.301355
2026042303000894,CORBL,8,74,100,2040.0,204000.0,Brilliant Securities Pvt. Ltd.,KALASH STOCK MARKET PVT. LTD.,2026-04-23 11:37:35.301495
2026042303000964,CORBL,58,56,5,1980.0,9900.0,Naasa Securities Co. Ltd.,Sri Hari Securities Pvt. Ltd.,2026-04-23 11:39:34.665660
2026042303001026,CORBL,8,58,30,2040.0,61200.0,Brilliant Securities Pvt. Ltd.,Naasa Securities Co. Ltd.,2026-04-23 11:42:36.061613
2026042303001065,CORBL,8,58,20,2040.0,40800.0,Brilliant Securities Pvt. Ltd.,Naasa Securities Co. Ltd.,2026-04-23 11:44:07.789154
2026042303001069,CORBL,58,54,1,2000.0,2000.0,Naasa Securities Co. Ltd.,Sewa Securities Pvt. Ltd.,2026-04-23 11:44:25.612008
2026042303001128,CORBL,8,58,10,2040.0,20400.0,Brilliant Securities Pvt. Ltd.,Naasa Securities Co. Ltd.,2026-04-23 11:46:31.430004
2026042303001160,CORBL,57,74,50,2040.0,102000.0,Aryatara Investment & Securities,KALASH STOCK MARKET PVT. LTD.,2026-04-23 11:47:56.735392
2026042303001161,CORBL,42,74,10,2040.0,20400.0,Sani Securities Company Ltd.,KALASH STOCK MARKET PVT. LTD.,2026-04-23 11:47:56.735624
2026042303001189,CORBL,8,28,10,2026.0,20260.0,Brilliant Securities Pvt. Ltd.,Shree Krishna Securities Ltd.,2026-04-23 11:48:34.931705
2026042303001295,CORBL,8,57,11,2026.0,22286.0,Brilliant Securities Pvt. Ltd.,Aryatara Investment & Securities,2026-04-23 11:53:35.070642
2026042303001370,CORBL,38,41,10,2026.3,20263.0,Dipshikha Dhitopatra Karobar Co. Pvt Ltd.,Linch Stock Market Ltd.,2026-04-23 11:56:43.505637
2026042303001500,CORBL,58,52,1,2080.0,2080.0,Naasa Securities Co. Ltd.,Sundhara Securities Limited,2026-04-23 12:03:00.348752
2026042303001570,CORBL,38,45,70,2026.3,141841.0,Dipshikha Dhitopatra Karobar Co. Pvt Ltd.,Imperial Securities Company Pvt. Ltd.,2026-04-23 12:05:52.992127
2026042303001670,CORBL,8,49,106,2030.0,215180.0,Brilliant Securities Pvt. Ltd.,Online Securities Pvt. Ltd.,2026-04-23 12:12:08.476239
2026042303001703,CORBL,8,52,10,2040.0,20400.0,Brilliant Securities Pvt. Ltd.,Sundhara Securities Limited,2026-04-23 12:13:02.517233
2026042303001731,CORBL,46,57,10,2043.9,20439.0,Kalika Securities Pvt. Ltd.,Aryatara Investment & Securities,2026-04-23 12:14:50.147548
2026042303001732,CORBL,38,61,10,2044.0,20440.0,Dipshikha Dhitopatra Karobar Co. Pvt Ltd.,BHOLE GANESH SECURITIES LTD,2026-04-23 12:14:57.912674
2026042303001741,CORBL,38,14,10,2044.0,20440.0,Dipshikha Dhitopatra Karobar Co. Pvt Ltd.,Nepal Stock House (PVT) Ltd.,2026-04-23 12:15:18.648874
2026042303001761,CORBL,46,41,10,2043.9,20439.0,Kalika Securities Pvt. Ltd.,Linch Stock Market Ltd.,2026-04-23 12:16:21.823330
2026042303001773,CORBL,8,28,10,2040.0,20400.0,Brilliant Securities Pvt. Ltd.,Shree Krishna Securities Ltd.,2026-04-23 12:17:09.292509
2026042303001949,CORBL,74,74,10,2040.1,20401.0,KALASH STOCK MARKET PVT. LTD.,KALASH STOCK MARKET PVT. LTD.,2026-04-23 12:25:59.419650
2026042303001950,CORBL,8,74,80,2040.0,163200.0,Brilliant Securities Pvt. Ltd.,KALASH STOCK MARKET PVT. LTD.,2026-04-23 12:25:59.419867
2026042303001951,CORBL,8,28,10,2028.0,20280.0,Brilliant Securities Pvt. Ltd.,Shree Krishna Securities Ltd.,2026-04-23 12:26:11.636066
2026042303002017,CORBL,46,40,20,2030.0,40600.0,Kalika Securities Pvt. Ltd.,Creative Securities Pvt Ltd,2026-04-23 12:30:59.950090
2026042303002090,CORBL,72,22,10,2049.9,20499.0,Hatemalo Financial Services Private Limited,Siprabi Securities Pvt. Ltd.,2026-04-23 12:35:42.950391
2026042303002091,CORBL,72,45,30,2049.9,61497.0,Hatemalo Financial Services Private Limited,Imperial Securities Company Pvt. Ltd.,2026-04-23 12:35:42.950467
2026042303002092,CORBL,72,52,10,2050.0,20500.0,Hatemalo Financial Services Private Limited,Sundhara Securities Limited,2026-04-23 12:35:42.950493
2026042303002093,CORBL,72,41,52,2050.0,106600.0,Hatemalo Financial Services Private Limited,Linch Stock Market Ltd.,2026-04-23 12:35:42.950518
2026042303002094,CORBL,72,14,15,2055.0,30825.0,Hatemalo Financial Services Private Limited,Nepal Stock House (PVT) Ltd.,2026-04-23 12:35:42.950542
2026042303002095,CORBL,72,1,10,2057.9,20579.0,Hatemalo Financial Services Private Limited,Kumari Securities Private Limited,2026-04-23 12:35:42.950570
2026042303002096,CORBL,72,19,90,2060.0,185400.0,Hatemalo Financial Services Private Limited,Nepal Investment And Securities Trading Private Limited,2026-04-23 12:35:42.950597
2026042303002097,CORBL,72,17,10,2065.0,20650.0,Hatemalo Financial Services Private Limited,ABC Securities Private Limited,2026-04-23 12:35:42.950626
2026042303002098,CORBL,72,58,10,2070.0,20700.0,Hatemalo Financial Services Private Limited,Naasa Securities Co. Ltd.,2026-04-23 12:35:42.950649
2026042303002099,CORBL,72,56,50,2070.0,103500.0,Hatemalo Financial Services Private Limited,Sri Hari Securities Pvt. Ltd.,2026-04-23 12:35:42.950676
2026042303002100,CORBL,72,57,10,2080.0,20800.0,Hatemalo Financial Services Private Limited,Aryatara Investment & Securities,2026-04-23 12:35:42.950700
2026042303002101,CORBL,72,13,10,2080.0,20800.0,Hatemalo Financial Services Private Limited,Thrive Brokerage House Pvt. Ltd,2026-04-23 12:35:42.950725
2026042303002102,CORBL,72,32,10,2080.0,20800.0,Hatemalo Financial Services Private Limited,Premier Securities Company Ltd.,2026-04-23 12:35:42.950749
2026042303002103,CORBL,72,36,15,2080.0,31200.0,Hatemalo Financial Services Private Limited,Secured Securities Ltd.,2026-04-23 12:35:42.950774
2026042303002104,CORBL,72,59,50,2081.0,104050.0,Hatemalo Financial Services Private Limited,Deevyaa Securities & Stock House Pvt. Ltd,2026-04-23 12:35:42.950801
2026042303002105,CORBL,72,36,10,2081.0,20810.0,Hatemalo Financial Services Private Limited,Secured Securities Ltd.,2026-04-23 12:35:42.950826
2026042303002106,CORBL,72,11,20,2081.6,41632.0,Hatemalo Financial Services Private Limited,Malla & Malla Stock Broking Company Pvt. Limited,2026-04-23 12:35:42.950850
2026042303002107,CORBL,72,45,10,2085.0,20850.0,Hatemalo Financial Services Private Limited,Imperial Securities Company Pvt. Ltd.,2026-04-23 12:35:42.950873
2026042303002108,CORBL,72,42,10,2085.0,20850.0,Hatemalo Financial Services Private Limited,Sani Securities Company Ltd.,2026-04-23 12:35:42.950899
2026042303002109,CORBL,72,13,10,2085.0,20850.0,Hatemalo Financial Services Private Limited,Thrive Brokerage House Pvt. Ltd,2026-04-23 12:35:42.950921
2026042303002110,CORBL,72,51,31,2085.0,64635.0,Hatemalo Financial Services Private Limited,Oxford Securities Pvt. Ltd.,2026-04-23 12:35:42.950945
2026042303002111,CORBL,72,58,10,2085.7,20857.0,Hatemalo Financial Services Private Limited,Naasa Securities Co. Ltd.,2026-04-23 12:35:42.950969
2026042303002112,CORBL,72,32,10,2087.0,20870.0,Hatemalo Financial Services Private Limited,Premier Securities Company Ltd.,2026-04-23 12:35:42.951014
2026042303002113,CORBL,72,58,125,2088.0,261000.0,Hatemalo Financial Services Private Limited,Naasa Securities Co. Ltd.,2026-04-23 12:35:42.951051
2026042303002114,CORBL,72,41,50,2090.0,104500.0,Hatemalo Financial Services Private Limited,Linch Stock Market Ltd.,2026-04-23 12:35:42.951075
2026042303002115,CORBL,72,34,100,2090.0,209000.0,Hatemalo Financial Services Private Limited,Vision Securities Pvt. Ltd,2026-04-23 12:35:42.951095
2026042303002116,CORBL,72,42,10,2090.0,20900.0,Hatemalo Financial Services Private Limited,Sani Securities Company Ltd.,2026-04-23 12:35:42.951116
2026042303002117,CORBL,72,20,300,2099.9,629970.0,Hatemalo Financial Services Private Limited,Sipla Securities Private Limited,2026-04-23 12:35:42.951139
2026042303002118,CORBL,72,13,622,2100.0,1306200.0,Hatemalo Financial Services Private Limited,Thrive Brokerage House Pvt. Ltd,2026-04-23 12:35:42.951158
2026042303002119,CORBL,46,28,10,2030.0,20300.0,Kalika Securities Pvt. Ltd.,Shree Krishna Securities Ltd.,2026-04-23 12:35:44.028949
2026042303002126,CORBL,72,13,268,2100.0,562800.0,Hatemalo Financial Services Private Limited,Thrive Brokerage House Pvt. Ltd,2026-04-23 12:36:02.629480
2026042303002127,CORBL,72,49,10,2100.0,21000.0,Hatemalo Financial Services Private Limited,Online Securities Pvt. Ltd.,2026-04-23 12:36:02.629579
2026042303002128,CORBL,72,35,50,2100.0,105000.0,Hatemalo Financial Services Private Limited,Kohinoor Investment & Securities Pvt. Ltd.,2026-04-23 12:36:02.629654
2026042303002129,CORBL,72,49,76,2100.0,159600.0,Hatemalo Financial Services Private Limited,Online Securities Pvt. Ltd.,2026-04-23 12:36:02.629727
2026042303002130,CORBL,72,91,50,2100.0,105000.0,Hatemalo Financial Services Private Limited,Citizens Share Broker Limited,2026-04-23 12:36:02.629796
2026042303002131,CORBL,72,71,100,2100.0,210000.0,Hatemalo Financial Services Private Limited,SHUBHAKAMANA SECURITIES PVT. LTD,2026-04-23 12:36:02.629859
2026042303002132,CORBL,72,32,20,2100.0,42000.0,Hatemalo Financial Services Private Limited,Premier Securities Company Ltd.,2026-04-23 12:36:02.629923
2026042303002133,CORBL,72,54,60,2100.0,126000.0,Hatemalo Financial Services Private Limited,Sewa Securities Pvt. Ltd.,2026-04-23 12:36:02.630003
2026042303002134,CORBL,72,58,66,2100.0,138600.0,Hatemalo Financial Services Private Limited,Naasa Securities Co. Ltd.,2026-04-23 12:36:02.630093
2026042303002135,CORBL,46,28,10,2030.0,20300.0,Kalika Securities Pvt. Ltd.,Shree Krishna Securities Ltd.,2026-04-23 12:36:03.917293
2026042303002142,CORBL,72,58,34,2100.0,71400.0,Hatemalo Financial Services Private Limited,Naasa Securities Co. Ltd.,2026-04-23 12:36:22.702250
2026042303002143,CORBL,72,41,50,2100.0,105000.0,Hatemalo Financial Services Private Limited,Linch Stock Market Ltd.,2026-04-23 12:36:22.702326
2026042303002144,CORBL,72,17,10,2100.0,21000.0,Hatemalo Financial Services Private Limited,ABC Securities Private Limited,2026-04-23 12:36:22.702346
2026042303002145,CORBL,72,16,10,2100.0,21000.0,Hatemalo Financial Services Private Limited,Primo Securities (PVT) Ltd.,2026-04-23 12:36:22.702366
2026042303002146,CORBL,72,6,10,2100.0,21000.0,Hatemalo Financial Services Private Limited,Agrawal Securities (PVT) Ltd.,2026-04-23 12:36:22.702387
2026042303002147,CORBL,72,58,30,2100.0,63000.0,Hatemalo Financial Services Private Limited,Naasa Securities Co. Ltd.,2026-04-23 12:36:22.702409
2026042303002148,CORBL,72,49,30,2101.0,63030.0,Hatemalo Financial Services Private Limited,Online Securities Pvt. Ltd.,2026-04-23 12:36:22.702434
2026042303002149,CORBL,72,58,10,2101.0,21010.0,Hatemalo Financial Services Private Limited,Naasa Securities Co. Ltd.,2026-04-23 12:36:22.702457
2026042303002150,CORBL,72,34,100,2101.0,210100.0,Hatemalo Financial Services Private Limited,Vision Securities Pvt. Ltd,2026-04-23 12:36:22.702528
2026042303002151,CORBL,72,58,101,2101.0,212201.0,Hatemalo Financial Services Private Limited,Naasa Securities Co. Ltd.,2026-04-23 12:36:22.702561
2026042303002152,CORBL,72,35,50,2101.0,105050.0,Hatemalo Financial Services Private Limited,Kohinoor Investment & Securities Pvt. Ltd.,2026-04-23 12:36:22.702580
2026042303002153,CORBL,72,5,50,2101.0,105050.0,Hatemalo Financial Services Private Limited,Market Securities & Exchange (PVT) Ltd.,2026-04-23 12:36:22.702598
2026042303002154,CORBL,72,5,70,2101.0,147070.0,Hatemalo Financial Services Private Limited,Market Securities & Exchange (PVT) Ltd.,2026-04-23 12:36:22.702619
2026042303002155,CORBL,72,4,10,2101.0,21010.0,Hatemalo Financial Services Private Limited,Opal Securities Investment (PVT) Ltd.,2026-04-23 12:36:22.702638
2026042303002156,CORBL,72,45,10,2101.0,21010.0,Hatemalo Financial Services Private Limited,Imperial Securities Company Pvt. Ltd.,2026-04-23 12:36:22.702658
2026042303002157,CORBL,72,32,12,2101.0,25212.0,Hatemalo Financial Services Private Limited,Premier Securities Company Ltd.,2026-04-23 12:36:22.702676
2026042303002158,CORBL,72,35,11,2101.0,23111.0,Hatemalo Financial Services Private Limited,Kohinoor Investment & Securities Pvt. Ltd.,2026-04-23 12:36:22.702697
2026042303002159,CORBL,72,49,90,2101.0,189090.0,Hatemalo Financial Services Private Limited,Online Securities Pvt. Ltd.,2026-04-23 12:36:22.702715
2026042303002160,CORBL,72,58,10,2101.2,21012.0,Hatemalo Financial Services Private Limited,Naasa Securities Co. Ltd.,2026-04-23 12:36:22.702737
2026042303002161,CORBL,72,41,50,2101.2,105060.0,Hatemalo Financial Services Private Limited,Linch Stock Market Ltd.,2026-04-23 12:36:22.702761
2026042303002162,CORBL,72,1,10,2101.2,21012.0,Hatemalo Financial Services Private Limited,Kumari Securities Private Limited,2026-04-23 12:36:22.702788
2026042303002163,CORBL,72,58,10,2101.2,21012.0,Hatemalo Financial Services Private Limited,Naasa Securities Co. Ltd.,2026-04-23 12:36:22.702852
2026042303002164,CORBL,72,19,85,2101.2,178602.0,Hatemalo Financial Services Private Limited,Nepal Investment And Securities Trading Private Limited,2026-04-23 12:36:22.702920
2026042303002165,CORBL,72,48,30,2101.2,63036.0,Hatemalo Financial Services Private Limited,Trishakti Securities Public Limited,2026-04-23 12:36:22.702989
2026042303002166,CORBL,72,33,90,2101.2,189108.0,Hatemalo Financial Services Private Limited,Dakshinkali Investment & Securities Pvt. Ltd.,2026-04-23 12:36:22.703084
2026042303002167,CORBL,72,32,10,2101.2,21012.0,Hatemalo Financial Services Private Limited,Premier Securities Company Ltd.,2026-04-23 12:36:22.703153
2026042303002168,CORBL,72,62,10,2101.2,21012.0,Hatemalo Financial Services Private Limited,Capital Max Securities Ltd,2026-04-23 12:36:22.703209
2026042303002169,CORBL,42,28,10,2031.0,20310.0,Sani Securities Company Ltd.,Shree Krishna Securities Ltd.,2026-04-23 12:36:23.849546
2026042303002189,CORBL,72,1,10,2091.9,20919.0,Hatemalo Financial Services Private Limited,Kumari Securities Private Limited,2026-04-23 12:37:34.682347
2026042303002190,CORBL,72,49,60,2101.2,126072.0,Hatemalo Financial Services Private Limited,Online Securities Pvt. Ltd.,2026-04-23 12:37:34.682410
2026042303002191,CORBL,72,74,10,2101.2,21012.0,Hatemalo Financial Services Private Limited,KALASH STOCK MARKET PVT. LTD.,2026-04-23 12:37:34.682431
2026042303002192,CORBL,72,45,42,2101.2,88250.4,Hatemalo Financial Services Private Limited,Imperial Securities Company Pvt. Ltd.,2026-04-23 12:37:34.682455
2026042303002193,CORBL,72,42,50,2105.0,105250.0,Hatemalo Financial Services Private Limited,Sani Securities Company Ltd.,2026-04-23 12:37:34.682478
2026042303002194,CORBL,72,52,50,2105.0,105250.0,Hatemalo Financial Services Private Limited,Sundhara Securities Limited,2026-04-23 12:37:34.682503
2026042303002195,CORBL,72,34,236,2105.0,496780.0,Hatemalo Financial Services Private Limited,Vision Securities Pvt. Ltd,2026-04-23 12:37:34.682525
2026042303002196,CORBL,72,52,50,2105.0,105250.0,Hatemalo Financial Services Private Limited,Sundhara Securities Limited,2026-04-23 12:37:34.682545
2026042303002197,CORBL,72,34,138,2105.0,290490.0,Hatemalo Financial Services Private Limited,Vision Securities Pvt. Ltd,2026-04-23 12:37:34.682567
2026042303002198,CORBL,72,41,20,2105.0,42100.0,Hatemalo Financial Services Private Limited,Linch Stock Market Ltd.,2026-04-23 12:37:34.682586
2026042303002199,CORBL,72,34,100,2105.0,210500.0,Hatemalo Financial Services Private Limited,Vision Securities Pvt. Ltd,2026-04-23 12:37:34.682605
2026042303002200,CORBL,72,36,24,2105.0,50520.0,Hatemalo Financial Services Private Limited,Secured Securities Ltd.,2026-04-23 12:37:34.682627
2026042303002201,CORBL,34,28,10,2031.0,20310.0,Vision Securities Pvt. Ltd,Shree Krishna Securities Ltd.,2026-04-23 12:37:35.838930
2026042303002236,CORBL,72,14,15,2070.0,31050.0,Hatemalo Financial Services Private Limited,Nepal Stock House (PVT) Ltd.,2026-04-23 12:39:53.289263
2026042303002237,CORBL,72,6,10,2090.0,20900.0,Hatemalo Financial Services Private Limited,Agrawal Securities (PVT) Ltd.,2026-04-23 12:39:53.289360
2026042303002238,CORBL,72,38,50,2105.0,105250.0,Hatemalo Financial Services Private Limited,Dipshikha Dhitopatra Karobar Co. Pvt Ltd.,2026-04-23 12:39:53.289433
2026042303002239,CORBL,72,38,60,2105.0,126300.0,Hatemalo Financial Services Private Limited,Dipshikha Dhitopatra Karobar Co. Pvt Ltd.,2026-04-23 12:39:53.289500
2026042303002240,CORBL,72,56,135,2105.2,284202.0,Hatemalo Financial Services Private Limited,Sri Hari Securities Pvt. Ltd.,2026-04-23 12:39:53.289575
2026042303002242,CORBL,3,28,10,2037.0,20370.0,Arun Securities (PVT) Ltd.,Shree Krishna Securities Ltd.,2026-04-23 12:39:54.678825
2026042303002254,CORBL,72,56,100,2105.2,210520.0,Hatemalo Financial Services Private Limited,Sri Hari Securities Pvt. Ltd.,2026-04-23 12:40:31.516647
2026042303002255,CORBL,71,56,10,2105.2,21052.0,SHUBHAKAMANA SECURITIES PVT. LTD,Sri Hari Securities Pvt. Ltd.,2026-04-23 12:40:31.890729
2026042303002257,CORBL,3,28,10,2037.0,20370.0,Arun Securities (PVT) Ltd.,Shree Krishna Securities Ltd.,2026-04-23 12:40:32.437253
2026042303002259,CORBL,71,36,10,2105.2,21052.0,SHUBHAKAMANA SECURITIES PVT. LTD,Secured Securities Ltd.,2026-04-23 12:40:56.487671
2026042303002260,CORBL,3,28,10,2037.0,20370.0,Arun Securities (PVT) Ltd.,Shree Krishna Securities Ltd.,2026-04-23 12:40:58.473451
2026042303002266,CORBL,4,36,40,2105.2,84208.0,Opal Securities Investment (PVT) Ltd.,Secured Securities Ltd.,2026-04-23 12:42:00.632053
2026042303002267,CORBL,3,28,10,2037.0,20370.0,Arun Securities (PVT) Ltd.,Shree Krishna Securities Ltd.,2026-04-23 12:42:02.037763
2026042303002295,CORBL,44,22,10,2098.0,20980.0,Dynamic Money Managers Securities Pvt. Ltd.,Siprabi Securities Pvt. Ltd.,2026-04-23 12:44:04.196745
2026042303002296,CORBL,44,51,10,2098.0,20980.0,Dynamic Money Managers Securities Pvt. Ltd.,Oxford Securities Pvt. Ltd.,2026-04-23 12:44:04.196936
2026042303002297,CORBL,44,25,100,2098.0,209800.0,Dynamic Money Managers Securities Pvt. Ltd.,Sweta Securities Private Limited,2026-04-23 12:44:04.197122
2026042303002298,CORBL,44,28,10,2098.0,20980.0,Dynamic Money Managers Securities Pvt. Ltd.,Shree Krishna Securities Ltd.,2026-04-23 12:44:06.392481
2026042303002305,CORBL,44,28,600,2098.0,1258800.0,Dynamic Money Managers Securities Pvt. Ltd.,Shree Krishna Securities Ltd.,2026-04-23 12:44:14.835126
2026042303002306,CORBL,3,28,10,2037.4,20374.0,Arun Securities (PVT) Ltd.,Shree Krishna Securities Ltd.,2026-04-23 12:44:14.835224
2026042303002335,CORBL,59,36,172,2105.2,362094.4,Deevyaa Securities & Stock House Pvt. Ltd,Secured Securities Ltd.,2026-04-23 12:44:59.169866
2026042303002336,CORBL,59,49,10,2105.3,21053.0,Deevyaa Securities & Stock House Pvt. Ltd,Online Securities Pvt. Ltd.,2026-04-23 12:44:59.169967
2026042303002337,CORBL,59,58,18,2110.0,37980.0,Deevyaa Securities & Stock House Pvt. Ltd,Naasa Securities Co. Ltd.,2026-04-23 12:44:59.170057
2026042303002338,CORBL,59,57,50,2111.0,105550.0,Deevyaa Securities & Stock House Pvt. Ltd,Aryatara Investment & Securities,2026-04-23 12:44:59.170153
2026042303002339,CORBL,59,80,22,2111.0,46442.0,Deevyaa Securities & Stock House Pvt. Ltd,Indira securities pvt. ltd,2026-04-23 12:44:59.170208
2026042303002340,CORBL,59,43,20,2111.0,42220.0,Deevyaa Securities & Stock House Pvt. Ltd,South Asian Bulls Pvt. Ltd.,2026-04-23 12:44:59.170284
2026042303002341,CORBL,59,82,10,2111.0,21110.0,Deevyaa Securities & Stock House Pvt. Ltd,N.M.B. SECURITIES LIMITED,2026-04-23 12:44:59.170349
2026042303002342,CORBL,59,19,100,2111.0,211100.0,Deevyaa Securities & Stock House Pvt. Ltd,Nepal Investment And Securities Trading Private Limited,2026-04-23 12:44:59.170407
2026042303002343,CORBL,59,17,198,2111.5,418077.0,Deevyaa Securities & Stock House Pvt. Ltd,ABC Securities Private Limited,2026-04-23 12:44:59.170466
2026042303002344,CORBL,38,28,10,2037.6,20376.0,Dipshikha Dhitopatra Karobar Co. Pvt Ltd.,Shree Krishna Securities Ltd.,2026-04-23 12:45:02.514221
2026042303002347,CORBL,59,17,102,2111.5,215373.0,Deevyaa Securities & Stock House Pvt. Ltd,ABC Securities Private Limited,2026-04-23 12:45:21.578566
2026042303002348,CORBL,59,58,100,2111.5,211150.0,Deevyaa Securities & Stock House Pvt. Ltd,Naasa Securities Co. Ltd.,2026-04-23 12:45:21.578638
2026042303002349,CORBL,59,41,20,2111.5,42230.0,Deevyaa Securities & Stock House Pvt. Ltd,Linch Stock Market Ltd.,2026-04-23 12:45:21.578678
2026042303002350,CORBL,59,41,20,2111.5,42230.0,Deevyaa Securities & Stock House Pvt. Ltd,Linch Stock Market Ltd.,2026-04-23 12:45:21.578696
2026042303002351,CORBL,59,7,20,2111.5,42230.0,Deevyaa Securities & Stock House Pvt. Ltd,J.F. Securites (PVT) Ltd.,2026-04-23 12:45:21.578715
2026042303002352,CORBL,59,7,10,2111.5,21115.0,Deevyaa Securities & Stock House Pvt. Ltd,J.F. Securites (PVT) Ltd.,2026-04-23 12:45:21.578734
2026042303002353,CORBL,59,32,228,2111.5,481422.0,Deevyaa Securities & Stock House Pvt. Ltd,Premier Securities Company Ltd.,2026-04-23 12:45:21.578752
2026042303002354,CORBL,38,28,10,2037.6,20376.0,Dipshikha Dhitopatra Karobar Co. Pvt Ltd.,Shree Krishna Securities Ltd.,2026-04-23 12:45:22.703299
2026042303002439,CORBL,59,29,100,2098.0,209800.0,Deevyaa Securities & Stock House Pvt. Ltd,Trisul Securities & Invt. Ltd.,2026-04-23 12:46:47.356210
2026042303002440,CORBL,59,6,10,2098.0,20980.0,Deevyaa Securities & Stock House Pvt. Ltd,Agrawal Securities (PVT) Ltd.,2026-04-23 12:46:47.356255
2026042303002441,CORBL,59,32,20,2111.5,42230.0,Deevyaa Securities & Stock House Pvt. Ltd,Premier Securities Company Ltd.,2026-04-23 12:46:47.356276
2026042303002444,CORBL,38,28,10,2037.9,20379.0,Dipshikha Dhitopatra Karobar Co. Pvt Ltd.,Shree Krishna Securities Ltd.,2026-04-23 12:46:48.629726
2026042303002488,CORBL,50,57,10,2098.7,20987.0,Cristal Kanchanjanga Securites Pvt. Ltd.,Aryatara Investment & Securities,2026-04-23 12:48:51.276176
2026042303002489,CORBL,50,6,10,2099.0,20990.0,Cristal Kanchanjanga Securites Pvt. Ltd.,Agrawal Securities (PVT) Ltd.,2026-04-23 12:48:51.276217
2026042303002490,CORBL,50,32,52,2111.5,109798.0,Cristal Kanchanjanga Securites Pvt. Ltd.,Premier Securities Company Ltd.,2026-04-23 12:48:51.276243
2026042303002491,CORBL,50,50,58,2160.0,125280.0,Cristal Kanchanjanga Securites Pvt. Ltd.,Cristal Kanchanjanga Securites Pvt. Ltd.,2026-04-23 12:48:51.276270
2026042303002494,CORBL,3,28,10,2038.7,20387.0,Arun Securities (PVT) Ltd.,Shree Krishna Securities Ltd.,2026-04-23 12:48:53.119108
2026042303002503,CORBL,71,50,10,2160.0,21600.0,SHUBHAKAMANA SECURITIES PVT. LTD,Cristal Kanchanjanga Securites Pvt. Ltd.,2026-04-23 12:49:09.120969
2026042303002506,CORBL,34,28,10,2038.8,20388.0,Vision Securities Pvt. Ltd,Shree Krishna Securities Ltd.,2026-04-23 12:49:12.589824
2026042303002519,CORBL,34,72,10,2038.8,20388.0,Vision Securities Pvt. Ltd,Hatemalo Financial Services Private Limited,2026-04-23 12:49:18.378314
2026042303002545,CORBL,33,4,7,2021.0,14147.0,Dakshinkali Investment & Securities Pvt. Ltd.,Opal Securities Investment (PVT) Ltd.,2026-04-23 12:51:23.362304
2026042303002568,CORBL,41,29,10,2099.0,20990.0,Linch Stock Market Ltd.,Trisul Securities & Invt. Ltd.,2026-04-23 12:51:57.527373
2026042303002573,CORBL,34,72,10,2040.0,20400.0,Vision Securities Pvt. Ltd,Hatemalo Financial Services Private Limited,2026-04-23 12:52:07.093233
2026042303002601,CORBL,41,29,10,2099.0,20990.0,Linch Stock Market Ltd.,Trisul Securities & Invt. Ltd.,2026-04-23 12:53:20.698016
2026042303002605,CORBL,34,72,10,2040.0,20400.0,Vision Securities Pvt. Ltd,Hatemalo Financial Services Private Limited,2026-04-23 12:53:26.619180
2026042303002634,CORBL,72,29,80,2099.0,167920.0,Hatemalo Financial Services Private Limited,Trisul Securities & Invt. Ltd.,2026-04-23 12:54:41.738912
2026042303002635,CORBL,72,51,10,2099.0,20990.0,Hatemalo Financial Services Private Limited,Oxford Securities Pvt. Ltd.,2026-04-23 12:54:41.739058
2026042303002636,CORBL,72,42,110,2099.0,230890.0,Hatemalo Financial Services Private Limited,Sani Securities Company Ltd.,2026-04-23 12:54:41.739103
2026042303002640,CORBL,34,72,10,2040.0,20400.0,Vision Securities Pvt. Ltd,Hatemalo Financial Services Private Limited,2026-04-23 12:54:44.256998
2026042303002672,CORBL,72,1,30,2098.0,62940.0,Hatemalo Financial Services Private Limited,Kumari Securities Private Limited,2026-04-23 12:55:51.257404
2026042303002679,CORBL,50,28,10,2041.0,20410.0,Cristal Kanchanjanga Securites Pvt. Ltd.,Shree Krishna Securities Ltd.,2026-04-23 12:55:53.102348
2026042303002682,CORBL,50,72,10,2041.0,20410.0,Cristal Kanchanjanga Securites Pvt. Ltd.,Hatemalo Financial Services Private Limited,2026-04-23 12:55:53.336122
2026042303002690,CORBL,41,1,10,2098.0,20980.0,Linch Stock Market Ltd.,Kumari Securities Private Limited,2026-04-23 12:56:46.220999
2026042303002691,CORBL,41,28,10,2042.0,20420.0,Linch Stock Market Ltd.,Shree Krishna Securities Ltd.,2026-04-23 12:56:48.242012
2026042303002692,CORBL,50,72,10,2041.0,20410.0,Cristal Kanchanjanga Securites Pvt. Ltd.,Hatemalo Financial Services Private Limited,2026-04-23 12:56:49.003449
2026042303002717,CORBL,50,28,10,2041.0,20410.0,Cristal Kanchanjanga Securites Pvt. Ltd.,Shree Krishna Securities Ltd.,2026-04-23 12:58:04.395082
2026042303002863,CORBL,50,28,10,2041.0,20410.0,Cristal Kanchanjanga Securites Pvt. Ltd.,Shree Krishna Securities Ltd.,2026-04-23 13:03:06.804955
2026042303002895,CORBL,50,28,10,2041.0,20410.0,Cristal Kanchanjanga Securites Pvt. Ltd.,Shree Krishna Securities Ltd.,2026-04-23 13:04:06.263528
2026042303002956,CORBL,50,28,2,2036.0,4072.0,Cristal Kanchanjanga Securites Pvt. Ltd.,Shree Krishna Securities Ltd.,2026-04-23 13:05:25.964197
2026042303003018,CORBL,50,87,10,2041.0,20410.0,Cristal Kanchanjanga Securites Pvt. Ltd.,S.P.S.A. Securities Limited,2026-04-23 13:07:12.663756
2026042303003097,CORBL,88,28,10,2043.0,20430.0,Blue Chip Securities Ltd,Shree Krishna Securities Ltd.,2026-04-23 13:10:12.583128
2026042303003118,CORBL,41,42,10,2096.9,20969.0,Linch Stock Market Ltd.,Sani Securities Company Ltd.,2026-04-23 13:10:39.827960
2026042303003121,CORBL,41,28,10,2044.0,20440.0,Linch Stock Market Ltd.,Shree Krishna Securities Ltd.,2026-04-23 13:10:41.616361
2026042303003128,CORBL,41,28,10,2044.0,20440.0,Linch Stock Market Ltd.,Shree Krishna Securities Ltd.,2026-04-23 13:11:03.012993
2026042303003130,CORBL,88,28,10,2043.0,20430.0,Blue Chip Securities Ltd,Shree Krishna Securities Ltd.,2026-04-23 13:11:08.686385
2026042303003173,CORBL,58,28,10,2045.1,20451.0,Naasa Securities Co. Ltd.,Shree Krishna Securities Ltd.,2026-04-23 13:13:11.740509
2026042303003247,CORBL,34,28,10,2046.0,20460.0,Vision Securities Pvt. Ltd,Shree Krishna Securities Ltd.,2026-04-23 13:16:03.363760
2026042303003269,CORBL,88,28,10,2050.0,20500.0,Blue Chip Securities Ltd,Shree Krishna Securities Ltd.,2026-04-23 13:17:20.778653
2026042303003270,CORBL,88,28,10,2050.0,20500.0,Blue Chip Securities Ltd,Shree Krishna Securities Ltd.,2026-04-23 13:17:49.878881
2026042303003275,CORBL,88,28,10,2050.0,20500.0,Blue Chip Securities Ltd,Shree Krishna Securities Ltd.,2026-04-23 13:18:04.288536
2026042303003276,CORBL,88,28,10,2050.0,20500.0,Blue Chip Securities Ltd,Shree Krishna Securities Ltd.,2026-04-23 13:18:09.638170
2026042303003392,CORBL,88,28,10,2056.0,20560.0,Blue Chip Securities Ltd,Shree Krishna Securities Ltd.,2026-04-23 13:22:30.291147
2026042303003395,CORBL,88,28,10,2056.0,20560.0,Blue Chip Securities Ltd,Shree Krishna Securities Ltd.,2026-04-23 13:22:34.814777
2026042303003401,CORBL,88,28,10,2056.0,20560.0,Blue Chip Securities Ltd,Shree Krishna Securities Ltd.,2026-04-23 13:23:08.861117
2026042303003413,CORBL,70,87,10,2070.0,20700.0,Infinity Securities Limited,S.P.S.A. Securities Limited,2026-04-23 13:23:37.212680
2026042303003418,CORBL,60,74,100,2090.0,209000.0,Nagarik Stock Dealer ,KALASH STOCK MARKET PVT. LTD.,2026-04-23 13:24:21.169860
2026042303003419,CORBL,60,10,10,2096.0,20960.0,Nagarik Stock Dealer ,Pragyan Securities (PVT) Ltd.,2026-04-23 13:24:21.170157
2026042303003420,CORBL,60,40,100,2097.0,209700.0,Nagarik Stock Dealer ,Creative Securities Pvt Ltd,2026-04-23 13:24:21.170334
2026042303003421,CORBL,60,1,10,2098.0,20980.0,Nagarik Stock Dealer ,Kumari Securities Private Limited,2026-04-23 13:24:21.170499
2026042303003422,CORBL,60,25,50,2099.8,104990.0,Nagarik Stock Dealer ,Sweta Securities Private Limited,2026-04-23 13:24:21.170661
2026042303003423,CORBL,60,28,730,2099.9,1532927.0,Nagarik Stock Dealer ,Shree Krishna Securities Ltd.,2026-04-23 13:24:21.170814
2026042303003424,CORBL,70,28,10,2070.0,20700.0,Infinity Securities Limited,Shree Krishna Securities Ltd.,2026-04-23 13:24:24.561112
2026042303003451,CORBL,70,28,10,2070.0,20700.0,Infinity Securities Limited,Shree Krishna Securities Ltd.,2026-04-23 13:25:43.099211
2026042303003495,CORBL,70,74,100,2070.0,207000.0,Infinity Securities Limited,KALASH STOCK MARKET PVT. LTD.,2026-04-23 13:27:58.553530
2026042303003501,CORBL,59,59,15,2098.0,31470.0,Deevyaa Securities & Stock House Pvt. Ltd,Deevyaa Securities & Stock House Pvt. Ltd,2026-04-23 13:28:16.499548
2026042303003520,CORBL,38,57,9,2044.0,18396.0,Dipshikha Dhitopatra Karobar Co. Pvt Ltd.,Aryatara Investment & Securities,2026-04-23 13:28:36.763997
2026042303003521,CORBL,70,87,10,2070.0,20700.0,Infinity Securities Limited,S.P.S.A. Securities Limited,2026-04-23 13:28:39.960189
2026042303003522,CORBL,70,14,10,2070.0,20700.0,Infinity Securities Limited,Nepal Stock House (PVT) Ltd.,2026-04-23 13:28:49.419064
2026042303003600,CORBL,52,72,40,2090.0,83600.0,Sundhara Securities Limited,Hatemalo Financial Services Private Limited,2026-04-23 13:30:30.837761
2026042303003604,CORBL,58,72,10,2090.0,20900.0,Naasa Securities Co. Ltd.,Hatemalo Financial Services Private Limited,2026-04-23 13:30:43.380214
2026042303003605,CORBL,70,28,10,2070.0,20700.0,Infinity Securities Limited,Shree Krishna Securities Ltd.,2026-04-23 13:30:48.093685
2026042303003629,CORBL,70,58,40,2070.0,82800.0,Infinity Securities Limited,Naasa Securities Co. Ltd.,2026-04-23 13:31:16.914180
2026042303003630,CORBL,14,58,30,2070.0,62100.0,Nepal Stock House (PVT) Ltd.,Naasa Securities Co. Ltd.,2026-04-23 13:31:16.914341
2026042303003631,CORBL,14,58,30,2070.0,62100.0,Nepal Stock House (PVT) Ltd.,Naasa Securities Co. Ltd.,2026-04-23 13:31:16.914435
2026042303003644,CORBL,49,28,10,2060.0,20600.0,Online Securities Pvt. Ltd.,Shree Krishna Securities Ltd.,2026-04-23 13:31:57.708569
2026042303003681,CORBL,58,74,10,2089.0,20890.0,Naasa Securities Co. Ltd.,KALASH STOCK MARKET PVT. LTD.,2026-04-23 13:33:46.664760
2026042303003693,CORBL,70,28,10,2060.0,20600.0,Infinity Securities Limited,Shree Krishna Securities Ltd.,2026-04-23 13:34:35.698745
2026042303003722,CORBL,70,7,40,2060.0,82400.0,Infinity Securities Limited,J.F. Securites (PVT) Ltd.,2026-04-23 13:35:20.028415
2026042303003742,CORBL,84,74,15,2089.0,31335.0,MILKY WAY SHARE BROKER COMPANY LTD ,KALASH STOCK MARKET PVT. LTD.,2026-04-23 13:35:52.933643
2026042303003746,CORBL,70,28,10,2060.0,20600.0,Infinity Securities Limited,Shree Krishna Securities Ltd.,2026-04-23 13:36:01.374986
2026042303003751,CORBL,41,74,10,2089.0,20890.0,Linch Stock Market Ltd.,KALASH STOCK MARKET PVT. LTD.,2026-04-23 13:36:13.539488
2026042303003752,CORBL,70,28,10,2060.0,20600.0,Infinity Securities Limited,Shree Krishna Securities Ltd.,2026-04-23 13:36:15.112608
2026042303003765,CORBL,70,28,10,2060.0,20600.0,Infinity Securities Limited,Shree Krishna Securities Ltd.,2026-04-23 13:36:47.223698
2026042303003796,CORBL,70,28,10,2060.0,20600.0,Infinity Securities Limited,Shree Krishna Securities Ltd.,2026-04-23 13:38:28.505342
2026042303003863,CORBL,70,6,10,2088.9,20889.0,Infinity Securities Limited,Agrawal Securities (PVT) Ltd.,2026-04-23 13:40:54.591511
2026042303003864,CORBL,70,74,10,2089.0,20890.0,Infinity Securities Limited,KALASH STOCK MARKET PVT. LTD.,2026-04-23 13:40:54.591617
2026042303003865,CORBL,29,28,10,2061.0,20610.0,Trisul Securities & Invt. Ltd.,Shree Krishna Securities Ltd.,2026-04-23 13:40:59.513103
2026042303003871,CORBL,70,74,10,2089.0,20890.0,Infinity Securities Limited,KALASH STOCK MARKET PVT. LTD.,2026-04-23 13:41:09.235338
2026042303003880,CORBL,29,28,10,2061.0,20610.0,Trisul Securities & Invt. Ltd.,Shree Krishna Securities Ltd.,2026-04-23 13:41:17.533509
2026042303003905,CORBL,70,28,10,2065.0,20650.0,Infinity Securities Limited,Shree Krishna Securities Ltd.,2026-04-23 13:42:53.889836
2026042303003911,CORBL,70,74,10,2089.0,20890.0,Infinity Securities Limited,KALASH STOCK MARKET PVT. LTD.,2026-04-23 13:43:04.044178
2026042303003923,CORBL,70,28,10,2065.0,20650.0,Infinity Securities Limited,Shree Krishna Securities Ltd.,2026-04-23 13:43:10.149605
2026042303003924,CORBL,70,87,10,2065.0,20650.0,Infinity Securities Limited,S.P.S.A. Securities Limited,2026-04-23 13:43:12.762638
2026042303003925,CORBL,70,74,10,2089.0,20890.0,Infinity Securities Limited,KALASH STOCK MARKET PVT. LTD.,2026-04-23 13:43:14.444161
2026042303003926,CORBL,70,28,10,2065.0,20650.0,Infinity Securities Limited,Shree Krishna Securities Ltd.,2026-04-23 13:43:16.708371
2026042303003931,CORBL,70,72,10,2090.0,20900.0,Infinity Securities Limited,Hatemalo Financial Services Private Limited,2026-04-23 13:43:33.269738
2026042303003951,CORBL,70,72,400,2090.0,836000.0,Infinity Securities Limited,Hatemalo Financial Services Private Limited,2026-04-23 13:44:58.757663
2026042303003964,CORBL,29,72,180,2090.0,376200.0,Trisul Securities & Invt. Ltd.,Hatemalo Financial Services Private Limited,2026-04-23 13:45:10.587967
2026042303004072,CORBL,28,56,24,2070.0,49680.0,Shree Krishna Securities Ltd.,Sri Hari Securities Pvt. Ltd.,2026-04-23 13:49:29.323934
2026042303004074,CORBL,60,72,200,2090.0,418000.0,Nagarik Stock Dealer ,Hatemalo Financial Services Private Limited,2026-04-23 13:49:36.034496
2026042303004083,CORBL,60,41,10,2089.9,20899.0,Nagarik Stock Dealer ,Linch Stock Market Ltd.,2026-04-23 13:50:16.566660
2026042303004084,CORBL,60,72,90,2090.0,188100.0,Nagarik Stock Dealer ,Hatemalo Financial Services Private Limited,2026-04-23 13:50:16.566982
2026042303004088,CORBL,71,72,1000,2090.0,2090000.0,SHUBHAKAMANA SECURITIES PVT. LTD,Hatemalo Financial Services Private Limited,2026-04-23 13:50:37.296740
2026042303004111,CORBL,71,6,100,2088.0,208800.0,SHUBHAKAMANA SECURITIES PVT. LTD,Agrawal Securities (PVT) Ltd.,2026-04-23 13:51:25.868209
2026042303004112,CORBL,71,41,10,2089.9,20899.0,SHUBHAKAMANA SECURITIES PVT. LTD,Linch Stock Market Ltd.,2026-04-23 13:51:25.868312
2026042303004113,CORBL,71,72,10,2090.0,20900.0,SHUBHAKAMANA SECURITIES PVT. LTD,Hatemalo Financial Services Private Limited,2026-04-23 13:51:25.868381
2026042303004170,CORBL,57,42,100,2072.0,207200.0,Aryatara Investment & Securities,Sani Securities Company Ltd.,2026-04-23 13:54:12.097877
2026042303004193,CORBL,70,58,123,2087.0,256701.0,Infinity Securities Limited,Naasa Securities Co. Ltd.,2026-04-23 13:56:00.902759
2026042303004194,CORBL,70,41,10,2089.9,20899.0,Infinity Securities Limited,Linch Stock Market Ltd.,2026-04-23 13:56:00.902958
2026042303004195,CORBL,70,72,267,2090.0,558030.0,Infinity Securities Limited,Hatemalo Financial Services Private Limited,2026-04-23 13:56:00.903062
2026042303004201,CORBL,50,7,10,2072.1,20721.0,Cristal Kanchanjanga Securites Pvt. Ltd.,J.F. Securites (PVT) Ltd.,2026-04-23 13:56:19.158793
2026042303004286,CORBL,3,22,10,2083.0,20830.0,Arun Securities (PVT) Ltd.,Siprabi Securities Pvt. Ltd.,2026-04-23 14:01:35.314620
2026042303004287,CORBL,3,32,40,2089.9,83596.0,Arun Securities (PVT) Ltd.,Premier Securities Company Ltd.,2026-04-23 14:01:35.314834
2026042303004352,CORBL,42,43,10,2080.1,20801.0,Sani Securities Company Ltd.,South Asian Bulls Pvt. Ltd.,2026-04-23 14:04:18.525691
2026042303004353,CORBL,46,43,32,2080.0,66560.0,Kalika Securities Pvt. Ltd.,South Asian Bulls Pvt. Ltd.,2026-04-23 14:04:18.525925
2026042303004375,CORBL,41,74,10,2089.0,20890.0,Linch Stock Market Ltd.,KALASH STOCK MARKET PVT. LTD.,2026-04-23 14:04:54.581552
2026042303004550,CORBL,42,25,10,2080.1,20801.0,Sani Securities Company Ltd.,Sweta Securities Private Limited,2026-04-23 14:11:35.746596
2026042303004551,CORBL,14,25,10,2080.1,20801.0,Nepal Stock House (PVT) Ltd.,Sweta Securities Private Limited,2026-04-23 14:11:35.746953
2026042303004552,CORBL,46,25,418,2080.0,869440.0,Kalika Securities Pvt. Ltd.,Sweta Securities Private Limited,2026-04-23 14:11:35.747227
2026042303004584,CORBL,46,42,899,2080.0,1869920.0,Kalika Securities Pvt. Ltd.,Sani Securities Company Ltd.,2026-04-23 14:13:12.549605
2026042303004586,CORBL,46,74,195,2080.0,405600.0,Kalika Securities Pvt. Ltd.,KALASH STOCK MARKET PVT. LTD.,2026-04-23 14:13:19.335114
2026042303004644,CORBL,28,35,25,2080.1,52002.5,Shree Krishna Securities Ltd.,Kohinoor Investment & Securities Pvt. Ltd.,2026-04-23 14:15:56.998869
2026042303004645,CORBL,28,4,10,2080.1,20801.0,Shree Krishna Securities Ltd.,Opal Securities Investment (PVT) Ltd.,2026-04-23 14:15:58.483608
2026042303004646,CORBL,28,58,40,2080.1,83204.0,Shree Krishna Securities Ltd.,Naasa Securities Co. Ltd.,2026-04-23 14:16:02.014162
2026042303004732,CORBL,42,4,10,2081.0,20810.0,Sani Securities Company Ltd.,Opal Securities Investment (PVT) Ltd.,2026-04-23 14:19:38.409350
2026042303004772,CORBL,42,4,10,2083.0,20830.0,Sani Securities Company Ltd.,Opal Securities Investment (PVT) Ltd.,2026-04-23 14:21:28.049388
2026042303004800,CORBL,57,58,85,2082.0,176970.0,Aryatara Investment & Securities,Naasa Securities Co. Ltd.,2026-04-23 14:22:32.462478
2026042303004808,CORBL,57,57,100,2082.0,208200.0,Aryatara Investment & Securities,Aryatara Investment & Securities,2026-04-23 14:22:48.695987
2026042303004842,CORBL,42,4,10,2082.1,20821.0,Sani Securities Company Ltd.,Opal Securities Investment (PVT) Ltd.,2026-04-23 14:24:41.956601
2026042303004899,CORBL,57,4,10,2083.0,20830.0,Aryatara Investment & Securities,Opal Securities Investment (PVT) Ltd.,2026-04-23 14:26:09.934597
2026042303004984,CORBL,57,49,57,2083.0,118731.0,Aryatara Investment & Securities,Online Securities Pvt. Ltd.,2026-04-23 14:28:43.164794
2026042303005007,CORBL,89,11,10,2095.0,20950.0,Global IME Securities Limited,Malla & Malla Stock Broking Company Pvt. Limited,2026-04-23 14:29:54.513526
2026042303005018,CORBL,89,49,11,2095.0,23045.0,Global IME Securities Limited,Online Securities Pvt. Ltd.,2026-04-23 14:30:01.797061
2026042303005026,CORBL,46,49,89,2095.0,186455.0,Kalika Securities Pvt. Ltd.,Online Securities Pvt. Ltd.,2026-04-23 14:30:22.769116
2026042303005027,CORBL,46,50,14,2096.9,29356.6,Kalika Securities Pvt. Ltd.,Cristal Kanchanjanga Securites Pvt. Ltd.,2026-04-23 14:30:22.769344
2026042303005028,CORBL,46,22,25,2096.9,52422.5,Kalika Securities Pvt. Ltd.,Siprabi Securities Pvt. Ltd.,2026-04-23 14:30:22.769430
2026042303005029,CORBL,46,22,20,2097.0,41940.0,Kalika Securities Pvt. Ltd.,Siprabi Securities Pvt. Ltd.,2026-04-23 14:30:22.769507
2026042303005030,CORBL,46,59,85,2098.0,178330.0,Kalika Securities Pvt. Ltd.,Deevyaa Securities & Stock House Pvt. Ltd,2026-04-23 14:30:22.769585
2026042303005031,CORBL,46,11,20,2099.8,41996.0,Kalika Securities Pvt. Ltd.,Malla & Malla Stock Broking Company Pvt. Limited,2026-04-23 14:30:22.769678
2026042303005032,CORBL,46,46,10,2100.0,21000.0,Kalika Securities Pvt. Ltd.,Kalika Securities Pvt. Ltd.,2026-04-23 14:30:22.769768
2026042303005033,CORBL,46,58,10,2100.0,21000.0,Kalika Securities Pvt. Ltd.,Naasa Securities Co. Ltd.,2026-04-23 14:30:22.769869
2026042303005034,CORBL,46,64,200,2100.0,420000.0,Kalika Securities Pvt. Ltd.,SUN SECURITIES PVT LTD,2026-04-23 14:30:22.769966
2026042303005035,CORBL,46,34,27,2101.0,56727.0,Kalika Securities Pvt. Ltd.,Vision Securities Pvt. Ltd,2026-04-23 14:30:22.770073
2026042303005045,CORBL,70,4,10,2085.0,20850.0,Infinity Securities Limited,Opal Securities Investment (PVT) Ltd.,2026-04-23 14:30:46.793199
2026042303005116,CORBL,57,69,148,2083.0,308284.0,Aryatara Investment & Securities,INDEX SECURITIES LIMITED,2026-04-23 14:33:43.890077
2026042303005117,CORBL,46,69,52,2080.0,108160.0,Kalika Securities Pvt. Ltd.,INDEX SECURITIES LIMITED,2026-04-23 14:33:43.890433
2026042303005219,CORBL,45,7,10,2082.0,20820.0,Imperial Securities Company Pvt. Ltd.,J.F. Securites (PVT) Ltd.,2026-04-23 14:36:11.898303
2026042303005224,CORBL,88,45,30,2090.0,62700.0,Blue Chip Securities Ltd,Imperial Securities Company Pvt. Ltd.,2026-04-23 14:36:19.963993
2026042303005225,CORBL,88,49,100,2090.0,209000.0,Blue Chip Securities Ltd,Online Securities Pvt. Ltd.,2026-04-23 14:36:19.964433
2026042303005226,CORBL,88,50,50,2099.9,104995.0,Blue Chip Securities Ltd,Cristal Kanchanjanga Securites Pvt. Ltd.,2026-04-23 14:36:19.964803
2026042303005227,CORBL,88,58,20,2100.0,42000.0,Blue Chip Securities Ltd,Naasa Securities Co. Ltd.,2026-04-23 14:36:19.965188
2026042303005300,CORBL,49,7,10,2082.0,20820.0,Online Securities Pvt. Ltd.,J.F. Securites (PVT) Ltd.,2026-04-23 14:39:05.847872
2026042303005315,CORBL,49,80,10,2082.0,20820.0,Online Securities Pvt. Ltd.,Indira securities pvt. ltd,2026-04-23 14:39:44.733663
2026042303005316,CORBL,58,80,10,2081.2,20812.0,Naasa Securities Co. Ltd.,Indira securities pvt. ltd,2026-04-23 14:39:44.733914
2026042303005317,CORBL,19,80,50,2080.2,104010.0,Nepal Investment And Securities Trading Private Limited,Indira securities pvt. ltd,2026-04-23 14:39:44.734004
2026042303005318,CORBL,46,80,30,2080.0,62400.0,Kalika Securities Pvt. Ltd.,Indira securities pvt. ltd,2026-04-23 14:39:44.734101
2026042303005324,CORBL,70,28,10,2057.0,20570.0,Infinity Securities Limited,Shree Krishna Securities Ltd.,2026-04-23 14:40:09.594868
2026042303005347,CORBL,46,34,170,2060.0,350200.0,Kalika Securities Pvt. Ltd.,Vision Securities Pvt. Ltd,2026-04-23 14:41:17.096862
2026042303005628,CORBL,46,49,10,2096.0,20960.0,Kalika Securities Pvt. Ltd.,Online Securities Pvt. Ltd.,2026-04-23 14:47:35.856330
2026042303005678,CORBL,34,52,2,2037.5,4075.0,Vision Securities Pvt. Ltd,Sundhara Securities Limited,2026-04-23 14:48:57.736891
2026042303005788,CORBL,46,58,200,2080.0,416000.0,Kalika Securities Pvt. Ltd.,Naasa Securities Co. Ltd.,2026-04-23 14:50:41.088072
2026042303005883,CORBL,46,7,10,2080.0,20800.0,Kalika Securities Pvt. Ltd.,J.F. Securites (PVT) Ltd.,2026-04-23 14:52:18.547706
2026042303005915,CORBL,46,22,50,2080.0,104000.0,Kalika Securities Pvt. Ltd.,Siprabi Securities Pvt. Ltd.,2026-04-23 14:52:52.153255
2026042303005981,CORBL,46,62,10,2080.0,20800.0,Kalika Securities Pvt. Ltd.,Capital Max Securities Ltd,2026-04-23 14:53:33.349430
2026042303006005,CORBL,46,1,10,2080.0,20800.0,Kalika Securities Pvt. Ltd.,Kumari Securities Private Limited,2026-04-23 14:53:51.315363
2026042303006066,CORBL,46,42,19,2080.0,39520.0,Kalika Securities Pvt. Ltd.,Sani Securities Company Ltd.,2026-04-23 14:54:31.657543
2026042303006190,CORBL,46,4,10,2080.0,20800.0,Kalika Securities Pvt. Ltd.,Opal Securities Investment (PVT) Ltd.,2026-04-23 14:56:09.403631
2026042303006217,CORBL,46,6,20,2080.0,41600.0,Kalika Securities Pvt. Ltd.,Agrawal Securities (PVT) Ltd.,2026-04-23 14:56:29.011510
2026042303006298,CORBL,28,22,20,2089.0,41780.0,Shree Krishna Securities Ltd.,Siprabi Securities Pvt. Ltd.,2026-04-23 14:57:11.999712
2026042303006299,CORBL,28,49,30,2096.0,62880.0,Shree Krishna Securities Ltd.,Online Securities Pvt. Ltd.,2026-04-23 14:57:11.999815
2026042303006300,CORBL,28,6,10,2096.0,20960.0,Shree Krishna Securities Ltd.,Agrawal Securities (PVT) Ltd.,2026-04-23 14:57:11.999878
2026042303006301,CORBL,28,58,48,2098.0,100704.0,Shree Krishna Securities Ltd.,Naasa Securities Co. Ltd.,2026-04-23 14:57:11.999967
2026042303006302,CORBL,28,32,10,2098.9,20989.0,Shree Krishna Securities Ltd.,Premier Securities Company Ltd.,2026-04-23 14:57:12.000089
2026042303006303,CORBL,28,41,20,2098.9,41978.0,Shree Krishna Securities Ltd.,Linch Stock Market Ltd.,2026-04-23 14:57:12.000192
2026042303006304,CORBL,28,58,110,2098.9,230879.0,Shree Krishna Securities Ltd.,Naasa Securities Co. Ltd.,2026-04-23 14:57:12.000290
2026042303006305,CORBL,28,42,200,2099.0,419800.0,Shree Krishna Securities Ltd.,Sani Securities Company Ltd.,2026-04-23 14:57:12.000395
2026042303006306,CORBL,28,58,30,2100.0,63000.0,Shree Krishna Securities Ltd.,Naasa Securities Co. Ltd.,2026-04-23 14:57:12.000518
2026042303006307,CORBL,28,7,100,2100.0,210000.0,Shree Krishna Securities Ltd.,J.F. Securites (PVT) Ltd.,2026-04-23 14:57:12.000618
2026042303006308,CORBL,28,57,50,2100.0,105000.0,Shree Krishna Securities Ltd.,Aryatara Investment & Securities,2026-04-23 14:57:12.000714
2026042303006309,CORBL,28,49,100,2100.0,210000.0,Shree Krishna Securities Ltd.,Online Securities Pvt. Ltd.,2026-04-23 14:57:12.000816
2026042303006310,CORBL,28,58,20,2100.0,42000.0,Shree Krishna Securities Ltd.,Naasa Securities Co. Ltd.,2026-04-23 14:57:12.000950
2026042303006311,CORBL,28,6,50,2100.0,105000.0,Shree Krishna Securities Ltd.,Agrawal Securities (PVT) Ltd.,2026-04-23 14:57:12.001071
2026042303006312,CORBL,28,34,173,2101.0,363473.0,Shree Krishna Securities Ltd.,Vision Securities Pvt. Ltd,2026-04-23 14:57:12.001176
2026042303006313,CORBL,28,11,10,2102.0,21020.0,Shree Krishna Securities Ltd.,Malla & Malla Stock Broking Company Pvt. Limited,2026-04-23 14:57:12.001282
2026042303006314,CORBL,28,6,10,2102.0,21020.0,Shree Krishna Securities Ltd.,Agrawal Securities (PVT) Ltd.,2026-04-23 14:57:12.001384
2026042303006316,CORBL,33,72,10,2071.0,20710.0,Dakshinkali Investment & Securities Pvt. Ltd.,Hatemalo Financial Services Private Limited,2026-04-23 14:57:12.620488
2026042303006352,CORBL,28,6,260,2088.0,542880.0,Shree Krishna Securities Ltd.,Agrawal Securities (PVT) Ltd.,2026-04-23 14:57:24.881726
2026042303006353,CORBL,28,48,50,2105.0,105250.0,Shree Krishna Securities Ltd.,Trishakti Securities Public Limited,2026-04-23 14:57:24.881766
2026042303006354,CORBL,28,53,50,2106.1,105305.0,Shree Krishna Securities Ltd.,Investment Management Nepal Pvt. Ltd.,2026-04-23 14:57:24.881791
2026042303006355,CORBL,28,1,10,2110.0,21100.0,Shree Krishna Securities Ltd.,Kumari Securities Private Limited,2026-04-23 14:57:24.881839
2026042303006356,CORBL,28,58,10,2110.0,21100.0,Shree Krishna Securities Ltd.,Naasa Securities Co. Ltd.,2026-04-23 14:57:24.881872
2026042303006357,CORBL,28,22,20,2110.0,42200.0,Shree Krishna Securities Ltd.,Siprabi Securities Pvt. Ltd.,2026-04-23 14:57:24.881900
2026042303006358,CORBL,33,72,10,2071.0,20710.0,Dakshinkali Investment & Securities Pvt. Ltd.,Hatemalo Financial Services Private Limited,2026-04-23 14:57:25.629671
2026042303006383,CORBL,28,4,20,2120.0,42400.0,Shree Krishna Securities Ltd.,Opal Securities Investment (PVT) Ltd.,2026-04-23 14:57:38.997345
2026042303006384,CORBL,28,65,70,2120.0,148400.0,Shree Krishna Securities Ltd.,Sharepro Securities Private Limited,2026-04-23 14:57:38.997438
2026042303006385,CORBL,28,50,155,2121.0,328755.0,Shree Krishna Securities Ltd.,Cristal Kanchanjanga Securites Pvt. Ltd.,2026-04-23 14:57:38.997513
2026042303006386,CORBL,28,49,38,2121.0,80598.0,Shree Krishna Securities Ltd.,Online Securities Pvt. Ltd.,2026-04-23 14:57:38.997587
2026042303006387,CORBL,28,35,50,2121.0,106050.0,Shree Krishna Securities Ltd.,Kohinoor Investment & Securities Pvt. Ltd.,2026-04-23 14:57:38.997659
2026042303006388,CORBL,28,49,20,2121.8,42436.0,Shree Krishna Securities Ltd.,Online Securities Pvt. Ltd.,2026-04-23 14:57:38.997734
2026042303006389,CORBL,28,1,29,2130.0,61770.0,Shree Krishna Securities Ltd.,Kumari Securities Private Limited,2026-04-23 14:57:38.997808
2026042303006390,CORBL,28,49,200,2130.0,426000.0,Shree Krishna Securities Ltd.,Online Securities Pvt. Ltd.,2026-04-23 14:57:38.997911
2026042303006391,CORBL,28,6,100,2130.0,213000.0,Shree Krishna Securities Ltd.,Agrawal Securities (PVT) Ltd.,2026-04-23 14:57:38.998002
2026042303006392,CORBL,28,46,10,2130.0,21300.0,Shree Krishna Securities Ltd.,Kalika Securities Pvt. Ltd.,2026-04-23 14:57:38.998094
2026042303006393,CORBL,33,72,10,2071.0,20710.0,Dakshinkali Investment & Securities Pvt. Ltd.,Hatemalo Financial Services Private Limited,2026-04-23 14:57:39.305477
2026042303006397,CORBL,70,46,10,2130.0,21300.0,Infinity Securities Limited,Kalika Securities Pvt. Ltd.,2026-04-23 14:57:41.392995
2026042303006408,CORBL,33,87,10,2071.0,20710.0,Dakshinkali Investment & Securities Pvt. Ltd.,S.P.S.A. Securities Limited,2026-04-23 14:57:45.722910
2026042303006420,CORBL,28,41,70,2100.0,147000.0,Shree Krishna Securities Ltd.,Linch Stock Market Ltd.,2026-04-23 14:57:53.196627
2026042303006421,CORBL,28,46,10,2130.0,21300.0,Shree Krishna Securities Ltd.,Kalika Securities Pvt. Ltd.,2026-04-23 14:57:53.196663
2026042303006422,CORBL,28,6,100,2130.0,213000.0,Shree Krishna Securities Ltd.,Agrawal Securities (PVT) Ltd.,2026-04-23 14:57:53.196687
2026042303006423,CORBL,28,49,10,2132.0,21320.0,Shree Krishna Securities Ltd.,Online Securities Pvt. Ltd.,2026-04-23 14:57:53.196710
2026042303006424,CORBL,28,6,10,2132.0,21320.0,Shree Krishna Securities Ltd.,Agrawal Securities (PVT) Ltd.,2026-04-23 14:57:53.196732
2026042303006425,CORBL,28,45,30,2133.0,63990.0,Shree Krishna Securities Ltd.,Imperial Securities Company Pvt. Ltd.,2026-04-23 14:57:53.196764
2026042303006426,CORBL,28,60,50,2134.0,106700.0,Shree Krishna Securities Ltd.,Nagarik Stock Dealer ,2026-04-23 14:57:53.196799
2026042303006427,CORBL,28,26,20,2134.0,42680.0,Shree Krishna Securities Ltd.,Asian Securities Private Ltd.,2026-04-23 14:57:53.196821
2026042303006441,CORBL,33,70,10,2071.0,20710.0,Dakshinkali Investment & Securities Pvt. Ltd.,Infinity Securities Limited,2026-04-23 14:58:03.045267
2026042303006443,CORBL,28,14,10,2133.0,21330.0,Shree Krishna Securities Ltd.,Nepal Stock House (PVT) Ltd.,2026-04-23 14:58:06.788768
2026042303006540,CORBL,33,70,10,2073.0,20730.0,Dakshinkali Investment & Securities Pvt. Ltd.,Infinity Securities Limited,2026-04-23 14:58:39.262042
2026042303006580,CORBL,28,41,10,2121.0,21210.0,Shree Krishna Securities Ltd.,Linch Stock Market Ltd.,2026-04-23 14:58:59.722717
2026042303006676,CORBL,34,70,10,2075.0,20750.0,Vision Securities Pvt. Ltd,Infinity Securities Limited,2026-04-23 14:59:26.677300
2026042303006677,CORBL,72,58,180,2100.0,378000.0,Hatemalo Financial Services Private Limited,Naasa Securities Co. Ltd.,2026-04-23 14:59:26.700115
2026042303006678,CORBL,72,41,100,2120.0,212000.0,Hatemalo Financial Services Private Limited,Linch Stock Market Ltd.,2026-04-23 14:59:26.700154
2026042303006679,CORBL,72,74,220,2120.0,466400.0,Hatemalo Financial Services Private Limited,KALASH STOCK MARKET PVT. LTD.,2026-04-23 14:59:26.700184
2026042303006724,CORBL,71,71,100,2119.0,211900.0,SHUBHAKAMANA SECURITIES PVT. LTD,SHUBHAKAMANA SECURITIES PVT. LTD,2026-04-23 14:59:38.124226
2026042303006750,CORBL,34,70,10,2075.0,20750.0,Vision Securities Pvt. Ltd,Infinity Securities Limited,2026-04-23 14:59:43.099937
2026042303006771,CORBL,46,58,1,2080.0,2080.0,Kalika Securities Pvt. Ltd.,Naasa Securities Co. Ltd.,2026-04-23 14:59:51.237480
2026042303006786,CORBL,63,22,10,2119.9,21199.0,Himalayan Brokerage Company Limited,Siprabi Securities Pvt. Ltd.,2026-04-23 14:59:55.684485
2026042303006787,CORBL,28,74,500,2119.0,1059500.0,Shree Krishna Securities Ltd.,KALASH STOCK MARKET PVT. LTD.,2026-04-23 14:59:55.822444
2026042303006788,CORBL,28,35,10,2120.0,21200.0,Shree Krishna Securities Ltd.,Kohinoor Investment & Securities Pvt. Ltd.,2026-04-23 14:59:55.822637
2026042303006789,CORBL,28,39,30,2120.0,63600.0,Shree Krishna Securities Ltd.,Sumeru Securities Pvt. Ltd.,2026-04-23 14:59:55.822733
2026042303006790,CORBL,28,32,30,2120.0,63600.0,Shree Krishna Securities Ltd.,Premier Securities Company Ltd.,2026-04-23 14:59:55.822825
2026042303006791,CORBL,28,57,20,2120.0,42400.0,Shree Krishna Securities Ltd.,Aryatara Investment & Securities,2026-04-23 14:59:55.822919
2026042303006792,CORBL,28,41,90,2121.0,190890.0,Shree Krishna Securities Ltd.,Linch Stock Market Ltd.,2026-04-23 14:59:55.823014
2026042303006793,CORBL,28,49,49,2121.0,103929.0,Shree Krishna Securities Ltd.,Online Securities Pvt. Ltd.,2026-04-23 14:59:55.823115
2026042303006794,CORBL,28,58,60,2121.0,127260.0,Shree Krishna Securities Ltd.,Naasa Securities Co. Ltd.,2026-04-23 14:59:55.823205
2026042303006795,CORBL,28,46,10,2130.0,21300.0,Shree Krishna Securities Ltd.,Kalika Securities Pvt. Ltd.,2026-04-23 14:59:55.823297
2026042303006796,CORBL,28,59,50,2132.9,106645.0,Shree Krishna Securities Ltd.,Deevyaa Securities & Stock House Pvt. Ltd,2026-04-23 14:59:55.823384
2026042303006797,CORBL,28,4,10,2133.0,21330.0,Shree Krishna Securities Ltd.,Opal Securities Investment (PVT) Ltd.,2026-04-23 14:59:55.823472
2026042303006798,CORBL,28,36,200,2135.0,427000.0,Shree Krishna Securities Ltd.,Secured Securities Ltd.,2026-04-23 14:59:55.823562
2026042303006799,CORBL,28,11,10,2135.1,21351.0,Shree Krishna Securities Ltd.,Malla & Malla Stock Broking Company Pvt. Limited,2026-04-23 14:59:55.823650
2026042303006800,CORBL,28,48,50,2137.0,106850.0,Shree Krishna Securities Ltd.,Trishakti Securities Public Limited,2026-04-23 14:59:55.823738
2026042303006853,CORBL,28,58,10,2137.2,21372.0,Shree Krishna Securities Ltd.,Naasa Securities Co. Ltd.,2026-04-23 14:59:59.921815
