contractId,stockSymbol,buyerMemberId,sellerMemberId,quantity,rate,amount,businessDate,tradeBookId,stockId,buyerBrokerName,sellerBrokerName,transaction_time,securityName
2026042301000809,GBIME,38,62,210,236.0,49560.0,2026-04-23,187616880,341,Dipshikha Dhitopatra Karobar Co. Pvt Ltd.,Capital Max Securities Ltd,2026-04-23 11:02:11.768258,Global IME Bank Limited
2026042301004042,GBIME,58,52,10,235.0,2350.0,2026-04-23,187625577,341,Naasa Securities Co. Ltd.,Sundhara Securities Limited,2026-04-23 11:10:55.344858,Global IME Bank Limited
2026042301004111,GBIME,1,13,10,235.9,2359.0,2026-04-23,187625770,341,Kumari Securities Private Limited,Thrive Brokerage House Pvt. Ltd,2026-04-23 11:11:05.340675,Global IME Bank Limited
2026042301004863,GBIME,58,46,10,235.4,2354.0,2026-04-23,187627674,341,Naasa Securities Co. Ltd.,Kalika Securities Pvt. Ltd.,2026-04-23 11:13:11.970450,Global IME Bank Limited
2026042301005392,GBIME,62,57,108,235.1,25390.8,2026-04-23,187629032,341,Capital Max Securities Ltd,Aryatara Investment & Securities,2026-04-23 11:14:30.994135,Global IME Bank Limited
2026042301005931,GBIME,56,49,16,234.0,3744.0,2026-04-23,187630637,341,Sri Hari Securities Pvt. Ltd.,Online Securities Pvt. Ltd.,2026-04-23 11:16:04.823937,Global IME Bank Limited
2026042301006098,GBIME,26,49,19,235.0,4465.0,2026-04-23,187631098,341,Asian Securities Private Ltd.,Online Securities Pvt. Ltd.,2026-04-23 11:16:29.698085,Global IME Bank Limited
2026042301007051,GBIME,58,58,15,234.0,3510.0,2026-04-23,187633539,341,Naasa Securities Co. Ltd.,Naasa Securities Co. Ltd.,2026-04-23 11:18:29.166538,Global IME Bank Limited
2026042301007721,GBIME,58,13,35,234.0,8190.0,2026-04-23,187635248,341,Naasa Securities Co. Ltd.,Thrive Brokerage House Pvt. Ltd,2026-04-23 11:20:05.591318,Global IME Bank Limited
2026042301007722,GBIME,1,13,365,234.0,85410.0,2026-04-23,187635249,341,Kumari Securities Private Limited,Thrive Brokerage House Pvt. Ltd,2026-04-23 11:20:05.591461,Global IME Bank Limited
2026042301007755,GBIME,1,52,14,234.0,3276.0,2026-04-23,187635354,341,Kumari Securities Private Limited,Sundhara Securities Limited,2026-04-23 11:20:13.343765,Global IME Bank Limited
2026042301007756,GBIME,45,52,13,233.1,3030.3,2026-04-23,187635356,341,Imperial Securities Company Pvt. Ltd.,Sundhara Securities Limited,2026-04-23 11:20:13.343799,Global IME Bank Limited
2026042301007757,GBIME,62,52,23,233.0,5359.0,2026-04-23,187635357,341,Capital Max Securities Ltd,Sundhara Securities Limited,2026-04-23 11:20:13.343822,Global IME Bank Limited
2026042301007767,GBIME,42,49,24,235.0,5640.0,2026-04-23,187635383,341,Sani Securities Company Ltd.,Online Securities Pvt. Ltd.,2026-04-23 11:20:16.867718,Global IME Bank Limited
2026042301007768,GBIME,42,4,19,235.0,4465.0,2026-04-23,187635386,341,Sani Securities Company Ltd.,Opal Securities Investment (PVT) Ltd.,2026-04-23 11:20:16.867969,Global IME Bank Limited
2026042301008189,GBIME,91,4,10,235.0,2350.0,2026-04-23,187636648,341,Citizens Share Broker Limited,Opal Securities Investment (PVT) Ltd.,2026-04-23 11:21:14.519671,Global IME Bank Limited
2026042301008303,GBIME,11,4,25,235.0,5875.0,2026-04-23,187637008,341,Malla & Malla Stock Broking Company Pvt. Limited,Opal Securities Investment (PVT) Ltd.,2026-04-23 11:21:32.450925,Global IME Bank Limited
2026042301009190,GBIME,58,4,71,233.2,16557.2,2026-04-23,187639512,341,Naasa Securities Co. Ltd.,Opal Securities Investment (PVT) Ltd.,2026-04-23 11:23:37.086953,Global IME Bank Limited
2026042301009191,GBIME,50,4,100,233.1,23310.0,2026-04-23,187639514,341,Cristal Kanchanjanga Securites Pvt. Ltd.,Opal Securities Investment (PVT) Ltd.,2026-04-23 11:23:37.087095,Global IME Bank Limited
2026042301010237,GBIME,62,47,77,233.0,17941.0,2026-04-23,187642290,341,Capital Max Securities Ltd,Neev Securities Pvt. Ltd.,2026-04-23 11:26:08.252865,Global IME Bank Limited
2026042301010238,GBIME,34,47,100,233.0,23300.0,2026-04-23,187642292,341,Vision Securities Pvt. Ltd,Neev Securities Pvt. Ltd.,2026-04-23 11:26:08.253123,Global IME Bank Limited
2026042301010239,GBIME,45,47,20,233.0,4660.0,2026-04-23,187642294,341,Imperial Securities Company Pvt. Ltd.,Neev Securities Pvt. Ltd.,2026-04-23 11:26:08.253296,Global IME Bank Limited
2026042301010240,GBIME,6,47,100,233.0,23300.0,2026-04-23,187642296,341,Agrawal Securities (PVT) Ltd.,Neev Securities Pvt. Ltd.,2026-04-23 11:26:08.253461,Global IME Bank Limited
2026042301010791,GBIME,58,4,200,232.5,46500.0,2026-04-23,187643852,341,Naasa Securities Co. Ltd.,Opal Securities Investment (PVT) Ltd.,2026-04-23 11:27:22.451980,Global IME Bank Limited
2026042301010792,GBIME,16,4,75,232.5,17437.5,2026-04-23,187643853,341,Primo Securities (PVT) Ltd.,Opal Securities Investment (PVT) Ltd.,2026-04-23 11:27:22.452130,Global IME Bank Limited
2026042301010998,GBIME,52,58,30,233.5,7005.0,2026-04-23,187644351,341,Sundhara Securities Limited,Naasa Securities Co. Ltd.,2026-04-23 11:27:43.194193,Global IME Bank Limited
2026042301011119,GBIME,52,38,50,233.5,11675.0,2026-04-23,187644636,341,Sundhara Securities Limited,Dipshikha Dhitopatra Karobar Co. Pvt Ltd.,2026-04-23 11:27:54.845633,Global IME Bank Limited
2026042301011120,GBIME,16,38,33,232.5,7672.5,2026-04-23,187644637,341,Primo Securities (PVT) Ltd.,Dipshikha Dhitopatra Karobar Co. Pvt Ltd.,2026-04-23 11:27:54.845700,Global IME Bank Limited
2026042301011279,GBIME,16,1,27,232.5,6277.5,2026-04-23,187645039,341,Primo Securities (PVT) Ltd.,Kumari Securities Private Limited,2026-04-23 11:28:12.410366,Global IME Bank Limited
2026042301012203,GBIME,32,59,20,233.0,4660.0,2026-04-23,187647564,341,Premier Securities Company Ltd.,Deevyaa Securities & Stock House Pvt. Ltd,2026-04-23 11:30:23.054713,Global IME Bank Limited
2026042301012204,GBIME,6,59,300,232.6,69780.0,2026-04-23,187647566,341,Agrawal Securities (PVT) Ltd.,Deevyaa Securities & Stock House Pvt. Ltd,2026-04-23 11:30:23.054866,Global IME Bank Limited
2026042301012205,GBIME,6,59,500,232.3,116150.0,2026-04-23,187647568,341,Agrawal Securities (PVT) Ltd.,Deevyaa Securities & Stock House Pvt. Ltd,2026-04-23 11:30:23.054941,Global IME Bank Limited
2026042301012206,GBIME,44,59,1000,232.2,232200.0,2026-04-23,187647570,341,Dynamic Money Managers Securities Pvt. Ltd.,Deevyaa Securities & Stock House Pvt. Ltd,2026-04-23 11:30:23.055000,Global IME Bank Limited
2026042301012207,GBIME,6,59,3180,232.2,738396.0,2026-04-23,187647571,341,Agrawal Securities (PVT) Ltd.,Deevyaa Securities & Stock House Pvt. Ltd,2026-04-23 11:30:23.055065,Global IME Bank Limited
2026042301012222,GBIME,58,63,85,234.0,19890.0,2026-04-23,187647608,341,Naasa Securities Co. Ltd.,Himalayan Brokerage Company Limited,2026-04-23 11:30:24.237004,Global IME Bank Limited
2026042301012251,GBIME,45,63,115,234.0,26910.0,2026-04-23,187647709,341,Imperial Securities Company Pvt. Ltd.,Himalayan Brokerage Company Limited,2026-04-23 11:30:31.836007,Global IME Bank Limited
2026042301012252,GBIME,45,32,20,234.9,4698.0,2026-04-23,187647711,341,Imperial Securities Company Pvt. Ltd.,Premier Securities Company Ltd.,2026-04-23 11:30:31.836271,Global IME Bank Limited
2026042301012253,GBIME,45,4,16,235.0,3760.0,2026-04-23,187647713,341,Imperial Securities Company Pvt. Ltd.,Opal Securities Investment (PVT) Ltd.,2026-04-23 11:30:31.836446,Global IME Bank Limited
2026042301012254,GBIME,45,54,200,235.0,47000.0,2026-04-23,187647715,341,Imperial Securities Company Pvt. Ltd.,Sewa Securities Pvt. Ltd.,2026-04-23 11:30:31.836624,Global IME Bank Limited
2026042301012255,GBIME,45,46,19,235.4,4472.6,2026-04-23,187647717,341,Imperial Securities Company Pvt. Ltd.,Kalika Securities Pvt. Ltd.,2026-04-23 11:30:31.836792,Global IME Bank Limited
2026042301012256,GBIME,45,14,20,235.4,4708.0,2026-04-23,187647719,341,Imperial Securities Company Pvt. Ltd.,Nepal Stock House (PVT) Ltd.,2026-04-23 11:30:31.836972,Global IME Bank Limited
2026042301012257,GBIME,45,38,10,235.5,2355.0,2026-04-23,187647721,341,Imperial Securities Company Pvt. Ltd.,Dipshikha Dhitopatra Karobar Co. Pvt Ltd.,2026-04-23 11:30:31.837157,Global IME Bank Limited
2026042301012258,GBIME,45,22,50,235.5,11775.0,2026-04-23,187647724,341,Imperial Securities Company Pvt. Ltd.,Siprabi Securities Pvt. Ltd.,2026-04-23 11:30:31.837318,Global IME Bank Limited
2026042301014762,GBIME,34,50,1,233.0,233.0,2026-04-23,187654657,341,Vision Securities Pvt. Ltd,Cristal Kanchanjanga Securites Pvt. Ltd.,2026-04-23 11:37:41.022595,Global IME Bank Limited
2026042301015084,GBIME,58,51,10,235.0,2350.0,2026-04-23,187655690,341,Naasa Securities Co. Ltd.,Oxford Securities Pvt. Ltd.,2026-04-23 11:39:07.904920,Global IME Bank Limited
2026042301015917,GBIME,16,36,500,234.0,117000.0,2026-04-23,187657972,341,Primo Securities (PVT) Ltd.,Secured Securities Ltd.,2026-04-23 11:41:49.043229,Global IME Bank Limited
2026042301016006,GBIME,34,36,25,234.0,5850.0,2026-04-23,187658282,341,Vision Securities Pvt. Ltd,Secured Securities Ltd.,2026-04-23 11:42:10.377361,Global IME Bank Limited
2026042301016106,GBIME,42,49,2,234.0,468.0,2026-04-23,187658567,341,Sani Securities Company Ltd.,Online Securities Pvt. Ltd.,2026-04-23 11:42:33.507556,Global IME Bank Limited
2026042301016110,GBIME,32,34,100,232.3,23230.0,2026-04-23,187658588,341,Premier Securities Company Ltd.,Vision Securities Pvt. Ltd,2026-04-23 11:42:35.031217,Global IME Bank Limited
2026042301016111,GBIME,6,34,577,232.2,133979.4,2026-04-23,187658590,341,Agrawal Securities (PVT) Ltd.,Vision Securities Pvt. Ltd,2026-04-23 11:42:35.031381,Global IME Bank Limited
2026042301016112,GBIME,49,34,125,232.2,29025.0,2026-04-23,187658592,341,Online Securities Pvt. Ltd.,Vision Securities Pvt. Ltd,2026-04-23 11:42:35.031460,Global IME Bank Limited
2026042301016113,GBIME,16,34,215,232.2,49923.0,2026-04-23,187658594,341,Primo Securities (PVT) Ltd.,Vision Securities Pvt. Ltd,2026-04-23 11:42:35.031559,Global IME Bank Limited
2026042301016114,GBIME,17,34,20,232.2,4644.0,2026-04-23,187658596,341,ABC Securities Private Limited,Vision Securities Pvt. Ltd,2026-04-23 11:42:35.031671,Global IME Bank Limited
2026042301016115,GBIME,58,34,463,232.1,107462.3,2026-04-23,187658597,341,Naasa Securities Co. Ltd.,Vision Securities Pvt. Ltd,2026-04-23 11:42:35.031795,Global IME Bank Limited
2026042301016182,GBIME,58,34,850,232.1,197285.0,2026-04-23,187658828,341,Naasa Securities Co. Ltd.,Vision Securities Pvt. Ltd,2026-04-23 11:42:52.185914,Global IME Bank Limited
2026042301016183,GBIME,89,34,10,232.1,2321.0,2026-04-23,187658830,341,Global IME Securities Limited,Vision Securities Pvt. Ltd,2026-04-23 11:42:52.186234,Global IME Bank Limited
2026042301016184,GBIME,57,34,40,232.0,9280.0,2026-04-23,187658832,341,Aryatara Investment & Securities,Vision Securities Pvt. Ltd,2026-04-23 11:42:52.186445,Global IME Bank Limited
2026042301016185,GBIME,58,34,93,232.0,21576.0,2026-04-23,187658834,341,Naasa Securities Co. Ltd.,Vision Securities Pvt. Ltd,2026-04-23 11:42:52.186645,Global IME Bank Limited
2026042301016186,GBIME,49,34,56,232.0,12992.0,2026-04-23,187658836,341,Online Securities Pvt. Ltd.,Vision Securities Pvt. Ltd,2026-04-23 11:42:52.186843,Global IME Bank Limited
2026042301016187,GBIME,58,34,10,232.0,2320.0,2026-04-23,187658838,341,Naasa Securities Co. Ltd.,Vision Securities Pvt. Ltd,2026-04-23 11:42:52.187046,Global IME Bank Limited
2026042301016188,GBIME,58,34,100,232.0,23200.0,2026-04-23,187658840,341,Naasa Securities Co. Ltd.,Vision Securities Pvt. Ltd,2026-04-23 11:42:52.187222,Global IME Bank Limited
2026042301016189,GBIME,58,34,30,232.0,6960.0,2026-04-23,187658842,341,Naasa Securities Co. Ltd.,Vision Securities Pvt. Ltd,2026-04-23 11:42:52.187406,Global IME Bank Limited
2026042301016190,GBIME,16,34,500,232.0,116000.0,2026-04-23,187658844,341,Primo Securities (PVT) Ltd.,Vision Securities Pvt. Ltd,2026-04-23 11:42:52.187588,Global IME Bank Limited
2026042301016191,GBIME,32,34,311,232.0,72152.0,2026-04-23,187658845,341,Premier Securities Company Ltd.,Vision Securities Pvt. Ltd,2026-04-23 11:42:52.187779,Global IME Bank Limited
2026042301016276,GBIME,32,34,189,232.0,43848.0,2026-04-23,187659134,341,Premier Securities Company Ltd.,Vision Securities Pvt. Ltd,2026-04-23 11:43:17.051071,Global IME Bank Limited
2026042301016277,GBIME,62,34,1000,231.5,231500.0,2026-04-23,187659136,341,Capital Max Securities Ltd,Vision Securities Pvt. Ltd,2026-04-23 11:43:17.051348,Global IME Bank Limited
2026042301016278,GBIME,29,34,200,231.3,46260.0,2026-04-23,187659138,341,Trisul Securities & Invt. Ltd.,Vision Securities Pvt. Ltd,2026-04-23 11:43:17.051420,Global IME Bank Limited
2026042301016279,GBIME,57,34,80,231.2,18496.0,2026-04-23,187659140,341,Aryatara Investment & Securities,Vision Securities Pvt. Ltd,2026-04-23 11:43:17.051478,Global IME Bank Limited
2026042301016280,GBIME,54,34,300,231.1,69330.0,2026-04-23,187659142,341,Sewa Securities Pvt. Ltd.,Vision Securities Pvt. Ltd,2026-04-23 11:43:17.051539,Global IME Bank Limited
2026042301016281,GBIME,52,34,4231,231.1,977784.1,2026-04-23,187659143,341,Sundhara Securities Limited,Vision Securities Pvt. Ltd,2026-04-23 11:43:17.051598,Global IME Bank Limited
2026042301017814,GBIME,42,36,25,234.0,5850.0,2026-04-23,187663932,341,Sani Securities Company Ltd.,Secured Securities Ltd.,2026-04-23 11:49:16.263374,Global IME Bank Limited
2026042301018883,GBIME,33,49,10,233.1,2331.0,2026-04-23,187667157,341,Dakshinkali Investment & Securities Pvt. Ltd.,Online Securities Pvt. Ltd.,2026-04-23 11:53:27.935494,Global IME Bank Limited
2026042301018942,GBIME,33,54,90,233.1,20979.0,2026-04-23,187667416,341,Dakshinkali Investment & Securities Pvt. Ltd.,Sewa Securities Pvt. Ltd.,2026-04-23 11:53:44.426098,Global IME Bank Limited
2026042301018943,GBIME,58,54,210,233.0,48930.0,2026-04-23,187667417,341,Naasa Securities Co. Ltd.,Sewa Securities Pvt. Ltd.,2026-04-23 11:53:44.426293,Global IME Bank Limited
2026042301018959,GBIME,19,36,15,234.0,3510.0,2026-04-23,187667460,341,Nepal Investment And Securities Trading Private Limited,Secured Securities Ltd.,2026-04-23 11:53:48.985235,Global IME Bank Limited
2026042301019172,GBIME,58,44,269,233.0,62677.0,2026-04-23,187668154,341,Naasa Securities Co. Ltd.,Dynamic Money Managers Securities Pvt. Ltd.,2026-04-23 11:54:45.569509,Global IME Bank Limited
2026042301019220,GBIME,58,44,31,233.0,7223.0,2026-04-23,187668277,341,Naasa Securities Co. Ltd.,Dynamic Money Managers Securities Pvt. Ltd.,2026-04-23 11:54:53.584731,Global IME Bank Limited
2026042301020996,GBIME,22,21,20,231.5,4630.0,2026-04-23,187673484,341,Siprabi Securities Pvt. Ltd.,Midas Stock Broking Company Private Limited,2026-04-23 12:00:58.341805,Global IME Bank Limited
2026042301020997,GBIME,51,21,30,231.5,6945.0,2026-04-23,187673485,341,Oxford Securities Pvt. Ltd.,Midas Stock Broking Company Private Limited,2026-04-23 12:00:58.342057,Global IME Bank Limited
2026042301021171,GBIME,34,44,12,231.5,2778.0,2026-04-23,187673948,341,Vision Securities Pvt. Ltd,Dynamic Money Managers Securities Pvt. Ltd.,2026-04-23 12:01:31.686373,Global IME Bank Limited
2026042301021172,GBIME,4,44,100,231.5,23150.0,2026-04-23,187673950,341,Opal Securities Investment (PVT) Ltd.,Dynamic Money Managers Securities Pvt. Ltd.,2026-04-23 12:01:31.686595,Global IME Bank Limited
2026042301021173,GBIME,58,44,19,231.5,4398.5,2026-04-23,187673952,341,Naasa Securities Co. Ltd.,Dynamic Money Managers Securities Pvt. Ltd.,2026-04-23 12:01:31.686697,Global IME Bank Limited
2026042301021174,GBIME,58,44,100,231.5,23150.0,2026-04-23,187673954,341,Naasa Securities Co. Ltd.,Dynamic Money Managers Securities Pvt. Ltd.,2026-04-23 12:01:31.686790,Global IME Bank Limited
2026042301021175,GBIME,34,44,69,231.5,15973.5,2026-04-23,187673955,341,Vision Securities Pvt. Ltd,Dynamic Money Managers Securities Pvt. Ltd.,2026-04-23 12:01:31.686883,Global IME Bank Limited
2026042301021263,GBIME,34,29,30,231.5,6945.0,2026-04-23,187674159,341,Vision Securities Pvt. Ltd,Trisul Securities & Invt. Ltd.,2026-04-23 12:01:40.841243,Global IME Bank Limited
2026042301021481,GBIME,37,29,10,233.9,2339.0,2026-04-23,187674843,341,Swarna Laxmi Securities Pvt. Ltd.,Trisul Securities & Invt. Ltd.,2026-04-23 12:02:43.373470,Global IME Bank Limited
2026042301021646,GBIME,37,48,10,233.9,2339.0,2026-04-23,187675308,341,Swarna Laxmi Securities Pvt. Ltd.,Trishakti Securities Public Limited,2026-04-23 12:03:14.925709,Global IME Bank Limited
2026042301021647,GBIME,34,48,182,231.5,42133.0,2026-04-23,187675309,341,Vision Securities Pvt. Ltd,Trishakti Securities Public Limited,2026-04-23 12:03:14.926156,Global IME Bank Limited
2026042301023792,GBIME,57,44,30,231.6,6948.0,2026-04-23,187681688,341,Aryatara Investment & Securities,Dynamic Money Managers Securities Pvt. Ltd.,2026-04-23 12:11:26.793744,Global IME Bank Limited
2026042301023903,GBIME,34,44,19,231.5,4398.5,2026-04-23,187682042,341,Vision Securities Pvt. Ltd,Dynamic Money Managers Securities Pvt. Ltd.,2026-04-23 12:12:01.700240,Global IME Bank Limited
2026042301023904,GBIME,37,44,50,231.5,11575.0,2026-04-23,187682044,341,Swarna Laxmi Securities Pvt. Ltd.,Dynamic Money Managers Securities Pvt. Ltd.,2026-04-23 12:12:01.700646,Global IME Bank Limited
2026042301025050,GBIME,42,36,10,234.0,2340.0,2026-04-23,187685236,341,Sani Securities Company Ltd.,Secured Securities Ltd.,2026-04-23 12:16:19.101854,Global IME Bank Limited
2026042301025058,GBIME,6,52,36,232.0,8352.0,2026-04-23,187685257,341,Agrawal Securities (PVT) Ltd.,Sundhara Securities Limited,2026-04-23 12:16:22.747781,Global IME Bank Limited
2026042301025892,GBIME,42,16,1,226.2,226.2,2026-04-23,187687807,341,Sani Securities Company Ltd.,Primo Securities (PVT) Ltd.,2026-04-23 12:19:58.121067,Global IME Bank Limited
2026042301025980,GBIME,42,44,1,230.0,230.0,2026-04-23,187688035,341,Sani Securities Company Ltd.,Dynamic Money Managers Securities Pvt. Ltd.,2026-04-23 12:20:16.856104,Global IME Bank Limited
2026042301026261,GBIME,69,36,10,234.0,2340.0,2026-04-23,187688808,341,INDEX SECURITIES LIMITED,Secured Securities Ltd.,2026-04-23 12:21:23.568064,Global IME Bank Limited
2026042301026472,GBIME,58,44,1,232.0,232.0,2026-04-23,187689443,341,Naasa Securities Co. Ltd.,Dynamic Money Managers Securities Pvt. Ltd.,2026-04-23 12:22:12.017924,Global IME Bank Limited
2026042301026507,GBIME,11,56,19,232.2,4411.8,2026-04-23,187689525,341,Malla & Malla Stock Broking Company Pvt. Limited,Sri Hari Securities Pvt. Ltd.,2026-04-23 12:22:21.221513,Global IME Bank Limited
2026042301026696,GBIME,42,4,1,231.5,231.5,2026-04-23,187690103,341,Sani Securities Company Ltd.,Opal Securities Investment (PVT) Ltd.,2026-04-23 12:23:20.333369,Global IME Bank Limited
2026042301026816,GBIME,69,36,10,234.0,2340.0,2026-04-23,187690496,341,INDEX SECURITIES LIMITED,Secured Securities Ltd.,2026-04-23 12:23:57.279408,Global IME Bank Limited
2026042301026953,GBIME,57,21,8,230.0,1840.0,2026-04-23,187690877,341,Aryatara Investment & Securities,Midas Stock Broking Company Private Limited,2026-04-23 12:24:39.931092,Global IME Bank Limited
2026042301027597,GBIME,58,38,1,232.0,232.0,2026-04-23,187692737,341,Naasa Securities Co. Ltd.,Dipshikha Dhitopatra Karobar Co. Pvt Ltd.,2026-04-23 12:27:43.932221,Global IME Bank Limited
2026042301029018,GBIME,32,22,50,233.9,11695.0,2026-04-23,187697228,341,Premier Securities Company Ltd.,Siprabi Securities Pvt. Ltd.,2026-04-23 12:35:44.333633,Global IME Bank Limited
2026042301029621,GBIME,58,22,400,233.9,93560.0,2026-04-23,187699036,341,Naasa Securities Co. Ltd.,Siprabi Securities Pvt. Ltd.,2026-04-23 12:38:11.015583,Global IME Bank Limited
2026042301029957,GBIME,42,22,13,233.9,3040.7,2026-04-23,187700426,341,Sani Securities Company Ltd.,Siprabi Securities Pvt. Ltd.,2026-04-23 12:41:05.055859,Global IME Bank Limited
2026042301030295,GBIME,45,22,11,233.9,2572.9,2026-04-23,187701570,341,Imperial Securities Company Pvt. Ltd.,Siprabi Securities Pvt. Ltd.,2026-04-23 12:43:27.194632,Global IME Bank Limited
2026042301030638,GBIME,58,22,10,233.9,2339.0,2026-04-23,187702514,341,Naasa Securities Co. Ltd.,Siprabi Securities Pvt. Ltd.,2026-04-23 12:44:42.857288,Global IME Bank Limited
2026042301031114,GBIME,100,22,105,233.9,24559.5,2026-04-23,187703998,341,Sunrise Securities Limited,Siprabi Securities Pvt. Ltd.,2026-04-23 12:46:50.307823,Global IME Bank Limited
2026042301031116,GBIME,76,13,100,233.0,23300.0,2026-04-23,187704004,341,Machhapuchchhre Securities Limited,Thrive Brokerage House Pvt. Ltd,2026-04-23 12:46:51.044840,Global IME Bank Limited
2026042301031117,GBIME,17,13,100,233.0,23300.0,2026-04-23,187704006,341,ABC Securities Private Limited,Thrive Brokerage House Pvt. Ltd,2026-04-23 12:46:51.045102,Global IME Bank Limited
2026042301031118,GBIME,3,13,50,233.0,11650.0,2026-04-23,187704008,341,Arun Securities (PVT) Ltd.,Thrive Brokerage House Pvt. Ltd,2026-04-23 12:46:51.045229,Global IME Bank Limited
2026042301031389,GBIME,14,13,20,233.0,4660.0,2026-04-23,187704824,341,Nepal Stock House (PVT) Ltd.,Thrive Brokerage House Pvt. Ltd,2026-04-23 12:48:08.655127,Global IME Bank Limited
2026042301031988,GBIME,74,13,730,233.0,170090.0,2026-04-23,187706590,341,KALASH STOCK MARKET PVT. LTD.,Thrive Brokerage House Pvt. Ltd,2026-04-23 12:51:34.124313,Global IME Bank Limited
2026042301032633,GBIME,69,22,10,233.9,2339.0,2026-04-23,187708690,341,INDEX SECURITIES LIMITED,Siprabi Securities Pvt. Ltd.,2026-04-23 12:54:59.202193,Global IME Bank Limited
2026042301033197,GBIME,26,59,200,233.7,46740.0,2026-04-23,187710326,341,Asian Securities Private Ltd.,Deevyaa Securities & Stock House Pvt. Ltd,2026-04-23 12:56:54.296955,Global IME Bank Limited
2026042301033274,GBIME,58,59,17,233.7,3972.9,2026-04-23,187710590,341,Naasa Securities Co. Ltd.,Deevyaa Securities & Stock House Pvt. Ltd,2026-04-23 12:57:24.552754,Global IME Bank Limited
2026042301033448,GBIME,38,59,30,233.7,7011.0,2026-04-23,187711180,341,Dipshikha Dhitopatra Karobar Co. Pvt Ltd.,Deevyaa Securities & Stock House Pvt. Ltd,2026-04-23 12:58:28.702507,Global IME Bank Limited
2026042301033449,GBIME,45,59,96,233.7,22435.2,2026-04-23,187711182,341,Imperial Securities Company Pvt. Ltd.,Deevyaa Securities & Stock House Pvt. Ltd,2026-04-23 12:58:28.846020,Global IME Bank Limited
2026042301033669,GBIME,25,59,10,233.7,2337.0,2026-04-23,187711862,341,Sweta Securities Private Limited,Deevyaa Securities & Stock House Pvt. Ltd,2026-04-23 12:59:28.132140,Global IME Bank Limited
2026042301034278,GBIME,58,59,10,233.7,2337.0,2026-04-23,187713610,341,Naasa Securities Co. Ltd.,Deevyaa Securities & Stock House Pvt. Ltd,2026-04-23 13:01:22.470194,Global IME Bank Limited
2026042301034450,GBIME,91,59,137,233.7,32016.9,2026-04-23,187714193,341,Citizens Share Broker Limited,Deevyaa Securities & Stock House Pvt. Ltd,2026-04-23 13:02:05.304340,Global IME Bank Limited
2026042301034451,GBIME,91,59,500,233.8,116900.0,2026-04-23,187714195,341,Citizens Share Broker Limited,Deevyaa Securities & Stock House Pvt. Ltd,2026-04-23 13:02:05.304910,Global IME Bank Limited
2026042301034452,GBIME,91,22,291,233.9,68064.9,2026-04-23,187714197,341,Citizens Share Broker Limited,Siprabi Securities Pvt. Ltd.,2026-04-23 13:02:05.305340,Global IME Bank Limited
2026042301034453,GBIME,91,13,463,233.9,108295.7,2026-04-23,187714199,341,Citizens Share Broker Limited,Thrive Brokerage House Pvt. Ltd,2026-04-23 13:02:05.305757,Global IME Bank Limited
2026042301034454,GBIME,91,59,500,233.9,116950.0,2026-04-23,187714201,341,Citizens Share Broker Limited,Deevyaa Securities & Stock House Pvt. Ltd,2026-04-23 13:02:05.306205,Global IME Bank Limited
2026042301034455,GBIME,91,36,405,234.0,94770.0,2026-04-23,187714203,341,Citizens Share Broker Limited,Secured Securities Ltd.,2026-04-23 13:02:05.306638,Global IME Bank Limited
2026042301034456,GBIME,91,58,74,234.0,17316.0,2026-04-23,187714205,341,Citizens Share Broker Limited,Naasa Securities Co. Ltd.,2026-04-23 13:02:05.307052,Global IME Bank Limited
2026042301034457,GBIME,91,41,130,234.0,30420.0,2026-04-23,187714208,341,Citizens Share Broker Limited,Linch Stock Market Ltd.,2026-04-23 13:02:05.307463,Global IME Bank Limited
2026042301035330,GBIME,32,41,41,234.0,9594.0,2026-04-23,187717570,341,Premier Securities Company Ltd.,Linch Stock Market Ltd.,2026-04-23 13:06:25.317522,Global IME Bank Limited
2026042301035342,GBIME,44,41,29,234.0,6786.0,2026-04-23,187717625,341,Dynamic Money Managers Securities Pvt. Ltd.,Linch Stock Market Ltd.,2026-04-23 13:06:32.122163,Global IME Bank Limited
2026042301035343,GBIME,44,17,10,234.0,2340.0,2026-04-23,187717627,341,Dynamic Money Managers Securities Pvt. Ltd.,ABC Securities Private Limited,2026-04-23 13:06:32.122508,Global IME Bank Limited
2026042301035344,GBIME,44,58,10,234.0,2340.0,2026-04-23,187717629,341,Dynamic Money Managers Securities Pvt. Ltd.,Naasa Securities Co. Ltd.,2026-04-23 13:06:32.122684,Global IME Bank Limited
2026042301035345,GBIME,44,41,51,234.0,11934.0,2026-04-23,187717632,341,Dynamic Money Managers Securities Pvt. Ltd.,Linch Stock Market Ltd.,2026-04-23 13:06:32.122833,Global IME Bank Limited
2026042301035574,GBIME,42,41,48,234.0,11232.0,2026-04-23,187718590,341,Sani Securities Company Ltd.,Linch Stock Market Ltd.,2026-04-23 13:08:19.106791,Global IME Bank Limited
2026042301035580,GBIME,17,41,21,234.0,4914.0,2026-04-23,187718661,341,ABC Securities Private Limited,Linch Stock Market Ltd.,2026-04-23 13:08:24.517501,Global IME Bank Limited
2026042301035581,GBIME,17,42,341,234.0,79794.0,2026-04-23,187718663,341,ABC Securities Private Limited,Sani Securities Company Ltd.,2026-04-23 13:08:24.518198,Global IME Bank Limited
2026042301035582,GBIME,17,44,300,234.5,70350.0,2026-04-23,187718665,341,ABC Securities Private Limited,Dynamic Money Managers Securities Pvt. Ltd.,2026-04-23 13:08:24.518799,Global IME Bank Limited
2026042301035583,GBIME,17,44,400,234.8,93920.0,2026-04-23,187718667,341,ABC Securities Private Limited,Dynamic Money Managers Securities Pvt. Ltd.,2026-04-23 13:08:24.519374,Global IME Bank Limited
2026042301035584,GBIME,17,44,48,234.9,11275.2,2026-04-23,187718670,341,ABC Securities Private Limited,Dynamic Money Managers Securities Pvt. Ltd.,2026-04-23 13:08:24.519880,Global IME Bank Limited
2026042301035759,GBIME,17,11,80,234.5,18760.0,2026-04-23,187719317,341,ABC Securities Private Limited,Malla & Malla Stock Broking Company Pvt. Limited,2026-04-23 13:09:27.151684,Global IME Bank Limited
2026042301035946,GBIME,17,6,100,234.5,23450.0,2026-04-23,187720017,341,ABC Securities Private Limited,Agrawal Securities (PVT) Ltd.,2026-04-23 13:10:36.938337,Global IME Bank Limited
2026042301036599,GBIME,13,44,100,234.9,23490.0,2026-04-23,187721792,341,Thrive Brokerage House Pvt. Ltd,Dynamic Money Managers Securities Pvt. Ltd.,2026-04-23 13:12:41.481639,Global IME Bank Limited
2026042301037718,GBIME,64,44,42,234.9,9865.8,2026-04-23,187725058,341,SUN SECURITIES PVT LTD,Dynamic Money Managers Securities Pvt. Ltd.,2026-04-23 13:18:17.081350,Global IME Bank Limited
2026042301038059,GBIME,45,37,100,234.6,23460.0,2026-04-23,187726197,341,Imperial Securities Company Pvt. Ltd.,Swarna Laxmi Securities Pvt. Ltd.,2026-04-23 13:19:54.297591,Global IME Bank Limited
2026042301038099,GBIME,17,37,530,234.5,124285.0,2026-04-23,187726314,341,ABC Securities Private Limited,Swarna Laxmi Securities Pvt. Ltd.,2026-04-23 13:20:07.135997,Global IME Bank Limited
2026042301038100,GBIME,77,37,90,234.5,21105.0,2026-04-23,187726315,341,Nabil Stock Dealer Ltd.,Swarna Laxmi Securities Pvt. Ltd.,2026-04-23 13:20:07.136589,Global IME Bank Limited
2026042301038238,GBIME,42,37,10,234.0,2340.0,2026-04-23,187726804,341,Sani Securities Company Ltd.,Swarna Laxmi Securities Pvt. Ltd.,2026-04-23 13:21:05.869461,Global IME Bank Limited
2026042301038239,GBIME,41,37,43,234.0,10062.0,2026-04-23,187726806,341,Linch Stock Market Ltd.,Swarna Laxmi Securities Pvt. Ltd.,2026-04-23 13:21:05.870098,Global IME Bank Limited
2026042301038369,GBIME,58,37,10,234.0,2340.0,2026-04-23,187727276,341,Naasa Securities Co. Ltd.,Swarna Laxmi Securities Pvt. Ltd.,2026-04-23 13:21:57.846735,Global IME Bank Limited
2026042301038465,GBIME,42,37,461,234.0,107874.0,2026-04-23,187727617,341,Sani Securities Company Ltd.,Swarna Laxmi Securities Pvt. Ltd.,2026-04-23 13:22:49.416686,Global IME Bank Limited
2026042301038606,GBIME,42,38,39,234.0,9126.0,2026-04-23,187727996,341,Sani Securities Company Ltd.,Dipshikha Dhitopatra Karobar Co. Pvt Ltd.,2026-04-23 13:23:14.617891,Global IME Bank Limited
2026042301038607,GBIME,13,38,96,233.1,22377.6,2026-04-23,187727997,341,Thrive Brokerage House Pvt. Ltd,Dipshikha Dhitopatra Karobar Co. Pvt Ltd.,2026-04-23 13:23:14.618036,Global IME Bank Limited
2026042301039380,GBIME,25,6,10,234.0,2340.0,2026-04-23,187730405,341,Sweta Securities Private Limited,Agrawal Securities (PVT) Ltd.,2026-04-23 13:27:18.169559,Global IME Bank Limited
2026042301039546,GBIME,91,59,10,234.6,2346.0,2026-04-23,187731118,341,Citizens Share Broker Limited,Deevyaa Securities & Stock House Pvt. Ltd,2026-04-23 13:28:05.482449,Global IME Bank Limited
2026042301039829,GBIME,13,58,30,233.1,6993.0,2026-04-23,187732327,341,Thrive Brokerage House Pvt. Ltd,Naasa Securities Co. Ltd.,2026-04-23 13:29:26.001013,Global IME Bank Limited
2026042301040165,GBIME,17,37,680,233.5,158780.0,2026-04-23,187733307,341,ABC Securities Private Limited,Swarna Laxmi Securities Pvt. Ltd.,2026-04-23 13:30:18.930900,Global IME Bank Limited
2026042301040256,GBIME,43,37,150,233.2,34980.0,2026-04-23,187733707,341,South Asian Bulls Pvt. Ltd.,Swarna Laxmi Securities Pvt. Ltd.,2026-04-23 13:31:00.317854,Global IME Bank Limited
2026042301040323,GBIME,13,37,174,233.1,40559.4,2026-04-23,187734035,341,Thrive Brokerage House Pvt. Ltd,Swarna Laxmi Securities Pvt. Ltd.,2026-04-23 13:31:23.441334,Global IME Bank Limited
2026042301040426,GBIME,37,37,1000,233.0,233000.0,2026-04-23,187734372,341,Swarna Laxmi Securities Pvt. Ltd.,Swarna Laxmi Securities Pvt. Ltd.,2026-04-23 13:31:53.662313,Global IME Bank Limited
2026042301040427,GBIME,58,37,10,233.0,2330.0,2026-04-23,187734374,341,Naasa Securities Co. Ltd.,Swarna Laxmi Securities Pvt. Ltd.,2026-04-23 13:31:53.662669,Global IME Bank Limited
2026042301040428,GBIME,49,37,20,233.0,4660.0,2026-04-23,187734376,341,Online Securities Pvt. Ltd.,Swarna Laxmi Securities Pvt. Ltd.,2026-04-23 13:31:53.662826,Global IME Bank Limited
2026042301040429,GBIME,62,37,50,233.0,11650.0,2026-04-23,187734378,341,Capital Max Securities Ltd,Swarna Laxmi Securities Pvt. Ltd.,2026-04-23 13:31:53.662971,Global IME Bank Limited
2026042301040430,GBIME,62,37,50,233.0,11650.0,2026-04-23,187734380,341,Capital Max Securities Ltd,Swarna Laxmi Securities Pvt. Ltd.,2026-04-23 13:31:53.663128,Global IME Bank Limited
2026042301040431,GBIME,57,37,100,233.0,23300.0,2026-04-23,187734382,341,Aryatara Investment & Securities,Swarna Laxmi Securities Pvt. Ltd.,2026-04-23 13:31:53.663274,Global IME Bank Limited
2026042301040432,GBIME,17,37,500,233.0,116500.0,2026-04-23,187734383,341,ABC Securities Private Limited,Swarna Laxmi Securities Pvt. Ltd.,2026-04-23 13:31:53.663446,Global IME Bank Limited
2026042301040774,GBIME,34,34,39,232.5,9067.5,2026-04-23,187735561,341,Vision Securities Pvt. Ltd,Vision Securities Pvt. Ltd,2026-04-23 13:33:55.837652,Global IME Bank Limited
2026042301040959,GBIME,10,22,10,232.9,2329.0,2026-04-23,187736194,341,Pragyan Securities (PVT) Ltd.,Siprabi Securities Pvt. Ltd.,2026-04-23 13:34:56.144924,Global IME Bank Limited
2026042301040960,GBIME,34,22,13,232.5,3022.5,2026-04-23,187736195,341,Vision Securities Pvt. Ltd,Siprabi Securities Pvt. Ltd.,2026-04-23 13:34:56.145594,Global IME Bank Limited
2026042301040990,GBIME,44,22,10,232.5,2325.0,2026-04-23,187736315,341,Dynamic Money Managers Securities Pvt. Ltd.,Siprabi Securities Pvt. Ltd.,2026-04-23 13:35:11.139463,Global IME Bank Limited
2026042301041084,GBIME,44,89,20,232.5,4650.0,2026-04-23,187736717,341,Dynamic Money Managers Securities Pvt. Ltd.,Global IME Securities Limited,2026-04-23 13:35:43.778361,Global IME Bank Limited
2026042301042084,GBIME,44,89,20,232.5,4650.0,2026-04-23,187740245,341,Dynamic Money Managers Securities Pvt. Ltd.,Global IME Securities Limited,2026-04-23 13:42:33.161846,Global IME Bank Limited
2026042301042407,GBIME,48,50,10,234.0,2340.0,2026-04-23,187741358,341,Trishakti Securities Public Limited,Cristal Kanchanjanga Securites Pvt. Ltd.,2026-04-23 13:45:19.596946,Global IME Bank Limited
2026042301042541,GBIME,29,50,10,234.0,2340.0,2026-04-23,187741852,341,Trisul Securities & Invt. Ltd.,Cristal Kanchanjanga Securites Pvt. Ltd.,2026-04-23 13:46:33.681304,Global IME Bank Limited
2026042301042848,GBIME,75,50,280,234.0,65520.0,2026-04-23,187742905,341,N.I.M.B. Stock Markets Limited,Cristal Kanchanjanga Securites Pvt. Ltd.,2026-04-23 13:48:32.513204,Global IME Bank Limited
2026042301042849,GBIME,75,10,170,234.0,39780.0,2026-04-23,187742908,341,N.I.M.B. Stock Markets Limited,Pragyan Securities (PVT) Ltd.,2026-04-23 13:48:32.513557,Global IME Bank Limited
2026042301042923,GBIME,58,10,51,234.0,11934.0,2026-04-23,187743192,341,Naasa Securities Co. Ltd.,Pragyan Securities (PVT) Ltd.,2026-04-23 13:49:01.739085,Global IME Bank Limited
2026042301043166,GBIME,44,10,29,234.0,6786.0,2026-04-23,187743857,341,Dynamic Money Managers Securities Pvt. Ltd.,Pragyan Securities (PVT) Ltd.,2026-04-23 13:50:06.577047,Global IME Bank Limited
2026042301043248,GBIME,75,42,15,234.0,3510.0,2026-04-23,187744118,341,N.I.M.B. Stock Markets Limited,Sani Securities Company Ltd.,2026-04-23 13:50:50.136358,Global IME Bank Limited
2026042301043644,GBIME,35,59,170,233.8,39746.0,2026-04-23,187745450,341,Kohinoor Investment & Securities Pvt. Ltd.,Deevyaa Securities & Stock House Pvt. Ltd,2026-04-23 13:54:27.743826,Global IME Bank Limited
2026042301043818,GBIME,37,59,820,232.6,190732.0,2026-04-23,187746005,341,Swarna Laxmi Securities Pvt. Ltd.,Deevyaa Securities & Stock House Pvt. Ltd,2026-04-23 13:55:55.307475,Global IME Bank Limited
2026042301043896,GBIME,37,77,66,232.6,15351.6,2026-04-23,187746323,341,Swarna Laxmi Securities Pvt. Ltd.,Nabil Stock Dealer Ltd.,2026-04-23 13:56:48.650291,Global IME Bank Limited
2026042301044270,GBIME,35,59,10,233.8,2338.0,2026-04-23,187747596,341,Kohinoor Investment & Securities Pvt. Ltd.,Deevyaa Securities & Stock House Pvt. Ltd,2026-04-23 13:59:23.819690,Global IME Bank Limited
2026042301044354,GBIME,52,59,300,233.8,70140.0,2026-04-23,187747922,341,Sundhara Securities Limited,Deevyaa Securities & Stock House Pvt. Ltd,2026-04-23 14:00:14.857350,Global IME Bank Limited
2026042301044783,GBIME,49,59,200,233.8,46760.0,2026-04-23,187749430,341,Online Securities Pvt. Ltd.,Deevyaa Securities & Stock House Pvt. Ltd,2026-04-23 14:03:08.924825,Global IME Bank Limited
2026042301044883,GBIME,37,6,50,233.5,11675.0,2026-04-23,187749823,341,Swarna Laxmi Securities Pvt. Ltd.,Agrawal Securities (PVT) Ltd.,2026-04-23 14:03:55.195491,Global IME Bank Limited
2026042301045011,GBIME,42,59,30,233.8,7014.0,2026-04-23,187750258,341,Sani Securities Company Ltd.,Deevyaa Securities & Stock House Pvt. Ltd,2026-04-23 14:04:48.198754,Global IME Bank Limited
2026042301045037,GBIME,46,59,150,233.8,35070.0,2026-04-23,187750338,341,Kalika Securities Pvt. Ltd.,Deevyaa Securities & Stock House Pvt. Ltd,2026-04-23 14:04:57.059427,Global IME Bank Limited
2026042301045140,GBIME,37,59,310,233.8,72478.0,2026-04-23,187750731,341,Swarna Laxmi Securities Pvt. Ltd.,Deevyaa Securities & Stock House Pvt. Ltd,2026-04-23 14:05:47.076366,Global IME Bank Limited
2026042301045141,GBIME,37,59,1500,233.9,350850.0,2026-04-23,187750733,341,Swarna Laxmi Securities Pvt. Ltd.,Deevyaa Securities & Stock House Pvt. Ltd,2026-04-23 14:05:47.076720,Global IME Bank Limited
2026042301045142,GBIME,37,42,16,234.0,3744.0,2026-04-23,187750735,341,Swarna Laxmi Securities Pvt. Ltd.,Sani Securities Company Ltd.,2026-04-23 14:05:47.076886,Global IME Bank Limited
2026042301045143,GBIME,37,37,124,234.0,29016.0,2026-04-23,187750738,341,Swarna Laxmi Securities Pvt. Ltd.,Swarna Laxmi Securities Pvt. Ltd.,2026-04-23 14:05:47.077077,Global IME Bank Limited
2026042301045639,GBIME,42,37,20,234.0,4680.0,2026-04-23,187752536,341,Sani Securities Company Ltd.,Swarna Laxmi Securities Pvt. Ltd.,2026-04-23 14:08:50.756917,Global IME Bank Limited
2026042301045772,GBIME,42,37,130,234.0,30420.0,2026-04-23,187753076,341,Sani Securities Company Ltd.,Swarna Laxmi Securities Pvt. Ltd.,2026-04-23 14:09:51.604181,Global IME Bank Limited
2026042301046021,GBIME,4,74,100,233.5,23350.0,2026-04-23,187753988,341,Opal Securities Investment (PVT) Ltd.,KALASH STOCK MARKET PVT. LTD.,2026-04-23 14:11:18.708061,Global IME Bank Limited
2026042301046022,GBIME,7,74,200,233.2,46640.0,2026-04-23,187753990,341,J.F. Securites (PVT) Ltd.,KALASH STOCK MARKET PVT. LTD.,2026-04-23 14:11:18.708162,Global IME Bank Limited
2026042301046023,GBIME,49,74,500,233.1,116550.0,2026-04-23,187753992,341,Online Securities Pvt. Ltd.,KALASH STOCK MARKET PVT. LTD.,2026-04-23 14:11:18.708241,Global IME Bank Limited
2026042301046024,GBIME,25,74,889,233.0,207137.0,2026-04-23,187753993,341,Sweta Securities Private Limited,KALASH STOCK MARKET PVT. LTD.,2026-04-23 14:11:18.708318,Global IME Bank Limited
2026042301046265,GBIME,25,54,51,233.0,11883.0,2026-04-23,187754909,341,Sweta Securities Private Limited,Sewa Securities Pvt. Ltd.,2026-04-23 14:13:19.586055,Global IME Bank Limited
2026042301046267,GBIME,58,37,90,234.0,21060.0,2026-04-23,187754916,341,Naasa Securities Co. Ltd.,Swarna Laxmi Securities Pvt. Ltd.,2026-04-23 14:13:20.327597,Global IME Bank Limited
2026042301046442,GBIME,25,7,60,233.0,13980.0,2026-04-23,187755611,341,Sweta Securities Private Limited,J.F. Securites (PVT) Ltd.,2026-04-23 14:14:47.118474,Global IME Bank Limited
2026042301046470,GBIME,38,37,100,234.0,23400.0,2026-04-23,187755736,341,Dipshikha Dhitopatra Karobar Co. Pvt Ltd.,Swarna Laxmi Securities Pvt. Ltd.,2026-04-23 14:14:57.445019,Global IME Bank Limited
2026042301046786,GBIME,38,18,50,233.1,11655.0,2026-04-23,187756984,341,Dipshikha Dhitopatra Karobar Co. Pvt Ltd.,Sagarmatha Securities Private Limited,2026-04-23 14:16:57.118585,Global IME Bank Limited
2026042301046879,GBIME,44,53,1,234.0,234.0,2026-04-23,187757365,341,Dynamic Money Managers Securities Pvt. Ltd.,Investment Management Nepal Pvt. Ltd.,2026-04-23 14:17:33.478531,Global IME Bank Limited
2026042301046911,GBIME,25,1,100,233.0,23300.0,2026-04-23,187757469,341,Sweta Securities Private Limited,Kumari Securities Private Limited,2026-04-23 14:17:46.206385,Global IME Bank Limited
2026042301046936,GBIME,25,71,190,233.0,44270.0,2026-04-23,187757576,341,Sweta Securities Private Limited,SHUBHAKAMANA SECURITIES PVT. LTD,2026-04-23 14:17:54.946879,Global IME Bank Limited
2026042301046937,GBIME,58,71,20,233.0,4660.0,2026-04-23,187757580,341,Naasa Securities Co. Ltd.,SHUBHAKAMANA SECURITIES PVT. LTD,2026-04-23 14:17:54.947604,Global IME Bank Limited
2026042301046938,GBIME,58,71,10,233.0,2330.0,2026-04-23,187757584,341,Naasa Securities Co. Ltd.,SHUBHAKAMANA SECURITIES PVT. LTD,2026-04-23 14:17:54.948141,Global IME Bank Limited
2026042301046954,GBIME,42,71,20,233.0,4660.0,2026-04-23,187757626,341,Sani Securities Company Ltd.,SHUBHAKAMANA SECURITIES PVT. LTD,2026-04-23 14:18:02.135334,Global IME Bank Limited
2026042301047121,GBIME,42,71,50,233.0,11650.0,2026-04-23,187758120,341,Sani Securities Company Ltd.,SHUBHAKAMANA SECURITIES PVT. LTD,2026-04-23 14:18:52.222733,Global IME Bank Limited
2026042301047131,GBIME,43,71,710,233.0,165430.0,2026-04-23,187758157,341,South Asian Bulls Pvt. Ltd.,SHUBHAKAMANA SECURITIES PVT. LTD,2026-04-23 14:18:56.317424,Global IME Bank Limited
2026042301047574,GBIME,53,18,50,233.1,11655.0,2026-04-23,187759640,341,Investment Management Nepal Pvt. Ltd.,Sagarmatha Securities Private Limited,2026-04-23 14:21:25.370833,Global IME Bank Limited
2026042301047880,GBIME,62,18,10,233.1,2331.0,2026-04-23,187760814,341,Capital Max Securities Ltd,Sagarmatha Securities Private Limited,2026-04-23 14:23:37.816624,Global IME Bank Limited
2026042301047908,GBIME,43,89,10,233.0,2330.0,2026-04-23,187760897,341,South Asian Bulls Pvt. Ltd.,Global IME Securities Limited,2026-04-23 14:23:49.893837,Global IME Bank Limited
2026042301047958,GBIME,43,57,104,233.0,24232.0,2026-04-23,187761075,341,South Asian Bulls Pvt. Ltd.,Aryatara Investment & Securities,2026-04-23 14:24:08.637288,Global IME Bank Limited
2026042301048352,GBIME,43,58,45,233.0,10485.0,2026-04-23,187762471,341,South Asian Bulls Pvt. Ltd.,Naasa Securities Co. Ltd.,2026-04-23 14:26:22.785090,Global IME Bank Limited
2026042301048418,GBIME,58,18,10,233.1,2331.0,2026-04-23,187762714,341,Naasa Securities Co. Ltd.,Sagarmatha Securities Private Limited,2026-04-23 14:26:48.819265,Global IME Bank Limited
2026042301048478,GBIME,43,51,120,233.0,27960.0,2026-04-23,187762919,341,South Asian Bulls Pvt. Ltd.,Oxford Securities Pvt. Ltd.,2026-04-23 14:27:03.571539,Global IME Bank Limited
2026042301048501,GBIME,58,18,57,233.1,13286.7,2026-04-23,187763040,341,Naasa Securities Co. Ltd.,Sagarmatha Securities Private Limited,2026-04-23 14:27:13.220311,Global IME Bank Limited
2026042301048530,GBIME,43,44,11,233.0,2563.0,2026-04-23,187763134,341,South Asian Bulls Pvt. Ltd.,Dynamic Money Managers Securities Pvt. Ltd.,2026-04-23 14:27:23.672625,Global IME Bank Limited
2026042301048573,GBIME,89,44,14,233.0,3262.0,2026-04-23,187763284,341,Global IME Securities Limited,Dynamic Money Managers Securities Pvt. Ltd.,2026-04-23 14:27:36.244389,Global IME Bank Limited
2026042301048652,GBIME,7,44,200,233.0,46600.0,2026-04-23,187763560,341,J.F. Securites (PVT) Ltd.,Dynamic Money Managers Securities Pvt. Ltd.,2026-04-23 14:28:03.031048,Global IME Bank Limited
2026042301048678,GBIME,26,44,50,233.0,11650.0,2026-04-23,187763638,341,Asian Securities Private Ltd.,Dynamic Money Managers Securities Pvt. Ltd.,2026-04-23 14:28:16.506487,Global IME Bank Limited
2026042301048711,GBIME,42,44,60,233.0,13980.0,2026-04-23,187763790,341,Sani Securities Company Ltd.,Dynamic Money Managers Securities Pvt. Ltd.,2026-04-23 14:28:29.249838,Global IME Bank Limited
2026042301048863,GBIME,91,44,50,233.0,11650.0,2026-04-23,187764292,341,Citizens Share Broker Limited,Dynamic Money Managers Securities Pvt. Ltd.,2026-04-23 14:29:24.147838,Global IME Bank Limited
2026042301049028,GBIME,38,44,10,233.0,2330.0,2026-04-23,187764944,341,Dipshikha Dhitopatra Karobar Co. Pvt Ltd.,Dynamic Money Managers Securities Pvt. Ltd.,2026-04-23 14:30:09.417155,Global IME Bank Limited
2026042301049063,GBIME,58,44,90,233.0,20970.0,2026-04-23,187765098,341,Naasa Securities Co. Ltd.,Dynamic Money Managers Securities Pvt. Ltd.,2026-04-23 14:30:23.608406,Global IME Bank Limited
2026042301049587,GBIME,19,42,1,226.1,226.1,2026-04-23,187766747,341,Nepal Investment And Securities Trading Private Limited,Sani Securities Company Ltd.,2026-04-23 14:32:45.110701,Global IME Bank Limited
2026042301049716,GBIME,57,44,722,233.0,168226.0,2026-04-23,187767235,341,Aryatara Investment & Securities,Dynamic Money Managers Securities Pvt. Ltd.,2026-04-23 14:33:33.543117,Global IME Bank Limited
2026042301049717,GBIME,57,22,231,233.0,53823.0,2026-04-23,187767237,341,Aryatara Investment & Securities,Siprabi Securities Pvt. Ltd.,2026-04-23 14:33:33.543854,Global IME Bank Limited
2026042301049735,GBIME,34,28,7,232.5,1627.5,2026-04-23,187767321,341,Vision Securities Pvt. Ltd,Shree Krishna Securities Ltd.,2026-04-23 14:33:45.185857,Global IME Bank Limited
2026042301049744,GBIME,57,8,47,233.0,10951.0,2026-04-23,187767383,341,Aryatara Investment & Securities,Brilliant Securities Pvt. Ltd.,2026-04-23 14:33:52.950990,Global IME Bank Limited
2026042301049956,GBIME,51,18,10,233.1,2331.0,2026-04-23,187768208,341,Oxford Securities Pvt. Ltd.,Sagarmatha Securities Private Limited,2026-04-23 14:35:05.219169,Global IME Bank Limited
2026042301050217,GBIME,42,34,10,233.0,2330.0,2026-04-23,187769250,341,Sani Securities Company Ltd.,Vision Securities Pvt. Ltd,2026-04-23 14:36:26.882645,Global IME Bank Limited
2026042301050710,GBIME,38,19,1,233.0,233.0,2026-04-23,187770811,341,Dipshikha Dhitopatra Karobar Co. Pvt Ltd.,Nepal Investment And Securities Trading Private Limited,2026-04-23 14:38:11.348325,Global IME Bank Limited
2026042301051191,GBIME,21,34,150,233.0,34950.0,2026-04-23,187772332,341,Midas Stock Broking Company Private Limited,Vision Securities Pvt. Ltd,2026-04-23 14:40:31.536211,Global IME Bank Limited
2026042301051307,GBIME,37,48,100,232.6,23260.0,2026-04-23,187772747,341,Swarna Laxmi Securities Pvt. Ltd.,Trishakti Securities Public Limited,2026-04-23 14:41:04.832771,Global IME Bank Limited
2026042301052000,GBIME,18,25,1000,232.7,232700.0,2026-04-23,187774989,341,Sagarmatha Securities Private Limited,Sweta Securities Private Limited,2026-04-23 14:43:46.004521,Global IME Bank Limited
2026042301052107,GBIME,37,25,1014,232.6,235856.4,2026-04-23,187775418,341,Swarna Laxmi Securities Pvt. Ltd.,Sweta Securities Private Limited,2026-04-23 14:44:11.329893,Global IME Bank Limited
2026042301052108,GBIME,74,25,100,232.6,23260.0,2026-04-23,187775420,341,KALASH STOCK MARKET PVT. LTD.,Sweta Securities Private Limited,2026-04-23 14:44:11.330261,Global IME Bank Limited
2026042301052109,GBIME,7,25,200,232.6,46520.0,2026-04-23,187775421,341,J.F. Securites (PVT) Ltd.,Sweta Securities Private Limited,2026-04-23 14:44:11.330457,Global IME Bank Limited
2026042301052337,GBIME,53,34,142,233.0,33086.0,2026-04-23,187776299,341,Investment Management Nepal Pvt. Ltd.,Vision Securities Pvt. Ltd,2026-04-23 14:44:59.765475,Global IME Bank Limited
2026042301052338,GBIME,53,6,10,233.0,2330.0,2026-04-23,187776301,341,Investment Management Nepal Pvt. Ltd.,Agrawal Securities (PVT) Ltd.,2026-04-23 14:44:59.765563,Global IME Bank Limited
2026042301052339,GBIME,53,18,140,233.1,32634.0,2026-04-23,187776303,341,Investment Management Nepal Pvt. Ltd.,Sagarmatha Securities Private Limited,2026-04-23 14:44:59.765594,Global IME Bank Limited
2026042301052340,GBIME,53,22,208,233.7,48609.6,2026-04-23,187776306,341,Investment Management Nepal Pvt. Ltd.,Siprabi Securities Pvt. Ltd.,2026-04-23 14:44:59.765620,Global IME Bank Limited
2026042301052642,GBIME,42,38,1000,233.0,233000.0,2026-04-23,187777714,341,Sani Securities Company Ltd.,Dipshikha Dhitopatra Karobar Co. Pvt Ltd.,2026-04-23 14:46:29.148821,Global IME Bank Limited
2026042301052643,GBIME,17,38,500,233.0,116500.0,2026-04-23,187777717,341,ABC Securities Private Limited,Dipshikha Dhitopatra Karobar Co. Pvt Ltd.,2026-04-23 14:46:29.149548,Global IME Bank Limited
2026042301053426,GBIME,49,38,20,233.0,4660.0,2026-04-23,187781196,341,Online Securities Pvt. Ltd.,Dipshikha Dhitopatra Karobar Co. Pvt Ltd.,2026-04-23 14:49:14.075304,Global IME Bank Limited
2026042301053629,GBIME,4,38,100,233.0,23300.0,2026-04-23,187782100,341,Opal Securities Investment (PVT) Ltd.,Dipshikha Dhitopatra Karobar Co. Pvt Ltd.,2026-04-23 14:49:46.712010,Global IME Bank Limited
2026042301053669,GBIME,44,69,50,232.5,11625.0,2026-04-23,187782506,341,Dynamic Money Managers Securities Pvt. Ltd.,INDEX SECURITIES LIMITED,2026-04-23 14:49:59.619825,Global IME Bank Limited
2026042301053670,GBIME,19,69,20,232.5,4650.0,2026-04-23,187782508,341,Nepal Investment And Securities Trading Private Limited,INDEX SECURITIES LIMITED,2026-04-23 14:49:59.619897,Global IME Bank Limited
2026042301053671,GBIME,58,69,30,232.5,6975.0,2026-04-23,187782510,341,Naasa Securities Co. Ltd.,INDEX SECURITIES LIMITED,2026-04-23 14:49:59.619924,Global IME Bank Limited
2026042301053672,GBIME,58,69,30,232.5,6975.0,2026-04-23,187782511,341,Naasa Securities Co. Ltd.,INDEX SECURITIES LIMITED,2026-04-23 14:49:59.619967,Global IME Bank Limited
2026042301053709,GBIME,19,38,270,233.0,62910.0,2026-04-23,187782712,341,Nepal Investment And Securities Trading Private Limited,Dipshikha Dhitopatra Karobar Co. Pvt Ltd.,2026-04-23 14:50:04.710921,Global IME Bank Limited
2026042301053827,GBIME,58,32,40,232.5,9300.0,2026-04-23,187783160,341,Naasa Securities Co. Ltd.,Premier Securities Company Ltd.,2026-04-23 14:50:22.085860,Global IME Bank Limited
2026042301053828,GBIME,42,32,30,232.5,6975.0,2026-04-23,187783162,341,Sani Securities Company Ltd.,Premier Securities Company Ltd.,2026-04-23 14:50:22.085900,Global IME Bank Limited
2026042301053829,GBIME,58,32,33,232.5,7672.5,2026-04-23,187783163,341,Naasa Securities Co. Ltd.,Premier Securities Company Ltd.,2026-04-23 14:50:22.085926,Global IME Bank Limited
2026042301055396,GBIME,58,45,22,232.5,5115.0,2026-04-23,187789800,341,Naasa Securities Co. Ltd.,Imperial Securities Company Pvt. Ltd.,2026-04-23 14:55:01.921968,Global IME Bank Limited
2026042301055397,GBIME,58,45,10,232.5,2325.0,2026-04-23,187789802,341,Naasa Securities Co. Ltd.,Imperial Securities Company Pvt. Ltd.,2026-04-23 14:55:01.922326,Global IME Bank Limited
2026042301055398,GBIME,58,45,300,232.5,69750.0,2026-04-23,187789804,341,Naasa Securities Co. Ltd.,Imperial Securities Company Pvt. Ltd.,2026-04-23 14:55:01.922514,Global IME Bank Limited
2026042301055399,GBIME,6,45,500,232.4,116200.0,2026-04-23,187789806,341,Agrawal Securities (PVT) Ltd.,Imperial Securities Company Pvt. Ltd.,2026-04-23 14:55:01.922698,Global IME Bank Limited
2026042301055400,GBIME,44,45,500,232.3,116150.0,2026-04-23,187789808,341,Dynamic Money Managers Securities Pvt. Ltd.,Imperial Securities Company Pvt. Ltd.,2026-04-23 14:55:01.922883,Global IME Bank Limited
2026042301055401,GBIME,58,45,10,232.3,2323.0,2026-04-23,187789810,341,Naasa Securities Co. Ltd.,Imperial Securities Company Pvt. Ltd.,2026-04-23 14:55:01.923068,Global IME Bank Limited
2026042301055402,GBIME,11,45,158,232.2,36687.6,2026-04-23,187789811,341,Malla & Malla Stock Broking Company Pvt. Limited,Imperial Securities Company Pvt. Ltd.,2026-04-23 14:55:01.923248,Global IME Bank Limited
2026042301055944,GBIME,58,32,100,233.0,23300.0,2026-04-23,187792247,341,Naasa Securities Co. Ltd.,Premier Securities Company Ltd.,2026-04-23 14:56:33.228110,Global IME Bank Limited
2026042301055945,GBIME,58,41,55,233.0,12815.0,2026-04-23,187792249,341,Naasa Securities Co. Ltd.,Linch Stock Market Ltd.,2026-04-23 14:56:33.228458,Global IME Bank Limited
2026042301055946,GBIME,58,45,45,233.0,10485.0,2026-04-23,187792252,341,Naasa Securities Co. Ltd.,Imperial Securities Company Pvt. Ltd.,2026-04-23 14:56:33.228641,Global IME Bank Limited
2026042301056182,GBIME,57,45,100,233.0,23300.0,2026-04-23,187793372,341,Aryatara Investment & Securities,Imperial Securities Company Pvt. Ltd.,2026-04-23 14:57:09.368508,Global IME Bank Limited
2026042301056294,GBIME,49,50,32,232.5,7440.0,2026-04-23,187793900,341,Online Securities Pvt. Ltd.,Cristal Kanchanjanga Securites Pvt. Ltd.,2026-04-23 14:57:25.693175,Global IME Bank Limited
2026042301056295,GBIME,21,50,168,232.5,39060.0,2026-04-23,187793901,341,Midas Stock Broking Company Private Limited,Cristal Kanchanjanga Securites Pvt. Ltd.,2026-04-23 14:57:25.693550,Global IME Bank Limited
2026042301056425,GBIME,42,45,15,233.0,3495.0,2026-04-23,187794436,341,Sani Securities Company Ltd.,Imperial Securities Company Pvt. Ltd.,2026-04-23 14:57:37.580215,Global IME Bank Limited
2026042301056630,GBIME,25,45,100,233.0,23300.0,2026-04-23,187795252,341,Sweta Securities Private Limited,Imperial Securities Company Pvt. Ltd.,2026-04-23 14:57:59.522408,Global IME Bank Limited
2026042301056692,GBIME,21,7,200,232.5,46500.0,2026-04-23,187795463,341,Midas Stock Broking Company Private Limited,J.F. Securites (PVT) Ltd.,2026-04-23 14:58:04.861544,Global IME Bank Limited
2026042301056851,GBIME,77,45,100,233.0,23300.0,2026-04-23,187796146,341,Nabil Stock Dealer Ltd.,Imperial Securities Company Pvt. Ltd.,2026-04-23 14:58:21.182069,Global IME Bank Limited
2026042301056920,GBIME,21,45,90,233.0,20970.0,2026-04-23,187796361,341,Midas Stock Broking Company Private Limited,Imperial Securities Company Pvt. Ltd.,2026-04-23 14:58:24.239019,Global IME Bank Limited
2026042301056921,GBIME,21,22,60,233.0,13980.0,2026-04-23,187796363,341,Midas Stock Broking Company Private Limited,Siprabi Securities Pvt. Ltd.,2026-04-23 14:58:24.239354,Global IME Bank Limited
2026042301056922,GBIME,21,49,72,233.0,16776.0,2026-04-23,187796366,341,Midas Stock Broking Company Private Limited,Online Securities Pvt. Ltd.,2026-04-23 14:58:24.239532,Global IME Bank Limited
2026042301057157,GBIME,21,41,10,232.5,2325.0,2026-04-23,187797325,341,Midas Stock Broking Company Private Limited,Linch Stock Market Ltd.,2026-04-23 14:58:48.583132,Global IME Bank Limited
2026042301057569,GBIME,19,49,500,233.0,116500.0,2026-04-23,187798800,341,Nepal Investment And Securities Trading Private Limited,Online Securities Pvt. Ltd.,2026-04-23 14:59:12.920434,Global IME Bank Limited
2026042301058367,GBIME,91,49,1000,233.0,233000.0,2026-04-23,187802364,341,Citizens Share Broker Limited,Online Securities Pvt. Ltd.,2026-04-23 14:59:58.361714,Global IME Bank Limited
