contractId,stockSymbol,buyerMemberId,sellerMemberId,quantity,rate,amount,businessDate,tradeBookId,stockId,buyerBrokerName,sellerBrokerName,transaction_time,securityName
2026042304000022,HDHPC,58,62,10,225.0,2250.0,2026-04-23,187615081,2880,Naasa Securities Co. Ltd.,Capital Max Securities Ltd,2026-04-23 10:46:00.129484,Himal Dolakha Hydropower Company Limited
2026042304000040,HDHPC,58,36,10,231.7,2317.0,2026-04-23,187616571,2880,Naasa Securities Co. Ltd.,Secured Securities Ltd.,2026-04-23 11:01:50.063137,Himal Dolakha Hydropower Company Limited
2026042304000042,HDHPC,74,58,10,231.7,2317.0,2026-04-23,187616627,2880,KALASH STOCK MARKET PVT. LTD.,Naasa Securities Co. Ltd.,2026-04-23 11:01:54.979042,Himal Dolakha Hydropower Company Limited
2026042304000061,HDHPC,36,65,10,238.5,2385.0,2026-04-23,187617124,2880,Secured Securities Ltd.,Sharepro Securities Private Limited,2026-04-23 11:02:30.193058,Himal Dolakha Hydropower Company Limited
2026042304000069,HDHPC,36,58,10,242.0,2420.0,2026-04-23,187617576,2880,Secured Securities Ltd.,Naasa Securities Co. Ltd.,2026-04-23 11:02:53.855355,Himal Dolakha Hydropower Company Limited
2026042304000071,HDHPC,1,59,200,240.0,48000.0,2026-04-23,187617745,2880,Kumari Securities Private Limited,Deevyaa Securities & Stock House Pvt. Ltd,2026-04-23 11:03:05.739624,Himal Dolakha Hydropower Company Limited
2026042304000189,HDHPC,35,13,100,237.0,23700.0,2026-04-23,187620015,2880,Kohinoor Investment & Securities Pvt. Ltd.,Thrive Brokerage House Pvt. Ltd,2026-04-23 11:05:36.968833,Himal Dolakha Hydropower Company Limited
2026042304000190,HDHPC,37,13,550,233.1,128205.0,2026-04-23,187620016,2880,Swarna Laxmi Securities Pvt. Ltd.,Thrive Brokerage House Pvt. Ltd,2026-04-23 11:05:36.969050,Himal Dolakha Hydropower Company Limited
2026042304000247,HDHPC,45,58,142,237.9,33781.8,2026-04-23,187620989,2880,Imperial Securities Company Pvt. Ltd.,Naasa Securities Co. Ltd.,2026-04-23 11:06:23.383782,Himal Dolakha Hydropower Company Limited
2026042304000265,HDHPC,45,14,58,237.9,13798.2,2026-04-23,187621084,2880,Imperial Securities Company Pvt. Ltd.,Nepal Stock House (PVT) Ltd.,2026-04-23 11:06:29.080072,Himal Dolakha Hydropower Company Limited
2026042304000266,HDHPC,39,14,42,234.0,9828.0,2026-04-23,187621085,2880,Sumeru Securities Pvt. Ltd.,Nepal Stock House (PVT) Ltd.,2026-04-23 11:06:29.080271,Himal Dolakha Hydropower Company Limited
2026042304000273,HDHPC,39,42,58,234.0,13572.0,2026-04-23,187621168,2880,Sumeru Securities Pvt. Ltd.,Sani Securities Company Ltd.,2026-04-23 11:06:34.743450,Himal Dolakha Hydropower Company Limited
2026042304000274,HDHPC,37,42,530,233.1,123543.0,2026-04-23,187621170,2880,Swarna Laxmi Securities Pvt. Ltd.,Sani Securities Company Ltd.,2026-04-23 11:06:34.743641,Himal Dolakha Hydropower Company Limited
2026042304000275,HDHPC,44,42,600,233.0,139800.0,2026-04-23,187621172,2880,Dynamic Money Managers Securities Pvt. Ltd.,Sani Securities Company Ltd.,2026-04-23 11:06:34.743736,Himal Dolakha Hydropower Company Limited
2026042304000276,HDHPC,36,42,500,233.0,116500.0,2026-04-23,187621174,2880,Secured Securities Ltd.,Sani Securities Company Ltd.,2026-04-23 11:06:34.743830,Himal Dolakha Hydropower Company Limited
2026042304000277,HDHPC,34,42,312,233.0,72696.0,2026-04-23,187621175,2880,Vision Securities Pvt. Ltd,Sani Securities Company Ltd.,2026-04-23 11:06:34.743921,Himal Dolakha Hydropower Company Limited
2026042304000362,HDHPC,17,47,820,235.0,192700.0,2026-04-23,187622295,2880,ABC Securities Private Limited,Neev Securities Pvt. Ltd.,2026-04-23 11:07:43.449727,Himal Dolakha Hydropower Company Limited
2026042304000376,HDHPC,13,26,18,234.0,4212.0,2026-04-23,187622663,2880,Thrive Brokerage House Pvt. Ltd,Asian Securities Private Ltd.,2026-04-23 11:07:54.304029,Himal Dolakha Hydropower Company Limited
2026042304000385,HDHPC,13,47,732,234.0,171288.0,2026-04-23,187622730,2880,Thrive Brokerage House Pvt. Ltd,Neev Securities Pvt. Ltd.,2026-04-23 11:07:58.474129,Himal Dolakha Hydropower Company Limited
2026042304000386,HDHPC,42,47,2000,234.0,468000.0,2026-04-23,187622732,2880,Sani Securities Company Ltd.,Neev Securities Pvt. Ltd.,2026-04-23 11:07:58.474381,Himal Dolakha Hydropower Company Limited
2026042304000398,HDHPC,42,47,18,234.0,4212.0,2026-04-23,187622877,2880,Sani Securities Company Ltd.,Neev Securities Pvt. Ltd.,2026-04-23 11:08:07.847532,Himal Dolakha Hydropower Company Limited
2026042304000405,HDHPC,42,34,100,234.0,23400.0,2026-04-23,187622973,2880,Sani Securities Company Ltd.,Vision Securities Pvt. Ltd,2026-04-23 11:08:14.305363,Himal Dolakha Hydropower Company Limited
2026042304000428,HDHPC,42,63,500,234.0,117000.0,2026-04-23,187623485,2880,Sani Securities Company Ltd.,Himalayan Brokerage Company Limited,2026-04-23 11:08:45.363217,Himal Dolakha Hydropower Company Limited
2026042304000453,HDHPC,42,58,20,234.0,4680.0,2026-04-23,187623945,2880,Sani Securities Company Ltd.,Naasa Securities Co. Ltd.,2026-04-23 11:09:20.518653,Himal Dolakha Hydropower Company Limited
2026042304000464,HDHPC,42,47,1362,234.0,318708.0,2026-04-23,187624052,2880,Sani Securities Company Ltd.,Neev Securities Pvt. Ltd.,2026-04-23 11:09:29.233453,Himal Dolakha Hydropower Company Limited
2026042304000465,HDHPC,42,47,275,234.0,64350.0,2026-04-23,187624054,2880,Sani Securities Company Ltd.,Neev Securities Pvt. Ltd.,2026-04-23 11:09:29.233730,Himal Dolakha Hydropower Company Limited
2026042304000466,HDHPC,7,47,50,234.0,11700.0,2026-04-23,187624056,2880,J.F. Securites (PVT) Ltd.,Neev Securities Pvt. Ltd.,2026-04-23 11:09:29.233855,Himal Dolakha Hydropower Company Limited
2026042304000490,HDHPC,14,47,20,234.0,4680.0,2026-04-23,187624757,2880,Nepal Stock House (PVT) Ltd.,Neev Securities Pvt. Ltd.,2026-04-23 11:10:01.795974,Himal Dolakha Hydropower Company Limited
2026042304000491,HDHPC,14,14,244,234.0,57096.0,2026-04-23,187624760,2880,Nepal Stock House (PVT) Ltd.,Nepal Stock House (PVT) Ltd.,2026-04-23 11:10:01.796213,Himal Dolakha Hydropower Company Limited
2026042304000615,HDHPC,59,34,10,235.0,2350.0,2026-04-23,187626717,2880,Deevyaa Securities & Stock House Pvt. Ltd,Vision Securities Pvt. Ltd,2026-04-23 11:12:14.114347,Himal Dolakha Hydropower Company Limited
2026042304000638,HDHPC,59,50,175,235.0,41125.0,2026-04-23,187627477,2880,Deevyaa Securities & Stock House Pvt. Ltd,Cristal Kanchanjanga Securites Pvt. Ltd.,2026-04-23 11:12:58.456287,Himal Dolakha Hydropower Company Limited
2026042304000646,HDHPC,59,47,1011,235.0,237585.0,2026-04-23,187627650,2880,Deevyaa Securities & Stock House Pvt. Ltd,Neev Securities Pvt. Ltd.,2026-04-23 11:13:09.571877,Himal Dolakha Hydropower Company Limited
2026042304000735,HDHPC,57,47,39,235.0,9165.0,2026-04-23,187629600,2880,Aryatara Investment & Securities,Neev Securities Pvt. Ltd.,2026-04-23 11:15:06.567574,Himal Dolakha Hydropower Company Limited
2026042304000820,HDHPC,42,44,88,233.5,20548.0,2026-04-23,187631093,2880,Sani Securities Company Ltd.,Dynamic Money Managers Securities Pvt. Ltd.,2026-04-23 11:16:29.582717,Himal Dolakha Hydropower Company Limited
2026042304000943,HDHPC,42,14,12,233.5,2802.0,2026-04-23,187634715,2880,Sani Securities Company Ltd.,Nepal Stock House (PVT) Ltd.,2026-04-23 11:19:34.793246,Himal Dolakha Hydropower Company Limited
2026042304000955,HDHPC,34,95,88,233.0,20504.0,2026-04-23,187635132,2880,Vision Securities Pvt. Ltd,Magnet Securities and Investment Company Private Limited,2026-04-23 11:19:57.323563,Himal Dolakha Hydropower Company Limited
2026042304000956,HDHPC,44,95,50,233.0,11650.0,2026-04-23,187635134,2880,Dynamic Money Managers Securities Pvt. Ltd.,Magnet Securities and Investment Company Private Limited,2026-04-23 11:19:57.323853,Himal Dolakha Hydropower Company Limited
2026042304000957,HDHPC,58,95,160,233.0,37280.0,2026-04-23,187635136,2880,Naasa Securities Co. Ltd.,Magnet Securities and Investment Company Private Limited,2026-04-23 11:19:57.323984,Himal Dolakha Hydropower Company Limited
2026042304000958,HDHPC,14,95,59,233.0,13747.0,2026-04-23,187635138,2880,Nepal Stock House (PVT) Ltd.,Magnet Securities and Investment Company Private Limited,2026-04-23 11:19:57.324112,Himal Dolakha Hydropower Company Limited
2026042304001002,HDHPC,50,95,100,233.0,23300.0,2026-04-23,187635766,2880,Cristal Kanchanjanga Securites Pvt. Ltd.,Magnet Securities and Investment Company Private Limited,2026-04-23 11:20:39.316856,Himal Dolakha Hydropower Company Limited
2026042304001016,HDHPC,50,95,170,232.0,39440.0,2026-04-23,187636082,2880,Cristal Kanchanjanga Securites Pvt. Ltd.,Magnet Securities and Investment Company Private Limited,2026-04-23 11:21:00.277295,Himal Dolakha Hydropower Company Limited
2026042304001017,HDHPC,66,95,100,232.0,23200.0,2026-04-23,187636084,2880,Miyo Securities Pvt Ltd,Magnet Securities and Investment Company Private Limited,2026-04-23 11:21:00.278042,Himal Dolakha Hydropower Company Limited
2026042304001018,HDHPC,19,95,100,232.0,23200.0,2026-04-23,187636086,2880,Nepal Investment And Securities Trading Private Limited,Magnet Securities and Investment Company Private Limited,2026-04-23 11:21:00.278452,Himal Dolakha Hydropower Company Limited
2026042304001023,HDHPC,49,95,425,232.0,98600.0,2026-04-23,187636180,2880,Online Securities Pvt. Ltd.,Magnet Securities and Investment Company Private Limited,2026-04-23 11:21:02.819988,Himal Dolakha Hydropower Company Limited
2026042304001045,HDHPC,91,36,500,231.8,115900.0,2026-04-23,187636748,2880,Citizens Share Broker Limited,Secured Securities Ltd.,2026-04-23 11:21:19.695725,Himal Dolakha Hydropower Company Limited
2026042304001046,HDHPC,74,36,430,231.7,99631.0,2026-04-23,187636750,2880,KALASH STOCK MARKET PVT. LTD.,Secured Securities Ltd.,2026-04-23 11:21:19.696038,Himal Dolakha Hydropower Company Limited
2026042304001047,HDHPC,41,36,1000,231.1,231100.0,2026-04-23,187636752,2880,Linch Stock Market Ltd.,Secured Securities Ltd.,2026-04-23 11:21:19.696205,Himal Dolakha Hydropower Company Limited
2026042304001048,HDHPC,45,36,1000,231.1,231100.0,2026-04-23,187636754,2880,Imperial Securities Company Pvt. Ltd.,Secured Securities Ltd.,2026-04-23 11:21:19.696340,Himal Dolakha Hydropower Company Limited
2026042304001049,HDHPC,52,36,275,231.0,63525.0,2026-04-23,187636756,2880,Sundhara Securities Limited,Secured Securities Ltd.,2026-04-23 11:21:19.696481,Himal Dolakha Hydropower Company Limited
2026042304001050,HDHPC,36,36,15,231.0,3465.0,2026-04-23,187636758,2880,Secured Securities Ltd.,Secured Securities Ltd.,2026-04-23 11:21:19.696619,Himal Dolakha Hydropower Company Limited
2026042304001051,HDHPC,66,36,50,231.0,11550.0,2026-04-23,187636760,2880,Miyo Securities Pvt Ltd,Secured Securities Ltd.,2026-04-23 11:21:19.696779,Himal Dolakha Hydropower Company Limited
2026042304001104,HDHPC,49,36,230,230.2,52946.0,2026-04-23,187637929,2880,Online Securities Pvt. Ltd.,Secured Securities Ltd.,2026-04-23 11:22:06.334422,Himal Dolakha Hydropower Company Limited
2026042304001109,HDHPC,49,36,200,230.2,46040.0,2026-04-23,187638015,2880,Online Securities Pvt. Ltd.,Secured Securities Ltd.,2026-04-23 11:22:11.678403,Himal Dolakha Hydropower Company Limited
2026042304001145,HDHPC,49,47,20,230.2,4604.0,2026-04-23,187638670,2880,Online Securities Pvt. Ltd.,Neev Securities Pvt. Ltd.,2026-04-23 11:22:50.814987,Himal Dolakha Hydropower Company Limited
2026042304001146,HDHPC,32,47,1000,230.2,230200.0,2026-04-23,187638672,2880,Premier Securities Company Ltd.,Neev Securities Pvt. Ltd.,2026-04-23 11:22:50.815274,Himal Dolakha Hydropower Company Limited
2026042304001147,HDHPC,83,47,1000,230.1,230100.0,2026-04-23,187638674,2880,Sanima Securities Limited,Neev Securities Pvt. Ltd.,2026-04-23 11:22:50.815397,Himal Dolakha Hydropower Company Limited
2026042304001148,HDHPC,45,47,300,230.0,69000.0,2026-04-23,187638676,2880,Imperial Securities Company Pvt. Ltd.,Neev Securities Pvt. Ltd.,2026-04-23 11:22:50.815511,Himal Dolakha Hydropower Company Limited
2026042304001149,HDHPC,38,47,2000,230.0,460000.0,2026-04-23,187638678,2880,Dipshikha Dhitopatra Karobar Co. Pvt Ltd.,Neev Securities Pvt. Ltd.,2026-04-23 11:22:50.815622,Himal Dolakha Hydropower Company Limited
2026042304001150,HDHPC,58,47,400,230.0,92000.0,2026-04-23,187638680,2880,Naasa Securities Co. Ltd.,Neev Securities Pvt. Ltd.,2026-04-23 11:22:50.815733,Himal Dolakha Hydropower Company Limited
2026042304001151,HDHPC,35,47,3478,230.0,799940.0,2026-04-23,187638682,2880,Kohinoor Investment & Securities Pvt. Ltd.,Neev Securities Pvt. Ltd.,2026-04-23 11:22:50.815845,Himal Dolakha Hydropower Company Limited
2026042304001152,HDHPC,48,47,200,230.0,46000.0,2026-04-23,187638684,2880,Trishakti Securities Public Limited,Neev Securities Pvt. Ltd.,2026-04-23 11:22:50.815957,Himal Dolakha Hydropower Company Limited
2026042304001153,HDHPC,39,47,100,230.0,23000.0,2026-04-23,187638686,2880,Sumeru Securities Pvt. Ltd.,Neev Securities Pvt. Ltd.,2026-04-23 11:22:50.816066,Himal Dolakha Hydropower Company Limited
2026042304001154,HDHPC,35,47,115,230.0,26450.0,2026-04-23,187638688,2880,Kohinoor Investment & Securities Pvt. Ltd.,Neev Securities Pvt. Ltd.,2026-04-23 11:22:50.816174,Himal Dolakha Hydropower Company Limited
2026042304001155,HDHPC,59,47,500,230.0,115000.0,2026-04-23,187638690,2880,Deevyaa Securities & Stock House Pvt. Ltd,Neev Securities Pvt. Ltd.,2026-04-23 11:22:50.816283,Himal Dolakha Hydropower Company Limited
2026042304001156,HDHPC,7,47,1000,230.0,230000.0,2026-04-23,187638692,2880,J.F. Securites (PVT) Ltd.,Neev Securities Pvt. Ltd.,2026-04-23 11:22:50.816400,Himal Dolakha Hydropower Company Limited
2026042304001157,HDHPC,17,47,100,230.0,23000.0,2026-04-23,187638694,2880,ABC Securities Private Limited,Neev Securities Pvt. Ltd.,2026-04-23 11:22:50.816507,Himal Dolakha Hydropower Company Limited
2026042304001158,HDHPC,4,47,1000,230.0,230000.0,2026-04-23,187638696,2880,Opal Securities Investment (PVT) Ltd.,Neev Securities Pvt. Ltd.,2026-04-23 11:22:50.816614,Himal Dolakha Hydropower Company Limited
2026042304001159,HDHPC,49,47,250,230.0,57500.0,2026-04-23,187638698,2880,Online Securities Pvt. Ltd.,Neev Securities Pvt. Ltd.,2026-04-23 11:22:50.816722,Himal Dolakha Hydropower Company Limited
2026042304001160,HDHPC,35,47,100,230.0,23000.0,2026-04-23,187638700,2880,Kohinoor Investment & Securities Pvt. Ltd.,Neev Securities Pvt. Ltd.,2026-04-23 11:22:50.816845,Himal Dolakha Hydropower Company Limited
2026042304001213,HDHPC,58,41,1000,229.1,229100.0,2026-04-23,187639423,2880,Naasa Securities Co. Ltd.,Linch Stock Market Ltd.,2026-04-23 11:23:30.185177,Himal Dolakha Hydropower Company Limited
2026042304001219,HDHPC,50,47,112,230.0,25760.0,2026-04-23,187639536,2880,Cristal Kanchanjanga Securites Pvt. Ltd.,Neev Securities Pvt. Ltd.,2026-04-23 11:23:39.004658,Himal Dolakha Hydropower Company Limited
2026042304001257,HDHPC,42,47,500,230.0,115000.0,2026-04-23,187640284,2880,Sani Securities Company Ltd.,Neev Securities Pvt. Ltd.,2026-04-23 11:24:20.891583,Himal Dolakha Hydropower Company Limited
2026042304001287,HDHPC,43,44,100,229.0,22900.0,2026-04-23,187641210,2880,South Asian Bulls Pvt. Ltd.,Dynamic Money Managers Securities Pvt. Ltd.,2026-04-23 11:24:59.820986,Himal Dolakha Hydropower Company Limited
2026042304001288,HDHPC,41,44,200,229.0,45800.0,2026-04-23,187641211,2880,Linch Stock Market Ltd.,Dynamic Money Managers Securities Pvt. Ltd.,2026-04-23 11:24:59.821276,Himal Dolakha Hydropower Company Limited
2026042304001321,HDHPC,42,47,1000,230.0,230000.0,2026-04-23,187641762,2880,Sani Securities Company Ltd.,Neev Securities Pvt. Ltd.,2026-04-23 11:25:34.464804,Himal Dolakha Hydropower Company Limited
2026042304001351,HDHPC,42,47,200,230.0,46000.0,2026-04-23,187642542,2880,Sani Securities Company Ltd.,Neev Securities Pvt. Ltd.,2026-04-23 11:26:23.243936,Himal Dolakha Hydropower Company Limited
2026042304001367,HDHPC,14,47,195,230.0,44850.0,2026-04-23,187642902,2880,Nepal Stock House (PVT) Ltd.,Neev Securities Pvt. Ltd.,2026-04-23 11:26:43.607641,Himal Dolakha Hydropower Company Limited
2026042304001393,HDHPC,84,50,500,229.9,114950.0,2026-04-23,187643213,2880,MILKY WAY SHARE BROKER COMPANY LTD ,Cristal Kanchanjanga Securites Pvt. Ltd.,2026-04-23 11:27:01.295517,Himal Dolakha Hydropower Company Limited
2026042304001394,HDHPC,84,47,6430,230.0,1478900.0,2026-04-23,187643215,2880,MILKY WAY SHARE BROKER COMPANY LTD ,Neev Securities Pvt. Ltd.,2026-04-23 11:27:01.296093,Himal Dolakha Hydropower Company Limited
2026042304001395,HDHPC,84,45,70,230.0,16100.0,2026-04-23,187643218,2880,MILKY WAY SHARE BROKER COMPANY LTD ,Imperial Securities Company Pvt. Ltd.,2026-04-23 11:27:01.296277,Himal Dolakha Hydropower Company Limited
2026042304001414,HDHPC,84,45,480,230.0,110400.0,2026-04-23,187643553,2880,MILKY WAY SHARE BROKER COMPANY LTD ,Imperial Securities Company Pvt. Ltd.,2026-04-23 11:27:11.216433,Himal Dolakha Hydropower Company Limited
2026042304001421,HDHPC,84,38,10,231.9,2319.0,2026-04-23,187643800,2880,MILKY WAY SHARE BROKER COMPANY LTD ,Dipshikha Dhitopatra Karobar Co. Pvt Ltd.,2026-04-23 11:27:19.011473,Himal Dolakha Hydropower Company Limited
2026042304001429,HDHPC,84,95,20,232.0,4640.0,2026-04-23,187644128,2880,MILKY WAY SHARE BROKER COMPANY LTD ,Magnet Securities and Investment Company Private Limited,2026-04-23 11:27:33.255335,Himal Dolakha Hydropower Company Limited
2026042304001614,HDHPC,84,39,500,230.1,115050.0,2026-04-23,187648122,2880,MILKY WAY SHARE BROKER COMPANY LTD ,Sumeru Securities Pvt. Ltd.,2026-04-23 11:30:49.744037,Himal Dolakha Hydropower Company Limited
2026042304001615,HDHPC,58,39,50,230.1,11505.0,2026-04-23,187648124,2880,Naasa Securities Co. Ltd.,Sumeru Securities Pvt. Ltd.,2026-04-23 11:30:49.744608,Himal Dolakha Hydropower Company Limited
2026042304001630,HDHPC,34,39,90,230.1,20709.0,2026-04-23,187648341,2880,Vision Securities Pvt. Ltd,Sumeru Securities Pvt. Ltd.,2026-04-23 11:31:03.862271,Himal Dolakha Hydropower Company Limited
2026042304001647,HDHPC,58,7,873,231.9,202448.7,2026-04-23,187648618,2880,Naasa Securities Co. Ltd.,J.F. Securites (PVT) Ltd.,2026-04-23 11:31:17.920825,Himal Dolakha Hydropower Company Limited
2026042304001655,HDHPC,6,44,10,231.1,2311.0,2026-04-23,187648673,2880,Agrawal Securities (PVT) Ltd.,Dynamic Money Managers Securities Pvt. Ltd.,2026-04-23 11:31:21.981137,Himal Dolakha Hydropower Company Limited
2026042304001688,HDHPC,34,58,30,231.8,6954.0,2026-04-23,187649271,2880,Vision Securities Pvt. Ltd,Naasa Securities Co. Ltd.,2026-04-23 11:31:59.647467,Himal Dolakha Hydropower Company Limited
2026042304001689,HDHPC,34,7,127,231.9,29451.3,2026-04-23,187649273,2880,Vision Securities Pvt. Ltd,J.F. Securites (PVT) Ltd.,2026-04-23 11:31:59.647836,Himal Dolakha Hydropower Company Limited
2026042304001690,HDHPC,34,95,228,232.0,52896.0,2026-04-23,187649275,2880,Vision Securities Pvt. Ltd,Magnet Securities and Investment Company Private Limited,2026-04-23 11:31:59.647982,Himal Dolakha Hydropower Company Limited
2026042304001691,HDHPC,34,47,25,232.0,5800.0,2026-04-23,187649278,2880,Vision Securities Pvt. Ltd,Neev Securities Pvt. Ltd.,2026-04-23 11:31:59.648113,Himal Dolakha Hydropower Company Limited
2026042304001710,HDHPC,6,47,190,232.0,44080.0,2026-04-23,187649656,2880,Agrawal Securities (PVT) Ltd.,Neev Securities Pvt. Ltd.,2026-04-23 11:32:17.775227,Himal Dolakha Hydropower Company Limited
2026042304001712,HDHPC,57,47,1250,232.0,290000.0,2026-04-23,187649710,2880,Aryatara Investment & Securities,Neev Securities Pvt. Ltd.,2026-04-23 11:32:21.968653,Himal Dolakha Hydropower Company Limited
2026042304001728,HDHPC,43,32,389,231.0,89859.0,2026-04-23,187649901,2880,South Asian Bulls Pvt. Ltd.,Premier Securities Company Ltd.,2026-04-23 11:32:34.080447,Himal Dolakha Hydropower Company Limited
2026042304001736,HDHPC,58,49,20,231.1,4622.0,2026-04-23,187650148,2880,Naasa Securities Co. Ltd.,Online Securities Pvt. Ltd.,2026-04-23 11:32:45.602323,Himal Dolakha Hydropower Company Limited
2026042304001737,HDHPC,43,49,611,231.0,141141.0,2026-04-23,187650150,2880,South Asian Bulls Pvt. Ltd.,Online Securities Pvt. Ltd.,2026-04-23 11:32:45.602613,Himal Dolakha Hydropower Company Limited
2026042304001738,HDHPC,38,49,200,231.0,46200.0,2026-04-23,187650152,2880,Dipshikha Dhitopatra Karobar Co. Pvt Ltd.,Online Securities Pvt. Ltd.,2026-04-23 11:32:45.602751,Himal Dolakha Hydropower Company Limited
2026042304001749,HDHPC,22,56,60,230.1,13806.0,2026-04-23,187650357,2880,Siprabi Securities Pvt. Ltd.,Sri Hari Securities Pvt. Ltd.,2026-04-23 11:33:00.950403,Himal Dolakha Hydropower Company Limited
2026042304001750,HDHPC,58,49,23,231.0,5313.0,2026-04-23,187650382,2880,Naasa Securities Co. Ltd.,Online Securities Pvt. Ltd.,2026-04-23 11:33:03.191170,Himal Dolakha Hydropower Company Limited
2026042304001772,HDHPC,38,49,146,231.0,33726.0,2026-04-23,187650881,2880,Dipshikha Dhitopatra Karobar Co. Pvt Ltd.,Online Securities Pvt. Ltd.,2026-04-23 11:33:28.143295,Himal Dolakha Hydropower Company Limited
2026042304001773,HDHPC,38,47,4854,232.0,1126128.0,2026-04-23,187650884,2880,Dipshikha Dhitopatra Karobar Co. Pvt Ltd.,Neev Securities Pvt. Ltd.,2026-04-23 11:33:28.143895,Himal Dolakha Hydropower Company Limited
2026042304001804,HDHPC,34,47,1500,232.0,348000.0,2026-04-23,187651380,2880,Vision Securities Pvt. Ltd,Neev Securities Pvt. Ltd.,2026-04-23 11:34:06.490103,Himal Dolakha Hydropower Company Limited
2026042304001813,HDHPC,57,72,100,231.0,23100.0,2026-04-23,187651752,2880,Aryatara Investment & Securities,Hatemalo Financial Services Private Limited,2026-04-23 11:34:41.053424,Himal Dolakha Hydropower Company Limited
2026042304001814,HDHPC,57,72,50,231.0,11550.0,2026-04-23,187651754,2880,Aryatara Investment & Securities,Hatemalo Financial Services Private Limited,2026-04-23 11:34:41.054025,Himal Dolakha Hydropower Company Limited
2026042304001823,HDHPC,58,72,25,231.0,5775.0,2026-04-23,187651878,2880,Naasa Securities Co. Ltd.,Hatemalo Financial Services Private Limited,2026-04-23 11:34:50.711964,Himal Dolakha Hydropower Company Limited
2026042304001846,HDHPC,34,72,68,231.0,15708.0,2026-04-23,187653038,2880,Vision Securities Pvt. Ltd,Hatemalo Financial Services Private Limited,2026-04-23 11:35:51.387956,Himal Dolakha Hydropower Company Limited
2026042304001859,HDHPC,45,72,757,231.0,174867.0,2026-04-23,187653107,2880,Imperial Securities Company Pvt. Ltd.,Hatemalo Financial Services Private Limited,2026-04-23 11:35:56.447245,Himal Dolakha Hydropower Company Limited
2026042304001876,HDHPC,45,13,230,231.0,53130.0,2026-04-23,187653478,2880,Imperial Securities Company Pvt. Ltd.,Thrive Brokerage House Pvt. Ltd,2026-04-23 11:36:21.372202,Himal Dolakha Hydropower Company Limited
2026042304001896,HDHPC,38,47,2000,232.0,464000.0,2026-04-23,187654242,2880,Dipshikha Dhitopatra Karobar Co. Pvt Ltd.,Neev Securities Pvt. Ltd.,2026-04-23 11:37:08.162580,Himal Dolakha Hydropower Company Limited
2026042304001916,HDHPC,45,47,13,232.0,3016.0,2026-04-23,187654704,2880,Imperial Securities Company Pvt. Ltd.,Neev Securities Pvt. Ltd.,2026-04-23 11:37:44.613995,Himal Dolakha Hydropower Company Limited
2026042304001947,HDHPC,45,47,150,232.0,34800.0,2026-04-23,187655154,2880,Imperial Securities Company Pvt. Ltd.,Neev Securities Pvt. Ltd.,2026-04-23 11:38:21.050553,Himal Dolakha Hydropower Company Limited
2026042304001960,HDHPC,11,47,18,232.0,4176.0,2026-04-23,187655423,2880,Malla & Malla Stock Broking Company Pvt. Limited,Neev Securities Pvt. Ltd.,2026-04-23 11:38:45.583742,Himal Dolakha Hydropower Company Limited
2026042304001961,HDHPC,11,1,284,232.0,65888.0,2026-04-23,187655426,2880,Malla & Malla Stock Broking Company Pvt. Limited,Kumari Securities Private Limited,2026-04-23 11:38:45.584428,Himal Dolakha Hydropower Company Limited
2026042304001977,HDHPC,59,1,716,231.5,165754.0,2026-04-23,187655549,2880,Deevyaa Securities & Stock House Pvt. Ltd,Kumari Securities Private Limited,2026-04-23 11:38:56.933436,Himal Dolakha Hydropower Company Limited
2026042304002031,HDHPC,42,94,500,232.0,116000.0,2026-04-23,187656938,2880,Sani Securities Company Ltd.,K.B.L. Securities Limited ,2026-04-23 11:40:35.567322,Himal Dolakha Hydropower Company Limited
2026042304002037,HDHPC,60,94,16,232.0,3712.0,2026-04-23,187657150,2880,Nagarik Stock Dealer ,K.B.L. Securities Limited ,2026-04-23 11:40:47.787240,Himal Dolakha Hydropower Company Limited
2026042304002062,HDHPC,48,94,640,232.0,148480.0,2026-04-23,187657412,2880,Trishakti Securities Public Limited,K.B.L. Securities Limited ,2026-04-23 11:41:09.245618,Himal Dolakha Hydropower Company Limited
2026042304002064,HDHPC,38,94,200,232.0,46400.0,2026-04-23,187657426,2880,Dipshikha Dhitopatra Karobar Co. Pvt Ltd.,K.B.L. Securities Limited ,2026-04-23 11:41:11.201567,Himal Dolakha Hydropower Company Limited
2026042304002094,HDHPC,36,94,500,232.0,116000.0,2026-04-23,187658124,2880,Secured Securities Ltd.,K.B.L. Securities Limited ,2026-04-23 11:42:03.762538,Himal Dolakha Hydropower Company Limited
2026042304002123,HDHPC,58,94,15,232.0,3480.0,2026-04-23,187658692,2880,Naasa Securities Co. Ltd.,K.B.L. Securities Limited ,2026-04-23 11:42:39.776265,Himal Dolakha Hydropower Company Limited
2026042304002226,HDHPC,6,6,400,231.6,92640.0,2026-04-23,187659743,2880,Agrawal Securities (PVT) Ltd.,Agrawal Securities (PVT) Ltd.,2026-04-23 11:44:01.082956,Himal Dolakha Hydropower Company Limited
2026042304002239,HDHPC,20,94,129,232.0,29928.0,2026-04-23,187659801,2880,Sipla Securities Private Limited,K.B.L. Securities Limited ,2026-04-23 11:44:03.955867,Himal Dolakha Hydropower Company Limited
2026042304002240,HDHPC,20,46,10,232.0,2320.0,2026-04-23,187659803,2880,Sipla Securities Private Limited,Kalika Securities Pvt. Ltd.,2026-04-23 11:44:03.956201,Himal Dolakha Hydropower Company Limited
2026042304002241,HDHPC,20,47,111,232.0,25752.0,2026-04-23,187659806,2880,Sipla Securities Private Limited,Neev Securities Pvt. Ltd.,2026-04-23 11:44:03.956379,Himal Dolakha Hydropower Company Limited
2026042304002246,HDHPC,54,47,889,232.0,206248.0,2026-04-23,187659821,2880,Sewa Securities Pvt. Ltd.,Neev Securities Pvt. Ltd.,2026-04-23 11:44:06.268148,Himal Dolakha Hydropower Company Limited
2026042304002247,HDHPC,54,47,911,232.0,211352.0,2026-04-23,187659824,2880,Sewa Securities Pvt. Ltd.,Neev Securities Pvt. Ltd.,2026-04-23 11:44:06.268616,Himal Dolakha Hydropower Company Limited
2026042304002263,HDHPC,6,11,105,231.6,24318.0,2026-04-23,187660018,2880,Agrawal Securities (PVT) Ltd.,Malla & Malla Stock Broking Company Pvt. Limited,2026-04-23 11:44:22.601352,Himal Dolakha Hydropower Company Limited
2026042304002264,HDHPC,58,11,45,231.6,10422.0,2026-04-23,187660019,2880,Naasa Securities Co. Ltd.,Malla & Malla Stock Broking Company Pvt. Limited,2026-04-23 11:44:22.602033,Himal Dolakha Hydropower Company Limited
2026042304002301,HDHPC,59,11,284,231.5,65746.0,2026-04-23,187660450,2880,Deevyaa Securities & Stock House Pvt. Ltd,Malla & Malla Stock Broking Company Pvt. Limited,2026-04-23 11:44:57.779379,Himal Dolakha Hydropower Company Limited
2026042304002302,HDHPC,35,11,119,231.5,27548.5,2026-04-23,187660451,2880,Kohinoor Investment & Securities Pvt. Ltd.,Malla & Malla Stock Broking Company Pvt. Limited,2026-04-23 11:44:57.779740,Himal Dolakha Hydropower Company Limited
2026042304002341,HDHPC,32,33,50,231.0,11550.0,2026-04-23,187661224,2880,Premier Securities Company Ltd.,Dakshinkali Investment & Securities Pvt. Ltd.,2026-04-23 11:45:53.985518,Himal Dolakha Hydropower Company Limited
2026042304002342,HDHPC,22,33,85,231.0,19635.0,2026-04-23,187661226,2880,Siprabi Securities Pvt. Ltd.,Dakshinkali Investment & Securities Pvt. Ltd.,2026-04-23 11:45:53.985619,Himal Dolakha Hydropower Company Limited
2026042304002343,HDHPC,35,33,100,231.0,23100.0,2026-04-23,187661228,2880,Kohinoor Investment & Securities Pvt. Ltd.,Dakshinkali Investment & Securities Pvt. Ltd.,2026-04-23 11:45:53.985711,Himal Dolakha Hydropower Company Limited
2026042304002344,HDHPC,71,33,1000,230.9,230900.0,2026-04-23,187661230,2880,SHUBHAKAMANA SECURITIES PVT. LTD,Dakshinkali Investment & Securities Pvt. Ltd.,2026-04-23 11:45:53.985780,Himal Dolakha Hydropower Company Limited
2026042304002345,HDHPC,42,33,500,230.7,115350.0,2026-04-23,187661232,2880,Sani Securities Company Ltd.,Dakshinkali Investment & Securities Pvt. Ltd.,2026-04-23 11:45:53.985845,Himal Dolakha Hydropower Company Limited
2026042304002346,HDHPC,14,33,265,230.7,61135.5,2026-04-23,187661233,2880,Nepal Stock House (PVT) Ltd.,Dakshinkali Investment & Securities Pvt. Ltd.,2026-04-23 11:45:53.985906,Himal Dolakha Hydropower Company Limited
2026042304002382,HDHPC,14,1,200,230.7,46140.0,2026-04-23,187661713,2880,Nepal Stock House (PVT) Ltd.,Kumari Securities Private Limited,2026-04-23 11:46:30.660370,Himal Dolakha Hydropower Company Limited
2026042304002396,HDHPC,46,94,22,230.6,5073.2,2026-04-23,187661860,2880,Kalika Securities Pvt. Ltd.,K.B.L. Securities Limited ,2026-04-23 11:46:41.813249,Himal Dolakha Hydropower Company Limited
2026042304002397,HDHPC,59,94,50,230.5,11525.0,2026-04-23,187661862,2880,Deevyaa Securities & Stock House Pvt. Ltd,K.B.L. Securities Limited ,2026-04-23 11:46:41.813992,Himal Dolakha Hydropower Company Limited
2026042304002398,HDHPC,22,94,100,230.4,23040.0,2026-04-23,187661864,2880,Siprabi Securities Pvt. Ltd.,K.B.L. Securities Limited ,2026-04-23 11:46:41.814396,Himal Dolakha Hydropower Company Limited
2026042304002399,HDHPC,22,94,100,230.3,23030.0,2026-04-23,187661866,2880,Siprabi Securities Pvt. Ltd.,K.B.L. Securities Limited ,2026-04-23 11:46:41.814591,Himal Dolakha Hydropower Company Limited
2026042304002400,HDHPC,91,94,490,230.2,112798.0,2026-04-23,187661868,2880,Citizens Share Broker Limited,K.B.L. Securities Limited ,2026-04-23 11:46:41.814833,Himal Dolakha Hydropower Company Limited
2026042304002401,HDHPC,22,94,50,230.2,11510.0,2026-04-23,187661870,2880,Siprabi Securities Pvt. Ltd.,K.B.L. Securities Limited ,2026-04-23 11:46:41.815046,Himal Dolakha Hydropower Company Limited
2026042304002402,HDHPC,22,94,40,230.1,9204.0,2026-04-23,187661872,2880,Siprabi Securities Pvt. Ltd.,K.B.L. Securities Limited ,2026-04-23 11:46:41.815264,Himal Dolakha Hydropower Company Limited
2026042304002403,HDHPC,25,94,648,230.0,149040.0,2026-04-23,187661873,2880,Sweta Securities Private Limited,K.B.L. Securities Limited ,2026-04-23 11:46:41.815496,Himal Dolakha Hydropower Company Limited
2026042304002459,HDHPC,25,94,352,230.0,80960.0,2026-04-23,187662470,2880,Sweta Securities Private Limited,K.B.L. Securities Limited ,2026-04-23 11:47:20.950363,Himal Dolakha Hydropower Company Limited
2026042304002460,HDHPC,35,94,100,230.0,23000.0,2026-04-23,187662472,2880,Kohinoor Investment & Securities Pvt. Ltd.,K.B.L. Securities Limited ,2026-04-23 11:47:20.950780,Himal Dolakha Hydropower Company Limited
2026042304002461,HDHPC,38,94,200,230.0,46000.0,2026-04-23,187662474,2880,Dipshikha Dhitopatra Karobar Co. Pvt Ltd.,K.B.L. Securities Limited ,2026-04-23 11:47:20.950973,Himal Dolakha Hydropower Company Limited
2026042304002462,HDHPC,22,94,100,230.0,23000.0,2026-04-23,187662476,2880,Siprabi Securities Pvt. Ltd.,K.B.L. Securities Limited ,2026-04-23 11:47:20.951191,Himal Dolakha Hydropower Company Limited
2026042304002463,HDHPC,57,94,200,230.0,46000.0,2026-04-23,187662478,2880,Aryatara Investment & Securities,K.B.L. Securities Limited ,2026-04-23 11:47:20.951393,Himal Dolakha Hydropower Company Limited
2026042304002464,HDHPC,6,94,2000,230.0,460000.0,2026-04-23,187662480,2880,Agrawal Securities (PVT) Ltd.,K.B.L. Securities Limited ,2026-04-23 11:47:20.951557,Himal Dolakha Hydropower Company Limited
2026042304002465,HDHPC,28,94,652,230.0,149960.0,2026-04-23,187662482,2880,Shree Krishna Securities Ltd.,K.B.L. Securities Limited ,2026-04-23 11:47:20.951758,Himal Dolakha Hydropower Company Limited
2026042304002466,HDHPC,32,94,400,230.0,92000.0,2026-04-23,187662484,2880,Premier Securities Company Ltd.,K.B.L. Securities Limited ,2026-04-23 11:47:20.951980,Himal Dolakha Hydropower Company Limited
2026042304002467,HDHPC,19,94,769,230.0,176870.0,2026-04-23,187662486,2880,Nepal Investment And Securities Trading Private Limited,K.B.L. Securities Limited ,2026-04-23 11:47:20.952169,Himal Dolakha Hydropower Company Limited
2026042304002468,HDHPC,44,94,100,230.0,23000.0,2026-04-23,187662488,2880,Dynamic Money Managers Securities Pvt. Ltd.,K.B.L. Securities Limited ,2026-04-23 11:47:20.952411,Himal Dolakha Hydropower Company Limited
2026042304002469,HDHPC,49,94,2127,230.0,489210.0,2026-04-23,187662489,2880,Online Securities Pvt. Ltd.,K.B.L. Securities Limited ,2026-04-23 11:47:20.952648,Himal Dolakha Hydropower Company Limited
2026042304002601,HDHPC,44,54,200,230.3,46060.0,2026-04-23,187664616,2880,Dynamic Money Managers Securities Pvt. Ltd.,Sewa Securities Pvt. Ltd.,2026-04-23 11:50:23.729717,Himal Dolakha Hydropower Company Limited
2026042304002602,HDHPC,34,54,500,230.2,115100.0,2026-04-23,187664618,2880,Vision Securities Pvt. Ltd,Sewa Securities Pvt. Ltd.,2026-04-23 11:50:23.730423,Himal Dolakha Hydropower Company Limited
2026042304002603,HDHPC,47,54,300,230.1,69030.0,2026-04-23,187664619,2880,Neev Securities Pvt. Ltd.,Sewa Securities Pvt. Ltd.,2026-04-23 11:50:23.730913,Himal Dolakha Hydropower Company Limited
2026042304002641,HDHPC,47,58,77,230.1,17717.7,2026-04-23,187665033,2880,Neev Securities Pvt. Ltd.,Naasa Securities Co. Ltd.,2026-04-23 11:50:48.646084,Himal Dolakha Hydropower Company Limited
2026042304002815,HDHPC,75,47,60,231.0,13860.0,2026-04-23,187667574,2880,N.I.M.B. Stock Markets Limited,Neev Securities Pvt. Ltd.,2026-04-23 11:53:56.526438,Himal Dolakha Hydropower Company Limited
2026042304002849,HDHPC,58,47,20,231.0,4620.0,2026-04-23,187667888,2880,Naasa Securities Co. Ltd.,Neev Securities Pvt. Ltd.,2026-04-23 11:54:24.147451,Himal Dolakha Hydropower Company Limited
2026042304002893,HDHPC,58,47,10,231.0,2310.0,2026-04-23,187668824,2880,Naasa Securities Co. Ltd.,Neev Securities Pvt. Ltd.,2026-04-23 11:55:31.729481,Himal Dolakha Hydropower Company Limited
2026042304002979,HDHPC,88,47,30,231.0,6930.0,2026-04-23,187670008,2880,Blue Chip Securities Ltd,Neev Securities Pvt. Ltd.,2026-04-23 11:56:58.517475,Himal Dolakha Hydropower Company Limited
2026042304003006,HDHPC,47,51,20,230.1,4602.0,2026-04-23,187670483,2880,Neev Securities Pvt. Ltd.,Oxford Securities Pvt. Ltd.,2026-04-23 11:57:22.432441,Himal Dolakha Hydropower Company Limited
2026042304003215,HDHPC,47,47,603,230.1,138750.3,2026-04-23,187673242,2880,Neev Securities Pvt. Ltd.,Neev Securities Pvt. Ltd.,2026-04-23 12:00:34.875845,Himal Dolakha Hydropower Company Limited
2026042304003216,HDHPC,58,47,50,230.1,11505.0,2026-04-23,187673244,2880,Naasa Securities Co. Ltd.,Neev Securities Pvt. Ltd.,2026-04-23 12:00:34.876287,Himal Dolakha Hydropower Company Limited
2026042304003217,HDHPC,49,47,323,230.0,74290.0,2026-04-23,187673246,2880,Online Securities Pvt. Ltd.,Neev Securities Pvt. Ltd.,2026-04-23 12:00:34.876493,Himal Dolakha Hydropower Company Limited
2026042304003218,HDHPC,57,47,90,230.0,20700.0,2026-04-23,187673248,2880,Aryatara Investment & Securities,Neev Securities Pvt. Ltd.,2026-04-23 12:00:34.876679,Himal Dolakha Hydropower Company Limited
2026042304003219,HDHPC,4,47,200,230.0,46000.0,2026-04-23,187673250,2880,Opal Securities Investment (PVT) Ltd.,Neev Securities Pvt. Ltd.,2026-04-23 12:00:34.876871,Himal Dolakha Hydropower Company Limited
2026042304003220,HDHPC,51,47,182,230.0,41860.0,2026-04-23,187673252,2880,Oxford Securities Pvt. Ltd.,Neev Securities Pvt. Ltd.,2026-04-23 12:00:34.877053,Himal Dolakha Hydropower Company Limited
2026042304003221,HDHPC,4,47,300,230.0,69000.0,2026-04-23,187673255,2880,Opal Securities Investment (PVT) Ltd.,Neev Securities Pvt. Ltd.,2026-04-23 12:00:34.877239,Himal Dolakha Hydropower Company Limited
2026042304003222,HDHPC,45,47,100,230.0,23000.0,2026-04-23,187673258,2880,Imperial Securities Company Pvt. Ltd.,Neev Securities Pvt. Ltd.,2026-04-23 12:00:34.877430,Himal Dolakha Hydropower Company Limited
2026042304003223,HDHPC,58,47,50,230.0,11500.0,2026-04-23,187673260,2880,Naasa Securities Co. Ltd.,Neev Securities Pvt. Ltd.,2026-04-23 12:00:34.877621,Himal Dolakha Hydropower Company Limited
2026042304003224,HDHPC,5,47,20,230.0,4600.0,2026-04-23,187673262,2880,Market Securities & Exchange (PVT) Ltd.,Neev Securities Pvt. Ltd.,2026-04-23 12:00:34.877850,Himal Dolakha Hydropower Company Limited
2026042304003225,HDHPC,74,47,500,230.0,115000.0,2026-04-23,187673264,2880,KALASH STOCK MARKET PVT. LTD.,Neev Securities Pvt. Ltd.,2026-04-23 12:00:34.878107,Himal Dolakha Hydropower Company Limited
2026042304003226,HDHPC,42,47,100,230.0,23000.0,2026-04-23,187673266,2880,Sani Securities Company Ltd.,Neev Securities Pvt. Ltd.,2026-04-23 12:00:34.878307,Himal Dolakha Hydropower Company Limited
2026042304003227,HDHPC,16,47,50,230.0,11500.0,2026-04-23,187673268,2880,Primo Securities (PVT) Ltd.,Neev Securities Pvt. Ltd.,2026-04-23 12:00:34.878518,Himal Dolakha Hydropower Company Limited
2026042304003228,HDHPC,35,47,932,230.0,214360.0,2026-04-23,187673269,2880,Kohinoor Investment & Securities Pvt. Ltd.,Neev Securities Pvt. Ltd.,2026-04-23 12:00:34.878710,Himal Dolakha Hydropower Company Limited
2026042304003241,HDHPC,35,39,68,230.0,15640.0,2026-04-23,187673438,2880,Kohinoor Investment & Securities Pvt. Ltd.,Sumeru Securities Pvt. Ltd.,2026-04-23 12:00:53.288709,Himal Dolakha Hydropower Company Limited
2026042304003242,HDHPC,32,39,732,229.7,168140.4,2026-04-23,187673439,2880,Premier Securities Company Ltd.,Sumeru Securities Pvt. Ltd.,2026-04-23 12:00:53.288782,Himal Dolakha Hydropower Company Limited
2026042304003316,HDHPC,56,8,14,230.0,3220.0,2026-04-23,187674995,2880,Sri Hari Securities Pvt. Ltd.,Brilliant Securities Pvt. Ltd.,2026-04-23 12:02:57.493211,Himal Dolakha Hydropower Company Limited
2026042304003349,HDHPC,58,38,15,230.0,3450.0,2026-04-23,187675896,2880,Naasa Securities Co. Ltd.,Dipshikha Dhitopatra Karobar Co. Pvt Ltd.,2026-04-23 12:04:04.570547,Himal Dolakha Hydropower Company Limited
2026042304003350,HDHPC,56,38,370,229.8,85026.0,2026-04-23,187675897,2880,Sri Hari Securities Pvt. Ltd.,Dipshikha Dhitopatra Karobar Co. Pvt Ltd.,2026-04-23 12:04:04.570981,Himal Dolakha Hydropower Company Limited
2026042304003373,HDHPC,56,17,116,229.8,26656.8,2026-04-23,187676352,2880,Sri Hari Securities Pvt. Ltd.,ABC Securities Private Limited,2026-04-23 12:04:32.334398,Himal Dolakha Hydropower Company Limited
2026042304003393,HDHPC,54,17,250,229.8,57450.0,2026-04-23,187676504,2880,Sewa Securities Pvt. Ltd.,ABC Securities Private Limited,2026-04-23 12:04:43.887015,Himal Dolakha Hydropower Company Limited
2026042304003396,HDHPC,32,17,268,229.7,61559.6,2026-04-23,187676830,2880,Premier Securities Company Ltd.,ABC Securities Private Limited,2026-04-23 12:05:08.193732,Himal Dolakha Hydropower Company Limited
2026042304003400,HDHPC,34,17,232,229.7,53290.4,2026-04-23,187677137,2880,Vision Securities Pvt. Ltd,ABC Securities Private Limited,2026-04-23 12:05:22.507954,Himal Dolakha Hydropower Company Limited
2026042304003415,HDHPC,34,17,18,229.8,4136.4,2026-04-23,187677528,2880,Vision Securities Pvt. Ltd,ABC Securities Private Limited,2026-04-23 12:05:33.905926,Himal Dolakha Hydropower Company Limited
2026042304003435,HDHPC,34,17,116,229.8,26656.8,2026-04-23,187677741,2880,Vision Securities Pvt. Ltd,ABC Securities Private Limited,2026-04-23 12:05:50.229280,Himal Dolakha Hydropower Company Limited
2026042304003439,HDHPC,34,42,84,229.8,19303.2,2026-04-23,187677780,2880,Vision Securities Pvt. Ltd,Sani Securities Company Ltd.,2026-04-23 12:05:55.062386,Himal Dolakha Hydropower Company Limited
2026042304003440,HDHPC,58,42,47,229.5,10786.5,2026-04-23,187677782,2880,Naasa Securities Co. Ltd.,Sani Securities Company Ltd.,2026-04-23 12:05:55.062842,Himal Dolakha Hydropower Company Limited
2026042304003446,HDHPC,34,42,119,229.5,27310.5,2026-04-23,187677827,2880,Vision Securities Pvt. Ltd,Sani Securities Company Ltd.,2026-04-23 12:06:02.771782,Himal Dolakha Hydropower Company Limited
2026042304003485,HDHPC,54,47,250,229.8,57450.0,2026-04-23,187678068,2880,Sewa Securities Pvt. Ltd.,Neev Securities Pvt. Ltd.,2026-04-23 12:06:19.215428,Himal Dolakha Hydropower Company Limited
2026042304003486,HDHPC,34,47,631,229.5,144814.5,2026-04-23,187678070,2880,Vision Securities Pvt. Ltd,Neev Securities Pvt. Ltd.,2026-04-23 12:06:19.216247,Himal Dolakha Hydropower Company Limited
2026042304003487,HDHPC,41,47,20,229.4,4588.0,2026-04-23,187678072,2880,Linch Stock Market Ltd.,Neev Securities Pvt. Ltd.,2026-04-23 12:06:19.216823,Himal Dolakha Hydropower Company Limited
2026042304003488,HDHPC,5,47,10,229.4,2294.0,2026-04-23,187678074,2880,Market Securities & Exchange (PVT) Ltd.,Neev Securities Pvt. Ltd.,2026-04-23 12:06:19.217627,Himal Dolakha Hydropower Company Limited
2026042304003489,HDHPC,7,47,200,229.3,45860.0,2026-04-23,187678076,2880,J.F. Securites (PVT) Ltd.,Neev Securities Pvt. Ltd.,2026-04-23 12:06:19.218267,Himal Dolakha Hydropower Company Limited
2026042304003490,HDHPC,14,47,2000,229.2,458400.0,2026-04-23,187678078,2880,Nepal Stock House (PVT) Ltd.,Neev Securities Pvt. Ltd.,2026-04-23 12:06:19.218922,Himal Dolakha Hydropower Company Limited
2026042304003491,HDHPC,57,47,1000,229.1,229100.0,2026-04-23,187678080,2880,Aryatara Investment & Securities,Neev Securities Pvt. Ltd.,2026-04-23 12:06:19.219749,Himal Dolakha Hydropower Company Limited
2026042304003492,HDHPC,44,47,100,229.1,22910.0,2026-04-23,187678082,2880,Dynamic Money Managers Securities Pvt. Ltd.,Neev Securities Pvt. Ltd.,2026-04-23 12:06:19.220438,Himal Dolakha Hydropower Company Limited
2026042304003493,HDHPC,41,47,8500,229.0,1946500.0,2026-04-23,187678084,2880,Linch Stock Market Ltd.,Neev Securities Pvt. Ltd.,2026-04-23 12:06:19.221059,Himal Dolakha Hydropower Company Limited
2026042304003494,HDHPC,14,47,60,229.0,13740.0,2026-04-23,187678086,2880,Nepal Stock House (PVT) Ltd.,Neev Securities Pvt. Ltd.,2026-04-23 12:06:19.221868,Himal Dolakha Hydropower Company Limited
2026042304003495,HDHPC,58,47,229,229.0,52441.0,2026-04-23,187678087,2880,Naasa Securities Co. Ltd.,Neev Securities Pvt. Ltd.,2026-04-23 12:06:19.222403,Himal Dolakha Hydropower Company Limited
2026042304003528,HDHPC,58,47,71,229.0,16259.0,2026-04-23,187678488,2880,Naasa Securities Co. Ltd.,Neev Securities Pvt. Ltd.,2026-04-23 12:06:50.670160,Himal Dolakha Hydropower Company Limited
2026042304003529,HDHPC,42,47,15,229.0,3435.0,2026-04-23,187678490,2880,Sani Securities Company Ltd.,Neev Securities Pvt. Ltd.,2026-04-23 12:06:50.670969,Himal Dolakha Hydropower Company Limited
2026042304003530,HDHPC,19,47,100,229.0,22900.0,2026-04-23,187678492,2880,Nepal Investment And Securities Trading Private Limited,Neev Securities Pvt. Ltd.,2026-04-23 12:06:50.671538,Himal Dolakha Hydropower Company Limited
2026042304003531,HDHPC,1,47,60,229.0,13740.0,2026-04-23,187678494,2880,Kumari Securities Private Limited,Neev Securities Pvt. Ltd.,2026-04-23 12:06:50.672105,Himal Dolakha Hydropower Company Limited
2026042304003532,HDHPC,49,47,40,229.0,9160.0,2026-04-23,187678496,2880,Online Securities Pvt. Ltd.,Neev Securities Pvt. Ltd.,2026-04-23 12:06:50.672658,Himal Dolakha Hydropower Company Limited
2026042304003576,HDHPC,56,47,1000,229.0,229000.0,2026-04-23,187679600,2880,Sri Hari Securities Pvt. Ltd.,Neev Securities Pvt. Ltd.,2026-04-23 12:08:01.415081,Himal Dolakha Hydropower Company Limited
2026042304003587,HDHPC,45,47,1200,229.0,274800.0,2026-04-23,187679896,2880,Imperial Securities Company Pvt. Ltd.,Neev Securities Pvt. Ltd.,2026-04-23 12:08:30.716530,Himal Dolakha Hydropower Company Limited
2026042304003594,HDHPC,58,47,100,229.0,22900.0,2026-04-23,187680060,2880,Naasa Securities Co. Ltd.,Neev Securities Pvt. Ltd.,2026-04-23 12:08:40.984173,Himal Dolakha Hydropower Company Limited
2026042304003595,HDHPC,28,47,100,229.0,22900.0,2026-04-23,187680070,2880,Shree Krishna Securities Ltd.,Neev Securities Pvt. Ltd.,2026-04-23 12:08:41.404448,Himal Dolakha Hydropower Company Limited
2026042304003612,HDHPC,32,47,1111,229.0,254419.0,2026-04-23,187680345,2880,Premier Securities Company Ltd.,Neev Securities Pvt. Ltd.,2026-04-23 12:09:06.407993,Himal Dolakha Hydropower Company Limited
2026042304003613,HDHPC,32,49,1000,229.0,229000.0,2026-04-23,187680347,2880,Premier Securities Company Ltd.,Online Securities Pvt. Ltd.,2026-04-23 12:09:06.408440,Himal Dolakha Hydropower Company Limited
2026042304003617,HDHPC,10,34,10,230.0,2300.0,2026-04-23,187680441,2880,Pragyan Securities (PVT) Ltd.,Vision Securities Pvt. Ltd,2026-04-23 12:09:18.391245,Himal Dolakha Hydropower Company Limited
2026042304003618,HDHPC,10,64,125,230.0,28750.0,2026-04-23,187680443,2880,Pragyan Securities (PVT) Ltd.,SUN SECURITIES PVT LTD,2026-04-23 12:09:18.391678,Himal Dolakha Hydropower Company Limited
2026042304003622,HDHPC,10,47,865,230.0,198950.0,2026-04-23,187680538,2880,Pragyan Securities (PVT) Ltd.,Neev Securities Pvt. Ltd.,2026-04-23 12:09:27.991679,Himal Dolakha Hydropower Company Limited
2026042304003623,HDHPC,13,47,1000,229.1,229100.0,2026-04-23,187680540,2880,Thrive Brokerage House Pvt. Ltd,Neev Securities Pvt. Ltd.,2026-04-23 12:09:27.992525,Himal Dolakha Hydropower Company Limited
2026042304003624,HDHPC,32,47,15,229.0,3435.0,2026-04-23,187680541,2880,Premier Securities Company Ltd.,Neev Securities Pvt. Ltd.,2026-04-23 12:09:27.993110,Himal Dolakha Hydropower Company Limited
2026042304003650,HDHPC,59,49,200,229.1,45820.0,2026-04-23,187680734,2880,Deevyaa Securities & Stock House Pvt. Ltd,Online Securities Pvt. Ltd.,2026-04-23 12:09:47.472485,Himal Dolakha Hydropower Company Limited
2026042304003651,HDHPC,32,49,1300,229.0,297700.0,2026-04-23,187680735,2880,Premier Securities Company Ltd.,Online Securities Pvt. Ltd.,2026-04-23 12:09:47.472928,Himal Dolakha Hydropower Company Limited
2026042304003653,HDHPC,32,49,1500,229.0,343500.0,2026-04-23,187680767,2880,Premier Securities Company Ltd.,Online Securities Pvt. Ltd.,2026-04-23 12:09:52.706001,Himal Dolakha Hydropower Company Limited
2026042304003654,HDHPC,32,49,1100,229.0,251900.0,2026-04-23,187680795,2880,Premier Securities Company Ltd.,Online Securities Pvt. Ltd.,2026-04-23 12:09:58.856303,Himal Dolakha Hydropower Company Limited
2026042304003660,HDHPC,5,49,20,229.1,4582.0,2026-04-23,187680826,2880,Market Securities & Exchange (PVT) Ltd.,Online Securities Pvt. Ltd.,2026-04-23 12:10:04.124805,Himal Dolakha Hydropower Company Limited
2026042304003661,HDHPC,28,49,1000,229.1,229100.0,2026-04-23,187680828,2880,Shree Krishna Securities Ltd.,Online Securities Pvt. Ltd.,2026-04-23 12:10:04.125716,Himal Dolakha Hydropower Company Limited
2026042304003662,HDHPC,32,49,280,229.0,64120.0,2026-04-23,187680829,2880,Premier Securities Company Ltd.,Online Securities Pvt. Ltd.,2026-04-23 12:10:04.126309,Himal Dolakha Hydropower Company Limited
2026042304003663,HDHPC,58,49,92,229.2,21086.4,2026-04-23,187680926,2880,Naasa Securities Co. Ltd.,Online Securities Pvt. Ltd.,2026-04-23 12:10:13.777356,Himal Dolakha Hydropower Company Limited
2026042304003664,HDHPC,32,49,1308,229.0,299532.0,2026-04-23,187680927,2880,Premier Securities Company Ltd.,Online Securities Pvt. Ltd.,2026-04-23 12:10:13.778158,Himal Dolakha Hydropower Company Limited
2026042304003666,HDHPC,94,35,100,229.1,22910.0,2026-04-23,187680992,2880,K.B.L. Securities Limited ,Kohinoor Investment & Securities Pvt. Ltd.,2026-04-23 12:10:23.393748,Himal Dolakha Hydropower Company Limited
2026042304003667,HDHPC,58,35,50,229.1,11455.0,2026-04-23,187680994,2880,Naasa Securities Co. Ltd.,Kohinoor Investment & Securities Pvt. Ltd.,2026-04-23 12:10:23.394576,Himal Dolakha Hydropower Company Limited
2026042304003668,HDHPC,32,35,19850,229.0,4545650.0,2026-04-23,187680995,2880,Premier Securities Company Ltd.,Kohinoor Investment & Securities Pvt. Ltd.,2026-04-23 12:10:23.395172,Himal Dolakha Hydropower Company Limited
2026042304003672,HDHPC,32,47,1000,229.0,229000.0,2026-04-23,187681077,2880,Premier Securities Company Ltd.,Neev Securities Pvt. Ltd.,2026-04-23 12:10:31.974670,Himal Dolakha Hydropower Company Limited
2026042304003673,HDHPC,32,49,700,229.0,160300.0,2026-04-23,187681085,2880,Premier Securities Company Ltd.,Online Securities Pvt. Ltd.,2026-04-23 12:10:32.712557,Himal Dolakha Hydropower Company Limited
2026042304003678,HDHPC,32,47,89,229.0,20381.0,2026-04-23,187681263,2880,Premier Securities Company Ltd.,Neev Securities Pvt. Ltd.,2026-04-23 12:10:44.412652,Himal Dolakha Hydropower Company Limited
2026042304003695,HDHPC,49,47,50,230.0,11500.0,2026-04-23,187681456,2880,Online Securities Pvt. Ltd.,Neev Securities Pvt. Ltd.,2026-04-23 12:11:02.273333,Himal Dolakha Hydropower Company Limited
2026042304003696,HDHPC,14,47,86,230.0,19780.0,2026-04-23,187681457,2880,Nepal Stock House (PVT) Ltd.,Neev Securities Pvt. Ltd.,2026-04-23 12:11:02.273757,Himal Dolakha Hydropower Company Limited
2026042304003712,HDHPC,99,32,10,230.4,2304.0,2026-04-23,187681701,2880,Prabhu Stock Market Limited,Premier Securities Company Ltd.,2026-04-23 12:11:29.196033,Himal Dolakha Hydropower Company Limited
2026042304003713,HDHPC,99,58,50,230.5,11525.0,2026-04-23,187681705,2880,Prabhu Stock Market Limited,Naasa Securities Co. Ltd.,2026-04-23 12:11:29.196120,Himal Dolakha Hydropower Company Limited
2026042304003714,HDHPC,99,42,20,231.0,4620.0,2026-04-23,187681707,2880,Prabhu Stock Market Limited,Sani Securities Company Ltd.,2026-04-23 12:11:29.196187,Himal Dolakha Hydropower Company Limited
2026042304003715,HDHPC,99,36,10,231.1,2311.0,2026-04-23,187681709,2880,Prabhu Stock Market Limited,Secured Securities Ltd.,2026-04-23 12:11:29.196342,Himal Dolakha Hydropower Company Limited
2026042304003716,HDHPC,99,45,375,231.9,86962.5,2026-04-23,187681711,2880,Prabhu Stock Market Limited,Imperial Securities Company Pvt. Ltd.,2026-04-23 12:11:29.196406,Himal Dolakha Hydropower Company Limited
2026042304003717,HDHPC,99,50,35,232.0,8120.0,2026-04-23,187681714,2880,Prabhu Stock Market Limited,Cristal Kanchanjanga Securites Pvt. Ltd.,2026-04-23 12:11:29.196478,Himal Dolakha Hydropower Company Limited
2026042304003774,HDHPC,42,50,215,232.0,49880.0,2026-04-23,187682271,2880,Sani Securities Company Ltd.,Cristal Kanchanjanga Securites Pvt. Ltd.,2026-04-23 12:12:23.024376,Himal Dolakha Hydropower Company Limited
2026042304003775,HDHPC,42,51,285,232.0,66120.0,2026-04-23,187682274,2880,Sani Securities Company Ltd.,Oxford Securities Pvt. Ltd.,2026-04-23 12:12:23.025155,Himal Dolakha Hydropower Company Limited
2026042304003781,HDHPC,32,51,480,232.0,111360.0,2026-04-23,187682423,2880,Premier Securities Company Ltd.,Oxford Securities Pvt. Ltd.,2026-04-23 12:12:28.314732,Himal Dolakha Hydropower Company Limited
2026042304003782,HDHPC,32,6,120,232.0,27840.0,2026-04-23,187682425,2880,Premier Securities Company Ltd.,Agrawal Securities (PVT) Ltd.,2026-04-23 12:12:28.315098,Himal Dolakha Hydropower Company Limited
2026042304003785,HDHPC,59,58,75,232.5,17437.5,2026-04-23,187682473,2880,Deevyaa Securities & Stock House Pvt. Ltd,Naasa Securities Co. Ltd.,2026-04-23 12:12:34.799902,Himal Dolakha Hydropower Company Limited
2026042304003810,HDHPC,59,28,125,233.0,29125.0,2026-04-23,187682784,2880,Deevyaa Securities & Stock House Pvt. Ltd,Shree Krishna Securities Ltd.,2026-04-23 12:12:53.875332,Himal Dolakha Hydropower Company Limited
2026042304003813,HDHPC,45,28,25,233.0,5825.0,2026-04-23,187682815,2880,Imperial Securities Company Pvt. Ltd.,Shree Krishna Securities Ltd.,2026-04-23 12:12:59.765886,Himal Dolakha Hydropower Company Limited
2026042304003814,HDHPC,45,49,60,233.0,13980.0,2026-04-23,187682818,2880,Imperial Securities Company Pvt. Ltd.,Online Securities Pvt. Ltd.,2026-04-23 12:12:59.766326,Himal Dolakha Hydropower Company Limited
2026042304003815,HDHPC,57,49,40,233.0,9320.0,2026-04-23,187682969,2880,Aryatara Investment & Securities,Online Securities Pvt. Ltd.,2026-04-23 12:13:01.858738,Himal Dolakha Hydropower Company Limited
2026042304003816,HDHPC,57,35,40,233.0,9320.0,2026-04-23,187682971,2880,Aryatara Investment & Securities,Kohinoor Investment & Securities Pvt. Ltd.,2026-04-23 12:13:01.859535,Himal Dolakha Hydropower Company Limited
2026042304003817,HDHPC,57,41,20,233.0,4660.0,2026-04-23,187682974,2880,Aryatara Investment & Securities,Linch Stock Market Ltd.,2026-04-23 12:13:01.860081,Himal Dolakha Hydropower Company Limited
2026042304003840,HDHPC,42,41,11,233.0,2563.0,2026-04-23,187683569,2880,Sani Securities Company Ltd.,Linch Stock Market Ltd.,2026-04-23 12:13:45.803358,Himal Dolakha Hydropower Company Limited
2026042304003841,HDHPC,42,58,109,233.5,25451.5,2026-04-23,187683572,2880,Sani Securities Company Ltd.,Naasa Securities Co. Ltd.,2026-04-23 12:13:45.804125,Himal Dolakha Hydropower Company Limited
2026042304003882,HDHPC,42,58,40,233.5,9340.0,2026-04-23,187684336,2880,Sani Securities Company Ltd.,Naasa Securities Co. Ltd.,2026-04-23 12:14:56.525558,Himal Dolakha Hydropower Company Limited
2026042304004079,HDHPC,62,21,18,231.5,4167.0,2026-04-23,187686639,2880,Capital Max Securities Ltd,Midas Stock Broking Company Private Limited,2026-04-23 12:18:29.206878,Himal Dolakha Hydropower Company Limited
2026042304004145,HDHPC,38,58,10,232.0,2320.0,2026-04-23,187688103,2880,Dipshikha Dhitopatra Karobar Co. Pvt Ltd.,Naasa Securities Co. Ltd.,2026-04-23 12:20:24.376374,Himal Dolakha Hydropower Company Limited
2026042304004150,HDHPC,38,48,350,232.0,81200.0,2026-04-23,187688159,2880,Dipshikha Dhitopatra Karobar Co. Pvt Ltd.,Trishakti Securities Public Limited,2026-04-23 12:20:31.292695,Himal Dolakha Hydropower Company Limited
2026042304004163,HDHPC,6,58,100,233.5,23350.0,2026-04-23,187688416,2880,Agrawal Securities (PVT) Ltd.,Naasa Securities Co. Ltd.,2026-04-23 12:20:51.116756,Himal Dolakha Hydropower Company Limited
2026042304004166,HDHPC,38,57,10000,232.0,2320000.0,2026-04-23,187688621,2880,Dipshikha Dhitopatra Karobar Co. Pvt Ltd.,Aryatara Investment & Securities,2026-04-23 12:21:06.569067,Himal Dolakha Hydropower Company Limited
2026042304004173,HDHPC,38,17,70,232.0,16240.0,2026-04-23,187688751,2880,Dipshikha Dhitopatra Karobar Co. Pvt Ltd.,ABC Securities Private Limited,2026-04-23 12:21:20.576182,Himal Dolakha Hydropower Company Limited
2026042304004206,HDHPC,84,35,10,233.9,2339.0,2026-04-23,187689186,2880,MILKY WAY SHARE BROKER COMPANY LTD ,Kohinoor Investment & Securities Pvt. Ltd.,2026-04-23 12:21:54.460849,Himal Dolakha Hydropower Company Limited
2026042304004221,HDHPC,34,35,500,233.9,116950.0,2026-04-23,187689656,2880,Vision Securities Pvt. Ltd,Kohinoor Investment & Securities Pvt. Ltd.,2026-04-23 12:22:32.238943,Himal Dolakha Hydropower Company Limited
2026042304004377,HDHPC,42,35,10,233.9,2339.0,2026-04-23,187692548,2880,Sani Securities Company Ltd.,Kohinoor Investment & Securities Pvt. Ltd.,2026-04-23 12:27:18.201637,Himal Dolakha Hydropower Company Limited
2026042304004393,HDHPC,13,35,65,233.9,15203.5,2026-04-23,187692740,2880,Thrive Brokerage House Pvt. Ltd,Kohinoor Investment & Securities Pvt. Ltd.,2026-04-23 12:27:43.970252,Himal Dolakha Hydropower Company Limited
2026042304004487,HDHPC,67,35,615,233.9,143848.5,2026-04-23,187694329,2880,Property Wiard Limited,Kohinoor Investment & Securities Pvt. Ltd.,2026-04-23 12:30:48.669973,Himal Dolakha Hydropower Company Limited
2026042304004488,HDHPC,67,3,500,234.0,117000.0,2026-04-23,187694331,2880,Property Wiard Limited,Arun Securities (PVT) Ltd.,2026-04-23 12:30:48.670428,Himal Dolakha Hydropower Company Limited
2026042304004489,HDHPC,67,28,125,234.0,29250.0,2026-04-23,187694333,2880,Property Wiard Limited,Shree Krishna Securities Ltd.,2026-04-23 12:30:48.670624,Himal Dolakha Hydropower Company Limited
2026042304004490,HDHPC,67,17,200,234.0,46800.0,2026-04-23,187694335,2880,Property Wiard Limited,ABC Securities Private Limited,2026-04-23 12:30:48.670817,Himal Dolakha Hydropower Company Limited
2026042304004491,HDHPC,67,77,52,234.0,12168.0,2026-04-23,187694337,2880,Property Wiard Limited,Nabil Stock Dealer Ltd.,2026-04-23 12:30:48.671009,Himal Dolakha Hydropower Company Limited
2026042304004492,HDHPC,67,57,508,234.0,118872.0,2026-04-23,187694340,2880,Property Wiard Limited,Aryatara Investment & Securities,2026-04-23 12:30:48.671200,Himal Dolakha Hydropower Company Limited
2026042304004495,HDHPC,51,14,200,233.5,46700.0,2026-04-23,187694395,2880,Oxford Securities Pvt. Ltd.,Nepal Stock House (PVT) Ltd.,2026-04-23 12:30:59.084324,Himal Dolakha Hydropower Company Limited
2026042304004517,HDHPC,51,17,200,233.5,46700.0,2026-04-23,187694876,2880,Oxford Securities Pvt. Ltd.,ABC Securities Private Limited,2026-04-23 12:32:03.652677,Himal Dolakha Hydropower Company Limited
2026042304004518,HDHPC,48,17,300,233.1,69930.0,2026-04-23,187694877,2880,Trishakti Securities Public Limited,ABC Securities Private Limited,2026-04-23 12:32:03.652742,Himal Dolakha Hydropower Company Limited
2026042304004593,HDHPC,45,4,35,233.5,8172.5,2026-04-23,187695607,2880,Imperial Securities Company Pvt. Ltd.,Opal Securities Investment (PVT) Ltd.,2026-04-23 12:33:19.675859,Himal Dolakha Hydropower Company Limited
2026042304004610,HDHPC,67,57,492,234.0,115128.0,2026-04-23,187695855,2880,Property Wiard Limited,Aryatara Investment & Securities,2026-04-23 12:34:00.068758,Himal Dolakha Hydropower Company Limited
2026042304004611,HDHPC,67,38,1000,234.7,234700.0,2026-04-23,187695857,2880,Property Wiard Limited,Dipshikha Dhitopatra Karobar Co. Pvt Ltd.,2026-04-23 12:34:00.069608,Himal Dolakha Hydropower Company Limited
2026042304004612,HDHPC,67,44,300,234.8,70440.0,2026-04-23,187695859,2880,Property Wiard Limited,Dynamic Money Managers Securities Pvt. Ltd.,2026-04-23 12:34:00.070199,Himal Dolakha Hydropower Company Limited
2026042304004613,HDHPC,67,57,1540,234.8,361592.0,2026-04-23,187695861,2880,Property Wiard Limited,Aryatara Investment & Securities,2026-04-23 12:34:00.070803,Himal Dolakha Hydropower Company Limited
2026042304004614,HDHPC,67,13,500,235.0,117500.0,2026-04-23,187695863,2880,Property Wiard Limited,Thrive Brokerage House Pvt. Ltd,2026-04-23 12:34:00.071429,Himal Dolakha Hydropower Company Limited
2026042304004615,HDHPC,67,39,10,235.0,2350.0,2026-04-23,187695865,2880,Property Wiard Limited,Sumeru Securities Pvt. Ltd.,2026-04-23 12:34:00.071988,Himal Dolakha Hydropower Company Limited
2026042304004616,HDHPC,67,4,5000,235.0,1175000.0,2026-04-23,187695867,2880,Property Wiard Limited,Opal Securities Investment (PVT) Ltd.,2026-04-23 12:34:00.072557,Himal Dolakha Hydropower Company Limited
2026042304004617,HDHPC,67,35,100,235.0,23500.0,2026-04-23,187695869,2880,Property Wiard Limited,Kohinoor Investment & Securities Pvt. Ltd.,2026-04-23 12:34:00.073123,Himal Dolakha Hydropower Company Limited
2026042304004618,HDHPC,67,36,50,235.0,11750.0,2026-04-23,187695871,2880,Property Wiard Limited,Secured Securities Ltd.,2026-04-23 12:34:00.073688,Himal Dolakha Hydropower Company Limited
2026042304004619,HDHPC,67,19,250,235.0,58750.0,2026-04-23,187695873,2880,Property Wiard Limited,Nepal Investment And Securities Trading Private Limited,2026-04-23 12:34:00.074244,Himal Dolakha Hydropower Company Limited
2026042304004647,HDHPC,67,81,600,235.0,141000.0,2026-04-23,187696705,2880,Property Wiard Limited,Aakashbhairab Securities Ltd.,2026-04-23 12:35:09.059359,Himal Dolakha Hydropower Company Limited
2026042304004654,HDHPC,34,56,10,235.8,2358.0,2026-04-23,187696776,2880,Vision Securities Pvt. Ltd,Sri Hari Securities Pvt. Ltd.,2026-04-23 12:35:17.282989,Himal Dolakha Hydropower Company Limited
2026042304004703,HDHPC,57,56,100,235.8,23580.0,2026-04-23,187697564,2880,Aryatara Investment & Securities,Sri Hari Securities Pvt. Ltd.,2026-04-23 12:36:14.636922,Himal Dolakha Hydropower Company Limited
2026042304004805,HDHPC,57,56,210,235.8,49518.0,2026-04-23,187699201,2880,Aryatara Investment & Securities,Sri Hari Securities Pvt. Ltd.,2026-04-23 12:38:25.067742,Himal Dolakha Hydropower Company Limited
2026042304004860,HDHPC,32,42,200,236.0,47200.0,2026-04-23,187699745,2880,Premier Securities Company Ltd.,Sani Securities Company Ltd.,2026-04-23 12:39:33.146557,Himal Dolakha Hydropower Company Limited
2026042304004861,HDHPC,32,4,10,236.9,2369.0,2026-04-23,187699749,2880,Premier Securities Company Ltd.,Opal Securities Investment (PVT) Ltd.,2026-04-23 12:39:33.146594,Himal Dolakha Hydropower Company Limited
2026042304004871,HDHPC,32,58,10,237.0,2370.0,2026-04-23,187699844,2880,Premier Securities Company Ltd.,Naasa Securities Co. Ltd.,2026-04-23 12:39:49.203353,Himal Dolakha Hydropower Company Limited
2026042304004890,HDHPC,38,32,4570,235.9,1078063.0,2026-04-23,187700005,2880,Dipshikha Dhitopatra Karobar Co. Pvt Ltd.,Premier Securities Company Ltd.,2026-04-23 12:40:10.839578,Himal Dolakha Hydropower Company Limited
2026042304004896,HDHPC,57,58,110,237.0,26070.0,2026-04-23,187700048,2880,Aryatara Investment & Securities,Naasa Securities Co. Ltd.,2026-04-23 12:40:16.297752,Himal Dolakha Hydropower Company Limited
2026042304004903,HDHPC,36,57,1000,236.9,236900.0,2026-04-23,187700144,2880,Secured Securities Ltd.,Aryatara Investment & Securities,2026-04-23 12:40:29.814872,Himal Dolakha Hydropower Company Limited
2026042304004957,HDHPC,40,58,500,236.9,118450.0,2026-04-23,187700520,2880,Creative Securities Pvt Ltd,Naasa Securities Co. Ltd.,2026-04-23 12:41:12.762049,Himal Dolakha Hydropower Company Limited
2026042304004966,HDHPC,57,84,90,236.0,21240.0,2026-04-23,187700696,2880,Aryatara Investment & Securities,MILKY WAY SHARE BROKER COMPANY LTD ,2026-04-23 12:41:42.984396,Himal Dolakha Hydropower Company Limited
2026042304005016,HDHPC,48,84,425,236.0,100300.0,2026-04-23,187701258,2880,Trishakti Securities Public Limited,MILKY WAY SHARE BROKER COMPANY LTD ,2026-04-23 12:42:54.488468,Himal Dolakha Hydropower Company Limited
2026042304005021,HDHPC,49,84,100,236.0,23600.0,2026-04-23,187701384,2880,Online Securities Pvt. Ltd.,MILKY WAY SHARE BROKER COMPANY LTD ,2026-04-23 12:43:10.707968,Himal Dolakha Hydropower Company Limited
2026042304005030,HDHPC,59,84,150,235.5,35325.0,2026-04-23,187701528,2880,Deevyaa Securities & Stock House Pvt. Ltd,MILKY WAY SHARE BROKER COMPANY LTD ,2026-04-23 12:43:21.619418,Himal Dolakha Hydropower Company Limited
2026042304005031,HDHPC,67,84,158,235.0,37130.0,2026-04-23,187701530,2880,Property Wiard Limited,MILKY WAY SHARE BROKER COMPANY LTD ,2026-04-23 12:43:21.620249,Himal Dolakha Hydropower Company Limited
2026042304005032,HDHPC,41,84,77,235.0,18095.0,2026-04-23,187701531,2880,Linch Stock Market Ltd.,MILKY WAY SHARE BROKER COMPANY LTD ,2026-04-23 12:43:21.620883,Himal Dolakha Hydropower Company Limited
2026042304005036,HDHPC,41,65,400,235.0,94000.0,2026-04-23,187701663,2880,Linch Stock Market Ltd.,Sharepro Securities Private Limited,2026-04-23 12:43:36.941914,Himal Dolakha Hydropower Company Limited
2026042304005052,HDHPC,41,65,20,235.0,4700.0,2026-04-23,187701753,2880,Linch Stock Market Ltd.,Sharepro Securities Private Limited,2026-04-23 12:43:48.998123,Himal Dolakha Hydropower Company Limited
2026042304005075,HDHPC,75,80,70,234.0,16380.0,2026-04-23,187702336,2880,N.I.M.B. Stock Markets Limited,Indira securities pvt. ltd,2026-04-23 12:44:23.025758,Himal Dolakha Hydropower Company Limited
2026042304005110,HDHPC,45,80,15,233.5,3502.5,2026-04-23,187702826,2880,Imperial Securities Company Pvt. Ltd.,Indira securities pvt. ltd,2026-04-23 12:45:11.903058,Himal Dolakha Hydropower Company Limited
2026042304005111,HDHPC,58,80,15,233.5,3502.5,2026-04-23,187702827,2880,Naasa Securities Co. Ltd.,Indira securities pvt. ltd,2026-04-23 12:45:11.903556,Himal Dolakha Hydropower Company Limited
2026042304005116,HDHPC,58,53,30,233.5,7005.0,2026-04-23,187703028,2880,Naasa Securities Co. Ltd.,Investment Management Nepal Pvt. Ltd.,2026-04-23 12:45:38.036330,Himal Dolakha Hydropower Company Limited
2026042304005117,HDHPC,48,53,32,233.1,7459.2,2026-04-23,187703029,2880,Trishakti Securities Public Limited,Investment Management Nepal Pvt. Ltd.,2026-04-23 12:45:38.037203,Himal Dolakha Hydropower Company Limited
2026042304005142,HDHPC,48,36,15,233.1,3496.5,2026-04-23,187703663,2880,Trishakti Securities Public Limited,Secured Securities Ltd.,2026-04-23 12:46:25.877771,Himal Dolakha Hydropower Company Limited
2026042304005145,HDHPC,48,43,10,233.1,2331.0,2026-04-23,187703841,2880,Trishakti Securities Public Limited,South Asian Bulls Pvt. Ltd.,2026-04-23 12:46:34.815924,Himal Dolakha Hydropower Company Limited
2026042304005155,HDHPC,48,41,23,233.1,5361.3,2026-04-23,187704425,2880,Trishakti Securities Public Limited,Linch Stock Market Ltd.,2026-04-23 12:47:14.399297,Himal Dolakha Hydropower Company Limited
2026042304005233,HDHPC,44,99,1000,235.7,235700.0,2026-04-23,187705591,2880,Dynamic Money Managers Securities Pvt. Ltd.,Prabhu Stock Market Limited,2026-04-23 12:49:51.961946,Himal Dolakha Hydropower Company Limited
2026042304005234,HDHPC,44,58,200,235.7,47140.0,2026-04-23,187705593,2880,Dynamic Money Managers Securities Pvt. Ltd.,Naasa Securities Co. Ltd.,2026-04-23 12:49:51.962858,Himal Dolakha Hydropower Company Limited
2026042304005235,HDHPC,44,42,1000,235.8,235800.0,2026-04-23,187705595,2880,Dynamic Money Managers Securities Pvt. Ltd.,Sani Securities Company Ltd.,2026-04-23 12:49:51.963484,Himal Dolakha Hydropower Company Limited
2026042304005236,HDHPC,44,17,100,235.8,23580.0,2026-04-23,187705597,2880,Dynamic Money Managers Securities Pvt. Ltd.,ABC Securities Private Limited,2026-04-23 12:49:51.964102,Himal Dolakha Hydropower Company Limited
2026042304005237,HDHPC,44,38,500,235.8,117900.0,2026-04-23,187705599,2880,Dynamic Money Managers Securities Pvt. Ltd.,Dipshikha Dhitopatra Karobar Co. Pvt Ltd.,2026-04-23 12:49:51.964731,Himal Dolakha Hydropower Company Limited
2026042304005238,HDHPC,44,32,5000,235.9,1179500.0,2026-04-23,187705602,2880,Dynamic Money Managers Securities Pvt. Ltd.,Premier Securities Company Ltd.,2026-04-23 12:49:51.965372,Himal Dolakha Hydropower Company Limited
2026042304005247,HDHPC,58,49,10,236.0,2360.0,2026-04-23,187705754,2880,Naasa Securities Co. Ltd.,Online Securities Pvt. Ltd.,2026-04-23 12:50:09.923716,Himal Dolakha Hydropower Company Limited
2026042304005248,HDHPC,17,14,20,234.0,4680.0,2026-04-23,187705766,2880,ABC Securities Private Limited,Nepal Stock House (PVT) Ltd.,2026-04-23 12:50:11.469674,Himal Dolakha Hydropower Company Limited
2026042304005250,HDHPC,48,14,248,234.0,58032.0,2026-04-23,187705898,2880,Trishakti Securities Public Limited,Nepal Stock House (PVT) Ltd.,2026-04-23 12:50:22.745636,Himal Dolakha Hydropower Company Limited
2026042304005252,HDHPC,34,14,100,234.0,23400.0,2026-04-23,187705946,2880,Vision Securities Pvt. Ltd,Nepal Stock House (PVT) Ltd.,2026-04-23 12:50:28.735125,Himal Dolakha Hydropower Company Limited
2026042304005254,HDHPC,44,14,632,234.0,147888.0,2026-04-23,187706113,2880,Dynamic Money Managers Securities Pvt. Ltd.,Nepal Stock House (PVT) Ltd.,2026-04-23 12:50:42.023829,Himal Dolakha Hydropower Company Limited
2026042304005306,HDHPC,80,58,90,235.0,21150.0,2026-04-23,187706854,2880,Indira securities pvt. ltd,Naasa Securities Co. Ltd.,2026-04-23 12:51:58.912863,Himal Dolakha Hydropower Company Limited
2026042304005356,HDHPC,54,58,410,235.0,96350.0,2026-04-23,187707499,2880,Sewa Securities Pvt. Ltd.,Naasa Securities Co. Ltd.,2026-04-23 12:53:00.003230,Himal Dolakha Hydropower Company Limited
2026042304005357,HDHPC,54,49,1490,236.0,351640.0,2026-04-23,187707501,2880,Sewa Securities Pvt. Ltd.,Online Securities Pvt. Ltd.,2026-04-23 12:53:00.003766,Himal Dolakha Hydropower Company Limited
2026042304005358,HDHPC,54,32,100,236.0,23600.0,2026-04-23,187707504,2880,Sewa Securities Pvt. Ltd.,Premier Securities Company Ltd.,2026-04-23 12:53:00.004000,Himal Dolakha Hydropower Company Limited
2026042304005433,HDHPC,4,32,239,236.0,56404.0,2026-04-23,187708569,2880,Opal Securities Investment (PVT) Ltd.,Premier Securities Company Ltd.,2026-04-23 12:54:49.838631,Himal Dolakha Hydropower Company Limited
2026042304005434,HDHPC,4,32,30,236.0,7080.0,2026-04-23,187708571,2880,Opal Securities Investment (PVT) Ltd.,Premier Securities Company Ltd.,2026-04-23 12:54:49.839587,Himal Dolakha Hydropower Company Limited
2026042304005435,HDHPC,4,62,20,236.0,4720.0,2026-04-23,187708573,2880,Opal Securities Investment (PVT) Ltd.,Capital Max Securities Ltd,2026-04-23 12:54:49.840293,Himal Dolakha Hydropower Company Limited
2026042304005436,HDHPC,4,32,5000,236.0,1180000.0,2026-04-23,187708575,2880,Opal Securities Investment (PVT) Ltd.,Premier Securities Company Ltd.,2026-04-23 12:54:49.840940,Himal Dolakha Hydropower Company Limited
2026042304005444,HDHPC,4,32,1711,236.0,403796.0,2026-04-23,187708740,2880,Opal Securities Investment (PVT) Ltd.,Premier Securities Company Ltd.,2026-04-23 12:55:07.655978,Himal Dolakha Hydropower Company Limited
2026042304005445,HDHPC,35,32,200,236.0,47200.0,2026-04-23,187708742,2880,Kohinoor Investment & Securities Pvt. Ltd.,Premier Securities Company Ltd.,2026-04-23 12:55:07.656924,Himal Dolakha Hydropower Company Limited
2026042304005480,HDHPC,49,34,53,235.0,12455.0,2026-04-23,187708971,2880,Online Securities Pvt. Ltd.,Vision Securities Pvt. Ltd,2026-04-23 12:55:30.711823,Himal Dolakha Hydropower Company Limited
2026042304005497,HDHPC,4,32,3000,236.0,708000.0,2026-04-23,187709308,2880,Opal Securities Investment (PVT) Ltd.,Premier Securities Company Ltd.,2026-04-23 12:56:10.076875,Himal Dolakha Hydropower Company Limited
2026042304005518,HDHPC,34,32,89,236.0,21004.0,2026-04-23,187709461,2880,Vision Securities Pvt. Ltd,Premier Securities Company Ltd.,2026-04-23 12:56:28.267162,Himal Dolakha Hydropower Company Limited
2026042304005519,HDHPC,34,58,11,236.9,2605.9,2026-04-23,187709464,2880,Vision Securities Pvt. Ltd,Naasa Securities Co. Ltd.,2026-04-23 12:56:28.267256,Himal Dolakha Hydropower Company Limited
2026042304005549,HDHPC,45,63,59,235.2,13876.8,2026-04-23,187710162,2880,Imperial Securities Company Pvt. Ltd.,Himalayan Brokerage Company Limited,2026-04-23 12:56:50.190915,Himal Dolakha Hydropower Company Limited
2026042304005576,HDHPC,54,63,200,235.2,47040.0,2026-04-23,187710538,2880,Sewa Securities Pvt. Ltd.,Himalayan Brokerage Company Limited,2026-04-23 12:57:18.850205,Himal Dolakha Hydropower Company Limited
2026042304005647,HDHPC,57,63,100,235.2,23520.0,2026-04-23,187711646,2880,Aryatara Investment & Securities,Himalayan Brokerage Company Limited,2026-04-23 12:59:07.124665,Himal Dolakha Hydropower Company Limited
2026042304005656,HDHPC,39,63,10,235.2,2352.0,2026-04-23,187711772,2880,Sumeru Securities Pvt. Ltd.,Himalayan Brokerage Company Limited,2026-04-23 12:59:19.984141,Himal Dolakha Hydropower Company Limited
2026042304005666,HDHPC,17,58,10,235.1,2351.0,2026-04-23,187711913,2880,ABC Securities Private Limited,Naasa Securities Co. Ltd.,2026-04-23 12:59:34.459885,Himal Dolakha Hydropower Company Limited
2026042304005693,HDHPC,36,63,62,235.2,14582.4,2026-04-23,187712784,2880,Secured Securities Ltd.,Himalayan Brokerage Company Limited,2026-04-23 13:00:30.519071,Himal Dolakha Hydropower Company Limited
2026042304005694,HDHPC,44,63,69,235.2,16228.8,2026-04-23,187712853,2880,Dynamic Money Managers Securities Pvt. Ltd.,Himalayan Brokerage Company Limited,2026-04-23 13:00:34.599303,Himal Dolakha Hydropower Company Limited
2026042304005749,HDHPC,34,58,189,236.9,44774.1,2026-04-23,187713779,2880,Vision Securities Pvt. Ltd,Naasa Securities Co. Ltd.,2026-04-23 13:01:34.495357,Himal Dolakha Hydropower Company Limited
2026042304005750,HDHPC,34,71,1000,236.9,236900.0,2026-04-23,187713781,2880,Vision Securities Pvt. Ltd,SHUBHAKAMANA SECURITIES PVT. LTD,2026-04-23 13:01:34.495400,Himal Dolakha Hydropower Company Limited
2026042304005751,HDHPC,34,58,311,237.0,73707.0,2026-04-23,187713784,2880,Vision Securities Pvt. Ltd,Naasa Securities Co. Ltd.,2026-04-23 13:01:34.495428,Himal Dolakha Hydropower Company Limited
2026042304005789,HDHPC,58,88,100,236.9,23690.0,2026-04-23,187714303,2880,Naasa Securities Co. Ltd.,Blue Chip Securities Ltd,2026-04-23 13:02:15.178524,Himal Dolakha Hydropower Company Limited
2026042304005790,HDHPC,58,58,350,237.0,82950.0,2026-04-23,187714306,2880,Naasa Securities Co. Ltd.,Naasa Securities Co. Ltd.,2026-04-23 13:02:15.178991,Himal Dolakha Hydropower Company Limited
2026042304005928,HDHPC,35,96,12,236.9,2842.8,2026-04-23,187715870,2880,Kohinoor Investment & Securities Pvt. Ltd.,Himalayan Securities Limited,2026-04-23 13:04:01.809369,Himal Dolakha Hydropower Company Limited
2026042304006034,HDHPC,52,96,10,236.9,2369.0,2026-04-23,187717314,2880,Sundhara Securities Limited,Himalayan Securities Limited,2026-04-23 13:05:53.936691,Himal Dolakha Hydropower Company Limited
2026042304006082,HDHPC,58,58,209,237.0,49533.0,2026-04-23,187717763,2880,Naasa Securities Co. Ltd.,Naasa Securities Co. Ltd.,2026-04-23 13:06:48.515446,Himal Dolakha Hydropower Company Limited
2026042304006083,HDHPC,58,49,50,237.0,11850.0,2026-04-23,187717765,2880,Naasa Securities Co. Ltd.,Online Securities Pvt. Ltd.,2026-04-23 13:06:48.516429,Himal Dolakha Hydropower Company Limited
2026042304006084,HDHPC,58,20,250,237.0,59250.0,2026-04-23,187717767,2880,Naasa Securities Co. Ltd.,Sipla Securities Private Limited,2026-04-23 13:06:48.517125,Himal Dolakha Hydropower Company Limited
2026042304006085,HDHPC,58,32,491,237.0,116367.0,2026-04-23,187717770,2880,Naasa Securities Co. Ltd.,Premier Securities Company Ltd.,2026-04-23 13:06:48.517856,Himal Dolakha Hydropower Company Limited
2026042304006089,HDHPC,58,32,2000,237.0,474000.0,2026-04-23,187717864,2880,Naasa Securities Co. Ltd.,Premier Securities Company Ltd.,2026-04-23 13:07:00.801394,Himal Dolakha Hydropower Company Limited
2026042304006110,HDHPC,58,32,1000,237.0,237000.0,2026-04-23,187717958,2880,Naasa Securities Co. Ltd.,Premier Securities Company Ltd.,2026-04-23 13:07:11.307269,Himal Dolakha Hydropower Company Limited
2026042304006128,HDHPC,45,32,1000,237.0,237000.0,2026-04-23,187718170,2880,Imperial Securities Company Pvt. Ltd.,Premier Securities Company Ltd.,2026-04-23 13:07:34.240123,Himal Dolakha Hydropower Company Limited
2026042304006135,HDHPC,36,32,300,237.0,71100.0,2026-04-23,187718228,2880,Secured Securities Ltd.,Premier Securities Company Ltd.,2026-04-23 13:07:38.913658,Himal Dolakha Hydropower Company Limited
2026042304006164,HDHPC,52,32,2000,237.0,474000.0,2026-04-23,187718430,2880,Sundhara Securities Limited,Premier Securities Company Ltd.,2026-04-23 13:08:02.354681,Himal Dolakha Hydropower Company Limited
2026042304006180,HDHPC,17,32,1000,237.0,237000.0,2026-04-23,187718660,2880,ABC Securities Private Limited,Premier Securities Company Ltd.,2026-04-23 13:08:24.124226,Himal Dolakha Hydropower Company Limited
2026042304006188,HDHPC,42,32,50,237.0,11850.0,2026-04-23,187718752,2880,Sani Securities Company Ltd.,Premier Securities Company Ltd.,2026-04-23 13:08:32.305521,Himal Dolakha Hydropower Company Limited
2026042304006189,HDHPC,52,32,30,237.0,7110.0,2026-04-23,187718792,2880,Sundhara Securities Limited,Premier Securities Company Ltd.,2026-04-23 13:08:37.391609,Himal Dolakha Hydropower Company Limited
2026042304006220,HDHPC,67,32,2129,237.0,504573.0,2026-04-23,187719083,2880,Property Wiard Limited,Premier Securities Company Ltd.,2026-04-23 13:09:02.658143,Himal Dolakha Hydropower Company Limited
2026042304006221,HDHPC,67,4,10,237.0,2370.0,2026-04-23,187719085,2880,Property Wiard Limited,Opal Securities Investment (PVT) Ltd.,2026-04-23 13:09:02.659129,Himal Dolakha Hydropower Company Limited
2026042304006236,HDHPC,17,35,100,237.9,23790.0,2026-04-23,187719330,2880,ABC Securities Private Limited,Kohinoor Investment & Securities Pvt. Ltd.,2026-04-23 13:09:28.612097,Himal Dolakha Hydropower Company Limited
2026042304006240,HDHPC,52,35,10,237.9,2379.0,2026-04-23,187719428,2880,Sundhara Securities Limited,Kohinoor Investment & Securities Pvt. Ltd.,2026-04-23 13:09:37.347457,Himal Dolakha Hydropower Company Limited
2026042304006241,HDHPC,17,35,890,237.9,211731.0,2026-04-23,187719429,2880,ABC Securities Private Limited,Kohinoor Investment & Securities Pvt. Ltd.,2026-04-23 13:09:37.388554,Himal Dolakha Hydropower Company Limited
2026042304006245,HDHPC,34,11,500,238.0,119000.0,2026-04-23,187719551,2880,Vision Securities Pvt. Ltd,Malla & Malla Stock Broking Company Pvt. Limited,2026-04-23 13:09:51.812686,Himal Dolakha Hydropower Company Limited
2026042304006246,HDHPC,34,42,500,238.0,119000.0,2026-04-23,187719554,2880,Vision Securities Pvt. Ltd,Sani Securities Company Ltd.,2026-04-23 13:09:51.812785,Himal Dolakha Hydropower Company Limited
2026042304006255,HDHPC,17,71,10,237.9,2379.0,2026-04-23,187719738,2880,ABC Securities Private Limited,SHUBHAKAMANA SECURITIES PVT. LTD,2026-04-23 13:10:05.850172,Himal Dolakha Hydropower Company Limited
2026042304006256,HDHPC,62,71,50,237.1,11855.0,2026-04-23,187719740,2880,Capital Max Securities Ltd,SHUBHAKAMANA SECURITIES PVT. LTD,2026-04-23 13:10:05.850714,Himal Dolakha Hydropower Company Limited
2026042304006257,HDHPC,67,71,861,237.0,204057.0,2026-04-23,187719742,2880,Property Wiard Limited,SHUBHAKAMANA SECURITIES PVT. LTD,2026-04-23 13:10:05.850936,Himal Dolakha Hydropower Company Limited
2026042304006258,HDHPC,5,71,50,236.5,11825.0,2026-04-23,187719744,2880,Market Securities & Exchange (PVT) Ltd.,SHUBHAKAMANA SECURITIES PVT. LTD,2026-04-23 13:10:05.851148,Himal Dolakha Hydropower Company Limited
2026042304006259,HDHPC,17,71,29,236.3,6852.7,2026-04-23,187719745,2880,ABC Securities Private Limited,SHUBHAKAMANA SECURITIES PVT. LTD,2026-04-23 13:10:05.851364,Himal Dolakha Hydropower Company Limited
2026042304006315,HDHPC,42,26,10,237.8,2378.0,2026-04-23,187720836,2880,Sani Securities Company Ltd.,Asian Securities Private Ltd.,2026-04-23 13:11:10.228609,Himal Dolakha Hydropower Company Limited
2026042304006355,HDHPC,50,26,290,237.8,68962.0,2026-04-23,187721568,2880,Cristal Kanchanjanga Securites Pvt. Ltd.,Asian Securities Private Ltd.,2026-04-23 13:12:27.392637,Himal Dolakha Hydropower Company Limited
2026042304006356,HDHPC,50,96,10,237.8,2378.0,2026-04-23,187721570,2880,Cristal Kanchanjanga Securites Pvt. Ltd.,Himalayan Securities Limited,2026-04-23 13:12:27.393579,Himal Dolakha Hydropower Company Limited
2026042304006357,HDHPC,50,36,95,237.8,22591.0,2026-04-23,187721572,2880,Cristal Kanchanjanga Securites Pvt. Ltd.,Secured Securities Ltd.,2026-04-23 13:12:27.394200,Himal Dolakha Hydropower Company Limited
2026042304006363,HDHPC,50,96,12,237.8,2853.6,2026-04-23,187721629,2880,Cristal Kanchanjanga Securites Pvt. Ltd.,Himalayan Securities Limited,2026-04-23 13:12:33.535038,Himal Dolakha Hydropower Company Limited
2026042304006370,HDHPC,50,84,443,237.8,105345.4,2026-04-23,187721912,2880,Cristal Kanchanjanga Securites Pvt. Ltd.,MILKY WAY SHARE BROKER COMPANY LTD ,2026-04-23 13:12:55.277919,Himal Dolakha Hydropower Company Limited
2026042304006383,HDHPC,75,14,100,237.0,23700.0,2026-04-23,187722213,2880,N.I.M.B. Stock Markets Limited,Nepal Stock House (PVT) Ltd.,2026-04-23 13:13:38.357009,Himal Dolakha Hydropower Company Limited
2026042304006387,HDHPC,75,4,20,237.0,4740.0,2026-04-23,187722323,2880,N.I.M.B. Stock Markets Limited,Opal Securities Investment (PVT) Ltd.,2026-04-23 13:13:52.603703,Himal Dolakha Hydropower Company Limited
2026042304006429,HDHPC,75,53,20,237.0,4740.0,2026-04-23,187723024,2880,N.I.M.B. Stock Markets Limited,Investment Management Nepal Pvt. Ltd.,2026-04-23 13:15:19.326306,Himal Dolakha Hydropower Company Limited
2026042304006430,HDHPC,58,53,10,237.0,2370.0,2026-04-23,187723025,2880,Naasa Securities Co. Ltd.,Investment Management Nepal Pvt. Ltd.,2026-04-23 13:15:19.327304,Himal Dolakha Hydropower Company Limited
2026042304006431,HDHPC,58,96,10,237.0,2370.0,2026-04-23,187723029,2880,Naasa Securities Co. Ltd.,Himalayan Securities Limited,2026-04-23 13:15:20.084174,Himal Dolakha Hydropower Company Limited
2026042304006438,HDHPC,58,96,10,237.0,2370.0,2026-04-23,187723091,2880,Naasa Securities Co. Ltd.,Himalayan Securities Limited,2026-04-23 13:15:28.836564,Himal Dolakha Hydropower Company Limited
2026042304006452,HDHPC,58,96,10,237.0,2370.0,2026-04-23,187723535,2880,Naasa Securities Co. Ltd.,Himalayan Securities Limited,2026-04-23 13:15:48.069156,Himal Dolakha Hydropower Company Limited
2026042304006459,HDHPC,48,96,10,237.1,2371.0,2026-04-23,187723633,2880,Trishakti Securities Public Limited,Himalayan Securities Limited,2026-04-23 13:15:58.968371,Himal Dolakha Hydropower Company Limited
2026042304006465,HDHPC,48,96,10,237.1,2371.0,2026-04-23,187723775,2880,Trishakti Securities Public Limited,Himalayan Securities Limited,2026-04-23 13:16:08.718637,Himal Dolakha Hydropower Company Limited
2026042304006475,HDHPC,48,17,222,237.7,52769.4,2026-04-23,187723856,2880,Trishakti Securities Public Limited,ABC Securities Private Limited,2026-04-23 13:16:20.044798,Himal Dolakha Hydropower Company Limited
2026042304006586,HDHPC,58,4,82,237.1,19442.2,2026-04-23,187725917,2880,Naasa Securities Co. Ltd.,Opal Securities Investment (PVT) Ltd.,2026-04-23 13:19:23.263327,Himal Dolakha Hydropower Company Limited
2026042304006633,HDHPC,58,96,10,237.1,2371.0,2026-04-23,187726581,2880,Naasa Securities Co. Ltd.,Himalayan Securities Limited,2026-04-23 13:20:29.706784,Himal Dolakha Hydropower Company Limited
2026042304006651,HDHPC,54,58,10,237.5,2375.0,2026-04-23,187726742,2880,Sewa Securities Pvt. Ltd.,Naasa Securities Co. Ltd.,2026-04-23 13:20:56.868362,Himal Dolakha Hydropower Company Limited
2026042304006716,HDHPC,52,58,40,237.5,9500.0,2026-04-23,187727448,2880,Sundhara Securities Limited,Naasa Securities Co. Ltd.,2026-04-23 13:22:21.491652,Himal Dolakha Hydropower Company Limited
2026042304006746,HDHPC,58,18,10,237.0,2370.0,2026-04-23,187727799,2880,Naasa Securities Co. Ltd.,Sagarmatha Securities Private Limited,2026-04-23 13:23:05.026937,Himal Dolakha Hydropower Company Limited
2026042304006785,HDHPC,58,84,4950,237.0,1173150.0,2026-04-23,187728726,2880,Naasa Securities Co. Ltd.,MILKY WAY SHARE BROKER COMPANY LTD ,2026-04-23 13:24:22.052430,Himal Dolakha Hydropower Company Limited
2026042304006786,HDHPC,11,84,20,237.0,4740.0,2026-04-23,187728728,2880,Malla & Malla Stock Broking Company Pvt. Limited,MILKY WAY SHARE BROKER COMPANY LTD ,2026-04-23 13:24:22.052952,Himal Dolakha Hydropower Company Limited
2026042304006787,HDHPC,29,84,130,237.0,30810.0,2026-04-23,187728729,2880,Trisul Securities & Invt. Ltd.,MILKY WAY SHARE BROKER COMPANY LTD ,2026-04-23 13:24:22.053389,Himal Dolakha Hydropower Company Limited
2026042304006790,HDHPC,58,58,153,237.5,36337.5,2026-04-23,187728804,2880,Naasa Securities Co. Ltd.,Naasa Securities Co. Ltd.,2026-04-23 13:24:34.510603,Himal Dolakha Hydropower Company Limited
2026042304006795,HDHPC,29,39,70,237.0,16590.0,2026-04-23,187728982,2880,Trisul Securities & Invt. Ltd.,Sumeru Securities Pvt. Ltd.,2026-04-23 13:24:47.217924,Himal Dolakha Hydropower Company Limited
2026042304006820,HDHPC,54,39,10,237.0,2370.0,2026-04-23,187729294,2880,Sewa Securities Pvt. Ltd.,Sumeru Securities Pvt. Ltd.,2026-04-23 13:25:22.621201,Himal Dolakha Hydropower Company Limited
2026042304006867,HDHPC,58,39,50,236.5,11825.0,2026-04-23,187729951,2880,Naasa Securities Co. Ltd.,Sumeru Securities Pvt. Ltd.,2026-04-23 13:26:34.544133,Himal Dolakha Hydropower Company Limited
2026042304006908,HDHPC,17,62,430,236.3,101609.0,2026-04-23,187730219,2880,ABC Securities Private Limited,Capital Max Securities Ltd,2026-04-23 13:26:59.751224,Himal Dolakha Hydropower Company Limited
2026042304006923,HDHPC,17,17,31,236.3,7325.3,2026-04-23,187730376,2880,ABC Securities Private Limited,ABC Securities Private Limited,2026-04-23 13:27:15.560664,Himal Dolakha Hydropower Company Limited
2026042304006924,HDHPC,16,17,250,236.3,59075.0,2026-04-23,187730378,2880,Primo Securities (PVT) Ltd.,ABC Securities Private Limited,2026-04-23 13:27:15.561649,Himal Dolakha Hydropower Company Limited
2026042304006925,HDHPC,43,17,219,236.2,51727.8,2026-04-23,187730379,2880,South Asian Bulls Pvt. Ltd.,ABC Securities Private Limited,2026-04-23 13:27:15.562353,Himal Dolakha Hydropower Company Limited
2026042304006926,HDHPC,43,84,500,236.2,118100.0,2026-04-23,187730381,2880,South Asian Bulls Pvt. Ltd.,MILKY WAY SHARE BROKER COMPANY LTD ,2026-04-23 13:27:15.563573,Himal Dolakha Hydropower Company Limited
2026042304006934,HDHPC,43,84,281,236.2,66372.2,2026-04-23,187730496,2880,South Asian Bulls Pvt. Ltd.,MILKY WAY SHARE BROKER COMPANY LTD ,2026-04-23 13:27:24.962300,Himal Dolakha Hydropower Company Limited
2026042304006935,HDHPC,28,84,219,236.0,51684.0,2026-04-23,187730497,2880,Shree Krishna Securities Ltd.,MILKY WAY SHARE BROKER COMPANY LTD ,2026-04-23 13:27:24.962794,Himal Dolakha Hydropower Company Limited
2026042304006936,HDHPC,28,84,31,236.0,7316.0,2026-04-23,187730506,2880,Shree Krishna Securities Ltd.,MILKY WAY SHARE BROKER COMPANY LTD ,2026-04-23 13:27:25.404910,Himal Dolakha Hydropower Company Limited
2026042304006937,HDHPC,42,84,5000,236.0,1180000.0,2026-04-23,187730508,2880,Sani Securities Company Ltd.,MILKY WAY SHARE BROKER COMPANY LTD ,2026-04-23 13:27:25.405372,Himal Dolakha Hydropower Company Limited
2026042304006938,HDHPC,57,84,1000,236.0,236000.0,2026-04-23,187730510,2880,Aryatara Investment & Securities,MILKY WAY SHARE BROKER COMPANY LTD ,2026-04-23 13:27:25.405597,Himal Dolakha Hydropower Company Limited
2026042304006939,HDHPC,58,84,20,236.0,4720.0,2026-04-23,187730512,2880,Naasa Securities Co. Ltd.,MILKY WAY SHARE BROKER COMPANY LTD ,2026-04-23 13:27:25.405821,Himal Dolakha Hydropower Company Limited
2026042304006950,HDHPC,35,47,10,235.5,2355.0,2026-04-23,187730590,2880,Kohinoor Investment & Securities Pvt. Ltd.,Neev Securities Pvt. Ltd.,2026-04-23 13:27:34.116740,Himal Dolakha Hydropower Company Limited
2026042304006951,HDHPC,44,47,341,235.2,80203.2,2026-04-23,187730592,2880,Dynamic Money Managers Securities Pvt. Ltd.,Neev Securities Pvt. Ltd.,2026-04-23 13:27:34.116842,Himal Dolakha Hydropower Company Limited
2026042304006952,HDHPC,49,47,447,235.0,105045.0,2026-04-23,187730594,2880,Online Securities Pvt. Ltd.,Neev Securities Pvt. Ltd.,2026-04-23 13:27:34.116921,Himal Dolakha Hydropower Company Limited
2026042304006953,HDHPC,6,47,202,234.1,47288.2,2026-04-23,187730595,2880,Agrawal Securities (PVT) Ltd.,Neev Securities Pvt. Ltd.,2026-04-23 13:27:34.117058,Himal Dolakha Hydropower Company Limited
2026042304007043,HDHPC,6,96,798,234.1,186811.8,2026-04-23,187731258,2880,Agrawal Securities (PVT) Ltd.,Himalayan Securities Limited,2026-04-23 13:28:15.347275,Himal Dolakha Hydropower Company Limited
2026042304007044,HDHPC,45,96,100,234.0,23400.0,2026-04-23,187731260,2880,Imperial Securities Company Pvt. Ltd.,Himalayan Securities Limited,2026-04-23 13:28:15.347840,Himal Dolakha Hydropower Company Limited
2026042304007171,HDHPC,45,62,10,233.7,2337.0,2026-04-23,187732398,2880,Imperial Securities Company Pvt. Ltd.,Capital Max Securities Ltd,2026-04-23 13:29:29.909601,Himal Dolakha Hydropower Company Limited
2026042304007172,HDHPC,42,62,100,233.7,23370.0,2026-04-23,187732399,2880,Sani Securities Company Ltd.,Capital Max Securities Ltd,2026-04-23 13:29:29.910123,Himal Dolakha Hydropower Company Limited
2026042304007189,HDHPC,6,62,190,233.6,44384.0,2026-04-23,187732631,2880,Agrawal Securities (PVT) Ltd.,Capital Max Securities Ltd,2026-04-23 13:29:50.299249,Himal Dolakha Hydropower Company Limited
2026042304007190,HDHPC,6,5,300,233.6,70080.0,2026-04-23,187732643,2880,Agrawal Securities (PVT) Ltd.,Market Securities & Exchange (PVT) Ltd.,2026-04-23 13:29:51.281092,Himal Dolakha Hydropower Company Limited
2026042304007204,HDHPC,58,14,10,233.7,2337.0,2026-04-23,187732726,2880,Naasa Securities Co. Ltd.,Nepal Stock House (PVT) Ltd.,2026-04-23 13:29:59.673233,Himal Dolakha Hydropower Company Limited
2026042304007205,HDHPC,6,14,10,233.6,2336.0,2026-04-23,187732728,2880,Agrawal Securities (PVT) Ltd.,Nepal Stock House (PVT) Ltd.,2026-04-23 13:29:59.673765,Himal Dolakha Hydropower Company Limited
2026042304007287,HDHPC,45,50,30,233.5,7005.0,2026-04-23,187733786,2880,Imperial Securities Company Pvt. Ltd.,Cristal Kanchanjanga Securites Pvt. Ltd.,2026-04-23 13:31:05.933793,Himal Dolakha Hydropower Company Limited
2026042304007288,HDHPC,45,50,2970,233.2,692604.0,2026-04-23,187733787,2880,Imperial Securities Company Pvt. Ltd.,Cristal Kanchanjanga Securites Pvt. Ltd.,2026-04-23 13:31:05.934329,Himal Dolakha Hydropower Company Limited
2026042304007351,HDHPC,45,41,30,233.2,6996.0,2026-04-23,187734410,2880,Imperial Securities Company Pvt. Ltd.,Linch Stock Market Ltd.,2026-04-23 13:31:56.739594,Himal Dolakha Hydropower Company Limited
2026042304007352,HDHPC,48,41,320,233.1,74592.0,2026-04-23,187734412,2880,Trishakti Securities Public Limited,Linch Stock Market Ltd.,2026-04-23 13:31:56.740056,Himal Dolakha Hydropower Company Limited
2026042304007354,HDHPC,52,14,50,233.6,11680.0,2026-04-23,187734422,2880,Sundhara Securities Limited,Nepal Stock House (PVT) Ltd.,2026-04-23 13:31:57.941012,Himal Dolakha Hydropower Company Limited
2026042304007369,HDHPC,35,67,300,233.0,69900.0,2026-04-23,187734603,2880,Kohinoor Investment & Securities Pvt. Ltd.,Property Wiard Limited,2026-04-23 13:32:20.136141,Himal Dolakha Hydropower Company Limited
2026042304007404,HDHPC,43,39,30,233.3,6999.0,2026-04-23,187734933,2880,South Asian Bulls Pvt. Ltd.,Sumeru Securities Pvt. Ltd.,2026-04-23 13:32:49.719104,Himal Dolakha Hydropower Company Limited
2026042304007405,HDHPC,43,14,30,233.6,7008.0,2026-04-23,187734935,2880,South Asian Bulls Pvt. Ltd.,Nepal Stock House (PVT) Ltd.,2026-04-23 13:32:49.720153,Himal Dolakha Hydropower Company Limited
2026042304007406,HDHPC,43,96,102,234.0,23868.0,2026-04-23,187734937,2880,South Asian Bulls Pvt. Ltd.,Himalayan Securities Limited,2026-04-23 13:32:49.720941,Himal Dolakha Hydropower Company Limited
2026042304007407,HDHPC,43,53,138,235.8,32540.4,2026-04-23,187734940,2880,South Asian Bulls Pvt. Ltd.,Investment Management Nepal Pvt. Ltd.,2026-04-23 13:32:49.721681,Himal Dolakha Hydropower Company Limited
2026042304007452,HDHPC,58,44,22,233.1,5128.2,2026-04-23,187735559,2880,Naasa Securities Co. Ltd.,Dynamic Money Managers Securities Pvt. Ltd.,2026-04-23 13:33:55.533740,Himal Dolakha Hydropower Company Limited
2026042304007467,HDHPC,58,54,18,233.1,4195.8,2026-04-23,187735898,2880,Naasa Securities Co. Ltd.,Sewa Securities Pvt. Ltd.,2026-04-23 13:34:29.520942,Himal Dolakha Hydropower Company Limited
2026042304007468,HDHPC,45,54,52,233.1,12121.2,2026-04-23,187735899,2880,Imperial Securities Company Pvt. Ltd.,Sewa Securities Pvt. Ltd.,2026-04-23 13:34:29.521458,Himal Dolakha Hydropower Company Limited
2026042304007494,HDHPC,45,41,48,233.1,11188.8,2026-04-23,187736082,2880,Imperial Securities Company Pvt. Ltd.,Linch Stock Market Ltd.,2026-04-23 13:34:45.769846,Himal Dolakha Hydropower Company Limited
2026042304007495,HDHPC,35,41,602,233.0,140266.0,2026-04-23,187736083,2880,Kohinoor Investment & Securities Pvt. Ltd.,Linch Stock Market Ltd.,2026-04-23 13:34:45.770359,Himal Dolakha Hydropower Company Limited
2026042304007546,HDHPC,35,53,98,233.0,22834.0,2026-04-23,187736632,2880,Kohinoor Investment & Securities Pvt. Ltd.,Investment Management Nepal Pvt. Ltd.,2026-04-23 13:35:38.400047,Himal Dolakha Hydropower Company Limited
2026042304007547,HDHPC,48,53,300,233.0,69900.0,2026-04-23,187736634,2880,Trishakti Securities Public Limited,Investment Management Nepal Pvt. Ltd.,2026-04-23 13:35:38.401041,Himal Dolakha Hydropower Company Limited
2026042304007581,HDHPC,37,53,67,233.0,15611.0,2026-04-23,187736920,2880,Swarna Laxmi Securities Pvt. Ltd.,Investment Management Nepal Pvt. Ltd.,2026-04-23 13:36:10.628727,Himal Dolakha Hydropower Company Limited
2026042304007610,HDHPC,34,53,40,233.0,9320.0,2026-04-23,187737394,2880,Vision Securities Pvt. Ltd,Investment Management Nepal Pvt. Ltd.,2026-04-23 13:37:03.245941,Himal Dolakha Hydropower Company Limited
2026042304007693,HDHPC,20,53,250,233.0,58250.0,2026-04-23,187738646,2880,Sipla Securities Private Limited,Investment Management Nepal Pvt. Ltd.,2026-04-23 13:39:35.546696,Himal Dolakha Hydropower Company Limited
2026042304007699,HDHPC,52,53,100,233.0,23300.0,2026-04-23,187738704,2880,Sundhara Securities Limited,Investment Management Nepal Pvt. Ltd.,2026-04-23 13:39:43.602681,Himal Dolakha Hydropower Company Limited
2026042304007716,HDHPC,84,53,1145,233.0,266785.0,2026-04-23,187738955,2880,MILKY WAY SHARE BROKER COMPANY LTD ,Investment Management Nepal Pvt. Ltd.,2026-04-23 13:40:10.467684,Himal Dolakha Hydropower Company Limited
2026042304007717,HDHPC,84,41,50,233.0,11650.0,2026-04-23,187738958,2880,MILKY WAY SHARE BROKER COMPANY LTD ,Linch Stock Market Ltd.,2026-04-23 13:40:10.468721,Himal Dolakha Hydropower Company Limited
2026042304007726,HDHPC,84,58,10,235.5,2355.0,2026-04-23,187739146,2880,MILKY WAY SHARE BROKER COMPANY LTD ,Naasa Securities Co. Ltd.,2026-04-23 13:40:26.226914,Himal Dolakha Hydropower Company Limited
2026042304007968,HDHPC,45,70,1000,235.3,235300.0,2026-04-23,187743001,2880,Imperial Securities Company Pvt. Ltd.,Infinity Securities Limited,2026-04-23 13:48:39.218167,Himal Dolakha Hydropower Company Limited
2026042304007969,HDHPC,45,95,550,235.3,129415.0,2026-04-23,187743004,2880,Imperial Securities Company Pvt. Ltd.,Magnet Securities and Investment Company Private Limited,2026-04-23 13:48:39.218259,Himal Dolakha Hydropower Company Limited
2026042304007974,HDHPC,58,94,15,235.7,3535.5,2026-04-23,187743138,2880,Naasa Securities Co. Ltd.,K.B.L. Securities Limited ,2026-04-23 13:48:54.909767,Himal Dolakha Hydropower Company Limited
2026042304008010,HDHPC,32,14,1000,235.1,235100.0,2026-04-23,187744101,2880,Premier Securities Company Ltd.,Nepal Stock House (PVT) Ltd.,2026-04-23 13:50:46.341104,Himal Dolakha Hydropower Company Limited
2026042304008013,HDHPC,58,43,45,236.0,10620.0,2026-04-23,187744220,2880,Naasa Securities Co. Ltd.,South Asian Bulls Pvt. Ltd.,2026-04-23 13:51:04.562374,Himal Dolakha Hydropower Company Limited
2026042304008042,HDHPC,17,45,500,235.2,117600.0,2026-04-23,187744596,2880,ABC Securities Private Limited,Imperial Securities Company Pvt. Ltd.,2026-04-23 13:52:15.447423,Himal Dolakha Hydropower Company Limited
2026042304008054,HDHPC,32,45,100,235.1,23510.0,2026-04-23,187744737,2880,Premier Securities Company Ltd.,Imperial Securities Company Pvt. Ltd.,2026-04-23 13:52:39.133117,Himal Dolakha Hydropower Company Limited
2026042304008065,HDHPC,38,18,50,236.0,11800.0,2026-04-23,187745103,2880,Dipshikha Dhitopatra Karobar Co. Pvt Ltd.,Sagarmatha Securities Private Limited,2026-04-23 13:53:30.444405,Himal Dolakha Hydropower Company Limited
2026042304008066,HDHPC,38,43,250,236.0,59000.0,2026-04-23,187745106,2880,Dipshikha Dhitopatra Karobar Co. Pvt Ltd.,South Asian Bulls Pvt. Ltd.,2026-04-23 13:53:30.444907,Himal Dolakha Hydropower Company Limited
2026042304008114,HDHPC,49,33,500,235.2,117600.0,2026-04-23,187745989,2880,Online Securities Pvt. Ltd.,Dakshinkali Investment & Securities Pvt. Ltd.,2026-04-23 13:55:51.910583,Himal Dolakha Hydropower Company Limited
2026042304008118,HDHPC,52,94,50,235.9,11795.0,2026-04-23,187746004,2880,Sundhara Securities Limited,K.B.L. Securities Limited ,2026-04-23 13:55:54.622959,Himal Dolakha Hydropower Company Limited
2026042304008127,HDHPC,49,4,50,235.2,11760.0,2026-04-23,187746165,2880,Online Securities Pvt. Ltd.,Opal Securities Investment (PVT) Ltd.,2026-04-23 13:56:23.016265,Himal Dolakha Hydropower Company Limited
2026042304008147,HDHPC,32,81,4900,235.1,1151990.0,2026-04-23,187746270,2880,Premier Securities Company Ltd.,Aakashbhairab Securities Ltd.,2026-04-23 13:56:36.441995,Himal Dolakha Hydropower Company Limited
2026042304008148,HDHPC,74,81,100,235.1,23510.0,2026-04-23,187746271,2880,KALASH STOCK MARKET PVT. LTD.,Aakashbhairab Securities Ltd.,2026-04-23 13:56:36.442506,Himal Dolakha Hydropower Company Limited
2026042304008151,HDHPC,74,14,10,235.1,2351.0,2026-04-23,187746303,2880,KALASH STOCK MARKET PVT. LTD.,Nepal Stock House (PVT) Ltd.,2026-04-23 13:56:43.160126,Himal Dolakha Hydropower Company Limited
2026042304008154,HDHPC,74,94,35,235.1,8228.5,2026-04-23,187746327,2880,KALASH STOCK MARKET PVT. LTD.,K.B.L. Securities Limited ,2026-04-23 13:56:49.502953,Himal Dolakha Hydropower Company Limited
2026042304008155,HDHPC,74,43,205,235.1,48195.5,2026-04-23,187746459,2880,KALASH STOCK MARKET PVT. LTD.,South Asian Bulls Pvt. Ltd.,2026-04-23 13:56:55.619639,Himal Dolakha Hydropower Company Limited
2026042304008157,HDHPC,74,14,90,235.1,21159.0,2026-04-23,187746509,2880,KALASH STOCK MARKET PVT. LTD.,Nepal Stock House (PVT) Ltd.,2026-04-23 13:57:02.661343,Himal Dolakha Hydropower Company Limited
2026042304008168,HDHPC,74,58,400,235.1,94040.0,2026-04-23,187746689,2880,KALASH STOCK MARKET PVT. LTD.,Naasa Securities Co. Ltd.,2026-04-23 13:57:23.081612,Himal Dolakha Hydropower Company Limited
2026042304008231,HDHPC,74,11,160,235.1,37616.0,2026-04-23,187747594,2880,KALASH STOCK MARKET PVT. LTD.,Malla & Malla Stock Broking Company Pvt. Limited,2026-04-23 13:59:23.768044,Himal Dolakha Hydropower Company Limited
2026042304008308,HDHPC,52,38,88,234.1,20600.8,2026-04-23,187748721,2880,Sundhara Securities Limited,Dipshikha Dhitopatra Karobar Co. Pvt Ltd.,2026-04-23 14:02:12.862518,Himal Dolakha Hydropower Company Limited
2026042304008456,HDHPC,32,11,10,235.1,2351.0,2026-04-23,187750024,2880,Premier Securities Company Ltd.,Malla & Malla Stock Broking Company Pvt. Limited,2026-04-23 14:04:17.163589,Himal Dolakha Hydropower Company Limited
2026042304008680,HDHPC,52,4,162,234.1,37924.2,2026-04-23,187752596,2880,Sundhara Securities Limited,Opal Securities Investment (PVT) Ltd.,2026-04-23 14:08:57.263760,Himal Dolakha Hydropower Company Limited
2026042304008681,HDHPC,58,4,10,234.1,2341.0,2026-04-23,187752598,2880,Naasa Securities Co. Ltd.,Opal Securities Investment (PVT) Ltd.,2026-04-23 14:08:57.264823,Himal Dolakha Hydropower Company Limited
2026042304008682,HDHPC,45,4,30,234.0,7020.0,2026-04-23,187752600,2880,Imperial Securities Company Pvt. Ltd.,Opal Securities Investment (PVT) Ltd.,2026-04-23 14:08:57.265601,Himal Dolakha Hydropower Company Limited
2026042304008683,HDHPC,39,4,100,234.0,23400.0,2026-04-23,187752602,2880,Sumeru Securities Pvt. Ltd.,Opal Securities Investment (PVT) Ltd.,2026-04-23 14:08:57.266338,Himal Dolakha Hydropower Company Limited
2026042304008716,HDHPC,65,81,217,233.4,50647.8,2026-04-23,187753046,2880,Sharepro Securities Private Limited,Aakashbhairab Securities Ltd.,2026-04-23 14:09:47.340720,Himal Dolakha Hydropower Company Limited
2026042304008717,HDHPC,6,81,500,233.3,116650.0,2026-04-23,187753048,2880,Agrawal Securities (PVT) Ltd.,Aakashbhairab Securities Ltd.,2026-04-23 14:09:47.341771,Himal Dolakha Hydropower Company Limited
2026042304008718,HDHPC,45,81,200,233.0,46600.0,2026-04-23,187753050,2880,Imperial Securities Company Pvt. Ltd.,Aakashbhairab Securities Ltd.,2026-04-23 14:09:47.342523,Himal Dolakha Hydropower Company Limited
2026042304008719,HDHPC,36,81,50,233.0,11650.0,2026-04-23,187753052,2880,Secured Securities Ltd.,Aakashbhairab Securities Ltd.,2026-04-23 14:09:47.343247,Himal Dolakha Hydropower Company Limited
2026042304008720,HDHPC,43,81,733,233.0,170789.0,2026-04-23,187753053,2880,South Asian Bulls Pvt. Ltd.,Aakashbhairab Securities Ltd.,2026-04-23 14:09:47.343964,Himal Dolakha Hydropower Company Limited
2026042304008775,HDHPC,43,4,267,233.0,62211.0,2026-04-23,187753746,2880,South Asian Bulls Pvt. Ltd.,Opal Securities Investment (PVT) Ltd.,2026-04-23 14:10:52.856280,Himal Dolakha Hydropower Company Limited
2026042304008776,HDHPC,6,4,300,233.0,69900.0,2026-04-23,187753748,2880,Agrawal Securities (PVT) Ltd.,Opal Securities Investment (PVT) Ltd.,2026-04-23 14:10:52.856840,Himal Dolakha Hydropower Company Limited
2026042304008810,HDHPC,22,4,150,232.9,34935.0,2026-04-23,187754198,2880,Siprabi Securities Pvt. Ltd.,Opal Securities Investment (PVT) Ltd.,2026-04-23 14:11:48.963550,Himal Dolakha Hydropower Company Limited
2026042304008811,HDHPC,22,4,150,232.7,34905.0,2026-04-23,187754200,2880,Siprabi Securities Pvt. Ltd.,Opal Securities Investment (PVT) Ltd.,2026-04-23 14:11:48.964642,Himal Dolakha Hydropower Company Limited
2026042304008812,HDHPC,28,4,133,232.3,30895.9,2026-04-23,187754201,2880,Shree Krishna Securities Ltd.,Opal Securities Investment (PVT) Ltd.,2026-04-23 14:11:48.965460,Himal Dolakha Hydropower Company Limited
2026042304008858,HDHPC,28,58,867,232.3,201404.1,2026-04-23,187754716,2880,Shree Krishna Securities Ltd.,Naasa Securities Co. Ltd.,2026-04-23 14:12:54.744512,Himal Dolakha Hydropower Company Limited
