contractId,stockSymbol,buyerMemberId,sellerMemberId,quantity,rate,amount,businessDate,tradeBookId,stockId,buyerBrokerName,sellerBrokerName,transaction_time,securityName
2026042304000021,HURJA,57,40,10,257.5,2575.0,2026-04-23,187615069,2824,Aryatara Investment & Securities,Creative Securities Pvt Ltd,2026-04-23 10:46:00.120591,Himalaya Urja Bikas Company Limited
2026042304000052,HURJA,32,82,10,265.2,2652.0,2026-04-23,187616881,2824,Premier Securities Company Ltd.,N.M.B. SECURITIES LIMITED,2026-04-23 11:02:11.849559,Himalaya Urja Bikas Company Limited
2026042304000066,HURJA,39,4,100,272.0,27200.0,2026-04-23,187617355,2824,Sumeru Securities Pvt. Ltd.,Opal Securities Investment (PVT) Ltd.,2026-04-23 11:02:48.172890,Himalaya Urja Bikas Company Limited
2026042304000293,HURJA,45,57,10,272.0,2720.0,2026-04-23,187621352,2824,Imperial Securities Company Pvt. Ltd.,Aryatara Investment & Securities,2026-04-23 11:06:45.023068,Himalaya Urja Bikas Company Limited
2026042304000452,HURJA,81,66,10,269.0,2690.0,2026-04-23,187623943,2824,Aakashbhairab Securities Ltd.,Miyo Securities Pvt Ltd,2026-04-23 11:09:20.441514,Himalaya Urja Bikas Company Limited
2026042304000463,HURJA,81,57,90,269.0,24210.0,2026-04-23,187624040,2824,Aakashbhairab Securities Ltd.,Aryatara Investment & Securities,2026-04-23 11:09:28.545503,Himalaya Urja Bikas Company Limited
2026042304000578,HURJA,17,57,10,269.0,2690.0,2026-04-23,187625924,2824,ABC Securities Private Limited,Aryatara Investment & Securities,2026-04-23 11:11:16.640745,Himalaya Urja Bikas Company Limited
2026042304000607,HURJA,54,57,50,268.5,13425.0,2026-04-23,187626493,2824,Sewa Securities Pvt. Ltd.,Aryatara Investment & Securities,2026-04-23 11:11:58.743456,Himalaya Urja Bikas Company Limited
2026042304000639,HURJA,54,50,150,268.5,40275.0,2026-04-23,187627576,2824,Sewa Securities Pvt. Ltd.,Cristal Kanchanjanga Securites Pvt. Ltd.,2026-04-23 11:13:05.687009,Himalaya Urja Bikas Company Limited
2026042304000640,HURJA,7,50,100,268.0,26800.0,2026-04-23,187627578,2824,J.F. Securites (PVT) Ltd.,Cristal Kanchanjanga Securites Pvt. Ltd.,2026-04-23 11:13:05.687167,Himalaya Urja Bikas Company Limited
2026042304000641,HURJA,58,50,10,268.0,2680.0,2026-04-23,187627580,2824,Naasa Securities Co. Ltd.,Cristal Kanchanjanga Securites Pvt. Ltd.,2026-04-23 11:13:05.687224,Himalaya Urja Bikas Company Limited
2026042304000642,HURJA,58,50,135,268.0,36180.0,2026-04-23,187627582,2824,Naasa Securities Co. Ltd.,Cristal Kanchanjanga Securites Pvt. Ltd.,2026-04-23 11:13:05.687281,Himalaya Urja Bikas Company Limited
2026042304000643,HURJA,70,50,250,267.0,66750.0,2026-04-23,187627584,2824,Infinity Securities Limited,Cristal Kanchanjanga Securites Pvt. Ltd.,2026-04-23 11:13:05.687347,Himalaya Urja Bikas Company Limited
2026042304000644,HURJA,53,50,355,266.0,94430.0,2026-04-23,187627585,2824,Investment Management Nepal Pvt. Ltd.,Cristal Kanchanjanga Securites Pvt. Ltd.,2026-04-23 11:13:05.687403,Himalaya Urja Bikas Company Limited
2026042304000812,HURJA,4,34,50,269.9,13495.0,2026-04-23,187630995,2824,Opal Securities Investment (PVT) Ltd.,Vision Securities Pvt. Ltd,2026-04-23 11:16:26.663897,Himalaya Urja Bikas Company Limited
2026042304000813,HURJA,4,39,300,270.0,81000.0,2026-04-23,187630997,2824,Opal Securities Investment (PVT) Ltd.,Sumeru Securities Pvt. Ltd.,2026-04-23 11:16:26.663960,Himalaya Urja Bikas Company Limited
2026042304000814,HURJA,4,3,1000,270.8,270800.0,2026-04-23,187630999,2824,Opal Securities Investment (PVT) Ltd.,Arun Securities (PVT) Ltd.,2026-04-23 11:16:26.664009,Himalaya Urja Bikas Company Limited
2026042304000815,HURJA,4,40,150,270.8,40620.0,2026-04-23,187631002,2824,Opal Securities Investment (PVT) Ltd.,Creative Securities Pvt Ltd,2026-04-23 11:16:26.664030,Himalaya Urja Bikas Company Limited
2026042304000898,HURJA,64,44,20,267.0,5340.0,2026-04-23,187633211,2824,SUN SECURITIES PVT LTD,Dynamic Money Managers Securities Pvt. Ltd.,2026-04-23 11:18:08.620867,Himalaya Urja Bikas Company Limited
2026042304000942,HURJA,4,71,96,269.9,25910.4,2026-04-23,187634684,2824,Opal Securities Investment (PVT) Ltd.,SHUBHAKAMANA SECURITIES PVT. LTD,2026-04-23 11:19:32.275132,Himalaya Urja Bikas Company Limited
2026042304001202,HURJA,64,58,90,267.0,24030.0,2026-04-23,187639283,2824,SUN SECURITIES PVT LTD,Naasa Securities Co. Ltd.,2026-04-23 11:23:20.420108,Himalaya Urja Bikas Company Limited
2026042304001217,HURJA,64,58,390,267.0,104130.0,2026-04-23,187639524,2824,SUN SECURITIES PVT LTD,Naasa Securities Co. Ltd.,2026-04-23 11:23:37.485689,Himalaya Urja Bikas Company Limited
2026042304001218,HURJA,78,58,300,267.0,80100.0,2026-04-23,187639526,2824,Garima Securities Limited,Naasa Securities Co. Ltd.,2026-04-23 11:23:37.486020,Himalaya Urja Bikas Company Limited
2026042304001275,HURJA,57,71,100,266.2,26620.0,2026-04-23,187640728,2824,Aryatara Investment & Securities,SHUBHAKAMANA SECURITIES PVT. LTD,2026-04-23 11:24:36.927437,Himalaya Urja Bikas Company Limited
2026042304001276,HURJA,16,71,304,265.3,80651.2,2026-04-23,187640729,2824,Primo Securities (PVT) Ltd.,SHUBHAKAMANA SECURITIES PVT. LTD,2026-04-23 11:24:36.927770,Himalaya Urja Bikas Company Limited
2026042304001291,HURJA,22,58,114,267.0,30438.0,2026-04-23,187641364,2824,Siprabi Securities Pvt. Ltd.,Naasa Securities Co. Ltd.,2026-04-23 11:25:10.266453,Himalaya Urja Bikas Company Limited
2026042304001294,HURJA,16,71,196,265.3,51998.8,2026-04-23,187641402,2824,Primo Securities (PVT) Ltd.,SHUBHAKAMANA SECURITIES PVT. LTD,2026-04-23 11:25:12.619996,Himalaya Urja Bikas Company Limited
2026042304001295,HURJA,26,71,40,265.2,10608.0,2026-04-23,187641404,2824,Asian Securities Private Ltd.,SHUBHAKAMANA SECURITIES PVT. LTD,2026-04-23 11:25:12.620339,Himalaya Urja Bikas Company Limited
2026042304001296,HURJA,70,71,588,265.2,155937.6,2026-04-23,187641405,2824,Infinity Securities Limited,SHUBHAKAMANA SECURITIES PVT. LTD,2026-04-23 11:25:12.620543,Himalaya Urja Bikas Company Limited
2026042304001517,HURJA,62,38,20,266.0,5320.0,2026-04-23,187646206,2824,Capital Max Securities Ltd,Dipshikha Dhitopatra Karobar Co. Pvt Ltd.,2026-04-23 11:29:01.290669,Himalaya Urja Bikas Company Limited
2026042304001518,HURJA,45,38,100,265.3,26530.0,2026-04-23,187646208,2824,Imperial Securities Company Pvt. Ltd.,Dipshikha Dhitopatra Karobar Co. Pvt Ltd.,2026-04-23 11:29:01.290845,Himalaya Urja Bikas Company Limited
2026042304001533,HURJA,70,58,110,265.2,29172.0,2026-04-23,187646527,2824,Infinity Securities Limited,Naasa Securities Co. Ltd.,2026-04-23 11:29:17.331391,Himalaya Urja Bikas Company Limited
2026042304001556,HURJA,70,58,86,265.2,22807.2,2026-04-23,187646821,2824,Infinity Securities Limited,Naasa Securities Co. Ltd.,2026-04-23 11:29:31.705038,Himalaya Urja Bikas Company Limited
2026042304001569,HURJA,58,38,30,265.3,7959.0,2026-04-23,187647370,2824,Naasa Securities Co. Ltd.,Dipshikha Dhitopatra Karobar Co. Pvt Ltd.,2026-04-23 11:30:10.307720,Himalaya Urja Bikas Company Limited
2026042304001629,HURJA,45,38,50,265.3,13265.0,2026-04-23,187648312,2824,Imperial Securities Company Pvt. Ltd.,Dipshikha Dhitopatra Karobar Co. Pvt Ltd.,2026-04-23 11:31:03.615522,Himalaya Urja Bikas Company Limited
2026042304001659,HURJA,70,72,216,265.2,57283.2,2026-04-23,187648784,2824,Infinity Securities Limited,Hatemalo Financial Services Private Limited,2026-04-23 11:31:26.950123,Himalaya Urja Bikas Company Limited
2026042304001687,HURJA,78,72,200,265.2,53040.0,2026-04-23,187649244,2824,Garima Securities Limited,Hatemalo Financial Services Private Limited,2026-04-23 11:31:55.806481,Himalaya Urja Bikas Company Limited
2026042304001708,HURJA,89,72,84,265.2,22276.8,2026-04-23,187649573,2824,Global IME Securities Limited,Hatemalo Financial Services Private Limited,2026-04-23 11:32:14.097721,Himalaya Urja Bikas Company Limited
2026042304001774,HURJA,89,58,16,265.3,4244.8,2026-04-23,187650886,2824,Global IME Securities Limited,Naasa Securities Co. Ltd.,2026-04-23 11:33:28.369566,Himalaya Urja Bikas Company Limited
2026042304001779,HURJA,10,58,34,265.3,9020.2,2026-04-23,187651027,2824,Pragyan Securities (PVT) Ltd.,Naasa Securities Co. Ltd.,2026-04-23 11:33:34.347844,Himalaya Urja Bikas Company Limited
2026042304001806,HURJA,10,94,66,267.0,17622.0,2026-04-23,187651466,2824,Pragyan Securities (PVT) Ltd.,K.B.L. Securities Limited ,2026-04-23 11:34:15.210949,Himalaya Urja Bikas Company Limited
2026042304001811,HURJA,7,94,10,266.0,2660.0,2026-04-23,187651632,2824,J.F. Securites (PVT) Ltd.,K.B.L. Securities Limited ,2026-04-23 11:34:30.888619,Himalaya Urja Bikas Company Limited
2026042304001825,HURJA,64,94,24,266.0,6384.0,2026-04-23,187651891,2824,SUN SECURITIES PVT LTD,K.B.L. Securities Limited ,2026-04-23 11:34:51.660496,Himalaya Urja Bikas Company Limited
2026042304001910,HURJA,58,1,10,268.0,2680.0,2026-04-23,187654548,2824,Naasa Securities Co. Ltd.,Kumari Securities Private Limited,2026-04-23 11:37:33.044718,Himalaya Urja Bikas Company Limited
2026042304001950,HURJA,58,59,500,266.3,133150.0,2026-04-23,187655197,2824,Naasa Securities Co. Ltd.,Deevyaa Securities & Stock House Pvt. Ltd,2026-04-23 11:38:24.765901,Himalaya Urja Bikas Company Limited
2026042304002138,HURJA,28,1,1000,266.4,266400.0,2026-04-23,187658909,2824,Shree Krishna Securities Ltd.,Kumari Securities Private Limited,2026-04-23 11:42:56.822113,Himalaya Urja Bikas Company Limited
2026042304002180,HURJA,42,25,17,267.2,4542.4,2026-04-23,187659269,2824,Sani Securities Company Ltd.,Sweta Securities Private Limited,2026-04-23 11:43:23.217216,Himalaya Urja Bikas Company Limited
2026042304002182,HURJA,42,34,33,267.2,8817.6,2026-04-23,187659306,2824,Sani Securities Company Ltd.,Vision Securities Pvt. Ltd,2026-04-23 11:43:26.692177,Himalaya Urja Bikas Company Limited
2026042304002183,HURJA,13,34,17,267.0,4539.0,2026-04-23,187659307,2824,Thrive Brokerage House Pvt. Ltd,Vision Securities Pvt. Ltd,2026-04-23 11:43:26.692606,Himalaya Urja Bikas Company Limited
2026042304002195,HURJA,13,88,10,267.0,2670.0,2026-04-23,187659357,2824,Thrive Brokerage House Pvt. Ltd,Blue Chip Securities Ltd,2026-04-23 11:43:31.622517,Himalaya Urja Bikas Company Limited
2026042304002204,HURJA,58,38,10,269.0,2690.0,2026-04-23,187659394,2824,Naasa Securities Co. Ltd.,Dipshikha Dhitopatra Karobar Co. Pvt Ltd.,2026-04-23 11:43:34.147572,Himalaya Urja Bikas Company Limited
2026042304002213,HURJA,54,38,90,269.0,24210.0,2026-04-23,187659482,2824,Sewa Securities Pvt. Ltd.,Dipshikha Dhitopatra Karobar Co. Pvt Ltd.,2026-04-23 11:43:40.004190,Himalaya Urja Bikas Company Limited
2026042304002214,HURJA,54,36,230,269.0,61870.0,2026-04-23,187659484,2824,Sewa Securities Pvt. Ltd.,Secured Securities Ltd.,2026-04-23 11:43:40.004612,Himalaya Urja Bikas Company Limited
2026042304002220,HURJA,54,38,128,269.0,34432.0,2026-04-23,187659641,2824,Sewa Securities Pvt. Ltd.,Dipshikha Dhitopatra Karobar Co. Pvt Ltd.,2026-04-23 11:43:52.534106,Himalaya Urja Bikas Company Limited
2026042304002259,HURJA,54,63,52,269.0,13988.0,2026-04-23,187660004,2824,Sewa Securities Pvt. Ltd.,Himalayan Brokerage Company Limited,2026-04-23 11:44:21.282925,Himalaya Urja Bikas Company Limited
2026042304002369,HURJA,13,33,118,267.0,31506.0,2026-04-23,187661518,2824,Thrive Brokerage House Pvt. Ltd,Dakshinkali Investment & Securities Pvt. Ltd.,2026-04-23 11:46:11.693924,Himalaya Urja Bikas Company Limited
2026042304002370,HURJA,45,33,300,266.5,79950.0,2026-04-23,187661520,2824,Imperial Securities Company Pvt. Ltd.,Dakshinkali Investment & Securities Pvt. Ltd.,2026-04-23 11:46:11.693997,Himalaya Urja Bikas Company Limited
2026042304002371,HURJA,64,33,500,266.4,133200.0,2026-04-23,187661522,2824,SUN SECURITIES PVT LTD,Dakshinkali Investment & Securities Pvt. Ltd.,2026-04-23 11:46:11.694026,Himalaya Urja Bikas Company Limited
2026042304002372,HURJA,64,33,476,266.0,126616.0,2026-04-23,187661524,2824,SUN SECURITIES PVT LTD,Dakshinkali Investment & Securities Pvt. Ltd.,2026-04-23 11:46:11.694052,Himalaya Urja Bikas Company Limited
2026042304002373,HURJA,42,33,63,266.0,16758.0,2026-04-23,187661526,2824,Sani Securities Company Ltd.,Dakshinkali Investment & Securities Pvt. Ltd.,2026-04-23 11:46:11.694078,Himalaya Urja Bikas Company Limited
2026042304002374,HURJA,89,33,50,266.0,13300.0,2026-04-23,187661528,2824,Global IME Securities Limited,Dakshinkali Investment & Securities Pvt. Ltd.,2026-04-23 11:46:11.694103,Himalaya Urja Bikas Company Limited
2026042304002375,HURJA,57,33,100,265.1,26510.0,2026-04-23,187661530,2824,Aryatara Investment & Securities,Dakshinkali Investment & Securities Pvt. Ltd.,2026-04-23 11:46:11.694126,Himalaya Urja Bikas Company Limited
2026042304002376,HURJA,8,33,393,265.1,104184.3,2026-04-23,187661531,2824,Brilliant Securities Pvt. Ltd.,Dakshinkali Investment & Securities Pvt. Ltd.,2026-04-23 11:46:11.694154,Himalaya Urja Bikas Company Limited
2026042304002642,HURJA,17,38,1500,266.0,399000.0,2026-04-23,187665093,2824,ABC Securities Private Limited,Dipshikha Dhitopatra Karobar Co. Pvt Ltd.,2026-04-23 11:50:51.872531,Himalaya Urja Bikas Company Limited
2026042304002887,HURJA,58,4,20,268.0,5360.0,2026-04-23,187668754,2824,Naasa Securities Co. Ltd.,Opal Securities Investment (PVT) Ltd.,2026-04-23 11:55:27.323523,Himalaya Urja Bikas Company Limited
2026042304003010,HURJA,13,75,200,266.1,53220.0,2026-04-23,187670660,2824,Thrive Brokerage House Pvt. Ltd,N.I.M.B. Stock Markets Limited,2026-04-23 11:57:36.405942,Himalaya Urja Bikas Company Limited
2026042304003011,HURJA,17,75,1500,266.0,399000.0,2026-04-23,187670662,2824,ABC Securities Private Limited,N.I.M.B. Stock Markets Limited,2026-04-23 11:57:36.406170,Himalaya Urja Bikas Company Limited
2026042304003012,HURJA,8,75,107,265.1,28365.7,2026-04-23,187670664,2824,Brilliant Securities Pvt. Ltd.,N.I.M.B. Stock Markets Limited,2026-04-23 11:57:36.406260,Himalaya Urja Bikas Company Limited
2026042304003013,HURJA,64,75,193,265.1,51164.3,2026-04-23,187670665,2824,SUN SECURITIES PVT LTD,N.I.M.B. Stock Markets Limited,2026-04-23 11:57:36.406367,Himalaya Urja Bikas Company Limited
2026042304003035,HURJA,58,4,20,268.0,5360.0,2026-04-23,187670819,2824,Naasa Securities Co. Ltd.,Opal Securities Investment (PVT) Ltd.,2026-04-23 11:57:46.503349,Himalaya Urja Bikas Company Limited
2026042304003084,HURJA,64,75,307,265.1,81385.7,2026-04-23,187671270,2824,SUN SECURITIES PVT LTD,N.I.M.B. Stock Markets Limited,2026-04-23 11:58:15.744126,Himalaya Urja Bikas Company Limited
2026042304003085,HURJA,89,75,1500,265.0,397500.0,2026-04-23,187671272,2824,Global IME Securities Limited,N.I.M.B. Stock Markets Limited,2026-04-23 11:58:15.744581,Himalaya Urja Bikas Company Limited
2026042304003086,HURJA,57,75,193,265.0,51145.0,2026-04-23,187671273,2824,Aryatara Investment & Securities,N.I.M.B. Stock Markets Limited,2026-04-23 11:58:15.744864,Himalaya Urja Bikas Company Limited
2026042304003094,HURJA,57,75,307,265.0,81355.0,2026-04-23,187671464,2824,Aryatara Investment & Securities,N.I.M.B. Stock Markets Limited,2026-04-23 11:58:30.978383,Himalaya Urja Bikas Company Limited
2026042304003095,HURJA,38,75,100,265.0,26500.0,2026-04-23,187671466,2824,Dipshikha Dhitopatra Karobar Co. Pvt Ltd.,N.I.M.B. Stock Markets Limited,2026-04-23 11:58:30.978629,Himalaya Urja Bikas Company Limited
2026042304003096,HURJA,17,75,10,265.0,2650.0,2026-04-23,187671468,2824,ABC Securities Private Limited,N.I.M.B. Stock Markets Limited,2026-04-23 11:58:30.978740,Himalaya Urja Bikas Company Limited
2026042304003097,HURJA,39,75,500,265.0,132500.0,2026-04-23,187671470,2824,Sumeru Securities Pvt. Ltd.,N.I.M.B. Stock Markets Limited,2026-04-23 11:58:30.978830,Himalaya Urja Bikas Company Limited
2026042304003098,HURJA,4,75,20,265.0,5300.0,2026-04-23,187671472,2824,Opal Securities Investment (PVT) Ltd.,N.I.M.B. Stock Markets Limited,2026-04-23 11:58:30.978919,Himalaya Urja Bikas Company Limited
2026042304003099,HURJA,42,75,63,265.0,16695.0,2026-04-23,187671473,2824,Sani Securities Company Ltd.,N.I.M.B. Stock Markets Limited,2026-04-23 11:58:30.979003,Himalaya Urja Bikas Company Limited
2026042304003256,HURJA,17,43,20,265.1,5302.0,2026-04-23,187673869,2824,ABC Securities Private Limited,South Asian Bulls Pvt. Ltd.,2026-04-23 12:01:26.299753,Himalaya Urja Bikas Company Limited
2026042304003585,HURJA,39,58,100,265.5,26550.0,2026-04-23,187679837,2824,Sumeru Securities Pvt. Ltd.,Naasa Securities Co. Ltd.,2026-04-23 12:08:23.888895,Himalaya Urja Bikas Company Limited
2026042304003731,HURJA,16,58,215,265.5,57082.5,2026-04-23,187681853,2824,Primo Securities (PVT) Ltd.,Naasa Securities Co. Ltd.,2026-04-23 12:11:44.017665,Himalaya Urja Bikas Company Limited
2026042304003772,HURJA,36,58,180,267.0,48060.0,2026-04-23,187682231,2824,Secured Securities Ltd.,Naasa Securities Co. Ltd.,2026-04-23 12:12:19.352414,Himalaya Urja Bikas Company Limited
2026042304003786,HURJA,36,59,200,267.0,53400.0,2026-04-23,187682497,2824,Secured Securities Ltd.,Deevyaa Securities & Stock House Pvt. Ltd,2026-04-23 12:12:36.708576,Himalaya Urja Bikas Company Limited
2026042304003809,HURJA,57,14,20,268.0,5360.0,2026-04-23,187682760,2824,Aryatara Investment & Securities,Nepal Stock House (PVT) Ltd.,2026-04-23 12:12:50.881919,Himalaya Urja Bikas Company Limited
2026042304003836,HURJA,36,88,10,267.0,2670.0,2026-04-23,187683403,2824,Secured Securities Ltd.,Blue Chip Securities Ltd,2026-04-23 12:13:30.065209,Himalaya Urja Bikas Company Limited
2026042304003904,HURJA,41,26,100,267.9,26790.0,2026-04-23,187684780,2824,Linch Stock Market Ltd.,Asian Securities Private Ltd.,2026-04-23 12:15:47.801686,Himalaya Urja Bikas Company Limited
2026042304004088,HURJA,65,26,100,267.9,26790.0,2026-04-23,187686818,2824,Sharepro Securities Private Limited,Asian Securities Private Ltd.,2026-04-23 12:18:43.725080,Himalaya Urja Bikas Company Limited
2026042304004097,HURJA,7,36,20,267.5,5350.0,2026-04-23,187686984,2824,J.F. Securites (PVT) Ltd.,Secured Securities Ltd.,2026-04-23 12:18:55.904250,Himalaya Urja Bikas Company Limited
2026042304004274,HURJA,101,36,206,267.5,55105.0,2026-04-23,187690287,2824,APPLE SECURITIES PRIVATE LIMITED,Secured Securities Ltd.,2026-04-23 12:23:39.163283,Himalaya Urja Bikas Company Limited
2026042304004275,HURJA,101,14,794,268.0,212792.0,2026-04-23,187690290,2824,APPLE SECURITIES PRIVATE LIMITED,Nepal Stock House (PVT) Ltd.,2026-04-23 12:23:39.163858,Himalaya Urja Bikas Company Limited
2026042304004332,HURJA,42,14,12,268.0,3216.0,2026-04-23,187691414,2824,Sani Securities Company Ltd.,Nepal Stock House (PVT) Ltd.,2026-04-23 12:25:36.378431,Himalaya Urja Bikas Company Limited
2026042304004361,HURJA,11,14,10,268.0,2680.0,2026-04-23,187692142,2824,Malla & Malla Stock Broking Company Pvt. Limited,Nepal Stock House (PVT) Ltd.,2026-04-23 12:26:50.105667,Himalaya Urja Bikas Company Limited
2026042304004413,HURJA,44,58,50,267.5,13375.0,2026-04-23,187693287,2824,Dynamic Money Managers Securities Pvt. Ltd.,Naasa Securities Co. Ltd.,2026-04-23 12:28:37.159167,Himalaya Urja Bikas Company Limited
2026042304004446,HURJA,44,1,450,267.5,120375.0,2026-04-23,187693853,2824,Dynamic Money Managers Securities Pvt. Ltd.,Kumari Securities Private Limited,2026-04-23 12:29:59.638352,Himalaya Urja Bikas Company Limited
2026042304004497,HURJA,36,58,10,267.0,2670.0,2026-04-23,187694425,2824,Secured Securities Ltd.,Naasa Securities Co. Ltd.,2026-04-23 12:31:04.177255,Himalaya Urja Bikas Company Limited
2026042304004522,HURJA,36,17,100,267.0,26700.0,2026-04-23,187694944,2824,Secured Securities Ltd.,ABC Securities Private Limited,2026-04-23 12:32:06.066477,Himalaya Urja Bikas Company Limited
2026042304004523,HURJA,56,17,500,267.0,133500.0,2026-04-23,187694946,2824,Sri Hari Securities Pvt. Ltd.,ABC Securities Private Limited,2026-04-23 12:32:06.066770,Himalaya Urja Bikas Company Limited
2026042304004524,HURJA,6,17,200,267.0,53400.0,2026-04-23,187694947,2824,Agrawal Securities (PVT) Ltd.,ABC Securities Private Limited,2026-04-23 12:32:06.066880,Himalaya Urja Bikas Company Limited
2026042304004591,HURJA,28,45,100,266.2,26620.0,2026-04-23,187695602,2824,Shree Krishna Securities Ltd.,Imperial Securities Company Pvt. Ltd.,2026-04-23 12:33:18.958205,Himalaya Urja Bikas Company Limited
2026042304004592,HURJA,16,45,400,266.0,106400.0,2026-04-23,187695603,2824,Primo Securities (PVT) Ltd.,Imperial Securities Company Pvt. Ltd.,2026-04-23 12:33:18.958769,Himalaya Urja Bikas Company Limited
2026042304004729,HURJA,21,58,11,268.0,2948.0,2026-04-23,187697957,2824,Midas Stock Broking Company Private Limited,Naasa Securities Co. Ltd.,2026-04-23 12:36:45.629510,Himalaya Urja Bikas Company Limited
2026042304004730,HURJA,21,64,100,268.0,26800.0,2026-04-23,187697959,2824,Midas Stock Broking Company Private Limited,SUN SECURITIES PVT LTD,2026-04-23 12:36:45.629761,Himalaya Urja Bikas Company Limited
2026042304004732,HURJA,21,58,40,268.0,10720.0,2026-04-23,187698063,2824,Midas Stock Broking Company Private Limited,Naasa Securities Co. Ltd.,2026-04-23 12:36:51.084208,Himalaya Urja Bikas Company Limited
2026042304004758,HURJA,21,50,45,268.0,12060.0,2026-04-23,187698431,2824,Midas Stock Broking Company Private Limited,Cristal Kanchanjanga Securites Pvt. Ltd.,2026-04-23 12:37:16.978323,Himalaya Urja Bikas Company Limited
2026042304004795,HURJA,56,52,300,266.3,79890.0,2026-04-23,187699091,2824,Sri Hari Securities Pvt. Ltd.,Sundhara Securities Limited,2026-04-23 12:38:17.046352,Himalaya Urja Bikas Company Limited
2026042304004893,HURJA,59,52,200,266.4,53280.0,2026-04-23,187700034,2824,Deevyaa Securities & Stock House Pvt. Ltd,Sundhara Securities Limited,2026-04-23 12:40:15.363150,Himalaya Urja Bikas Company Limited
2026042304004894,HURJA,56,52,200,266.3,53260.0,2026-04-23,187700036,2824,Sri Hari Securities Pvt. Ltd.,Sundhara Securities Limited,2026-04-23 12:40:15.363447,Himalaya Urja Bikas Company Limited
2026042304004895,HURJA,89,52,100,266.3,26630.0,2026-04-23,187700037,2824,Global IME Securities Limited,Sundhara Securities Limited,2026-04-23 12:40:15.363566,Himalaya Urja Bikas Company Limited
2026042304005049,HURJA,101,74,200,266.6,53320.0,2026-04-23,187701699,2824,APPLE SECURITIES PRIVATE LIMITED,KALASH STOCK MARKET PVT. LTD.,2026-04-23 12:43:41.056111,Himalaya Urja Bikas Company Limited
2026042304005129,HURJA,101,45,500,266.6,133300.0,2026-04-23,187703253,2824,APPLE SECURITIES PRIVATE LIMITED,Imperial Securities Company Pvt. Ltd.,2026-04-23 12:46:10.271716,Himalaya Urja Bikas Company Limited
2026042304005290,HURJA,101,65,300,268.9,80670.0,2026-04-23,187706654,2824,APPLE SECURITIES PRIVATE LIMITED,Sharepro Securities Private Limited,2026-04-23 12:51:41.916803,Himalaya Urja Bikas Company Limited
2026042304005397,HURJA,53,65,700,268.9,188230.0,2026-04-23,187707985,2824,Investment Management Nepal Pvt. Ltd.,Sharepro Securities Private Limited,2026-04-23 12:53:49.697794,Himalaya Urja Bikas Company Limited
2026042304005398,HURJA,53,58,55,269.0,14795.0,2026-04-23,187707987,2824,Investment Management Nepal Pvt. Ltd.,Naasa Securities Co. Ltd.,2026-04-23 12:53:49.698336,Himalaya Urja Bikas Company Limited
2026042304005406,HURJA,53,47,200,269.0,53800.0,2026-04-23,187708123,2824,Investment Management Nepal Pvt. Ltd.,Neev Securities Pvt. Ltd.,2026-04-23 12:54:04.808754,Himalaya Urja Bikas Company Limited
2026042304005490,HURJA,21,65,400,269.7,107880.0,2026-04-23,187709180,2824,Midas Stock Broking Company Private Limited,Sharepro Securities Private Limited,2026-04-23 12:55:53.993508,Himalaya Urja Bikas Company Limited
2026042304005586,HURJA,21,65,50,269.7,13485.0,2026-04-23,187710720,2824,Midas Stock Broking Company Private Limited,Sharepro Securities Private Limited,2026-04-23 12:57:42.444948,Himalaya Urja Bikas Company Limited
2026042304006158,HURJA,58,65,550,269.7,148335.0,2026-04-23,187718411,2824,Naasa Securities Co. Ltd.,Sharepro Securities Private Limited,2026-04-23 13:08:01.475285,Himalaya Urja Bikas Company Limited
2026042304006159,HURJA,58,35,80,269.7,21576.0,2026-04-23,187718413,2824,Naasa Securities Co. Ltd.,Kohinoor Investment & Securities Pvt. Ltd.,2026-04-23 13:08:01.475828,Himalaya Urja Bikas Company Limited
2026042304006160,HURJA,58,36,250,270.0,67500.0,2026-04-23,187718415,2824,Naasa Securities Co. Ltd.,Secured Securities Ltd.,2026-04-23 13:08:01.476176,Himalaya Urja Bikas Company Limited
2026042304006161,HURJA,58,32,200,270.0,54000.0,2026-04-23,187718417,2824,Naasa Securities Co. Ltd.,Premier Securities Company Ltd.,2026-04-23 13:08:01.476532,Himalaya Urja Bikas Company Limited
2026042304006162,HURJA,58,32,500,270.8,135400.0,2026-04-23,187718419,2824,Naasa Securities Co. Ltd.,Premier Securities Company Ltd.,2026-04-23 13:08:01.476884,Himalaya Urja Bikas Company Limited
2026042304006163,HURJA,58,65,420,270.9,113778.0,2026-04-23,187718422,2824,Naasa Securities Co. Ltd.,Sharepro Securities Private Limited,2026-04-23 13:08:01.477217,Himalaya Urja Bikas Company Limited
2026042304006381,HURJA,42,52,67,270.0,18090.0,2026-04-23,187722194,2824,Sani Securities Company Ltd.,Sundhara Securities Limited,2026-04-23 13:13:33.012367,Himalaya Urja Bikas Company Limited
2026042304006396,HURJA,80,52,133,270.0,35910.0,2026-04-23,187722513,2824,Indira securities pvt. ltd,Sundhara Securities Limited,2026-04-23 13:14:10.456000,Himalaya Urja Bikas Company Limited
2026042304006397,HURJA,80,65,867,270.8,234783.6,2026-04-23,187722516,2824,Indira securities pvt. ltd,Sharepro Securities Private Limited,2026-04-23 13:14:10.456101,Himalaya Urja Bikas Company Limited
2026042304006497,HURJA,65,94,1500,270.0,405000.0,2026-04-23,187724222,2824,Sharepro Securities Private Limited,K.B.L. Securities Limited ,2026-04-23 13:16:56.470243,Himalaya Urja Bikas Company Limited
2026042304006499,HURJA,65,94,500,270.0,135000.0,2026-04-23,187724265,2824,Sharepro Securities Private Limited,K.B.L. Securities Limited ,2026-04-23 13:17:05.174430,Himalaya Urja Bikas Company Limited
2026042304006500,HURJA,65,45,1000,270.0,270000.0,2026-04-23,187724268,2824,Sharepro Securities Private Limited,Imperial Securities Company Pvt. Ltd.,2026-04-23 13:17:05.174748,Himalaya Urja Bikas Company Limited
2026042304006501,HURJA,65,1,400,270.0,108000.0,2026-04-23,187724324,2824,Sharepro Securities Private Limited,Kumari Securities Private Limited,2026-04-23 13:17:13.800921,Himalaya Urja Bikas Company Limited
2026042304006530,HURJA,65,33,1500,270.0,405000.0,2026-04-23,187724874,2824,Sharepro Securities Private Limited,Dakshinkali Investment & Securities Pvt. Ltd.,2026-04-23 13:17:55.440051,Himalaya Urja Bikas Company Limited
2026042304006710,HURJA,53,45,45,269.0,12105.0,2026-04-23,187727326,2824,Investment Management Nepal Pvt. Ltd.,Imperial Securities Company Pvt. Ltd.,2026-04-23 13:22:07.296168,Himalaya Urja Bikas Company Limited
2026042304006711,HURJA,11,45,20,269.0,5380.0,2026-04-23,187727328,2824,Malla & Malla Stock Broking Company Pvt. Limited,Imperial Securities Company Pvt. Ltd.,2026-04-23 13:22:07.296752,Himalaya Urja Bikas Company Limited
2026042304006713,HURJA,63,45,100,269.0,26900.0,2026-04-23,187727352,2824,Himalayan Brokerage Company Limited,Imperial Securities Company Pvt. Ltd.,2026-04-23 13:22:13.564980,Himalaya Urja Bikas Company Limited
2026042304006722,HURJA,32,45,35,269.0,9415.0,2026-04-23,187727481,2824,Premier Securities Company Ltd.,Imperial Securities Company Pvt. Ltd.,2026-04-23 13:22:25.977119,Himalaya Urja Bikas Company Limited
2026042304007016,HURJA,32,94,215,269.0,57835.0,2026-04-23,187731110,2824,Premier Securities Company Ltd.,K.B.L. Securities Limited ,2026-04-23 13:28:04.295703,Himalaya Urja Bikas Company Limited
2026042304007054,HURJA,38,58,400,268.0,107200.0,2026-04-23,187731307,2824,Dipshikha Dhitopatra Karobar Co. Pvt Ltd.,Naasa Securities Co. Ltd.,2026-04-23 13:28:18.899022,Himalaya Urja Bikas Company Limited
2026042304007119,HURJA,21,94,20,269.0,5380.0,2026-04-23,187731848,2824,Midas Stock Broking Company Private Limited,K.B.L. Securities Limited ,2026-04-23 13:28:56.194018,Himalaya Urja Bikas Company Limited
2026042304007156,HURJA,38,39,100,268.0,26800.0,2026-04-23,187732220,2824,Dipshikha Dhitopatra Karobar Co. Pvt Ltd.,Sumeru Securities Pvt. Ltd.,2026-04-23 13:29:18.641555,Himalaya Urja Bikas Company Limited
2026042304007157,HURJA,65,39,20,268.0,5360.0,2026-04-23,187732222,2824,Sharepro Securities Private Limited,Sumeru Securities Pvt. Ltd.,2026-04-23 13:29:18.641616,Himalaya Urja Bikas Company Limited
2026042304007158,HURJA,25,39,50,267.1,13355.0,2026-04-23,187732224,2824,Sweta Securities Private Limited,Sumeru Securities Pvt. Ltd.,2026-04-23 13:29:18.641646,Himalaya Urja Bikas Company Limited
2026042304007159,HURJA,25,39,200,266.9,53380.0,2026-04-23,187732226,2824,Sweta Securities Private Limited,Sumeru Securities Pvt. Ltd.,2026-04-23 13:29:18.641678,Himalaya Urja Bikas Company Limited
2026042304007160,HURJA,46,39,130,266.9,34697.0,2026-04-23,187732227,2824,Kalika Securities Pvt. Ltd.,Sumeru Securities Pvt. Ltd.,2026-04-23 13:29:18.641706,Himalaya Urja Bikas Company Limited
2026042304007223,HURJA,6,94,500,267.0,133500.0,2026-04-23,187732858,2824,Agrawal Securities (PVT) Ltd.,K.B.L. Securities Limited ,2026-04-23 13:30:10.183883,Himalaya Urja Bikas Company Limited
2026042304007244,HURJA,46,29,270,266.9,72063.0,2026-04-23,187733376,2824,Kalika Securities Pvt. Ltd.,Trisul Securities & Invt. Ltd.,2026-04-23 13:30:24.961073,Himalaya Urja Bikas Company Limited
2026042304007245,HURJA,38,29,500,266.5,133250.0,2026-04-23,187733378,2824,Dipshikha Dhitopatra Karobar Co. Pvt Ltd.,Trisul Securities & Invt. Ltd.,2026-04-23 13:30:24.961439,Himalaya Urja Bikas Company Limited
2026042304007246,HURJA,6,29,150,266.5,39975.0,2026-04-23,187733380,2824,Agrawal Securities (PVT) Ltd.,Trisul Securities & Invt. Ltd.,2026-04-23 13:30:24.961804,Himalaya Urja Bikas Company Limited
2026042304007247,HURJA,16,29,80,266.0,21280.0,2026-04-23,187733381,2824,Primo Securities (PVT) Ltd.,Trisul Securities & Invt. Ltd.,2026-04-23 13:30:24.962149,Himalaya Urja Bikas Company Limited
2026042304007257,HURJA,58,38,180,266.0,47880.0,2026-04-23,187733542,2824,Naasa Securities Co. Ltd.,Dipshikha Dhitopatra Karobar Co. Pvt Ltd.,2026-04-23 13:30:45.085597,Himalaya Urja Bikas Company Limited
2026042304007258,HURJA,39,38,820,266.0,218120.0,2026-04-23,187733543,2824,Sumeru Securities Pvt. Ltd.,Dipshikha Dhitopatra Karobar Co. Pvt Ltd.,2026-04-23 13:30:45.086120,Himalaya Urja Bikas Company Limited
2026042304007259,HURJA,62,94,700,267.0,186900.0,2026-04-23,187733548,2824,Capital Max Securities Ltd,K.B.L. Securities Limited ,2026-04-23 13:30:45.286478,Himalaya Urja Bikas Company Limited
2026042304007304,HURJA,39,25,180,266.0,47880.0,2026-04-23,187733944,2824,Sumeru Securities Pvt. Ltd.,Sweta Securities Private Limited,2026-04-23 13:31:17.212122,Himalaya Urja Bikas Company Limited
2026042304007305,HURJA,13,25,20,266.0,5320.0,2026-04-23,187733946,2824,Thrive Brokerage House Pvt. Ltd,Sweta Securities Private Limited,2026-04-23 13:31:17.212681,Himalaya Urja Bikas Company Limited
2026042304007306,HURJA,11,25,20,266.0,5320.0,2026-04-23,187733948,2824,Malla & Malla Stock Broking Company Pvt. Limited,Sweta Securities Private Limited,2026-04-23 13:31:17.213034,Himalaya Urja Bikas Company Limited
2026042304007307,HURJA,17,25,180,266.0,47880.0,2026-04-23,187733950,2824,ABC Securities Private Limited,Sweta Securities Private Limited,2026-04-23 13:31:17.213385,Himalaya Urja Bikas Company Limited
2026042304007308,HURJA,45,25,55,266.0,14630.0,2026-04-23,187733952,2824,Imperial Securities Company Pvt. Ltd.,Sweta Securities Private Limited,2026-04-23 13:31:17.213734,Himalaya Urja Bikas Company Limited
2026042304007309,HURJA,52,25,45,266.0,11970.0,2026-04-23,187733953,2824,Sundhara Securities Limited,Sweta Securities Private Limited,2026-04-23 13:31:17.214060,Himalaya Urja Bikas Company Limited
2026042304007329,HURJA,52,29,455,266.0,121030.0,2026-04-23,187734260,2824,Sundhara Securities Limited,Trisul Securities & Invt. Ltd.,2026-04-23 13:31:45.727546,Himalaya Urja Bikas Company Limited
2026042304007330,HURJA,84,29,45,266.0,11970.0,2026-04-23,187734261,2824,MILKY WAY SHARE BROKER COMPANY LTD ,Trisul Securities & Invt. Ltd.,2026-04-23 13:31:45.727888,Himalaya Urja Bikas Company Limited
2026042304007649,HURJA,35,33,500,265.6,132800.0,2026-04-23,187737967,2824,Kohinoor Investment & Securities Pvt. Ltd.,Dakshinkali Investment & Securities Pvt. Ltd.,2026-04-23 13:38:14.164103,Himalaya Urja Bikas Company Limited
2026042304007651,HURJA,45,94,500,267.0,133500.0,2026-04-23,187738076,2824,Imperial Securities Company Pvt. Ltd.,K.B.L. Securities Limited ,2026-04-23 13:38:21.250076,Himalaya Urja Bikas Company Limited
2026042304007694,HURJA,45,38,40,265.2,10608.0,2026-04-23,187738661,2824,Imperial Securities Company Pvt. Ltd.,Dipshikha Dhitopatra Karobar Co. Pvt Ltd.,2026-04-23 13:39:38.623819,Himalaya Urja Bikas Company Limited
2026042304007700,HURJA,45,52,60,265.2,15912.0,2026-04-23,187738732,2824,Imperial Securities Company Pvt. Ltd.,Sundhara Securities Limited,2026-04-23 13:39:45.681060,Himalaya Urja Bikas Company Limited
2026042304007701,HURJA,62,52,45,265.1,11929.5,2026-04-23,187738733,2824,Capital Max Securities Ltd,Sundhara Securities Limited,2026-04-23 13:39:45.681639,Himalaya Urja Bikas Company Limited
2026042304007891,HURJA,34,57,200,266.0,53200.0,2026-04-23,187741728,2824,Vision Securities Pvt. Ltd,Aryatara Investment & Securities,2026-04-23 13:46:15.335511,Himalaya Urja Bikas Company Limited
2026042304007892,HURJA,7,57,200,266.0,53200.0,2026-04-23,187741729,2824,J.F. Securites (PVT) Ltd.,Aryatara Investment & Securities,2026-04-23 13:46:15.335857,Himalaya Urja Bikas Company Limited
2026042304007901,HURJA,53,94,1000,267.0,267000.0,2026-04-23,187741950,2824,Investment Management Nepal Pvt. Ltd.,K.B.L. Securities Limited ,2026-04-23 13:46:42.163834,Himalaya Urja Bikas Company Limited
2026042304007956,HURJA,63,94,2300,267.0,614100.0,2026-04-23,187742635,2824,Himalayan Brokerage Company Limited,K.B.L. Securities Limited ,2026-04-23 13:48:09.800973,Himalaya Urja Bikas Company Limited
2026042304007965,HURJA,49,48,1000,267.0,267000.0,2026-04-23,187742953,2824,Online Securities Pvt. Ltd.,Trishakti Securities Public Limited,2026-04-23 13:48:36.006475,Himalaya Urja Bikas Company Limited
2026042304007994,HURJA,39,48,100,267.0,26700.0,2026-04-23,187743774,2824,Sumeru Securities Pvt. Ltd.,Trishakti Securities Public Limited,2026-04-23 13:49:51.627757,Himalaya Urja Bikas Company Limited
2026042304007995,HURJA,7,48,800,266.0,212800.0,2026-04-23,187743776,2824,J.F. Securites (PVT) Ltd.,Trishakti Securities Public Limited,2026-04-23 13:49:51.628102,Himalaya Urja Bikas Company Limited
2026042304007996,HURJA,51,48,189,266.0,50274.0,2026-04-23,187743778,2824,Oxford Securities Pvt. Ltd.,Trishakti Securities Public Limited,2026-04-23 13:49:51.628326,Himalaya Urja Bikas Company Limited
2026042304007997,HURJA,63,48,2411,265.7,640602.7,2026-04-23,187743779,2824,Himalayan Brokerage Company Limited,Trishakti Securities Public Limited,2026-04-23 13:49:51.628511,Himalaya Urja Bikas Company Limited
2026042304008880,HURJA,58,48,457,266.1,121607.7,2026-04-23,187754804,2824,Naasa Securities Co. Ltd.,Trishakti Securities Public Limited,2026-04-23 14:13:08.162544,Himalaya Urja Bikas Company Limited
2026042304008881,HURJA,29,48,101,266.1,26876.1,2026-04-23,187754806,2824,Trisul Securities & Invt. Ltd.,Trishakti Securities Public Limited,2026-04-23 14:13:08.163140,Himalaya Urja Bikas Company Limited
2026042304008882,HURJA,62,48,442,266.0,117572.0,2026-04-23,187754807,2824,Capital Max Securities Ltd,Trishakti Securities Public Limited,2026-04-23 14:13:08.163542,Himalaya Urja Bikas Company Limited
2026042304008937,HURJA,62,58,200,266.0,53200.0,2026-04-23,187755539,2824,Capital Max Securities Ltd,Naasa Securities Co. Ltd.,2026-04-23 14:14:36.907413,Himalaya Urja Bikas Company Limited
2026042304009006,HURJA,62,6,50,266.0,13300.0,2026-04-23,187756189,2824,Capital Max Securities Ltd,Agrawal Securities (PVT) Ltd.,2026-04-23 14:15:48.010032,Himalaya Urja Bikas Company Limited
2026042304009181,HURJA,62,58,33,266.0,8778.0,2026-04-23,187757736,2824,Capital Max Securities Ltd,Naasa Securities Co. Ltd.,2026-04-23 14:18:13.460958,Himalaya Urja Bikas Company Limited
2026042304009182,HURJA,14,58,17,266.0,4522.0,2026-04-23,187757737,2824,Nepal Stock House (PVT) Ltd.,Naasa Securities Co. Ltd.,2026-04-23 14:18:13.461283,Himalaya Urja Bikas Company Limited
2026042304009484,HURJA,14,34,23,266.0,6118.0,2026-04-23,187761704,2824,Nepal Stock House (PVT) Ltd.,Vision Securities Pvt. Ltd,2026-04-23 14:25:09.289099,Himalaya Urja Bikas Company Limited
2026042304009485,HURJA,58,34,45,266.0,11970.0,2026-04-23,187761706,2824,Naasa Securities Co. Ltd.,Vision Securities Pvt. Ltd,2026-04-23 14:25:09.289462,Himalaya Urja Bikas Company Limited
2026042304009486,HURJA,58,34,82,266.0,21812.0,2026-04-23,187761707,2824,Naasa Securities Co. Ltd.,Vision Securities Pvt. Ltd,2026-04-23 14:25:09.289653,Himalaya Urja Bikas Company Limited
2026042304009498,HURJA,45,45,300,266.1,79830.0,2026-04-23,187761980,2824,Imperial Securities Company Pvt. Ltd.,Imperial Securities Company Pvt. Ltd.,2026-04-23 14:25:39.260027,Himalaya Urja Bikas Company Limited
2026042304009499,HURJA,58,45,18,266.0,4788.0,2026-04-23,187761982,2824,Naasa Securities Co. Ltd.,Imperial Securities Company Pvt. Ltd.,2026-04-23 14:25:39.260727,Himalaya Urja Bikas Company Limited
2026042304009500,HURJA,3,45,20,266.0,5320.0,2026-04-23,187761984,2824,Arun Securities (PVT) Ltd.,Imperial Securities Company Pvt. Ltd.,2026-04-23 14:25:39.261147,Himalaya Urja Bikas Company Limited
2026042304009501,HURJA,8,45,60,266.0,15960.0,2026-04-23,187761986,2824,Brilliant Securities Pvt. Ltd.,Imperial Securities Company Pvt. Ltd.,2026-04-23 14:25:39.261551,Himalaya Urja Bikas Company Limited
2026042304009502,HURJA,42,45,437,266.0,116242.0,2026-04-23,187761988,2824,Sani Securities Company Ltd.,Imperial Securities Company Pvt. Ltd.,2026-04-23 14:25:39.261958,Himalaya Urja Bikas Company Limited
2026042304009503,HURJA,47,45,715,266.0,190190.0,2026-04-23,187761989,2824,Neev Securities Pvt. Ltd.,Imperial Securities Company Pvt. Ltd.,2026-04-23 14:25:39.262357,Himalaya Urja Bikas Company Limited
2026042304009748,HURJA,64,50,500,266.0,133000.0,2026-04-23,187765402,2824,SUN SECURITIES PVT LTD,Cristal Kanchanjanga Securites Pvt. Ltd.,2026-04-23 14:30:49.905415,Himalaya Urja Bikas Company Limited
2026042304009749,HURJA,64,50,1000,266.0,266000.0,2026-04-23,187765404,2824,SUN SECURITIES PVT LTD,Cristal Kanchanjanga Securites Pvt. Ltd.,2026-04-23 14:30:49.905530,Himalaya Urja Bikas Company Limited
2026042304009750,HURJA,58,50,100,266.0,26600.0,2026-04-23,187765406,2824,Naasa Securities Co. Ltd.,Cristal Kanchanjanga Securites Pvt. Ltd.,2026-04-23 14:30:49.905630,Himalaya Urja Bikas Company Limited
2026042304009751,HURJA,47,50,285,266.0,75810.0,2026-04-23,187765408,2824,Neev Securities Pvt. Ltd.,Cristal Kanchanjanga Securites Pvt. Ltd.,2026-04-23 14:30:49.905707,Himalaya Urja Bikas Company Limited
2026042304009752,HURJA,64,50,2000,266.0,532000.0,2026-04-23,187765410,2824,SUN SECURITIES PVT LTD,Cristal Kanchanjanga Securites Pvt. Ltd.,2026-04-23 14:30:49.905781,Himalaya Urja Bikas Company Limited
2026042304009753,HURJA,63,50,152,265.7,40386.4,2026-04-23,187765411,2824,Himalayan Brokerage Company Limited,Cristal Kanchanjanga Securites Pvt. Ltd.,2026-04-23 14:30:49.905870,Himalaya Urja Bikas Company Limited
2026042304009818,HURJA,36,34,10,266.0,2660.0,2026-04-23,187766078,2824,Secured Securities Ltd.,Vision Securities Pvt. Ltd,2026-04-23 14:31:43.294583,Himalaya Urja Bikas Company Limited
2026042304009819,HURJA,58,34,70,266.0,18620.0,2026-04-23,187766080,2824,Naasa Securities Co. Ltd.,Vision Securities Pvt. Ltd,2026-04-23 14:31:43.295373,Himalaya Urja Bikas Company Limited
2026042304009834,HURJA,63,10,137,265.7,36400.9,2026-04-23,187766480,2824,Himalayan Brokerage Company Limited,Pragyan Securities (PVT) Ltd.,2026-04-23 14:32:28.318003,Himalaya Urja Bikas Company Limited
2026042304009835,HURJA,58,10,100,265.6,26560.0,2026-04-23,187766482,2824,Naasa Securities Co. Ltd.,Pragyan Securities (PVT) Ltd.,2026-04-23 14:32:28.318105,Himalaya Urja Bikas Company Limited
2026042304009836,HURJA,42,10,200,265.6,53120.0,2026-04-23,187766484,2824,Sani Securities Company Ltd.,Pragyan Securities (PVT) Ltd.,2026-04-23 14:32:28.318194,Himalaya Urja Bikas Company Limited
2026042304009837,HURJA,89,10,363,265.6,96412.8,2026-04-23,187766485,2824,Global IME Securities Limited,Pragyan Securities (PVT) Ltd.,2026-04-23 14:32:28.318251,Himalaya Urja Bikas Company Limited
2026042304009882,HURJA,89,34,37,265.6,9827.2,2026-04-23,187767052,2824,Global IME Securities Limited,Vision Securities Pvt. Ltd,2026-04-23 14:33:16.754871,Himalaya Urja Bikas Company Limited
2026042304009883,HURJA,84,34,55,265.5,14602.5,2026-04-23,187767054,2824,MILKY WAY SHARE BROKER COMPANY LTD ,Vision Securities Pvt. Ltd,2026-04-23 14:33:16.755572,Himalaya Urja Bikas Company Limited
2026042304009884,HURJA,62,34,255,265.1,67600.5,2026-04-23,187767056,2824,Capital Max Securities Ltd,Vision Securities Pvt. Ltd,2026-04-23 14:33:16.756024,Himalaya Urja Bikas Company Limited
2026042304009885,HURJA,36,34,153,265.1,40560.3,2026-04-23,187767057,2824,Secured Securities Ltd.,Vision Securities Pvt. Ltd,2026-04-23 14:33:16.756458,Himalaya Urja Bikas Company Limited
2026042304009929,HURJA,36,34,97,265.1,25714.7,2026-04-23,187767332,2824,Secured Securities Ltd.,Vision Securities Pvt. Ltd,2026-04-23 14:33:46.509847,Himalaya Urja Bikas Company Limited
2026042304009930,HURJA,47,34,200,265.0,53000.0,2026-04-23,187767334,2824,Neev Securities Pvt. Ltd.,Vision Securities Pvt. Ltd,2026-04-23 14:33:46.510487,Himalaya Urja Bikas Company Limited
2026042304009931,HURJA,58,34,300,265.0,79500.0,2026-04-23,187767336,2824,Naasa Securities Co. Ltd.,Vision Securities Pvt. Ltd,2026-04-23 14:33:46.510870,Himalaya Urja Bikas Company Limited
2026042304009932,HURJA,41,34,350,265.0,92750.0,2026-04-23,187767338,2824,Linch Stock Market Ltd.,Vision Securities Pvt. Ltd,2026-04-23 14:33:46.511266,Himalaya Urja Bikas Company Limited
2026042304009933,HURJA,34,34,10,265.0,2650.0,2026-04-23,187767340,2824,Vision Securities Pvt. Ltd,Vision Securities Pvt. Ltd,2026-04-23 14:33:46.511658,Himalaya Urja Bikas Company Limited
2026042304009934,HURJA,48,34,200,265.0,53000.0,2026-04-23,187767342,2824,Trishakti Securities Public Limited,Vision Securities Pvt. Ltd,2026-04-23 14:33:46.512021,Himalaya Urja Bikas Company Limited
2026042304009935,HURJA,17,34,500,265.0,132500.0,2026-04-23,187767344,2824,ABC Securities Private Limited,Vision Securities Pvt. Ltd,2026-04-23 14:33:46.512426,Himalaya Urja Bikas Company Limited
2026042304009936,HURJA,45,34,100,265.0,26500.0,2026-04-23,187767346,2824,Imperial Securities Company Pvt. Ltd.,Vision Securities Pvt. Ltd,2026-04-23 14:33:46.512821,Himalaya Urja Bikas Company Limited
2026042304009937,HURJA,38,34,200,265.0,53000.0,2026-04-23,187767348,2824,Dipshikha Dhitopatra Karobar Co. Pvt Ltd.,Vision Securities Pvt. Ltd,2026-04-23 14:33:46.513213,Himalaya Urja Bikas Company Limited
2026042304009938,HURJA,4,34,300,265.0,79500.0,2026-04-23,187767350,2824,Opal Securities Investment (PVT) Ltd.,Vision Securities Pvt. Ltd,2026-04-23 14:33:46.513608,Himalaya Urja Bikas Company Limited
2026042304009939,HURJA,14,34,1100,265.0,291500.0,2026-04-23,187767352,2824,Nepal Stock House (PVT) Ltd.,Vision Securities Pvt. Ltd,2026-04-23 14:33:46.513977,Himalaya Urja Bikas Company Limited
2026042304009940,HURJA,87,34,500,265.0,132500.0,2026-04-23,187767354,2824,S.P.S.A. Securities Limited,Vision Securities Pvt. Ltd,2026-04-23 14:33:46.514370,Himalaya Urja Bikas Company Limited
2026042304009941,HURJA,33,34,149,265.0,39485.0,2026-04-23,187767355,2824,Dakshinkali Investment & Securities Pvt. Ltd.,Vision Securities Pvt. Ltd,2026-04-23 14:33:46.514765,Himalaya Urja Bikas Company Limited
2026042304010077,HURJA,33,34,851,265.0,225515.0,2026-04-23,187768726,2824,Dakshinkali Investment & Securities Pvt. Ltd.,Vision Securities Pvt. Ltd,2026-04-23 14:35:43.261528,Himalaya Urja Bikas Company Limited
2026042304010078,HURJA,38,34,200,265.0,53000.0,2026-04-23,187768728,2824,Dipshikha Dhitopatra Karobar Co. Pvt Ltd.,Vision Securities Pvt. Ltd,2026-04-23 14:35:43.261863,Himalaya Urja Bikas Company Limited
2026042304010079,HURJA,45,34,30,265.0,7950.0,2026-04-23,187768730,2824,Imperial Securities Company Pvt. Ltd.,Vision Securities Pvt. Ltd,2026-04-23 14:35:43.262019,Himalaya Urja Bikas Company Limited
2026042304010080,HURJA,54,34,400,265.0,106000.0,2026-04-23,187768732,2824,Sewa Securities Pvt. Ltd.,Vision Securities Pvt. Ltd,2026-04-23 14:35:43.262177,Himalaya Urja Bikas Company Limited
2026042304010081,HURJA,29,34,500,265.0,132500.0,2026-04-23,187768734,2824,Trisul Securities & Invt. Ltd.,Vision Securities Pvt. Ltd,2026-04-23 14:35:43.262308,Himalaya Urja Bikas Company Limited
2026042304010082,HURJA,63,34,200,265.0,53000.0,2026-04-23,187768736,2824,Himalayan Brokerage Company Limited,Vision Securities Pvt. Ltd,2026-04-23 14:35:43.262439,Himalaya Urja Bikas Company Limited
2026042304010083,HURJA,29,34,101,265.0,26765.0,2026-04-23,187768738,2824,Trisul Securities & Invt. Ltd.,Vision Securities Pvt. Ltd,2026-04-23 14:35:43.262561,Himalaya Urja Bikas Company Limited
2026042304010084,HURJA,29,34,50,265.0,13250.0,2026-04-23,187768740,2824,Trisul Securities & Invt. Ltd.,Vision Securities Pvt. Ltd,2026-04-23 14:35:43.262686,Himalaya Urja Bikas Company Limited
2026042304010085,HURJA,33,34,350,265.0,92750.0,2026-04-23,187768742,2824,Dakshinkali Investment & Securities Pvt. Ltd.,Vision Securities Pvt. Ltd,2026-04-23 14:35:43.262810,Himalaya Urja Bikas Company Limited
2026042304010086,HURJA,83,34,10,265.0,2650.0,2026-04-23,187768744,2824,Sanima Securities Limited,Vision Securities Pvt. Ltd,2026-04-23 14:35:43.262941,Himalaya Urja Bikas Company Limited
2026042304010087,HURJA,64,34,228,265.0,60420.0,2026-04-23,187768745,2824,SUN SECURITIES PVT LTD,Vision Securities Pvt. Ltd,2026-04-23 14:35:43.263065,Himalaya Urja Bikas Company Limited
2026042304010126,HURJA,64,16,272,265.0,72080.0,2026-04-23,187769239,2824,SUN SECURITIES PVT LTD,Primo Securities (PVT) Ltd.,2026-04-23 14:36:25.368793,Himalaya Urja Bikas Company Limited
2026042304010132,HURJA,14,44,10,265.0,2650.0,2026-04-23,187769446,2824,Nepal Stock House (PVT) Ltd.,Dynamic Money Managers Securities Pvt. Ltd.,2026-04-23 14:36:31.073989,Himalaya Urja Bikas Company Limited
2026042304010133,HURJA,32,44,490,264.1,129409.0,2026-04-23,187769448,2824,Premier Securities Company Ltd.,Dynamic Money Managers Securities Pvt. Ltd.,2026-04-23 14:36:31.074292,Himalaya Urja Bikas Company Limited
2026042304010134,HURJA,57,44,490,264.0,129360.0,2026-04-23,187769450,2824,Aryatara Investment & Securities,Dynamic Money Managers Securities Pvt. Ltd.,2026-04-23 14:36:31.074453,Himalaya Urja Bikas Company Limited
2026042304010135,HURJA,45,44,300,264.0,79200.0,2026-04-23,187769452,2824,Imperial Securities Company Pvt. Ltd.,Dynamic Money Managers Securities Pvt. Ltd.,2026-04-23 14:36:31.074576,Himalaya Urja Bikas Company Limited
2026042304010136,HURJA,57,44,10,264.0,2640.0,2026-04-23,187769454,2824,Aryatara Investment & Securities,Dynamic Money Managers Securities Pvt. Ltd.,2026-04-23 14:36:31.074702,Himalaya Urja Bikas Company Limited
2026042304010137,HURJA,17,44,500,264.0,132000.0,2026-04-23,187769456,2824,ABC Securities Private Limited,Dynamic Money Managers Securities Pvt. Ltd.,2026-04-23 14:36:31.074829,Himalaya Urja Bikas Company Limited
2026042304010138,HURJA,6,44,25,264.0,6600.0,2026-04-23,187769458,2824,Agrawal Securities (PVT) Ltd.,Dynamic Money Managers Securities Pvt. Ltd.,2026-04-23 14:36:31.074976,Himalaya Urja Bikas Company Limited
2026042304010139,HURJA,10,44,175,264.0,46200.0,2026-04-23,187769459,2824,Pragyan Securities (PVT) Ltd.,Dynamic Money Managers Securities Pvt. Ltd.,2026-04-23 14:36:31.075099,Himalaya Urja Bikas Company Limited
2026042304010223,HURJA,77,32,90,266.1,23949.0,2026-04-23,187770519,2824,Nabil Stock Dealer Ltd.,Premier Securities Company Ltd.,2026-04-23 14:37:55.800391,Himalaya Urja Bikas Company Limited
2026042304010224,HURJA,77,38,10,267.0,2670.0,2026-04-23,187770522,2824,Nabil Stock Dealer Ltd.,Dipshikha Dhitopatra Karobar Co. Pvt Ltd.,2026-04-23 14:37:55.800449,Himalaya Urja Bikas Company Limited
2026042304010270,HURJA,44,38,30,267.0,8010.0,2026-04-23,187771298,2824,Dynamic Money Managers Securities Pvt. Ltd.,Dipshikha Dhitopatra Karobar Co. Pvt Ltd.,2026-04-23 14:38:57.617719,Himalaya Urja Bikas Company Limited
2026042304010313,HURJA,77,32,50,266.9,13345.0,2026-04-23,187772192,2824,Nabil Stock Dealer Ltd.,Premier Securities Company Ltd.,2026-04-23 14:40:13.588413,Himalaya Urja Bikas Company Limited
2026042304010389,HURJA,77,17,10,266.8,2668.0,2026-04-23,187773188,2824,Nabil Stock Dealer Ltd.,ABC Securities Private Limited,2026-04-23 14:41:29.251607,Himalaya Urja Bikas Company Limited
2026042304010465,HURJA,77,36,11,266.0,2926.0,2026-04-23,187774318,2824,Nabil Stock Dealer Ltd.,Secured Securities Ltd.,2026-04-23 14:42:56.242630,Himalaya Urja Bikas Company Limited
2026042304010731,HURJA,13,42,100,265.9,26590.0,2026-04-23,187776412,2824,Thrive Brokerage House Pvt. Ltd,Sani Securities Company Ltd.,2026-04-23 14:45:10.049894,Himalaya Urja Bikas Company Limited
2026042304010778,HURJA,77,41,11,265.9,2924.9,2026-04-23,187777114,2824,Nabil Stock Dealer Ltd.,Linch Stock Market Ltd.,2026-04-23 14:45:57.386760,Himalaya Urja Bikas Company Limited
2026042304010992,HURJA,58,32,71,265.0,18815.0,2026-04-23,187778976,2824,Naasa Securities Co. Ltd.,Premier Securities Company Ltd.,2026-04-23 14:47:39.750497,Himalaya Urja Bikas Company Limited
2026042304010993,HURJA,77,32,200,264.6,52920.0,2026-04-23,187778978,2824,Nabil Stock Dealer Ltd.,Premier Securities Company Ltd.,2026-04-23 14:47:39.750813,Himalaya Urja Bikas Company Limited
2026042304010994,HURJA,38,32,452,264.5,119554.0,2026-04-23,187778980,2824,Dipshikha Dhitopatra Karobar Co. Pvt Ltd.,Premier Securities Company Ltd.,2026-04-23 14:47:39.750961,Himalaya Urja Bikas Company Limited
2026042304010995,HURJA,58,32,10,264.5,2645.0,2026-04-23,187778982,2824,Naasa Securities Co. Ltd.,Premier Securities Company Ltd.,2026-04-23 14:47:39.751107,Himalaya Urja Bikas Company Limited
2026042304010996,HURJA,58,32,267,264.2,70541.4,2026-04-23,187778983,2824,Naasa Securities Co. Ltd.,Premier Securities Company Ltd.,2026-04-23 14:47:39.751248,Himalaya Urja Bikas Company Limited
2026042304011060,HURJA,1,41,50,265.9,13295.0,2026-04-23,187779594,2824,Kumari Securities Private Limited,Linch Stock Market Ltd.,2026-04-23 14:48:10.101985,Himalaya Urja Bikas Company Limited
2026042304011070,HURJA,58,44,200,265.0,53000.0,2026-04-23,187779737,2824,Naasa Securities Co. Ltd.,Dynamic Money Managers Securities Pvt. Ltd.,2026-04-23 14:48:15.177398,Himalaya Urja Bikas Company Limited
2026042304011246,HURJA,58,49,85,265.0,22525.0,2026-04-23,187780873,2824,Naasa Securities Co. Ltd.,Online Securities Pvt. Ltd.,2026-04-23 14:49:00.321719,Himalaya Urja Bikas Company Limited
2026042304011370,HURJA,77,41,10,265.9,2659.0,2026-04-23,187782070,2824,Nabil Stock Dealer Ltd.,Linch Stock Market Ltd.,2026-04-23 14:49:45.211767,Himalaya Urja Bikas Company Limited
2026042304011402,HURJA,58,33,277,265.0,73405.0,2026-04-23,187782320,2824,Naasa Securities Co. Ltd.,Dakshinkali Investment & Securities Pvt. Ltd.,2026-04-23 14:49:59.223627,Himalaya Urja Bikas Company Limited
2026042304011403,HURJA,45,33,40,265.0,10600.0,2026-04-23,187782322,2824,Imperial Securities Company Pvt. Ltd.,Dakshinkali Investment & Securities Pvt. Ltd.,2026-04-23 14:49:59.223920,Himalaya Urja Bikas Company Limited
2026042304011404,HURJA,50,33,100,265.0,26500.0,2026-04-23,187782324,2824,Cristal Kanchanjanga Securites Pvt. Ltd.,Dakshinkali Investment & Securities Pvt. Ltd.,2026-04-23 14:49:59.224054,Himalaya Urja Bikas Company Limited
2026042304011405,HURJA,58,33,733,264.2,193658.6,2026-04-23,187782326,2824,Naasa Securities Co. Ltd.,Dakshinkali Investment & Securities Pvt. Ltd.,2026-04-23 14:49:59.224182,Himalaya Urja Bikas Company Limited
2026042304011406,HURJA,39,33,400,264.1,105640.0,2026-04-23,187782328,2824,Sumeru Securities Pvt. Ltd.,Dakshinkali Investment & Securities Pvt. Ltd.,2026-04-23 14:49:59.224321,Himalaya Urja Bikas Company Limited
2026042304011407,HURJA,6,33,1000,264.0,264000.0,2026-04-23,187782330,2824,Agrawal Securities (PVT) Ltd.,Dakshinkali Investment & Securities Pvt. Ltd.,2026-04-23 14:49:59.224450,Himalaya Urja Bikas Company Limited
2026042304011408,HURJA,44,33,150,264.0,39600.0,2026-04-23,187782332,2824,Dynamic Money Managers Securities Pvt. Ltd.,Dakshinkali Investment & Securities Pvt. Ltd.,2026-04-23 14:49:59.224577,Himalaya Urja Bikas Company Limited
2026042304011409,HURJA,53,33,150,264.0,39600.0,2026-04-23,187782334,2824,Investment Management Nepal Pvt. Ltd.,Dakshinkali Investment & Securities Pvt. Ltd.,2026-04-23 14:49:59.224707,Himalaya Urja Bikas Company Limited
2026042304011410,HURJA,85,33,30,264.0,7920.0,2026-04-23,187782336,2824,Capital Hub P. Ltd,Dakshinkali Investment & Securities Pvt. Ltd.,2026-04-23 14:49:59.224831,Himalaya Urja Bikas Company Limited
2026042304011411,HURJA,42,33,200,264.0,52800.0,2026-04-23,187782338,2824,Sani Securities Company Ltd.,Dakshinkali Investment & Securities Pvt. Ltd.,2026-04-23 14:49:59.224953,Himalaya Urja Bikas Company Limited
2026042304011412,HURJA,19,33,75,264.0,19800.0,2026-04-23,187782340,2824,Nepal Investment And Securities Trading Private Limited,Dakshinkali Investment & Securities Pvt. Ltd.,2026-04-23 14:49:59.225078,Himalaya Urja Bikas Company Limited
2026042304011413,HURJA,36,33,30,264.0,7920.0,2026-04-23,187782342,2824,Secured Securities Ltd.,Dakshinkali Investment & Securities Pvt. Ltd.,2026-04-23 14:49:59.225202,Himalaya Urja Bikas Company Limited
2026042304011414,HURJA,32,33,150,264.0,39600.0,2026-04-23,187782344,2824,Premier Securities Company Ltd.,Dakshinkali Investment & Securities Pvt. Ltd.,2026-04-23 14:49:59.225333,Himalaya Urja Bikas Company Limited
2026042304011415,HURJA,38,33,300,264.0,79200.0,2026-04-23,187782346,2824,Dipshikha Dhitopatra Karobar Co. Pvt Ltd.,Dakshinkali Investment & Securities Pvt. Ltd.,2026-04-23 14:49:59.225462,Himalaya Urja Bikas Company Limited
2026042304011416,HURJA,64,33,1000,264.0,264000.0,2026-04-23,187782348,2824,SUN SECURITIES PVT LTD,Dakshinkali Investment & Securities Pvt. Ltd.,2026-04-23 14:49:59.225586,Himalaya Urja Bikas Company Limited
2026042304011417,HURJA,63,33,70,264.0,18480.0,2026-04-23,187782350,2824,Himalayan Brokerage Company Limited,Dakshinkali Investment & Securities Pvt. Ltd.,2026-04-23 14:49:59.225708,Himalaya Urja Bikas Company Limited
2026042304011418,HURJA,58,33,10,263.9,2639.0,2026-04-23,187782352,2824,Naasa Securities Co. Ltd.,Dakshinkali Investment & Securities Pvt. Ltd.,2026-04-23 14:49:59.225833,Himalaya Urja Bikas Company Limited
2026042304011419,HURJA,40,33,1000,263.9,263900.0,2026-04-23,187782354,2824,Creative Securities Pvt Ltd,Dakshinkali Investment & Securities Pvt. Ltd.,2026-04-23 14:49:59.225955,Himalaya Urja Bikas Company Limited
2026042304011420,HURJA,81,33,500,263.5,131750.0,2026-04-23,187782356,2824,Aakashbhairab Securities Ltd.,Dakshinkali Investment & Securities Pvt. Ltd.,2026-04-23 14:49:59.226079,Himalaya Urja Bikas Company Limited
2026042304011421,HURJA,16,33,500,263.2,131600.0,2026-04-23,187782358,2824,Primo Securities (PVT) Ltd.,Dakshinkali Investment & Securities Pvt. Ltd.,2026-04-23 14:49:59.226204,Himalaya Urja Bikas Company Limited
2026042304011422,HURJA,48,33,200,263.0,52600.0,2026-04-23,187782360,2824,Trishakti Securities Public Limited,Dakshinkali Investment & Securities Pvt. Ltd.,2026-04-23 14:49:59.226332,Himalaya Urja Bikas Company Limited
2026042304011423,HURJA,16,33,15,263.0,3945.0,2026-04-23,187782362,2824,Primo Securities (PVT) Ltd.,Dakshinkali Investment & Securities Pvt. Ltd.,2026-04-23 14:49:59.226452,Himalaya Urja Bikas Company Limited
2026042304011424,HURJA,28,33,200,263.0,52600.0,2026-04-23,187782364,2824,Shree Krishna Securities Ltd.,Dakshinkali Investment & Securities Pvt. Ltd.,2026-04-23 14:49:59.226573,Himalaya Urja Bikas Company Limited
2026042304011425,HURJA,58,33,300,263.0,78900.0,2026-04-23,187782366,2824,Naasa Securities Co. Ltd.,Dakshinkali Investment & Securities Pvt. Ltd.,2026-04-23 14:49:59.226701,Himalaya Urja Bikas Company Limited
2026042304011426,HURJA,58,33,115,263.0,30245.0,2026-04-23,187782368,2824,Naasa Securities Co. Ltd.,Dakshinkali Investment & Securities Pvt. Ltd.,2026-04-23 14:49:59.226824,Himalaya Urja Bikas Company Limited
2026042304011427,HURJA,54,33,50,263.0,13150.0,2026-04-23,187782370,2824,Sewa Securities Pvt. Ltd.,Dakshinkali Investment & Securities Pvt. Ltd.,2026-04-23 14:49:59.226940,Himalaya Urja Bikas Company Limited
2026042304011428,HURJA,41,33,340,263.0,89420.0,2026-04-23,187782372,2824,Linch Stock Market Ltd.,Dakshinkali Investment & Securities Pvt. Ltd.,2026-04-23 14:49:59.227058,Himalaya Urja Bikas Company Limited
2026042304011429,HURJA,7,33,100,263.0,26300.0,2026-04-23,187782374,2824,J.F. Securites (PVT) Ltd.,Dakshinkali Investment & Securities Pvt. Ltd.,2026-04-23 14:49:59.227173,Himalaya Urja Bikas Company Limited
2026042304011430,HURJA,29,33,200,262.0,52400.0,2026-04-23,187782376,2824,Trisul Securities & Invt. Ltd.,Dakshinkali Investment & Securities Pvt. Ltd.,2026-04-23 14:49:59.227292,Himalaya Urja Bikas Company Limited
2026042304011431,HURJA,26,33,500,262.0,131000.0,2026-04-23,187782378,2824,Asian Securities Private Ltd.,Dakshinkali Investment & Securities Pvt. Ltd.,2026-04-23 14:49:59.227418,Himalaya Urja Bikas Company Limited
2026042304011432,HURJA,17,33,10,262.0,2620.0,2026-04-23,187782380,2824,ABC Securities Private Limited,Dakshinkali Investment & Securities Pvt. Ltd.,2026-04-23 14:49:59.227536,Himalaya Urja Bikas Company Limited
2026042304011433,HURJA,42,33,300,262.0,78600.0,2026-04-23,187782382,2824,Sani Securities Company Ltd.,Dakshinkali Investment & Securities Pvt. Ltd.,2026-04-23 14:49:59.227658,Himalaya Urja Bikas Company Limited
2026042304011434,HURJA,17,33,100,262.0,26200.0,2026-04-23,187782384,2824,ABC Securities Private Limited,Dakshinkali Investment & Securities Pvt. Ltd.,2026-04-23 14:49:59.227804,Himalaya Urja Bikas Company Limited
2026042304011435,HURJA,58,33,300,262.0,78600.0,2026-04-23,187782386,2824,Naasa Securities Co. Ltd.,Dakshinkali Investment & Securities Pvt. Ltd.,2026-04-23 14:49:59.227922,Himalaya Urja Bikas Company Limited
2026042304011436,HURJA,49,33,100,262.0,26200.0,2026-04-23,187782388,2824,Online Securities Pvt. Ltd.,Dakshinkali Investment & Securities Pvt. Ltd.,2026-04-23 14:49:59.228042,Himalaya Urja Bikas Company Limited
2026042304011437,HURJA,49,33,100,261.9,26190.0,2026-04-23,187782390,2824,Online Securities Pvt. Ltd.,Dakshinkali Investment & Securities Pvt. Ltd.,2026-04-23 14:49:59.228160,Himalaya Urja Bikas Company Limited
2026042304011438,HURJA,16,33,5000,261.2,1306000.0,2026-04-23,187782392,2824,Primo Securities (PVT) Ltd.,Dakshinkali Investment & Securities Pvt. Ltd.,2026-04-23 14:49:59.228279,Himalaya Urja Bikas Company Limited
2026042304011439,HURJA,16,33,300,261.2,78360.0,2026-04-23,187782394,2824,Primo Securities (PVT) Ltd.,Dakshinkali Investment & Securities Pvt. Ltd.,2026-04-23 14:49:59.228402,Himalaya Urja Bikas Company Limited
2026042304011440,HURJA,17,33,50,261.1,13055.0,2026-04-23,187782396,2824,ABC Securities Private Limited,Dakshinkali Investment & Securities Pvt. Ltd.,2026-04-23 14:49:59.228546,Himalaya Urja Bikas Company Limited
2026042304011441,HURJA,49,33,500,261.0,130500.0,2026-04-23,187782398,2824,Online Securities Pvt. Ltd.,Dakshinkali Investment & Securities Pvt. Ltd.,2026-04-23 14:49:59.228665,Himalaya Urja Bikas Company Limited
2026042304011442,HURJA,49,33,80,261.0,20880.0,2026-04-23,187782400,2824,Online Securities Pvt. Ltd.,Dakshinkali Investment & Securities Pvt. Ltd.,2026-04-23 14:49:59.228783,Himalaya Urja Bikas Company Limited
2026042304011443,HURJA,36,33,100,261.0,26100.0,2026-04-23,187782402,2824,Secured Securities Ltd.,Dakshinkali Investment & Securities Pvt. Ltd.,2026-04-23 14:49:59.228902,Himalaya Urja Bikas Company Limited
2026042304011444,HURJA,42,33,50,261.0,13050.0,2026-04-23,187782404,2824,Sani Securities Company Ltd.,Dakshinkali Investment & Securities Pvt. Ltd.,2026-04-23 14:49:59.229017,Himalaya Urja Bikas Company Limited
2026042304011445,HURJA,91,33,300,261.0,78300.0,2026-04-23,187782406,2824,Citizens Share Broker Limited,Dakshinkali Investment & Securities Pvt. Ltd.,2026-04-23 14:49:59.229134,Himalaya Urja Bikas Company Limited
2026042304011446,HURJA,34,33,100,261.0,26100.0,2026-04-23,187782408,2824,Vision Securities Pvt. Ltd,Dakshinkali Investment & Securities Pvt. Ltd.,2026-04-23 14:49:59.229250,Himalaya Urja Bikas Company Limited
2026042304011447,HURJA,34,33,250,261.0,65250.0,2026-04-23,187782410,2824,Vision Securities Pvt. Ltd,Dakshinkali Investment & Securities Pvt. Ltd.,2026-04-23 14:49:59.229373,Himalaya Urja Bikas Company Limited
2026042304011448,HURJA,17,33,500,261.0,130500.0,2026-04-23,187782412,2824,ABC Securities Private Limited,Dakshinkali Investment & Securities Pvt. Ltd.,2026-04-23 14:49:59.229487,Himalaya Urja Bikas Company Limited
2026042304011449,HURJA,58,33,10,261.0,2610.0,2026-04-23,187782414,2824,Naasa Securities Co. Ltd.,Dakshinkali Investment & Securities Pvt. Ltd.,2026-04-23 14:49:59.229602,Himalaya Urja Bikas Company Limited
2026042304011450,HURJA,4,33,500,261.0,130500.0,2026-04-23,187782416,2824,Opal Securities Investment (PVT) Ltd.,Dakshinkali Investment & Securities Pvt. Ltd.,2026-04-23 14:49:59.229746,Himalaya Urja Bikas Company Limited
2026042304011451,HURJA,25,33,100,260.9,26090.0,2026-04-23,187782418,2824,Sweta Securities Private Limited,Dakshinkali Investment & Securities Pvt. Ltd.,2026-04-23 14:49:59.229863,Himalaya Urja Bikas Company Limited
2026042304011452,HURJA,51,33,50,260.5,13025.0,2026-04-23,187782420,2824,Oxford Securities Pvt. Ltd.,Dakshinkali Investment & Securities Pvt. Ltd.,2026-04-23 14:49:59.229984,Himalaya Urja Bikas Company Limited
2026042304011453,HURJA,32,33,700,260.1,182070.0,2026-04-23,187782422,2824,Premier Securities Company Ltd.,Dakshinkali Investment & Securities Pvt. Ltd.,2026-04-23 14:49:59.230098,Himalaya Urja Bikas Company Limited
2026042304011454,HURJA,7,33,1000,260.1,260100.0,2026-04-23,187782424,2824,J.F. Securites (PVT) Ltd.,Dakshinkali Investment & Securities Pvt. Ltd.,2026-04-23 14:49:59.230211,Himalaya Urja Bikas Company Limited
2026042304011455,HURJA,26,33,3000,260.1,780300.0,2026-04-23,187782426,2824,Asian Securities Private Ltd.,Dakshinkali Investment & Securities Pvt. Ltd.,2026-04-23 14:49:59.230362,Himalaya Urja Bikas Company Limited
2026042304011456,HURJA,6,33,400,260.1,104040.0,2026-04-23,187782428,2824,Agrawal Securities (PVT) Ltd.,Dakshinkali Investment & Securities Pvt. Ltd.,2026-04-23 14:49:59.230489,Himalaya Urja Bikas Company Limited
2026042304011457,HURJA,33,33,1000,260.0,260000.0,2026-04-23,187782430,2824,Dakshinkali Investment & Securities Pvt. Ltd.,Dakshinkali Investment & Securities Pvt. Ltd.,2026-04-23 14:49:59.230611,Himalaya Urja Bikas Company Limited
2026042304011458,HURJA,11,33,500,260.0,130000.0,2026-04-23,187782432,2824,Malla & Malla Stock Broking Company Pvt. Limited,Dakshinkali Investment & Securities Pvt. Ltd.,2026-04-23 14:49:59.230722,Himalaya Urja Bikas Company Limited
2026042304011459,HURJA,64,33,5000,260.0,1300000.0,2026-04-23,187782434,2824,SUN SECURITIES PVT LTD,Dakshinkali Investment & Securities Pvt. Ltd.,2026-04-23 14:49:59.230833,Himalaya Urja Bikas Company Limited
2026042304011460,HURJA,17,33,50,260.0,13000.0,2026-04-23,187782436,2824,ABC Securities Private Limited,Dakshinkali Investment & Securities Pvt. Ltd.,2026-04-23 14:49:59.230940,Himalaya Urja Bikas Company Limited
2026042304011461,HURJA,71,33,300,260.0,78000.0,2026-04-23,187782438,2824,SHUBHAKAMANA SECURITIES PVT. LTD,Dakshinkali Investment & Securities Pvt. Ltd.,2026-04-23 14:49:59.231079,Himalaya Urja Bikas Company Limited
2026042304011462,HURJA,14,33,15,260.0,3900.0,2026-04-23,187782440,2824,Nepal Stock House (PVT) Ltd.,Dakshinkali Investment & Securities Pvt. Ltd.,2026-04-23 14:49:59.231187,Himalaya Urja Bikas Company Limited
2026042304011463,HURJA,58,33,100,260.0,26000.0,2026-04-23,187782442,2824,Naasa Securities Co. Ltd.,Dakshinkali Investment & Securities Pvt. Ltd.,2026-04-23 14:49:59.231299,Himalaya Urja Bikas Company Limited
2026042304011464,HURJA,29,33,50,260.0,13000.0,2026-04-23,187782444,2824,Trisul Securities & Invt. Ltd.,Dakshinkali Investment & Securities Pvt. Ltd.,2026-04-23 14:49:59.231410,Himalaya Urja Bikas Company Limited
2026042304011465,HURJA,16,33,355,260.0,92300.0,2026-04-23,187782446,2824,Primo Securities (PVT) Ltd.,Dakshinkali Investment & Securities Pvt. Ltd.,2026-04-23 14:49:59.231515,Himalaya Urja Bikas Company Limited
2026042304011466,HURJA,25,33,200,260.0,52000.0,2026-04-23,187782448,2824,Sweta Securities Private Limited,Dakshinkali Investment & Securities Pvt. Ltd.,2026-04-23 14:49:59.231623,Himalaya Urja Bikas Company Limited
2026042304011467,HURJA,58,33,50,260.0,13000.0,2026-04-23,187782450,2824,Naasa Securities Co. Ltd.,Dakshinkali Investment & Securities Pvt. Ltd.,2026-04-23 14:49:59.231726,Himalaya Urja Bikas Company Limited
2026042304011468,HURJA,8,33,200,260.0,52000.0,2026-04-23,187782452,2824,Brilliant Securities Pvt. Ltd.,Dakshinkali Investment & Securities Pvt. Ltd.,2026-04-23 14:49:59.231828,Himalaya Urja Bikas Company Limited
2026042304011469,HURJA,46,33,100,260.0,26000.0,2026-04-23,187782454,2824,Kalika Securities Pvt. Ltd.,Dakshinkali Investment & Securities Pvt. Ltd.,2026-04-23 14:49:59.231933,Himalaya Urja Bikas Company Limited
2026042304011470,HURJA,25,33,200,260.0,52000.0,2026-04-23,187782456,2824,Sweta Securities Private Limited,Dakshinkali Investment & Securities Pvt. Ltd.,2026-04-23 14:49:59.232036,Himalaya Urja Bikas Company Limited
2026042304011471,HURJA,58,33,40,260.0,10400.0,2026-04-23,187782458,2824,Naasa Securities Co. Ltd.,Dakshinkali Investment & Securities Pvt. Ltd.,2026-04-23 14:49:59.232135,Himalaya Urja Bikas Company Limited
2026042304011472,HURJA,54,33,200,260.0,52000.0,2026-04-23,187782460,2824,Sewa Securities Pvt. Ltd.,Dakshinkali Investment & Securities Pvt. Ltd.,2026-04-23 14:49:59.232237,Himalaya Urja Bikas Company Limited
2026042304011473,HURJA,13,33,30,260.0,7800.0,2026-04-23,187782462,2824,Thrive Brokerage House Pvt. Ltd,Dakshinkali Investment & Securities Pvt. Ltd.,2026-04-23 14:49:59.232357,Himalaya Urja Bikas Company Limited
2026042304011474,HURJA,16,33,300,260.0,78000.0,2026-04-23,187782464,2824,Primo Securities (PVT) Ltd.,Dakshinkali Investment & Securities Pvt. Ltd.,2026-04-23 14:49:59.232454,Himalaya Urja Bikas Company Limited
2026042304011475,HURJA,34,33,2000,260.0,520000.0,2026-04-23,187782466,2824,Vision Securities Pvt. Ltd,Dakshinkali Investment & Securities Pvt. Ltd.,2026-04-23 14:49:59.232549,Himalaya Urja Bikas Company Limited
2026042304011476,HURJA,21,33,500,260.0,130000.0,2026-04-23,187782468,2824,Midas Stock Broking Company Private Limited,Dakshinkali Investment & Securities Pvt. Ltd.,2026-04-23 14:49:59.232647,Himalaya Urja Bikas Company Limited
2026042304011477,HURJA,58,33,20,260.0,5200.0,2026-04-23,187782470,2824,Naasa Securities Co. Ltd.,Dakshinkali Investment & Securities Pvt. Ltd.,2026-04-23 14:49:59.232740,Himalaya Urja Bikas Company Limited
2026042304011478,HURJA,34,33,200,260.0,52000.0,2026-04-23,187782472,2824,Vision Securities Pvt. Ltd,Dakshinkali Investment & Securities Pvt. Ltd.,2026-04-23 14:49:59.232832,Himalaya Urja Bikas Company Limited
2026042304011479,HURJA,81,33,500,260.0,130000.0,2026-04-23,187782474,2824,Aakashbhairab Securities Ltd.,Dakshinkali Investment & Securities Pvt. Ltd.,2026-04-23 14:49:59.232927,Himalaya Urja Bikas Company Limited
2026042304011480,HURJA,74,33,1000,260.0,260000.0,2026-04-23,187782476,2824,KALASH STOCK MARKET PVT. LTD.,Dakshinkali Investment & Securities Pvt. Ltd.,2026-04-23 14:49:59.233018,Himalaya Urja Bikas Company Limited
2026042304011481,HURJA,45,33,2000,260.0,520000.0,2026-04-23,187782478,2824,Imperial Securities Company Pvt. Ltd.,Dakshinkali Investment & Securities Pvt. Ltd.,2026-04-23 14:49:59.233109,Himalaya Urja Bikas Company Limited
2026042304011482,HURJA,68,33,500,260.0,130000.0,2026-04-23,187782480,2824,Elite Stock House Limited,Dakshinkali Investment & Securities Pvt. Ltd.,2026-04-23 14:49:59.233205,Himalaya Urja Bikas Company Limited
2026042304011483,HURJA,21,33,500,260.0,130000.0,2026-04-23,187782482,2824,Midas Stock Broking Company Private Limited,Dakshinkali Investment & Securities Pvt. Ltd.,2026-04-23 14:49:59.233294,Himalaya Urja Bikas Company Limited
2026042304011484,HURJA,21,33,100,260.0,26000.0,2026-04-23,187782484,2824,Midas Stock Broking Company Private Limited,Dakshinkali Investment & Securities Pvt. Ltd.,2026-04-23 14:49:59.233387,Himalaya Urja Bikas Company Limited
2026042304011485,HURJA,4,33,10,260.0,2600.0,2026-04-23,187782486,2824,Opal Securities Investment (PVT) Ltd.,Dakshinkali Investment & Securities Pvt. Ltd.,2026-04-23 14:49:59.233475,Himalaya Urja Bikas Company Limited
2026042304011486,HURJA,36,33,300,260.0,78000.0,2026-04-23,187782488,2824,Secured Securities Ltd.,Dakshinkali Investment & Securities Pvt. Ltd.,2026-04-23 14:49:59.233582,Himalaya Urja Bikas Company Limited
2026042304011487,HURJA,25,33,65,260.0,16900.0,2026-04-23,187782490,2824,Sweta Securities Private Limited,Dakshinkali Investment & Securities Pvt. Ltd.,2026-04-23 14:49:59.233674,Himalaya Urja Bikas Company Limited
2026042304011488,HURJA,3,33,54,260.0,14040.0,2026-04-23,187782492,2824,Arun Securities (PVT) Ltd.,Dakshinkali Investment & Securities Pvt. Ltd.,2026-04-23 14:49:59.233766,Himalaya Urja Bikas Company Limited
2026042304011489,HURJA,38,33,100,260.0,26000.0,2026-04-23,187782494,2824,Dipshikha Dhitopatra Karobar Co. Pvt Ltd.,Dakshinkali Investment & Securities Pvt. Ltd.,2026-04-23 14:49:59.233855,Himalaya Urja Bikas Company Limited
2026042304011490,HURJA,11,33,200,260.0,52000.0,2026-04-23,187782496,2824,Malla & Malla Stock Broking Company Pvt. Limited,Dakshinkali Investment & Securities Pvt. Ltd.,2026-04-23 14:49:59.233940,Himalaya Urja Bikas Company Limited
2026042304011491,HURJA,58,33,300,260.0,78000.0,2026-04-23,187782498,2824,Naasa Securities Co. Ltd.,Dakshinkali Investment & Securities Pvt. Ltd.,2026-04-23 14:49:59.234026,Himalaya Urja Bikas Company Limited
2026042304011492,HURJA,57,33,50,260.0,13000.0,2026-04-23,187782500,2824,Aryatara Investment & Securities,Dakshinkali Investment & Securities Pvt. Ltd.,2026-04-23 14:49:59.234110,Himalaya Urja Bikas Company Limited
2026042304011493,HURJA,11,33,40,260.0,10400.0,2026-04-23,187782502,2824,Malla & Malla Stock Broking Company Pvt. Limited,Dakshinkali Investment & Securities Pvt. Ltd.,2026-04-23 14:49:59.234213,Himalaya Urja Bikas Company Limited
2026042304011494,HURJA,50,33,100,260.0,26000.0,2026-04-23,187782504,2824,Cristal Kanchanjanga Securites Pvt. Ltd.,Dakshinkali Investment & Securities Pvt. Ltd.,2026-04-23 14:49:59.234298,Himalaya Urja Bikas Company Limited
2026042304011495,HURJA,59,33,100,260.0,26000.0,2026-04-23,187782544,2824,Deevyaa Securities & Stock House Pvt. Ltd,Dakshinkali Investment & Securities Pvt. Ltd.,2026-04-23 14:49:59.234391,Himalaya Urja Bikas Company Limited
2026042304011496,HURJA,40,33,2000,260.0,520000.0,2026-04-23,187782546,2824,Creative Securities Pvt Ltd,Dakshinkali Investment & Securities Pvt. Ltd.,2026-04-23 14:49:59.234476,Himalaya Urja Bikas Company Limited
2026042304011497,HURJA,59,33,100,260.0,26000.0,2026-04-23,187782548,2824,Deevyaa Securities & Stock House Pvt. Ltd,Dakshinkali Investment & Securities Pvt. Ltd.,2026-04-23 14:49:59.234559,Himalaya Urja Bikas Company Limited
2026042304011498,HURJA,56,33,1000,260.0,260000.0,2026-04-23,187782550,2824,Sri Hari Securities Pvt. Ltd.,Dakshinkali Investment & Securities Pvt. Ltd.,2026-04-23 14:49:59.234641,Himalaya Urja Bikas Company Limited
2026042304011499,HURJA,38,33,500,260.0,130000.0,2026-04-23,187782552,2824,Dipshikha Dhitopatra Karobar Co. Pvt Ltd.,Dakshinkali Investment & Securities Pvt. Ltd.,2026-04-23 14:49:59.234751,Himalaya Urja Bikas Company Limited
2026042304011500,HURJA,42,33,1000,260.0,260000.0,2026-04-23,187782554,2824,Sani Securities Company Ltd.,Dakshinkali Investment & Securities Pvt. Ltd.,2026-04-23 14:49:59.234833,Himalaya Urja Bikas Company Limited
2026042304011501,HURJA,57,33,900,260.0,234000.0,2026-04-23,187782556,2824,Aryatara Investment & Securities,Dakshinkali Investment & Securities Pvt. Ltd.,2026-04-23 14:49:59.234914,Himalaya Urja Bikas Company Limited
2026042304011502,HURJA,17,33,10,260.0,2600.0,2026-04-23,187782558,2824,ABC Securities Private Limited,Dakshinkali Investment & Securities Pvt. Ltd.,2026-04-23 14:49:59.234999,Himalaya Urja Bikas Company Limited
2026042304011503,HURJA,21,33,100,260.0,26000.0,2026-04-23,187782560,2824,Midas Stock Broking Company Private Limited,Dakshinkali Investment & Securities Pvt. Ltd.,2026-04-23 14:49:59.235078,Himalaya Urja Bikas Company Limited
2026042304011504,HURJA,84,33,1100,260.0,286000.0,2026-04-23,187782562,2824,MILKY WAY SHARE BROKER COMPANY LTD ,Dakshinkali Investment & Securities Pvt. Ltd.,2026-04-23 14:49:59.235158,Himalaya Urja Bikas Company Limited
2026042304011505,HURJA,57,33,5000,260.0,1300000.0,2026-04-23,187782564,2824,Aryatara Investment & Securities,Dakshinkali Investment & Securities Pvt. Ltd.,2026-04-23 14:49:59.235238,Himalaya Urja Bikas Company Limited
2026042304011506,HURJA,19,33,200,260.0,52000.0,2026-04-23,187782566,2824,Nepal Investment And Securities Trading Private Limited,Dakshinkali Investment & Securities Pvt. Ltd.,2026-04-23 14:49:59.235334,Himalaya Urja Bikas Company Limited
2026042304011507,HURJA,58,33,300,260.0,78000.0,2026-04-23,187782568,2824,Naasa Securities Co. Ltd.,Dakshinkali Investment & Securities Pvt. Ltd.,2026-04-23 14:49:59.235426,Himalaya Urja Bikas Company Limited
2026042304011508,HURJA,7,33,10000,260.0,2600000.0,2026-04-23,187782570,2824,J.F. Securites (PVT) Ltd.,Dakshinkali Investment & Securities Pvt. Ltd.,2026-04-23 14:49:59.235505,Himalaya Urja Bikas Company Limited
2026042304011509,HURJA,36,33,500,260.0,130000.0,2026-04-23,187782572,2824,Secured Securities Ltd.,Dakshinkali Investment & Securities Pvt. Ltd.,2026-04-23 14:49:59.235583,Himalaya Urja Bikas Company Limited
2026042304011510,HURJA,7,33,200,260.0,52000.0,2026-04-23,187782574,2824,J.F. Securites (PVT) Ltd.,Dakshinkali Investment & Securities Pvt. Ltd.,2026-04-23 14:49:59.235659,Himalaya Urja Bikas Company Limited
2026042304011511,HURJA,81,33,500,260.0,130000.0,2026-04-23,187782576,2824,Aakashbhairab Securities Ltd.,Dakshinkali Investment & Securities Pvt. Ltd.,2026-04-23 14:49:59.235741,Himalaya Urja Bikas Company Limited
2026042304011591,HURJA,77,45,10,265.0,2650.0,2026-04-23,187783300,2824,Nabil Stock Dealer Ltd.,Imperial Securities Company Pvt. Ltd.,2026-04-23 14:50:30.634335,Himalaya Urja Bikas Company Limited
2026042304011784,HURJA,25,57,50,260.1,13005.0,2026-04-23,187784919,2824,Sweta Securities Private Limited,Aryatara Investment & Securities,2026-04-23 14:51:41.595635,Himalaya Urja Bikas Company Limited
2026042304011817,HURJA,36,45,36,265.0,9540.0,2026-04-23,187785134,2824,Secured Securities Ltd.,Imperial Securities Company Pvt. Ltd.,2026-04-23 14:51:52.146236,Himalaya Urja Bikas Company Limited
2026042304012068,HURJA,49,45,164,265.0,43460.0,2026-04-23,187787923,2824,Online Securities Pvt. Ltd.,Imperial Securities Company Pvt. Ltd.,2026-04-23 14:53:50.846959,Himalaya Urja Bikas Company Limited
2026042304012069,HURJA,49,41,129,265.0,34185.0,2026-04-23,187787925,2824,Online Securities Pvt. Ltd.,Linch Stock Market Ltd.,2026-04-23 14:53:50.847175,Himalaya Urja Bikas Company Limited
2026042304012070,HURJA,49,32,1102,265.0,292030.0,2026-04-23,187787928,2824,Online Securities Pvt. Ltd.,Premier Securities Company Ltd.,2026-04-23 14:53:50.847265,Himalaya Urja Bikas Company Limited
2026042304012120,HURJA,77,63,20,263.2,5264.0,2026-04-23,187788497,2824,Nabil Stock Dealer Ltd.,Himalayan Brokerage Company Limited,2026-04-23 14:54:10.981359,Himalaya Urja Bikas Company Limited
2026042304012121,HURJA,77,32,10,265.0,2650.0,2026-04-23,187788500,2824,Nabil Stock Dealer Ltd.,Premier Securities Company Ltd.,2026-04-23 14:54:10.981403,Himalaya Urja Bikas Company Limited
2026042304012340,HURJA,1,85,1000,262.6,262600.0,2026-04-23,187791071,2824,Kumari Securities Private Limited,Capital Hub P. Ltd,2026-04-23 14:55:49.943217,Himalaya Urja Bikas Company Limited
2026042304012341,HURJA,34,85,100,262.5,26250.0,2026-04-23,187791073,2824,Vision Securities Pvt. Ltd,Capital Hub P. Ltd,2026-04-23 14:55:49.943680,Himalaya Urja Bikas Company Limited
2026042304012342,HURJA,47,85,100,262.0,26200.0,2026-04-23,187791075,2824,Neev Securities Pvt. Ltd.,Capital Hub P. Ltd,2026-04-23 14:55:49.943947,Himalaya Urja Bikas Company Limited
2026042304012343,HURJA,58,85,240,262.0,62880.0,2026-04-23,187791077,2824,Naasa Securities Co. Ltd.,Capital Hub P. Ltd,2026-04-23 14:55:49.944213,Himalaya Urja Bikas Company Limited
2026042304012344,HURJA,43,85,65,261.2,16978.0,2026-04-23,187791079,2824,South Asian Bulls Pvt. Ltd.,Capital Hub P. Ltd,2026-04-23 14:55:49.944496,Himalaya Urja Bikas Company Limited
2026042304012345,HURJA,45,85,10,261.1,2611.0,2026-04-23,187791081,2824,Imperial Securities Company Pvt. Ltd.,Capital Hub P. Ltd,2026-04-23 14:55:49.944773,Himalaya Urja Bikas Company Limited
2026042304012346,HURJA,32,85,500,261.1,130550.0,2026-04-23,187791083,2824,Premier Securities Company Ltd.,Capital Hub P. Ltd,2026-04-23 14:55:49.945036,Himalaya Urja Bikas Company Limited
2026042304012347,HURJA,6,85,251,261.0,65511.0,2026-04-23,187791085,2824,Agrawal Securities (PVT) Ltd.,Capital Hub P. Ltd,2026-04-23 14:55:49.945298,Himalaya Urja Bikas Company Limited
2026042304012348,HURJA,40,85,1000,261.0,261000.0,2026-04-23,187791087,2824,Creative Securities Pvt Ltd,Capital Hub P. Ltd,2026-04-23 14:55:49.945565,Himalaya Urja Bikas Company Limited
2026042304012349,HURJA,45,85,50,261.0,13050.0,2026-04-23,187791089,2824,Imperial Securities Company Pvt. Ltd.,Capital Hub P. Ltd,2026-04-23 14:55:49.945823,Himalaya Urja Bikas Company Limited
2026042304012350,HURJA,50,85,100,260.3,26030.0,2026-04-23,187791091,2824,Cristal Kanchanjanga Securites Pvt. Ltd.,Capital Hub P. Ltd,2026-04-23 14:55:49.946074,Himalaya Urja Bikas Company Limited
2026042304012351,HURJA,14,85,500,260.3,130150.0,2026-04-23,187791093,2824,Nepal Stock House (PVT) Ltd.,Capital Hub P. Ltd,2026-04-23 14:55:49.946376,Himalaya Urja Bikas Company Limited
2026042304012352,HURJA,25,85,50,260.1,13005.0,2026-04-23,187791095,2824,Sweta Securities Private Limited,Capital Hub P. Ltd,2026-04-23 14:55:49.946627,Himalaya Urja Bikas Company Limited
2026042304012353,HURJA,35,85,500,260.1,130050.0,2026-04-23,187791097,2824,Kohinoor Investment & Securities Pvt. Ltd.,Capital Hub P. Ltd,2026-04-23 14:55:49.946876,Himalaya Urja Bikas Company Limited
2026042304012354,HURJA,14,85,100,260.0,26000.0,2026-04-23,187791099,2824,Nepal Stock House (PVT) Ltd.,Capital Hub P. Ltd,2026-04-23 14:55:49.947127,Himalaya Urja Bikas Company Limited
2026042304012355,HURJA,5,85,100,260.0,26000.0,2026-04-23,187791101,2824,Market Securities & Exchange (PVT) Ltd.,Capital Hub P. Ltd,2026-04-23 14:55:49.947389,Himalaya Urja Bikas Company Limited
2026042304012356,HURJA,45,85,100,260.0,26000.0,2026-04-23,187791103,2824,Imperial Securities Company Pvt. Ltd.,Capital Hub P. Ltd,2026-04-23 14:55:49.947631,Himalaya Urja Bikas Company Limited
2026042304012357,HURJA,49,85,116,260.0,30160.0,2026-04-23,187791105,2824,Online Securities Pvt. Ltd.,Capital Hub P. Ltd,2026-04-23 14:55:49.947880,Himalaya Urja Bikas Company Limited
2026042304012358,HURJA,13,85,100,260.0,26000.0,2026-04-23,187791107,2824,Thrive Brokerage House Pvt. Ltd,Capital Hub P. Ltd,2026-04-23 14:55:49.948129,Himalaya Urja Bikas Company Limited
2026042304012359,HURJA,33,85,10,259.5,2595.0,2026-04-23,187791109,2824,Dakshinkali Investment & Securities Pvt. Ltd.,Capital Hub P. Ltd,2026-04-23 14:55:49.948415,Himalaya Urja Bikas Company Limited
2026042304012360,HURJA,57,85,5000,259.3,1296500.0,2026-04-23,187790945,2824,Aryatara Investment & Securities,Capital Hub P. Ltd,2026-04-23 14:55:49.948658,Himalaya Urja Bikas Company Limited
2026042304012361,HURJA,77,85,500,259.1,129550.0,2026-04-23,187790947,2824,Nabil Stock Dealer Ltd.,Capital Hub P. Ltd,2026-04-23 14:55:49.948904,Himalaya Urja Bikas Company Limited
2026042304012362,HURJA,36,85,500,259.1,129550.0,2026-04-23,187790949,2824,Secured Securities Ltd.,Capital Hub P. Ltd,2026-04-23 14:55:49.949136,Himalaya Urja Bikas Company Limited
2026042304012363,HURJA,7,85,1000,259.1,259100.0,2026-04-23,187790951,2824,J.F. Securites (PVT) Ltd.,Capital Hub P. Ltd,2026-04-23 14:55:49.949391,Himalaya Urja Bikas Company Limited
2026042304012364,HURJA,48,85,600,259.0,155400.0,2026-04-23,187790953,2824,Trishakti Securities Public Limited,Capital Hub P. Ltd,2026-04-23 14:55:49.949655,Himalaya Urja Bikas Company Limited
2026042304012365,HURJA,81,85,50,259.0,12950.0,2026-04-23,187790955,2824,Aakashbhairab Securities Ltd.,Capital Hub P. Ltd,2026-04-23 14:55:49.949890,Himalaya Urja Bikas Company Limited
2026042304012366,HURJA,7,85,100,259.0,25900.0,2026-04-23,187790957,2824,J.F. Securites (PVT) Ltd.,Capital Hub P. Ltd,2026-04-23 14:55:49.950110,Himalaya Urja Bikas Company Limited
2026042304012367,HURJA,48,85,200,259.0,51800.0,2026-04-23,187790959,2824,Trishakti Securities Public Limited,Capital Hub P. Ltd,2026-04-23 14:55:49.950369,Himalaya Urja Bikas Company Limited
2026042304012368,HURJA,29,85,500,259.0,129500.0,2026-04-23,187790961,2824,Trisul Securities & Invt. Ltd.,Capital Hub P. Ltd,2026-04-23 14:55:49.950608,Himalaya Urja Bikas Company Limited
2026042304012369,HURJA,10,85,100,259.0,25900.0,2026-04-23,187790963,2824,Pragyan Securities (PVT) Ltd.,Capital Hub P. Ltd,2026-04-23 14:55:49.950843,Himalaya Urja Bikas Company Limited
2026042304012370,HURJA,45,85,500,259.0,129500.0,2026-04-23,187790965,2824,Imperial Securities Company Pvt. Ltd.,Capital Hub P. Ltd,2026-04-23 14:55:49.951081,Himalaya Urja Bikas Company Limited
2026042304012371,HURJA,21,85,500,259.0,129500.0,2026-04-23,187790967,2824,Midas Stock Broking Company Private Limited,Capital Hub P. Ltd,2026-04-23 14:55:49.951190,Himalaya Urja Bikas Company Limited
2026042304012372,HURJA,41,85,500,259.0,129500.0,2026-04-23,187790969,2824,Linch Stock Market Ltd.,Capital Hub P. Ltd,2026-04-23 14:55:49.951267,Himalaya Urja Bikas Company Limited
2026042304012373,HURJA,74,85,150,259.0,38850.0,2026-04-23,187790971,2824,KALASH STOCK MARKET PVT. LTD.,Capital Hub P. Ltd,2026-04-23 14:55:49.951365,Himalaya Urja Bikas Company Limited
2026042304012374,HURJA,36,85,1000,259.0,259000.0,2026-04-23,187790973,2824,Secured Securities Ltd.,Capital Hub P. Ltd,2026-04-23 14:55:49.951444,Himalaya Urja Bikas Company Limited
2026042304012375,HURJA,22,85,20,259.0,5180.0,2026-04-23,187790975,2824,Siprabi Securities Pvt. Ltd.,Capital Hub P. Ltd,2026-04-23 14:55:49.951520,Himalaya Urja Bikas Company Limited
2026042304012376,HURJA,4,85,100,259.0,25900.0,2026-04-23,187790977,2824,Opal Securities Investment (PVT) Ltd.,Capital Hub P. Ltd,2026-04-23 14:55:49.951595,Himalaya Urja Bikas Company Limited
2026042304012377,HURJA,49,85,1000,259.0,259000.0,2026-04-23,187790980,2824,Online Securities Pvt. Ltd.,Capital Hub P. Ltd,2026-04-23 14:55:49.951670,Himalaya Urja Bikas Company Limited
2026042304012378,HURJA,35,85,200,259.0,51800.0,2026-04-23,187790983,2824,Kohinoor Investment & Securities Pvt. Ltd.,Capital Hub P. Ltd,2026-04-23 14:55:49.951746,Himalaya Urja Bikas Company Limited
2026042304012379,HURJA,38,85,500,259.0,129500.0,2026-04-23,187790985,2824,Dipshikha Dhitopatra Karobar Co. Pvt Ltd.,Capital Hub P. Ltd,2026-04-23 14:55:49.951820,Himalaya Urja Bikas Company Limited
2026042304012380,HURJA,19,85,1000,259.0,259000.0,2026-04-23,187790987,2824,Nepal Investment And Securities Trading Private Limited,Capital Hub P. Ltd,2026-04-23 14:55:49.951895,Himalaya Urja Bikas Company Limited
2026042304012381,HURJA,50,85,200,259.0,51800.0,2026-04-23,187790989,2824,Cristal Kanchanjanga Securites Pvt. Ltd.,Capital Hub P. Ltd,2026-04-23 14:55:49.951980,Himalaya Urja Bikas Company Limited
2026042304012382,HURJA,51,85,200,258.5,51700.0,2026-04-23,187790991,2824,Oxford Securities Pvt. Ltd.,Capital Hub P. Ltd,2026-04-23 14:55:49.952055,Himalaya Urja Bikas Company Limited
2026042304012383,HURJA,58,85,27,258.5,6979.5,2026-04-23,187790993,2824,Naasa Securities Co. Ltd.,Capital Hub P. Ltd,2026-04-23 14:55:49.952130,Himalaya Urja Bikas Company Limited
2026042304012384,HURJA,65,85,100,258.1,25810.0,2026-04-23,187790995,2824,Sharepro Securities Private Limited,Capital Hub P. Ltd,2026-04-23 14:55:49.952205,Himalaya Urja Bikas Company Limited
2026042304012385,HURJA,40,85,500,258.1,129050.0,2026-04-23,187790997,2824,Creative Securities Pvt Ltd,Capital Hub P. Ltd,2026-04-23 14:55:49.952281,Himalaya Urja Bikas Company Limited
2026042304012386,HURJA,59,85,1000,258.1,258100.0,2026-04-23,187790999,2824,Deevyaa Securities & Stock House Pvt. Ltd,Capital Hub P. Ltd,2026-04-23 14:55:49.952357,Himalaya Urja Bikas Company Limited
2026042304012387,HURJA,45,85,500,258.1,129050.0,2026-04-23,187791001,2824,Imperial Securities Company Pvt. Ltd.,Capital Hub P. Ltd,2026-04-23 14:55:49.952431,Himalaya Urja Bikas Company Limited
2026042304012388,HURJA,58,85,300,258.1,77430.0,2026-04-23,187791003,2824,Naasa Securities Co. Ltd.,Capital Hub P. Ltd,2026-04-23 14:55:49.952502,Himalaya Urja Bikas Company Limited
2026042304012389,HURJA,21,85,750,258.1,193575.0,2026-04-23,187791005,2824,Midas Stock Broking Company Private Limited,Capital Hub P. Ltd,2026-04-23 14:55:49.952572,Himalaya Urja Bikas Company Limited
2026042304012390,HURJA,41,85,100,258.1,25810.0,2026-04-23,187791007,2824,Linch Stock Market Ltd.,Capital Hub P. Ltd,2026-04-23 14:55:49.952645,Himalaya Urja Bikas Company Limited
2026042304012391,HURJA,54,85,100,258.1,25810.0,2026-04-23,187791009,2824,Sewa Securities Pvt. Ltd.,Capital Hub P. Ltd,2026-04-23 14:55:49.952714,Himalaya Urja Bikas Company Limited
2026042304012392,HURJA,48,85,1200,258.1,309720.0,2026-04-23,187791011,2824,Trishakti Securities Public Limited,Capital Hub P. Ltd,2026-04-23 14:55:49.952785,Himalaya Urja Bikas Company Limited
2026042304012393,HURJA,8,85,500,258.1,129050.0,2026-04-23,187791013,2824,Brilliant Securities Pvt. Ltd.,Capital Hub P. Ltd,2026-04-23 14:55:49.952858,Himalaya Urja Bikas Company Limited
2026042304012394,HURJA,26,85,200,258.1,51620.0,2026-04-23,187791015,2824,Asian Securities Private Ltd.,Capital Hub P. Ltd,2026-04-23 14:55:49.952929,Himalaya Urja Bikas Company Limited
2026042304012395,HURJA,43,85,200,258.1,51620.0,2026-04-23,187791017,2824,South Asian Bulls Pvt. Ltd.,Capital Hub P. Ltd,2026-04-23 14:55:49.952999,Himalaya Urja Bikas Company Limited
2026042304012396,HURJA,57,85,1000,258.1,258100.0,2026-04-23,187791019,2824,Aryatara Investment & Securities,Capital Hub P. Ltd,2026-04-23 14:55:49.953071,Himalaya Urja Bikas Company Limited
2026042304012397,HURJA,21,85,100,258.0,25800.0,2026-04-23,187791021,2824,Midas Stock Broking Company Private Limited,Capital Hub P. Ltd,2026-04-23 14:55:49.953142,Himalaya Urja Bikas Company Limited
2026042304012398,HURJA,21,85,1000,258.0,258000.0,2026-04-23,187791023,2824,Midas Stock Broking Company Private Limited,Capital Hub P. Ltd,2026-04-23 14:55:49.953213,Himalaya Urja Bikas Company Limited
2026042304012399,HURJA,45,85,3000,258.0,774000.0,2026-04-23,187791025,2824,Imperial Securities Company Pvt. Ltd.,Capital Hub P. Ltd,2026-04-23 14:55:49.953287,Himalaya Urja Bikas Company Limited
2026042304012400,HURJA,29,85,3000,258.0,774000.0,2026-04-23,187791027,2824,Trisul Securities & Invt. Ltd.,Capital Hub P. Ltd,2026-04-23 14:55:49.953379,Himalaya Urja Bikas Company Limited
2026042304012401,HURJA,29,85,500,258.0,129000.0,2026-04-23,187791029,2824,Trisul Securities & Invt. Ltd.,Capital Hub P. Ltd,2026-04-23 14:55:49.953451,Himalaya Urja Bikas Company Limited
2026042304012402,HURJA,22,85,200,258.0,51600.0,2026-04-23,187791031,2824,Siprabi Securities Pvt. Ltd.,Capital Hub P. Ltd,2026-04-23 14:55:49.953521,Himalaya Urja Bikas Company Limited
2026042304012403,HURJA,26,85,1000,258.0,258000.0,2026-04-23,187791033,2824,Asian Securities Private Ltd.,Capital Hub P. Ltd,2026-04-23 14:55:49.953590,Himalaya Urja Bikas Company Limited
2026042304012404,HURJA,65,85,50,258.0,12900.0,2026-04-23,187791035,2824,Sharepro Securities Private Limited,Capital Hub P. Ltd,2026-04-23 14:55:49.953654,Himalaya Urja Bikas Company Limited
2026042304012405,HURJA,83,85,1000,258.0,258000.0,2026-04-23,187791037,2824,Sanima Securities Limited,Capital Hub P. Ltd,2026-04-23 14:55:49.953725,Himalaya Urja Bikas Company Limited
2026042304012406,HURJA,56,85,500,258.0,129000.0,2026-04-23,187791039,2824,Sri Hari Securities Pvt. Ltd.,Capital Hub P. Ltd,2026-04-23 14:55:49.953809,Himalaya Urja Bikas Company Limited
2026042304012407,HURJA,58,85,200,258.0,51600.0,2026-04-23,187791041,2824,Naasa Securities Co. Ltd.,Capital Hub P. Ltd,2026-04-23 14:55:49.953875,Himalaya Urja Bikas Company Limited
2026042304012408,HURJA,17,85,700,258.0,180600.0,2026-04-23,187791043,2824,ABC Securities Private Limited,Capital Hub P. Ltd,2026-04-23 14:55:49.953941,Himalaya Urja Bikas Company Limited
2026042304012409,HURJA,6,85,200,258.0,51600.0,2026-04-23,187791045,2824,Agrawal Securities (PVT) Ltd.,Capital Hub P. Ltd,2026-04-23 14:55:49.954006,Himalaya Urja Bikas Company Limited
2026042304012410,HURJA,45,85,1000,258.0,258000.0,2026-04-23,187791047,2824,Imperial Securities Company Pvt. Ltd.,Capital Hub P. Ltd,2026-04-23 14:55:49.954091,Himalaya Urja Bikas Company Limited
2026042304012411,HURJA,48,85,1661,258.0,428538.0,2026-04-23,187791048,2824,Trishakti Securities Public Limited,Capital Hub P. Ltd,2026-04-23 14:55:49.954157,Himalaya Urja Bikas Company Limited
2026042304012602,HURJA,70,16,10,264.8,2648.0,2026-04-23,187792540,2824,Infinity Securities Limited,Primo Securities (PVT) Ltd.,2026-04-23 14:56:42.908606,Himalaya Urja Bikas Company Limited
2026042304012863,HURJA,8,57,10,262.0,2620.0,2026-04-23,187795485,2824,Brilliant Securities Pvt. Ltd.,Aryatara Investment & Securities,2026-04-23 14:58:05.928195,Himalaya Urja Bikas Company Limited
2026042304012928,HURJA,64,16,55,264.8,14564.0,2026-04-23,187796197,2824,SUN SECURITIES PVT LTD,Primo Securities (PVT) Ltd.,2026-04-23 14:58:22.513355,Himalaya Urja Bikas Company Limited
2026042304012929,HURJA,64,7,445,264.8,117836.0,2026-04-23,187796200,2824,SUN SECURITIES PVT LTD,J.F. Securites (PVT) Ltd.,2026-04-23 14:58:22.513576,Himalaya Urja Bikas Company Limited
2026042304013088,HURJA,58,94,20,263.0,5260.0,2026-04-23,187797640,2824,Naasa Securities Co. Ltd.,K.B.L. Securities Limited ,2026-04-23 14:58:55.727135,Himalaya Urja Bikas Company Limited
2026042304013089,HURJA,58,94,50,261.0,13050.0,2026-04-23,187797642,2824,Naasa Securities Co. Ltd.,K.B.L. Securities Limited ,2026-04-23 14:58:55.727188,Himalaya Urja Bikas Company Limited
2026042304013090,HURJA,16,94,40,260.0,10400.0,2026-04-23,187797644,2824,Primo Securities (PVT) Ltd.,K.B.L. Securities Limited ,2026-04-23 14:58:55.727213,Himalaya Urja Bikas Company Limited
2026042304013091,HURJA,65,94,100,260.0,26000.0,2026-04-23,187797646,2824,Sharepro Securities Private Limited,K.B.L. Securities Limited ,2026-04-23 14:58:55.727252,Himalaya Urja Bikas Company Limited
2026042304013092,HURJA,49,94,1390,260.0,361400.0,2026-04-23,187797647,2824,Online Securities Pvt. Ltd.,K.B.L. Securities Limited ,2026-04-23 14:58:55.727274,Himalaya Urja Bikas Company Limited
2026042304013169,HURJA,8,53,10,263.0,2630.0,2026-04-23,187798748,2824,Brilliant Securities Pvt. Ltd.,Investment Management Nepal Pvt. Ltd.,2026-04-23 14:59:11.897307,Himalaya Urja Bikas Company Limited
2026042304013170,HURJA,49,53,260,260.0,67600.0,2026-04-23,187798749,2824,Online Securities Pvt. Ltd.,Investment Management Nepal Pvt. Ltd.,2026-04-23 14:59:11.897498,Himalaya Urja Bikas Company Limited
2026042304013366,HURJA,77,32,10,264.5,2645.0,2026-04-23,187799852,2824,Nabil Stock Dealer Ltd.,Premier Securities Company Ltd.,2026-04-23 14:59:27.558058,Himalaya Urja Bikas Company Limited
2026042304013393,HURJA,14,29,500,262.8,131400.0,2026-04-23,187800183,2824,Nepal Stock House (PVT) Ltd.,Trisul Securities & Invt. Ltd.,2026-04-23 14:59:32.955460,Himalaya Urja Bikas Company Limited
2026042304013574,HURJA,46,36,10,262.8,2628.0,2026-04-23,187801998,2824,Kalika Securities Pvt. Ltd.,Secured Securities Ltd.,2026-04-23 14:59:56.106154,Himalaya Urja Bikas Company Limited
2026042304013575,HURJA,54,57,20,262.5,5250.0,2026-04-23,187801999,2824,Sewa Securities Pvt. Ltd.,Aryatara Investment & Securities,2026-04-23 14:59:56.107857,Himalaya Urja Bikas Company Limited
2026042304013584,HURJA,54,77,10,262.5,2625.0,2026-04-23,187802075,2824,Sewa Securities Pvt. Ltd.,Nabil Stock Dealer Ltd.,2026-04-23 14:59:56.926699,Himalaya Urja Bikas Company Limited
2026042304013634,HURJA,94,36,90,262.8,23652.0,2026-04-23,187802383,2824,K.B.L. Securities Limited ,Secured Securities Ltd.,2026-04-23 14:59:58.445373,Himalaya Urja Bikas Company Limited
2026042304013635,HURJA,94,22,110,264.4,29084.0,2026-04-23,187802386,2824,K.B.L. Securities Limited ,Siprabi Securities Pvt. Ltd.,2026-04-23 14:59:58.445411,Himalaya Urja Bikas Company Limited
