contractId,stockSymbol,buyerMemberId,sellerMemberId,quantity,rate,amount,businessDate,tradeBookId,stockId,buyerBrokerName,sellerBrokerName,transaction_time,securityName
2026042301000357,KBL,25,39,224,224.0,50176.0,2026-04-23,187615824,142,Sweta Securities Private Limited,Sumeru Securities Pvt. Ltd.,2026-04-23 11:00:46.585936,Kumari Bank Limited
2026042301000358,KBL,34,39,1200,224.0,268800.0,2026-04-23,187615825,142,Vision Securities Pvt. Ltd,Sumeru Securities Pvt. Ltd.,2026-04-23 11:00:46.585992,Kumari Bank Limited
2026042301000458,KBL,42,28,100,223.0,22300.0,2026-04-23,187616057,142,Sani Securities Company Ltd.,Shree Krishna Securities Ltd.,2026-04-23 11:01:10.824794,Kumari Bank Limited
2026042301000545,KBL,56,34,100,222.0,22200.0,2026-04-23,187616248,142,Sri Hari Securities Pvt. Ltd.,Vision Securities Pvt. Ltd,2026-04-23 11:01:27.597096,Kumari Bank Limited
2026042301000546,KBL,41,34,268,221.0,59228.0,2026-04-23,187616249,142,Linch Stock Market Ltd.,Vision Securities Pvt. Ltd,2026-04-23 11:01:27.597155,Kumari Bank Limited
2026042301000647,KBL,32,57,500,221.1,110550.0,2026-04-23,187616473,142,Premier Securities Company Ltd.,Aryatara Investment & Securities,2026-04-23 11:01:44.900454,Kumari Bank Limited
2026042301001607,KBL,10,28,50,224.5,11225.0,2026-04-23,187618795,142,Pragyan Securities (PVT) Ltd.,Shree Krishna Securities Ltd.,2026-04-23 11:04:16.121570,Kumari Bank Limited
2026042301001608,KBL,10,34,350,224.5,78575.0,2026-04-23,187618798,142,Pragyan Securities (PVT) Ltd.,Vision Securities Pvt. Ltd,2026-04-23 11:04:16.121661,Kumari Bank Limited
2026042301001996,KBL,58,34,10,224.5,2245.0,2026-04-23,187619854,142,Naasa Securities Co. Ltd.,Vision Securities Pvt. Ltd,2026-04-23 11:05:20.813741,Kumari Bank Limited
2026042301002041,KBL,52,34,40,224.5,8980.0,2026-04-23,187619987,142,Sundhara Securities Limited,Vision Securities Pvt. Ltd,2026-04-23 11:05:34.770942,Kumari Bank Limited
2026042301002072,KBL,52,34,60,224.5,13470.0,2026-04-23,187620082,142,Sundhara Securities Limited,Vision Securities Pvt. Ltd,2026-04-23 11:05:39.110886,Kumari Bank Limited
2026042301002073,KBL,45,34,15,224.0,3360.0,2026-04-23,187620084,142,Imperial Securities Company Pvt. Ltd.,Vision Securities Pvt. Ltd,2026-04-23 11:05:39.110926,Kumari Bank Limited
2026042301002074,KBL,26,34,155,222.1,34425.5,2026-04-23,187620085,142,Asian Securities Private Ltd.,Vision Securities Pvt. Ltd,2026-04-23 11:05:39.110951,Kumari Bank Limited
2026042301002225,KBL,26,50,835,222.1,185453.5,2026-04-23,187620551,142,Asian Securities Private Ltd.,Cristal Kanchanjanga Securites Pvt. Ltd.,2026-04-23 11:06:06.009252,Kumari Bank Limited
2026042301002281,KBL,26,1,10,222.1,2221.0,2026-04-23,187620682,142,Asian Securities Private Ltd.,Kumari Securities Private Limited,2026-04-23 11:06:10.909627,Kumari Bank Limited
2026042301002282,KBL,8,1,10,222.1,2221.0,2026-04-23,187620684,142,Brilliant Securities Pvt. Ltd.,Kumari Securities Private Limited,2026-04-23 11:06:10.909742,Kumari Bank Limited
2026042301002283,KBL,62,1,980,222.0,217560.0,2026-04-23,187620685,142,Capital Max Securities Ltd,Kumari Securities Private Limited,2026-04-23 11:06:10.909797,Kumari Bank Limited
2026042301002414,KBL,65,38,100,224.9,22490.0,2026-04-23,187621099,142,Sharepro Securities Private Limited,Dipshikha Dhitopatra Karobar Co. Pvt Ltd.,2026-04-23 11:06:30.643185,Kumari Bank Limited
2026042301002415,KBL,65,1,500,224.9,112450.0,2026-04-23,187621101,142,Sharepro Securities Private Limited,Kumari Securities Private Limited,2026-04-23 11:06:30.643306,Kumari Bank Limited
2026042301002416,KBL,65,57,500,225.0,112500.0,2026-04-23,187621103,142,Sharepro Securities Private Limited,Aryatara Investment & Securities,2026-04-23 11:06:30.643360,Kumari Bank Limited
2026042301002417,KBL,65,81,2500,225.0,562500.0,2026-04-23,187621105,142,Sharepro Securities Private Limited,Aakashbhairab Securities Ltd.,2026-04-23 11:06:30.643411,Kumari Bank Limited
2026042301002422,KBL,65,1,100,225.0,22500.0,2026-04-23,187621121,142,Sharepro Securities Private Limited,Kumari Securities Private Limited,2026-04-23 11:06:31.492565,Kumari Bank Limited
2026042301002588,KBL,65,42,300,225.0,67500.0,2026-04-23,187621605,142,Sharepro Securities Private Limited,Sani Securities Company Ltd.,2026-04-23 11:07:03.350639,Kumari Bank Limited
2026042301003250,KBL,52,33,400,223.0,89200.0,2026-04-23,187623443,142,Sundhara Securities Limited,Dakshinkali Investment & Securities Pvt. Ltd.,2026-04-23 11:08:39.941078,Kumari Bank Limited
2026042301003398,KBL,52,28,100,223.0,22300.0,2026-04-23,187623847,142,Sundhara Securities Limited,Shree Krishna Securities Ltd.,2026-04-23 11:09:13.538120,Kumari Bank Limited
2026042301003663,KBL,1,65,200,222.2,44440.0,2026-04-23,187624500,142,Kumari Securities Private Limited,Sharepro Securities Private Limited,2026-04-23 11:09:45.696536,Kumari Bank Limited
2026042301003664,KBL,49,65,1000,222.0,222000.0,2026-04-23,187624502,142,Online Securities Pvt. Ltd.,Sharepro Securities Private Limited,2026-04-23 11:09:45.696864,Kumari Bank Limited
2026042301003665,KBL,34,65,300,222.0,66600.0,2026-04-23,187624503,142,Vision Securities Pvt. Ltd,Sharepro Securities Private Limited,2026-04-23 11:09:45.697124,Kumari Bank Limited
2026042301003836,KBL,34,74,200,221.6,44320.0,2026-04-23,187625020,142,Vision Securities Pvt. Ltd,KALASH STOCK MARKET PVT. LTD.,2026-04-23 11:10:24.252419,Kumari Bank Limited
2026042301003837,KBL,34,74,1200,221.5,265800.0,2026-04-23,187625021,142,Vision Securities Pvt. Ltd,KALASH STOCK MARKET PVT. LTD.,2026-04-23 11:10:24.252717,Kumari Bank Limited
2026042301004295,KBL,1,38,40,222.0,8880.0,2026-04-23,187626271,142,Kumari Securities Private Limited,Dipshikha Dhitopatra Karobar Co. Pvt Ltd.,2026-04-23 11:11:47.518682,Kumari Bank Limited
2026042301004584,KBL,10,58,26,223.0,5798.0,2026-04-23,187626997,142,Pragyan Securities (PVT) Ltd.,Naasa Securities Co. Ltd.,2026-04-23 11:12:32.260158,Kumari Bank Limited
2026042301004585,KBL,10,53,174,223.8,38941.2,2026-04-23,187627000,142,Pragyan Securities (PVT) Ltd.,Investment Management Nepal Pvt. Ltd.,2026-04-23 11:12:32.260500,Kumari Bank Limited
2026042301004814,KBL,58,53,14,223.8,3133.2,2026-04-23,187627554,142,Naasa Securities Co. Ltd.,Investment Management Nepal Pvt. Ltd.,2026-04-23 11:13:05.500570,Kumari Bank Limited
2026042301005667,KBL,52,36,20,223.0,4460.0,2026-04-23,187629781,142,Sundhara Securities Limited,Secured Securities Ltd.,2026-04-23 11:15:18.333929,Kumari Bank Limited
2026042301005922,KBL,52,58,50,223.0,11150.0,2026-04-23,187630609,142,Sundhara Securities Limited,Naasa Securities Co. Ltd.,2026-04-23 11:16:03.024915,Kumari Bank Limited
2026042301005927,KBL,52,58,15,223.0,3345.0,2026-04-23,187630623,142,Sundhara Securities Limited,Naasa Securities Co. Ltd.,2026-04-23 11:16:03.698014,Kumari Bank Limited
2026042301005933,KBL,52,34,415,223.0,92545.0,2026-04-23,187630644,142,Sundhara Securities Limited,Vision Securities Pvt. Ltd,2026-04-23 11:16:05.494652,Kumari Bank Limited
2026042301006749,KBL,34,58,15,222.5,3337.5,2026-04-23,187632807,142,Vision Securities Pvt. Ltd,Naasa Securities Co. Ltd.,2026-04-23 11:17:59.079085,Kumari Bank Limited
2026042301007329,KBL,34,14,185,222.5,41162.5,2026-04-23,187634216,142,Vision Securities Pvt. Ltd,Nepal Stock House (PVT) Ltd.,2026-04-23 11:19:01.629479,Kumari Bank Limited
2026042301007330,KBL,57,14,120,222.0,26640.0,2026-04-23,187634218,142,Aryatara Investment & Securities,Nepal Stock House (PVT) Ltd.,2026-04-23 11:19:01.629875,Kumari Bank Limited
2026042301007331,KBL,20,14,200,221.6,44320.0,2026-04-23,187634220,142,Sipla Securities Private Limited,Nepal Stock House (PVT) Ltd.,2026-04-23 11:19:01.630161,Kumari Bank Limited
2026042301007332,KBL,34,14,300,221.5,66450.0,2026-04-23,187634222,142,Vision Securities Pvt. Ltd,Nepal Stock House (PVT) Ltd.,2026-04-23 11:19:01.630445,Kumari Bank Limited
2026042301007333,KBL,58,14,500,221.5,110750.0,2026-04-23,187634224,142,Naasa Securities Co. Ltd.,Nepal Stock House (PVT) Ltd.,2026-04-23 11:19:01.630706,Kumari Bank Limited
2026042301007445,KBL,42,14,695,221.5,153942.5,2026-04-23,187634487,142,Sani Securities Company Ltd.,Nepal Stock House (PVT) Ltd.,2026-04-23 11:19:17.340140,Kumari Bank Limited
2026042301007939,KBL,49,58,13,221.4,2878.2,2026-04-23,187635893,142,Online Securities Pvt. Ltd.,Naasa Securities Co. Ltd.,2026-04-23 11:20:49.450552,Kumari Bank Limited
2026042301008767,KBL,41,58,100,222.0,22200.0,2026-04-23,187638182,142,Linch Stock Market Ltd.,Naasa Securities Co. Ltd.,2026-04-23 11:22:23.961327,Kumari Bank Limited
2026042301009478,KBL,49,62,10,221.4,2214.0,2026-04-23,187640271,142,Online Securities Pvt. Ltd.,Capital Max Securities Ltd,2026-04-23 11:24:20.022524,Kumari Bank Limited
2026042301009959,KBL,49,39,27,221.4,5977.8,2026-04-23,187641544,142,Online Securities Pvt. Ltd.,Sumeru Securities Pvt. Ltd.,2026-04-23 11:25:21.497154,Kumari Bank Limited
2026042301009960,KBL,49,39,50,221.4,11070.0,2026-04-23,187641546,142,Online Securities Pvt. Ltd.,Sumeru Securities Pvt. Ltd.,2026-04-23 11:25:21.497590,Kumari Bank Limited
2026042301010043,KBL,32,39,500,221.3,110650.0,2026-04-23,187641784,142,Premier Securities Company Ltd.,Sumeru Securities Pvt. Ltd.,2026-04-23 11:25:35.508857,Kumari Bank Limited
2026042301010044,KBL,58,39,10,221.3,2213.0,2026-04-23,187641786,142,Naasa Securities Co. Ltd.,Sumeru Securities Pvt. Ltd.,2026-04-23 11:25:35.509338,Kumari Bank Limited
2026042301010045,KBL,53,39,100,221.2,22120.0,2026-04-23,187641788,142,Investment Management Nepal Pvt. Ltd.,Sumeru Securities Pvt. Ltd.,2026-04-23 11:25:35.509656,Kumari Bank Limited
2026042301010046,KBL,41,39,232,221.0,51272.0,2026-04-23,187641790,142,Linch Stock Market Ltd.,Sumeru Securities Pvt. Ltd.,2026-04-23 11:25:35.509958,Kumari Bank Limited
2026042301010047,KBL,53,39,100,221.0,22100.0,2026-04-23,187641792,142,Investment Management Nepal Pvt. Ltd.,Sumeru Securities Pvt. Ltd.,2026-04-23 11:25:35.510270,Kumari Bank Limited
2026042301010048,KBL,58,39,62,221.0,13702.0,2026-04-23,187641794,142,Naasa Securities Co. Ltd.,Sumeru Securities Pvt. Ltd.,2026-04-23 11:25:35.510567,Kumari Bank Limited
2026042301010074,KBL,41,39,30,221.0,6630.0,2026-04-23,187641858,142,Linch Stock Market Ltd.,Sumeru Securities Pvt. Ltd.,2026-04-23 11:25:40.394782,Kumari Bank Limited
2026042301010378,KBL,46,39,199,221.0,43979.0,2026-04-23,187642734,142,Kalika Securities Pvt. Ltd.,Sumeru Securities Pvt. Ltd.,2026-04-23 11:26:32.265978,Kumari Bank Limited
2026042301010389,KBL,32,39,100,221.0,22100.0,2026-04-23,187642760,142,Premier Securities Company Ltd.,Sumeru Securities Pvt. Ltd.,2026-04-23 11:26:33.426935,Kumari Bank Limited
2026042301010579,KBL,32,39,20,221.0,4420.0,2026-04-23,187643316,142,Premier Securities Company Ltd.,Sumeru Securities Pvt. Ltd.,2026-04-23 11:27:04.976092,Kumari Bank Limited
2026042301010640,KBL,1,39,140,221.0,30940.0,2026-04-23,187643482,142,Kumari Securities Private Limited,Sumeru Securities Pvt. Ltd.,2026-04-23 11:27:08.440284,Kumari Bank Limited
2026042301010932,KBL,38,45,500,220.5,110250.0,2026-04-23,187644166,142,Dipshikha Dhitopatra Karobar Co. Pvt Ltd.,Imperial Securities Company Pvt. Ltd.,2026-04-23 11:27:35.051951,Kumari Bank Limited
2026042301010933,KBL,32,45,500,220.1,110050.0,2026-04-23,187644167,142,Premier Securities Company Ltd.,Imperial Securities Company Pvt. Ltd.,2026-04-23 11:27:35.052472,Kumari Bank Limited
2026042301011065,KBL,48,39,333,221.0,73593.0,2026-04-23,187644519,142,Trishakti Securities Public Limited,Sumeru Securities Pvt. Ltd.,2026-04-23 11:27:51.873835,Kumari Bank Limited
2026042301011243,KBL,48,36,100,221.0,22100.0,2026-04-23,187644933,142,Trishakti Securities Public Limited,Secured Securities Ltd.,2026-04-23 11:28:05.026659,Kumari Bank Limited
2026042301011307,KBL,48,40,67,221.0,14807.0,2026-04-23,187645128,142,Trishakti Securities Public Limited,Creative Securities Pvt Ltd,2026-04-23 11:28:18.891020,Kumari Bank Limited
2026042301011308,KBL,47,40,500,220.1,110050.0,2026-04-23,187645130,142,Neev Securities Pvt. Ltd.,Creative Securities Pvt Ltd,2026-04-23 11:28:18.891259,Kumari Bank Limited
2026042301011309,KBL,42,40,433,220.1,95303.3,2026-04-23,187645131,142,Sani Securities Company Ltd.,Creative Securities Pvt Ltd,2026-04-23 11:28:18.891382,Kumari Bank Limited
2026042301011712,KBL,42,45,67,220.1,14746.7,2026-04-23,187646130,142,Sani Securities Company Ltd.,Imperial Securities Company Pvt. Ltd.,2026-04-23 11:28:58.568321,Kumari Bank Limited
2026042301011713,KBL,94,45,50,220.1,11005.0,2026-04-23,187646132,142,K.B.L. Securities Limited ,Imperial Securities Company Pvt. Ltd.,2026-04-23 11:28:58.568797,Kumari Bank Limited
2026042301011714,KBL,56,45,883,220.0,194260.0,2026-04-23,187646133,142,Sri Hari Securities Pvt. Ltd.,Imperial Securities Company Pvt. Ltd.,2026-04-23 11:28:58.569154,Kumari Bank Limited
2026042301011785,KBL,56,57,100,220.0,22000.0,2026-04-23,187646381,142,Sri Hari Securities Pvt. Ltd.,Aryatara Investment & Securities,2026-04-23 11:29:09.801519,Kumari Bank Limited
2026042301011863,KBL,56,22,2017,220.0,443740.0,2026-04-23,187646618,142,Sri Hari Securities Pvt. Ltd.,Siprabi Securities Pvt. Ltd.,2026-04-23 11:29:20.468789,Kumari Bank Limited
2026042301011864,KBL,58,22,10,220.0,2200.0,2026-04-23,187646620,142,Naasa Securities Co. Ltd.,Siprabi Securities Pvt. Ltd.,2026-04-23 11:29:20.469054,Kumari Bank Limited
2026042301011865,KBL,29,22,200,220.0,44000.0,2026-04-23,187646622,142,Trisul Securities & Invt. Ltd.,Siprabi Securities Pvt. Ltd.,2026-04-23 11:29:20.469178,Kumari Bank Limited
2026042301011866,KBL,57,22,369,220.0,81180.0,2026-04-23,187646624,142,Aryatara Investment & Securities,Siprabi Securities Pvt. Ltd.,2026-04-23 11:29:20.469298,Kumari Bank Limited
2026042301011867,KBL,14,22,50,220.0,11000.0,2026-04-23,187646626,142,Nepal Stock House (PVT) Ltd.,Siprabi Securities Pvt. Ltd.,2026-04-23 11:29:20.469413,Kumari Bank Limited
2026042301011868,KBL,32,22,354,220.0,77880.0,2026-04-23,187646627,142,Premier Securities Company Ltd.,Siprabi Securities Pvt. Ltd.,2026-04-23 11:29:20.469531,Kumari Bank Limited
2026042301012028,KBL,32,22,146,220.0,32120.0,2026-04-23,187647052,142,Premier Securities Company Ltd.,Siprabi Securities Pvt. Ltd.,2026-04-23 11:29:46.483307,Kumari Bank Limited
2026042301012029,KBL,6,22,800,220.0,176000.0,2026-04-23,187647054,142,Agrawal Securities (PVT) Ltd.,Siprabi Securities Pvt. Ltd.,2026-04-23 11:29:46.483542,Kumari Bank Limited
2026042301012030,KBL,29,22,200,220.0,44000.0,2026-04-23,187647056,142,Trisul Securities & Invt. Ltd.,Siprabi Securities Pvt. Ltd.,2026-04-23 11:29:46.483657,Kumari Bank Limited
2026042301012031,KBL,62,22,854,220.0,187880.0,2026-04-23,187647057,142,Capital Max Securities Ltd,Siprabi Securities Pvt. Ltd.,2026-04-23 11:29:46.483803,Kumari Bank Limited
2026042301012197,KBL,62,45,166,220.0,36520.0,2026-04-23,187647552,142,Capital Max Securities Ltd,Imperial Securities Company Pvt. Ltd.,2026-04-23 11:30:22.969075,Kumari Bank Limited
2026042301012198,KBL,58,45,10,220.0,2200.0,2026-04-23,187647554,142,Naasa Securities Co. Ltd.,Imperial Securities Company Pvt. Ltd.,2026-04-23 11:30:22.969337,Kumari Bank Limited
2026042301012199,KBL,58,45,61,220.0,13420.0,2026-04-23,187647556,142,Naasa Securities Co. Ltd.,Imperial Securities Company Pvt. Ltd.,2026-04-23 11:30:22.969450,Kumari Bank Limited
2026042301012200,KBL,77,45,10,220.0,2200.0,2026-04-23,187647558,142,Nabil Stock Dealer Ltd.,Imperial Securities Company Pvt. Ltd.,2026-04-23 11:30:22.969562,Kumari Bank Limited
2026042301012201,KBL,52,45,253,220.0,55660.0,2026-04-23,187647559,142,Sundhara Securities Limited,Imperial Securities Company Pvt. Ltd.,2026-04-23 11:30:22.969670,Kumari Bank Limited
2026042301012854,KBL,32,29,500,220.5,110250.0,2026-04-23,187649422,142,Premier Securities Company Ltd.,Trisul Securities & Invt. Ltd.,2026-04-23 11:32:04.432973,Kumari Bank Limited
2026042301012855,KBL,25,29,500,220.2,110100.0,2026-04-23,187649423,142,Sweta Securities Private Limited,Trisul Securities & Invt. Ltd.,2026-04-23 11:32:04.433017,Kumari Bank Limited
2026042301013080,KBL,52,6,147,221.5,32560.5,2026-04-23,187650064,142,Sundhara Securities Limited,Agrawal Securities (PVT) Ltd.,2026-04-23 11:32:39.551861,Kumari Bank Limited
2026042301013150,KBL,36,6,60,221.5,13290.0,2026-04-23,187650254,142,Secured Securities Ltd.,Agrawal Securities (PVT) Ltd.,2026-04-23 11:32:54.855018,Kumari Bank Limited
2026042301013234,KBL,49,6,293,221.5,64899.5,2026-04-23,187650505,142,Online Securities Pvt. Ltd.,Agrawal Securities (PVT) Ltd.,2026-04-23 11:33:09.545643,Kumari Bank Limited
2026042301013235,KBL,49,21,947,221.6,209855.2,2026-04-23,187650507,142,Online Securities Pvt. Ltd.,Midas Stock Broking Company Private Limited,2026-04-23 11:33:09.546206,Kumari Bank Limited
2026042301013236,KBL,49,22,890,221.7,197313.0,2026-04-23,187650509,142,Online Securities Pvt. Ltd.,Siprabi Securities Pvt. Ltd.,2026-04-23 11:33:09.546565,Kumari Bank Limited
2026042301013237,KBL,49,57,2870,221.8,636566.0,2026-04-23,187650512,142,Online Securities Pvt. Ltd.,Aryatara Investment & Securities,2026-04-23 11:33:09.546927,Kumari Bank Limited
2026042301013360,KBL,58,58,5,220.0,1100.0,2026-04-23,187650869,142,Naasa Securities Co. Ltd.,Naasa Securities Co. Ltd.,2026-04-23 11:33:26.757641,Kumari Bank Limited
2026042301014903,KBL,49,16,200,221.2,44240.0,2026-04-23,187655157,142,Online Securities Pvt. Ltd.,Primo Securities (PVT) Ltd.,2026-04-23 11:38:21.556913,Kumari Bank Limited
2026042301014999,KBL,48,57,500,221.8,110900.0,2026-04-23,187655432,142,Trishakti Securities Public Limited,Aryatara Investment & Securities,2026-04-23 11:38:46.455329,Kumari Bank Limited
2026042301015102,KBL,48,62,1000,221.5,221500.0,2026-04-23,187655739,142,Trishakti Securities Public Limited,Capital Max Securities Ltd,2026-04-23 11:39:13.748302,Kumari Bank Limited
2026042301015111,KBL,48,35,1500,221.5,332250.0,2026-04-23,187655761,142,Trishakti Securities Public Limited,Kohinoor Investment & Securities Pvt. Ltd.,2026-04-23 11:39:15.683413,Kumari Bank Limited
2026042301015230,KBL,48,29,500,221.5,110750.0,2026-04-23,187656122,142,Trishakti Securities Public Limited,Trisul Securities & Invt. Ltd.,2026-04-23 11:39:42.500886,Kumari Bank Limited
2026042301015231,KBL,45,29,200,221.1,44220.0,2026-04-23,187656123,142,Imperial Securities Company Pvt. Ltd.,Trisul Securities & Invt. Ltd.,2026-04-23 11:39:42.500922,Kumari Bank Limited
2026042301015423,KBL,58,39,10,221.5,2215.0,2026-04-23,187656599,142,Naasa Securities Co. Ltd.,Sumeru Securities Pvt. Ltd.,2026-04-23 11:40:06.900531,Kumari Bank Limited
2026042301015649,KBL,58,5,499,221.5,110528.5,2026-04-23,187657195,142,Naasa Securities Co. Ltd.,Market Securities & Exchange (PVT) Ltd.,2026-04-23 11:40:53.591509,Kumari Bank Limited
2026042301015650,KBL,58,58,91,221.5,20156.5,2026-04-23,187657202,142,Naasa Securities Co. Ltd.,Naasa Securities Co. Ltd.,2026-04-23 11:40:54.087093,Kumari Bank Limited
2026042301015749,KBL,45,29,133,221.1,29406.3,2026-04-23,187657530,142,Imperial Securities Company Pvt. Ltd.,Trisul Securities & Invt. Ltd.,2026-04-23 11:41:20.618327,Kumari Bank Limited
2026042301015750,KBL,17,29,50,221.0,11050.0,2026-04-23,187657532,142,ABC Securities Private Limited,Trisul Securities & Invt. Ltd.,2026-04-23 11:41:20.618365,Kumari Bank Limited
2026042301015751,KBL,42,29,95,221.0,20995.0,2026-04-23,187657534,142,Sani Securities Company Ltd.,Trisul Securities & Invt. Ltd.,2026-04-23 11:41:20.618391,Kumari Bank Limited
2026042301015752,KBL,58,29,150,221.0,33150.0,2026-04-23,187657536,142,Naasa Securities Co. Ltd.,Trisul Securities & Invt. Ltd.,2026-04-23 11:41:20.618412,Kumari Bank Limited
2026042301015753,KBL,35,29,20,221.0,4420.0,2026-04-23,187657538,142,Kohinoor Investment & Securities Pvt. Ltd.,Trisul Securities & Invt. Ltd.,2026-04-23 11:41:20.618435,Kumari Bank Limited
2026042301015754,KBL,58,29,10,220.5,2205.0,2026-04-23,187657540,142,Naasa Securities Co. Ltd.,Trisul Securities & Invt. Ltd.,2026-04-23 11:41:20.618506,Kumari Bank Limited
2026042301015755,KBL,49,29,42,220.4,9256.8,2026-04-23,187657541,142,Online Securities Pvt. Ltd.,Trisul Securities & Invt. Ltd.,2026-04-23 11:41:20.618534,Kumari Bank Limited
2026042301016038,KBL,96,58,37,220.5,8158.5,2026-04-23,187658383,142,Himalayan Securities Limited,Naasa Securities Co. Ltd.,2026-04-23 11:42:18.765014,Kumari Bank Limited
2026042301016120,KBL,96,29,500,220.5,110250.0,2026-04-23,187658609,142,Himalayan Securities Limited,Trisul Securities & Invt. Ltd.,2026-04-23 11:42:35.860215,Kumari Bank Limited
2026042301016219,KBL,96,22,3463,220.5,763591.5,2026-04-23,187658922,142,Himalayan Securities Limited,Siprabi Securities Pvt. Ltd.,2026-04-23 11:42:58.339016,Kumari Bank Limited
2026042301016220,KBL,49,22,258,220.4,56863.2,2026-04-23,187658925,142,Online Securities Pvt. Ltd.,Siprabi Securities Pvt. Ltd.,2026-04-23 11:42:58.339323,Kumari Bank Limited
2026042301016221,KBL,14,22,200,220.3,44060.0,2026-04-23,187658929,142,Nepal Stock House (PVT) Ltd.,Siprabi Securities Pvt. Ltd.,2026-04-23 11:42:58.339479,Kumari Bank Limited
2026042301016222,KBL,45,22,333,220.3,73359.9,2026-04-23,187658933,142,Imperial Securities Company Pvt. Ltd.,Siprabi Securities Pvt. Ltd.,2026-04-23 11:42:58.339624,Kumari Bank Limited
2026042301016223,KBL,58,22,14,220.3,3084.2,2026-04-23,187658937,142,Naasa Securities Co. Ltd.,Siprabi Securities Pvt. Ltd.,2026-04-23 11:42:58.339769,Kumari Bank Limited
2026042301016224,KBL,58,22,50,220.3,11015.0,2026-04-23,187658941,142,Naasa Securities Co. Ltd.,Siprabi Securities Pvt. Ltd.,2026-04-23 11:42:58.339921,Kumari Bank Limited
2026042301016225,KBL,93,22,682,220.2,150176.4,2026-04-23,187658943,142,Beni Securities Pvt.Ltd.,Siprabi Securities Pvt. Ltd.,2026-04-23 11:42:58.340070,Kumari Bank Limited
2026042301016299,KBL,57,48,200,220.5,44100.0,2026-04-23,187659246,142,Aryatara Investment & Securities,Trishakti Securities Public Limited,2026-04-23 11:43:20.006287,Kumari Bank Limited
2026042301016300,KBL,93,48,800,220.2,176160.0,2026-04-23,187659247,142,Beni Securities Pvt.Ltd.,Trishakti Securities Public Limited,2026-04-23 11:43:20.006362,Kumari Bank Limited
2026042301016475,KBL,93,58,59,220.2,12991.8,2026-04-23,187659929,142,Beni Securities Pvt.Ltd.,Naasa Securities Co. Ltd.,2026-04-23 11:44:13.332296,Kumari Bank Limited
2026042301016542,KBL,93,16,258,220.2,56811.6,2026-04-23,187660127,142,Beni Securities Pvt.Ltd.,Primo Securities (PVT) Ltd.,2026-04-23 11:44:30.750331,Kumari Bank Limited
2026042301016678,KBL,93,42,200,220.2,44040.0,2026-04-23,187660513,142,Beni Securities Pvt.Ltd.,Sani Securities Company Ltd.,2026-04-23 11:45:02.489982,Kumari Bank Limited
2026042301017154,KBL,18,14,50,220.2,11010.0,2026-04-23,187661987,142,Sagarmatha Securities Private Limited,Nepal Stock House (PVT) Ltd.,2026-04-23 11:46:50.359736,Kumari Bank Limited
2026042301017305,KBL,34,22,22,221.3,4868.6,2026-04-23,187662540,142,Vision Securities Pvt. Ltd,Siprabi Securities Pvt. Ltd.,2026-04-23 11:47:24.722085,Kumari Bank Limited
2026042301017509,KBL,18,83,950,220.2,209190.0,2026-04-23,187663092,142,Sagarmatha Securities Private Limited,Sanima Securities Limited,2026-04-23 11:48:13.205415,Kumari Bank Limited
2026042301017510,KBL,10,83,150,220.2,33030.0,2026-04-23,187663094,142,Pragyan Securities (PVT) Ltd.,Sanima Securities Limited,2026-04-23 11:48:13.205729,Kumari Bank Limited
2026042301017511,KBL,66,83,16,220.1,3521.6,2026-04-23,187663096,142,Miyo Securities Pvt Ltd,Sanima Securities Limited,2026-04-23 11:48:13.205896,Kumari Bank Limited
2026042301017512,KBL,59,83,450,220.1,99045.0,2026-04-23,187663098,142,Deevyaa Securities & Stock House Pvt. Ltd,Sanima Securities Limited,2026-04-23 11:48:13.206057,Kumari Bank Limited
2026042301017513,KBL,62,83,1000,220.0,220000.0,2026-04-23,187663100,142,Capital Max Securities Ltd,Sanima Securities Limited,2026-04-23 11:48:13.206231,Kumari Bank Limited
2026042301017514,KBL,38,83,300,220.0,66000.0,2026-04-23,187663102,142,Dipshikha Dhitopatra Karobar Co. Pvt Ltd.,Sanima Securities Limited,2026-04-23 11:48:13.206386,Kumari Bank Limited
2026042301017515,KBL,45,83,200,220.0,44000.0,2026-04-23,187663104,142,Imperial Securities Company Pvt. Ltd.,Sanima Securities Limited,2026-04-23 11:48:13.206583,Kumari Bank Limited
2026042301017516,KBL,39,83,135,220.0,29700.0,2026-04-23,187663106,142,Sumeru Securities Pvt. Ltd.,Sanima Securities Limited,2026-04-23 11:48:13.206780,Kumari Bank Limited
2026042301017517,KBL,20,83,58,220.0,12760.0,2026-04-23,187663108,142,Sipla Securities Private Limited,Sanima Securities Limited,2026-04-23 11:48:13.206999,Kumari Bank Limited
2026042301017518,KBL,48,83,20,220.0,4400.0,2026-04-23,187663110,142,Trishakti Securities Public Limited,Sanima Securities Limited,2026-04-23 11:48:13.207185,Kumari Bank Limited
2026042301017519,KBL,51,83,140,220.0,30800.0,2026-04-23,187663112,142,Oxford Securities Pvt. Ltd.,Sanima Securities Limited,2026-04-23 11:48:13.207364,Kumari Bank Limited
2026042301017520,KBL,58,83,55,220.0,12100.0,2026-04-23,187663114,142,Naasa Securities Co. Ltd.,Sanima Securities Limited,2026-04-23 11:48:13.207516,Kumari Bank Limited
2026042301017521,KBL,21,83,110,220.0,24200.0,2026-04-23,187663116,142,Midas Stock Broking Company Private Limited,Sanima Securities Limited,2026-04-23 11:48:13.207684,Kumari Bank Limited
2026042301017522,KBL,94,83,50,220.0,11000.0,2026-04-23,187663118,142,K.B.L. Securities Limited ,Sanima Securities Limited,2026-04-23 11:48:13.207840,Kumari Bank Limited
2026042301017523,KBL,36,83,28,220.0,6160.0,2026-04-23,187663120,142,Secured Securities Ltd.,Sanima Securities Limited,2026-04-23 11:48:13.208007,Kumari Bank Limited
2026042301017625,KBL,41,83,10,220.0,2200.0,2026-04-23,187663420,142,Linch Stock Market Ltd.,Sanima Securities Limited,2026-04-23 11:48:35.524218,Kumari Bank Limited
2026042301017679,KBL,44,83,328,220.0,72160.0,2026-04-23,187663577,142,Dynamic Money Managers Securities Pvt. Ltd.,Sanima Securities Limited,2026-04-23 11:48:52.437585,Kumari Bank Limited
2026042301017680,KBL,44,57,172,220.0,37840.0,2026-04-23,187663580,142,Dynamic Money Managers Securities Pvt. Ltd.,Aryatara Investment & Securities,2026-04-23 11:48:52.438278,Kumari Bank Limited
2026042301017811,KBL,58,34,40,219.5,8780.0,2026-04-23,187663926,142,Naasa Securities Co. Ltd.,Vision Securities Pvt. Ltd,2026-04-23 11:49:15.492214,Kumari Bank Limited
2026042301017812,KBL,46,34,25,219.2,5480.0,2026-04-23,187663927,142,Kalika Securities Pvt. Ltd.,Vision Securities Pvt. Ltd,2026-04-23 11:49:15.492549,Kumari Bank Limited
2026042301017840,KBL,36,57,70,220.0,15400.0,2026-04-23,187664010,142,Secured Securities Ltd.,Aryatara Investment & Securities,2026-04-23 11:49:23.949309,Kumari Bank Limited
2026042301017906,KBL,50,18,200,219.5,43900.0,2026-04-23,187664208,142,Cristal Kanchanjanga Securites Pvt. Ltd.,Sagarmatha Securities Private Limited,2026-04-23 11:49:45.677515,Kumari Bank Limited
2026042301017913,KBL,43,18,100,219.5,21950.0,2026-04-23,187664226,142,South Asian Bulls Pvt. Ltd.,Sagarmatha Securities Private Limited,2026-04-23 11:49:47.855018,Kumari Bank Limited
2026042301018139,KBL,49,18,100,219.5,21950.0,2026-04-23,187664875,142,Online Securities Pvt. Ltd.,Sagarmatha Securities Private Limited,2026-04-23 11:50:36.425175,Kumari Bank Limited
2026042301018140,KBL,49,57,200,220.0,44000.0,2026-04-23,187664878,142,Online Securities Pvt. Ltd.,Aryatara Investment & Securities,2026-04-23 11:50:36.425518,Kumari Bank Limited
2026042301018374,KBL,49,57,270,220.0,59400.0,2026-04-23,187665554,142,Online Securities Pvt. Ltd.,Aryatara Investment & Securities,2026-04-23 11:51:16.984859,Kumari Bank Limited
2026042301018636,KBL,19,34,70,219.5,15365.0,2026-04-23,187666378,142,Nepal Investment And Securities Trading Private Limited,Vision Securities Pvt. Ltd,2026-04-23 11:52:25.036284,Kumari Bank Limited
2026042301018637,KBL,45,34,100,219.5,21950.0,2026-04-23,187666380,142,Imperial Securities Company Pvt. Ltd.,Vision Securities Pvt. Ltd,2026-04-23 11:52:25.036963,Kumari Bank Limited
2026042301018638,KBL,57,34,100,219.5,21950.0,2026-04-23,187666382,142,Aryatara Investment & Securities,Vision Securities Pvt. Ltd,2026-04-23 11:52:25.037461,Kumari Bank Limited
2026042301018639,KBL,41,34,100,219.4,21940.0,2026-04-23,187666384,142,Linch Stock Market Ltd.,Vision Securities Pvt. Ltd,2026-04-23 11:52:25.037951,Kumari Bank Limited
2026042301018640,KBL,32,34,500,219.3,109650.0,2026-04-23,187666386,142,Premier Securities Company Ltd.,Vision Securities Pvt. Ltd,2026-04-23 11:52:25.038447,Kumari Bank Limited
2026042301018641,KBL,46,34,175,219.2,38360.0,2026-04-23,187666388,142,Kalika Securities Pvt. Ltd.,Vision Securities Pvt. Ltd,2026-04-23 11:52:25.038914,Kumari Bank Limited
2026042301018642,KBL,11,34,475,219.2,104120.0,2026-04-23,187666389,142,Malla & Malla Stock Broking Company Pvt. Limited,Vision Securities Pvt. Ltd,2026-04-23 11:52:25.039426,Kumari Bank Limited
2026042301019037,KBL,14,57,95,220.0,20900.0,2026-04-23,187667736,142,Nepal Stock House (PVT) Ltd.,Aryatara Investment & Securities,2026-04-23 11:54:11.197386,Kumari Bank Limited
2026042301019043,KBL,11,39,500,219.2,109600.0,2026-04-23,187667757,142,Malla & Malla Stock Broking Company Pvt. Limited,Sumeru Securities Pvt. Ltd.,2026-04-23 11:54:13.006788,Kumari Bank Limited
2026042301019166,KBL,10,57,10,220.0,2200.0,2026-04-23,187668134,142,Pragyan Securities (PVT) Ltd.,Aryatara Investment & Securities,2026-04-23 11:54:43.859554,Kumari Bank Limited
2026042301019542,KBL,101,57,1000,220.0,220000.0,2026-04-23,187669226,142,APPLE SECURITIES PRIVATE LIMITED,Aryatara Investment & Securities,2026-04-23 11:56:03.752905,Kumari Bank Limited
2026042301019791,KBL,11,83,25,219.2,5480.0,2026-04-23,187669972,142,Malla & Malla Stock Broking Company Pvt. Limited,Sanima Securities Limited,2026-04-23 11:56:57.248382,Kumari Bank Limited
2026042301019792,KBL,25,83,500,219.1,109550.0,2026-04-23,187669974,142,Sweta Securities Private Limited,Sanima Securities Limited,2026-04-23 11:56:57.249157,Kumari Bank Limited
2026042301019793,KBL,94,83,50,219.1,10955.0,2026-04-23,187669976,142,K.B.L. Securities Limited ,Sanima Securities Limited,2026-04-23 11:56:57.249699,Kumari Bank Limited
2026042301019794,KBL,58,83,200,219.0,43800.0,2026-04-23,187669978,142,Naasa Securities Co. Ltd.,Sanima Securities Limited,2026-04-23 11:56:57.250260,Kumari Bank Limited
2026042301019795,KBL,56,83,2000,219.0,438000.0,2026-04-23,187669980,142,Sri Hari Securities Pvt. Ltd.,Sanima Securities Limited,2026-04-23 11:56:57.250786,Kumari Bank Limited
2026042301019796,KBL,35,83,50,219.0,10950.0,2026-04-23,187669982,142,Kohinoor Investment & Securities Pvt. Ltd.,Sanima Securities Limited,2026-04-23 11:56:57.251298,Kumari Bank Limited
2026042301019797,KBL,43,83,50,219.0,10950.0,2026-04-23,187669984,142,South Asian Bulls Pvt. Ltd.,Sanima Securities Limited,2026-04-23 11:56:57.251801,Kumari Bank Limited
2026042301019798,KBL,51,83,50,219.0,10950.0,2026-04-23,187669986,142,Oxford Securities Pvt. Ltd.,Sanima Securities Limited,2026-04-23 11:56:57.252334,Kumari Bank Limited
2026042301019799,KBL,58,83,500,219.0,109500.0,2026-04-23,187669988,142,Naasa Securities Co. Ltd.,Sanima Securities Limited,2026-04-23 11:56:57.252855,Kumari Bank Limited
2026042301019800,KBL,57,83,200,219.0,43800.0,2026-04-23,187669990,142,Aryatara Investment & Securities,Sanima Securities Limited,2026-04-23 11:56:57.253382,Kumari Bank Limited
2026042301019801,KBL,32,83,10000,219.0,2190000.0,2026-04-23,187669992,142,Premier Securities Company Ltd.,Sanima Securities Limited,2026-04-23 11:56:57.253873,Kumari Bank Limited
2026042301019802,KBL,43,83,100,219.0,21900.0,2026-04-23,187669994,142,South Asian Bulls Pvt. Ltd.,Sanima Securities Limited,2026-04-23 11:56:57.254379,Kumari Bank Limited
2026042301019803,KBL,14,83,100,219.0,21900.0,2026-04-23,187669996,142,Nepal Stock House (PVT) Ltd.,Sanima Securities Limited,2026-04-23 11:56:57.254886,Kumari Bank Limited
2026042301019804,KBL,89,83,50,219.0,10950.0,2026-04-23,187669998,142,Global IME Securities Limited,Sanima Securities Limited,2026-04-23 11:56:57.255411,Kumari Bank Limited
2026042301019946,KBL,43,83,100,218.6,21860.0,2026-04-23,187670386,142,South Asian Bulls Pvt. Ltd.,Sanima Securities Limited,2026-04-23 11:57:18.803641,Kumari Bank Limited
2026042301019947,KBL,62,83,2000,218.5,437000.0,2026-04-23,187670388,142,Capital Max Securities Ltd,Sanima Securities Limited,2026-04-23 11:57:18.803980,Kumari Bank Limited
2026042301019948,KBL,8,83,390,218.5,85215.0,2026-04-23,187670390,142,Brilliant Securities Pvt. Ltd.,Sanima Securities Limited,2026-04-23 11:57:18.804160,Kumari Bank Limited
2026042301019949,KBL,65,83,3000,218.3,654900.0,2026-04-23,187670392,142,Sharepro Securities Private Limited,Sanima Securities Limited,2026-04-23 11:57:18.804332,Kumari Bank Limited
2026042301019950,KBL,62,83,5000,218.3,1091500.0,2026-04-23,187670394,142,Capital Max Securities Ltd,Sanima Securities Limited,2026-04-23 11:57:18.804494,Kumari Bank Limited
2026042301019951,KBL,58,83,1000,218.0,218000.0,2026-04-23,187670396,142,Naasa Securities Co. Ltd.,Sanima Securities Limited,2026-04-23 11:57:18.804676,Kumari Bank Limited
2026042301019952,KBL,56,83,200,218.0,43600.0,2026-04-23,187670398,142,Sri Hari Securities Pvt. Ltd.,Sanima Securities Limited,2026-04-23 11:57:18.804849,Kumari Bank Limited
2026042301019953,KBL,41,83,200,218.0,43600.0,2026-04-23,187670400,142,Linch Stock Market Ltd.,Sanima Securities Limited,2026-04-23 11:57:18.805010,Kumari Bank Limited
2026042301019954,KBL,1,83,50,218.0,10900.0,2026-04-23,187670402,142,Kumari Securities Private Limited,Sanima Securities Limited,2026-04-23 11:57:18.805179,Kumari Bank Limited
2026042301019955,KBL,16,83,300,218.0,65400.0,2026-04-23,187670404,142,Primo Securities (PVT) Ltd.,Sanima Securities Limited,2026-04-23 11:57:18.805346,Kumari Bank Limited
2026042301019956,KBL,26,83,1000,218.0,218000.0,2026-04-23,187670406,142,Asian Securities Private Ltd.,Sanima Securities Limited,2026-04-23 11:57:18.805510,Kumari Bank Limited
2026042301019957,KBL,6,83,2000,218.0,436000.0,2026-04-23,187670408,142,Agrawal Securities (PVT) Ltd.,Sanima Securities Limited,2026-04-23 11:57:18.805676,Kumari Bank Limited
2026042301019958,KBL,94,83,500,218.0,109000.0,2026-04-23,187670410,142,K.B.L. Securities Limited ,Sanima Securities Limited,2026-04-23 11:57:18.805912,Kumari Bank Limited
2026042301019959,KBL,4,83,1000,218.0,218000.0,2026-04-23,187670412,142,Opal Securities Investment (PVT) Ltd.,Sanima Securities Limited,2026-04-23 11:57:18.806280,Kumari Bank Limited
2026042301019960,KBL,47,83,225,218.0,49050.0,2026-04-23,187670414,142,Neev Securities Pvt. Ltd.,Sanima Securities Limited,2026-04-23 11:57:18.806666,Kumari Bank Limited
2026042301019961,KBL,35,83,50,218.0,10900.0,2026-04-23,187670416,142,Kohinoor Investment & Securities Pvt. Ltd.,Sanima Securities Limited,2026-04-23 11:57:18.807034,Kumari Bank Limited
2026042301019962,KBL,58,83,500,218.0,109000.0,2026-04-23,187670418,142,Naasa Securities Co. Ltd.,Sanima Securities Limited,2026-04-23 11:57:18.807400,Kumari Bank Limited
2026042301019963,KBL,4,83,100,218.0,21800.0,2026-04-23,187670420,142,Opal Securities Investment (PVT) Ltd.,Sanima Securities Limited,2026-04-23 11:57:18.807813,Kumari Bank Limited
2026042301019964,KBL,10,83,100,218.0,21800.0,2026-04-23,187670422,142,Pragyan Securities (PVT) Ltd.,Sanima Securities Limited,2026-04-23 11:57:18.808199,Kumari Bank Limited
2026042301019965,KBL,43,83,500,218.0,109000.0,2026-04-23,187670424,142,South Asian Bulls Pvt. Ltd.,Sanima Securities Limited,2026-04-23 11:57:18.808560,Kumari Bank Limited
2026042301019966,KBL,62,83,10,218.0,2180.0,2026-04-23,187670426,142,Capital Max Securities Ltd,Sanima Securities Limited,2026-04-23 11:57:18.808922,Kumari Bank Limited
2026042301019967,KBL,57,83,200,218.0,43600.0,2026-04-23,187670428,142,Aryatara Investment & Securities,Sanima Securities Limited,2026-04-23 11:57:18.809302,Kumari Bank Limited
2026042301019968,KBL,39,83,250,218.0,54500.0,2026-04-23,187670430,142,Sumeru Securities Pvt. Ltd.,Sanima Securities Limited,2026-04-23 11:57:18.809655,Kumari Bank Limited
2026042301019969,KBL,58,83,200,218.0,43600.0,2026-04-23,187670432,142,Naasa Securities Co. Ltd.,Sanima Securities Limited,2026-04-23 11:57:18.810017,Kumari Bank Limited
2026042301019970,KBL,47,83,30,218.0,6540.0,2026-04-23,187670434,142,Neev Securities Pvt. Ltd.,Sanima Securities Limited,2026-04-23 11:57:18.810386,Kumari Bank Limited
2026042301019971,KBL,42,83,60,218.0,13080.0,2026-04-23,187670436,142,Sani Securities Company Ltd.,Sanima Securities Limited,2026-04-23 11:57:18.810746,Kumari Bank Limited
2026042301019984,KBL,41,83,200,218.0,43600.0,2026-04-23,187670468,142,Linch Stock Market Ltd.,Sanima Securities Limited,2026-04-23 11:57:20.381605,Kumari Bank Limited
2026042301020004,KBL,32,83,500,218.0,109000.0,2026-04-23,187670532,142,Premier Securities Company Ltd.,Sanima Securities Limited,2026-04-23 11:57:26.076469,Kumari Bank Limited
2026042301020021,KBL,58,83,10,218.0,2180.0,2026-04-23,187670578,142,Naasa Securities Co. Ltd.,Sanima Securities Limited,2026-04-23 11:57:29.558064,Kumari Bank Limited
2026042301020059,KBL,7,83,200,218.0,43600.0,2026-04-23,187670672,142,J.F. Securites (PVT) Ltd.,Sanima Securities Limited,2026-04-23 11:57:36.755519,Kumari Bank Limited
2026042301020083,KBL,46,83,125,218.0,27250.0,2026-04-23,187670763,142,Kalika Securities Pvt. Ltd.,Sanima Securities Limited,2026-04-23 11:57:41.842821,Kumari Bank Limited
2026042301020587,KBL,42,58,10,218.3,2183.0,2026-04-23,187672359,142,Sani Securities Company Ltd.,Naasa Securities Co. Ltd.,2026-04-23 11:59:40.100390,Kumari Bank Limited
2026042301021083,KBL,42,34,500,218.4,109200.0,2026-04-23,187673689,142,Sani Securities Company Ltd.,Vision Securities Pvt. Ltd,2026-04-23 12:01:15.856244,Kumari Bank Limited
2026042301021108,KBL,42,45,500,218.4,109200.0,2026-04-23,187673774,142,Sani Securities Company Ltd.,Imperial Securities Company Pvt. Ltd.,2026-04-23 12:01:21.031444,Kumari Bank Limited
2026042301021139,KBL,36,45,100,218.4,21840.0,2026-04-23,187673846,142,Secured Securities Ltd.,Imperial Securities Company Pvt. Ltd.,2026-04-23 12:01:23.794228,Kumari Bank Limited
2026042301021249,KBL,1,45,100,218.4,21840.0,2026-04-23,187674118,142,Kumari Securities Private Limited,Imperial Securities Company Pvt. Ltd.,2026-04-23 12:01:37.250438,Kumari Bank Limited
2026042301021253,KBL,32,45,300,218.4,65520.0,2026-04-23,187674127,142,Premier Securities Company Ltd.,Imperial Securities Company Pvt. Ltd.,2026-04-23 12:01:38.446213,Kumari Bank Limited
2026042301021761,KBL,58,35,10,219.8,2198.0,2026-04-23,187675636,142,Naasa Securities Co. Ltd.,Kohinoor Investment & Securities Pvt. Ltd.,2026-04-23 12:03:43.993145,Kumari Bank Limited
2026042301021993,KBL,58,29,15,219.5,3292.5,2026-04-23,187676304,142,Naasa Securities Co. Ltd.,Trisul Securities & Invt. Ltd.,2026-04-23 12:04:27.839176,Kumari Bank Limited
2026042301021994,KBL,89,29,15,219.0,3285.0,2026-04-23,187676305,142,Global IME Securities Limited,Trisul Securities & Invt. Ltd.,2026-04-23 12:04:27.839277,Kumari Bank Limited
2026042301022156,KBL,44,35,200,219.8,43960.0,2026-04-23,187676866,142,Dynamic Money Managers Securities Pvt. Ltd.,Kohinoor Investment & Securities Pvt. Ltd.,2026-04-23 12:05:13.702438,Kumari Bank Limited
2026042301022797,KBL,45,35,290,219.8,63742.0,2026-04-23,187678735,142,Imperial Securities Company Pvt. Ltd.,Kohinoor Investment & Securities Pvt. Ltd.,2026-04-23 12:07:09.488726,Kumari Bank Limited
2026042301022798,KBL,45,57,183,220.0,40260.0,2026-04-23,187678737,142,Imperial Securities Company Pvt. Ltd.,Aryatara Investment & Securities,2026-04-23 12:07:09.489669,Kumari Bank Limited
2026042301022799,KBL,45,57,15,220.0,3300.0,2026-04-23,187678739,142,Imperial Securities Company Pvt. Ltd.,Aryatara Investment & Securities,2026-04-23 12:07:09.490457,Kumari Bank Limited
2026042301022800,KBL,45,42,200,220.0,44000.0,2026-04-23,187678741,142,Imperial Securities Company Pvt. Ltd.,Sani Securities Company Ltd.,2026-04-23 12:07:09.491182,Kumari Bank Limited
2026042301023096,KBL,45,14,1000,220.5,220500.0,2026-04-23,187679496,142,Imperial Securities Company Pvt. Ltd.,Nepal Stock House (PVT) Ltd.,2026-04-23 12:07:54.827356,Kumari Bank Limited
2026042301023394,KBL,53,83,1000,220.1,220100.0,2026-04-23,187680438,142,Investment Management Nepal Pvt. Ltd.,Sanima Securities Limited,2026-04-23 12:09:18.229663,Kumari Bank Limited
2026042301023395,KBL,89,83,41000,220.0,9020000.0,2026-04-23,187680439,142,Global IME Securities Limited,Sanima Securities Limited,2026-04-23 12:09:18.230595,Kumari Bank Limited
2026042301023563,KBL,44,22,50,221.0,11050.0,2026-04-23,187680965,142,Dynamic Money Managers Securities Pvt. Ltd.,Siprabi Securities Pvt. Ltd.,2026-04-23 12:10:21.222581,Kumari Bank Limited
2026042301023564,KBL,44,38,140,221.0,30940.0,2026-04-23,187680967,142,Dynamic Money Managers Securities Pvt. Ltd.,Dipshikha Dhitopatra Karobar Co. Pvt Ltd.,2026-04-23 12:10:21.223520,Kumari Bank Limited
2026042301023897,KBL,59,22,250,221.3,55325.0,2026-04-23,187682026,142,Deevyaa Securities & Stock House Pvt. Ltd,Siprabi Securities Pvt. Ltd.,2026-04-23 12:11:58.777801,Kumari Bank Limited
2026042301024981,KBL,34,22,35,221.3,7745.5,2026-04-23,187685072,142,Vision Securities Pvt. Ltd,Siprabi Securities Pvt. Ltd.,2026-04-23 12:16:11.602159,Kumari Bank Limited
2026042301025234,KBL,6,22,100,221.3,22130.0,2026-04-23,187685846,142,Agrawal Securities (PVT) Ltd.,Siprabi Securities Pvt. Ltd.,2026-04-23 12:17:15.892008,Kumari Bank Limited
2026042301025343,KBL,36,83,30,221.1,6633.0,2026-04-23,187686230,142,Secured Securities Ltd.,Sanima Securities Limited,2026-04-23 12:17:51.958525,Kumari Bank Limited
2026042301025344,KBL,44,83,810,221.0,179010.0,2026-04-23,187686232,142,Dynamic Money Managers Securities Pvt. Ltd.,Sanima Securities Limited,2026-04-23 12:17:51.959462,Kumari Bank Limited
2026042301025345,KBL,58,83,100,221.0,22100.0,2026-04-23,187686234,142,Naasa Securities Co. Ltd.,Sanima Securities Limited,2026-04-23 12:17:51.960171,Kumari Bank Limited
2026042301025346,KBL,49,83,10,220.0,2200.0,2026-04-23,187686236,142,Online Securities Pvt. Ltd.,Sanima Securities Limited,2026-04-23 12:17:51.960846,Kumari Bank Limited
2026042301025347,KBL,49,83,30,220.0,6600.0,2026-04-23,187686238,142,Online Securities Pvt. Ltd.,Sanima Securities Limited,2026-04-23 12:17:51.961511,Kumari Bank Limited
2026042301025348,KBL,59,83,50,220.0,11000.0,2026-04-23,187686240,142,Deevyaa Securities & Stock House Pvt. Ltd,Sanima Securities Limited,2026-04-23 12:17:51.962193,Kumari Bank Limited
2026042301025349,KBL,42,83,56,220.0,12320.0,2026-04-23,187686242,142,Sani Securities Company Ltd.,Sanima Securities Limited,2026-04-23 12:17:51.962868,Kumari Bank Limited
2026042301025350,KBL,89,83,3885,220.0,854700.0,2026-04-23,187686244,142,Global IME Securities Limited,Sanima Securities Limited,2026-04-23 12:17:51.963526,Kumari Bank Limited
2026042301025351,KBL,38,83,500,220.0,110000.0,2026-04-23,187686246,142,Dipshikha Dhitopatra Karobar Co. Pvt Ltd.,Sanima Securities Limited,2026-04-23 12:17:51.964223,Kumari Bank Limited
2026042301025352,KBL,6,83,100,220.0,22000.0,2026-04-23,187686248,142,Agrawal Securities (PVT) Ltd.,Sanima Securities Limited,2026-04-23 12:17:51.964898,Kumari Bank Limited
2026042301025455,KBL,34,83,29,220.0,6380.0,2026-04-23,187686611,142,Vision Securities Pvt. Ltd,Sanima Securities Limited,2026-04-23 12:18:25.860565,Kumari Bank Limited
2026042301025456,KBL,34,22,171,221.3,37842.3,2026-04-23,187686614,142,Vision Securities Pvt. Ltd,Siprabi Securities Pvt. Ltd.,2026-04-23 12:18:25.860986,Kumari Bank Limited
2026042301025516,KBL,71,22,150,221.3,33195.0,2026-04-23,187686816,142,SHUBHAKAMANA SECURITIES PVT. LTD,Siprabi Securities Pvt. Ltd.,2026-04-23 12:18:43.108371,Kumari Bank Limited
2026042301026100,KBL,32,44,100,220.0,22000.0,2026-04-23,187688365,142,Premier Securities Company Ltd.,Dynamic Money Managers Securities Pvt. Ltd.,2026-04-23 12:20:46.255608,Kumari Bank Limited
2026042301026234,KBL,36,19,100,221.0,22100.0,2026-04-23,187688684,142,Secured Securities Ltd.,Nepal Investment And Securities Trading Private Limited,2026-04-23 12:21:13.259659,Kumari Bank Limited
2026042301026526,KBL,49,39,58,220.2,12771.6,2026-04-23,187689592,142,Online Securities Pvt. Ltd.,Sumeru Securities Pvt. Ltd.,2026-04-23 12:22:28.972388,Kumari Bank Limited
2026042301026527,KBL,45,39,32,220.1,7043.2,2026-04-23,187689594,142,Imperial Securities Company Pvt. Ltd.,Sumeru Securities Pvt. Ltd.,2026-04-23 12:22:28.973447,Kumari Bank Limited
2026042301026528,KBL,32,39,400,220.0,88000.0,2026-04-23,187689596,142,Premier Securities Company Ltd.,Sumeru Securities Pvt. Ltd.,2026-04-23 12:22:28.974329,Kumari Bank Limited
2026042301026529,KBL,101,39,640,220.0,140800.0,2026-04-23,187689597,142,APPLE SECURITIES PRIVATE LIMITED,Sumeru Securities Pvt. Ltd.,2026-04-23 12:22:28.975106,Kumari Bank Limited
2026042301026662,KBL,69,44,10,220.2,2202.0,2026-04-23,187690005,142,INDEX SECURITIES LIMITED,Dynamic Money Managers Securities Pvt. Ltd.,2026-04-23 12:23:02.824354,Kumari Bank Limited
2026042301026663,KBL,69,19,10,221.0,2210.0,2026-04-23,187690008,142,INDEX SECURITIES LIMITED,Nepal Investment And Securities Trading Private Limited,2026-04-23 12:23:02.824444,Kumari Bank Limited
2026042301026832,KBL,101,80,50,220.0,11000.0,2026-04-23,187690541,142,APPLE SECURITIES PRIVATE LIMITED,Indira securities pvt. ltd,2026-04-23 12:24:04.313913,Kumari Bank Limited
2026042301027234,KBL,57,19,22,221.0,4862.0,2026-04-23,187691703,142,Aryatara Investment & Securities,Nepal Investment And Securities Trading Private Limited,2026-04-23 12:26:11.345262,Kumari Bank Limited
2026042301027235,KBL,57,42,25,221.0,5525.0,2026-04-23,187691706,142,Aryatara Investment & Securities,Sani Securities Company Ltd.,2026-04-23 12:26:11.345419,Kumari Bank Limited
2026042301027602,KBL,58,42,20,221.0,4420.0,2026-04-23,187692774,142,Naasa Securities Co. Ltd.,Sani Securities Company Ltd.,2026-04-23 12:27:46.949814,Kumari Bank Limited
2026042301027795,KBL,81,42,100,221.0,22100.0,2026-04-23,187693296,142,Aakashbhairab Securities Ltd.,Sani Securities Company Ltd.,2026-04-23 12:28:39.189087,Kumari Bank Limited
2026042301027933,KBL,94,42,31,221.0,6851.0,2026-04-23,187693729,142,K.B.L. Securities Limited ,Sani Securities Company Ltd.,2026-04-23 12:29:45.066476,Kumari Bank Limited
2026042301027934,KBL,94,13,200,221.0,44200.0,2026-04-23,187693731,142,K.B.L. Securities Limited ,Thrive Brokerage House Pvt. Ltd,2026-04-23 12:29:45.067019,Kumari Bank Limited
2026042301027935,KBL,94,5,769,221.0,169949.0,2026-04-23,187693734,142,K.B.L. Securities Limited ,Market Securities & Exchange (PVT) Ltd.,2026-04-23 12:29:45.067325,Kumari Bank Limited
2026042301028053,KBL,1,5,1000,221.0,221000.0,2026-04-23,187694102,142,Kumari Securities Private Limited,Market Securities & Exchange (PVT) Ltd.,2026-04-23 12:30:27.887767,Kumari Bank Limited
2026042301028099,KBL,17,5,1000,221.0,221000.0,2026-04-23,187694252,142,ABC Securities Private Limited,Market Securities & Exchange (PVT) Ltd.,2026-04-23 12:30:40.596179,Kumari Bank Limited
2026042301028135,KBL,38,54,34,220.9,7510.6,2026-04-23,187694392,142,Dipshikha Dhitopatra Karobar Co. Pvt Ltd.,Sewa Securities Pvt. Ltd.,2026-04-23 12:30:58.158588,Kumari Bank Limited
2026042301028146,KBL,4,49,10,220.5,2205.0,2026-04-23,187694430,142,Opal Securities Investment (PVT) Ltd.,Online Securities Pvt. Ltd.,2026-04-23 12:31:05.238060,Kumari Bank Limited
2026042301028147,KBL,59,49,400,220.4,88160.0,2026-04-23,187694432,142,Deevyaa Securities & Stock House Pvt. Ltd,Online Securities Pvt. Ltd.,2026-04-23 12:31:05.239077,Kumari Bank Limited
2026042301028148,KBL,58,49,100,220.4,22040.0,2026-04-23,187694434,142,Naasa Securities Co. Ltd.,Online Securities Pvt. Ltd.,2026-04-23 12:31:05.239823,Kumari Bank Limited
2026042301028149,KBL,35,49,500,220.1,110050.0,2026-04-23,187694436,142,Kohinoor Investment & Securities Pvt. Ltd.,Online Securities Pvt. Ltd.,2026-04-23 12:31:05.240568,Kumari Bank Limited
2026042301028150,KBL,58,49,25,220.1,5502.5,2026-04-23,187694438,142,Naasa Securities Co. Ltd.,Online Securities Pvt. Ltd.,2026-04-23 12:31:05.241302,Kumari Bank Limited
2026042301028151,KBL,101,49,265,220.0,58300.0,2026-04-23,187694439,142,APPLE SECURITIES PRIVATE LIMITED,Online Securities Pvt. Ltd.,2026-04-23 12:31:05.242038,Kumari Bank Limited
2026042301028543,KBL,38,14,13,220.5,2866.5,2026-04-23,187695812,142,Dipshikha Dhitopatra Karobar Co. Pvt Ltd.,Nepal Stock House (PVT) Ltd.,2026-04-23 12:33:54.406736,Kumari Bank Limited
2026042301028737,KBL,45,14,212,220.5,46746.0,2026-04-23,187696361,142,Imperial Securities Company Pvt. Ltd.,Nepal Stock House (PVT) Ltd.,2026-04-23 12:34:49.244285,Kumari Bank Limited
2026042301028738,KBL,45,5,231,221.0,51051.0,2026-04-23,187696363,142,Imperial Securities Company Pvt. Ltd.,Market Securities & Exchange (PVT) Ltd.,2026-04-23 12:34:49.244782,Kumari Bank Limited
2026042301029022,KBL,45,74,350,221.2,77420.0,2026-04-23,187697238,142,Imperial Securities Company Pvt. Ltd.,KALASH STOCK MARKET PVT. LTD.,2026-04-23 12:35:46.536600,Kumari Bank Limited
2026042301029122,KBL,45,22,22,221.3,4868.6,2026-04-23,187697583,142,Imperial Securities Company Pvt. Ltd.,Siprabi Securities Pvt. Ltd.,2026-04-23 12:36:16.233007,Kumari Bank Limited
2026042301029123,KBL,45,22,890,221.7,197313.0,2026-04-23,187697585,142,Imperial Securities Company Pvt. Ltd.,Siprabi Securities Pvt. Ltd.,2026-04-23 12:36:16.233130,Kumari Bank Limited
2026042301029124,KBL,45,57,88,221.8,19518.4,2026-04-23,187697588,142,Imperial Securities Company Pvt. Ltd.,Aryatara Investment & Securities,2026-04-23 12:36:16.233200,Kumari Bank Limited
2026042301029297,KBL,45,57,1000,221.8,221800.0,2026-04-23,187698096,142,Imperial Securities Company Pvt. Ltd.,Aryatara Investment & Securities,2026-04-23 12:36:54.538524,Kumari Bank Limited
2026042301029450,KBL,45,57,542,221.8,120215.6,2026-04-23,187698515,142,Imperial Securities Company Pvt. Ltd.,Aryatara Investment & Securities,2026-04-23 12:37:28.110592,Kumari Bank Limited
2026042301029451,KBL,45,54,10,221.8,2218.0,2026-04-23,187698518,142,Imperial Securities Company Pvt. Ltd.,Sewa Securities Pvt. Ltd.,2026-04-23 12:37:28.111121,Kumari Bank Limited
2026042301029534,KBL,45,42,15,222.0,3330.0,2026-04-23,187698787,142,Imperial Securities Company Pvt. Ltd.,Sani Securities Company Ltd.,2026-04-23 12:37:54.007297,Kumari Bank Limited
2026042301029535,KBL,45,33,100,222.0,22200.0,2026-04-23,187698789,142,Imperial Securities Company Pvt. Ltd.,Dakshinkali Investment & Securities Pvt. Ltd.,2026-04-23 12:37:54.007827,Kumari Bank Limited
2026042301029536,KBL,45,52,46,222.0,10212.0,2026-04-23,187698791,142,Imperial Securities Company Pvt. Ltd.,Sundhara Securities Limited,2026-04-23 12:37:54.008097,Kumari Bank Limited
2026042301029537,KBL,45,42,1000,222.0,222000.0,2026-04-23,187698794,142,Imperial Securities Company Pvt. Ltd.,Sani Securities Company Ltd.,2026-04-23 12:37:54.008351,Kumari Bank Limited
2026042301029700,KBL,50,22,100,222.9,22290.0,2026-04-23,187699316,142,Cristal Kanchanjanga Securites Pvt. Ltd.,Siprabi Securities Pvt. Ltd.,2026-04-23 12:38:40.299722,Kumari Bank Limited
2026042301029929,KBL,45,22,1880,222.9,419052.0,2026-04-23,187700323,142,Imperial Securities Company Pvt. Ltd.,Siprabi Securities Pvt. Ltd.,2026-04-23 12:40:52.575077,Kumari Bank Limited
2026042301029959,KBL,45,99,677,222.9,150903.3,2026-04-23,187700434,142,Imperial Securities Company Pvt. Ltd.,Prabhu Stock Market Limited,2026-04-23 12:41:06.482505,Kumari Bank Limited
2026042301029965,KBL,13,99,90,222.9,20061.0,2026-04-23,187700464,142,Thrive Brokerage House Pvt. Ltd,Prabhu Stock Market Limited,2026-04-23 12:41:09.693916,Kumari Bank Limited
2026042301030048,KBL,37,99,10,222.1,2221.0,2026-04-23,187700753,142,Swarna Laxmi Securities Pvt. Ltd.,Prabhu Stock Market Limited,2026-04-23 12:41:49.160204,Kumari Bank Limited
2026042301030080,KBL,37,99,990,222.1,219879.0,2026-04-23,187700840,142,Swarna Laxmi Securities Pvt. Ltd.,Prabhu Stock Market Limited,2026-04-23 12:42:02.162070,Kumari Bank Limited
2026042301030081,KBL,58,99,10,222.0,2220.0,2026-04-23,187700841,142,Naasa Securities Co. Ltd.,Prabhu Stock Market Limited,2026-04-23 12:42:02.163093,Kumari Bank Limited
2026042301030209,KBL,58,99,80,222.0,17760.0,2026-04-23,187701270,142,Naasa Securities Co. Ltd.,Prabhu Stock Market Limited,2026-04-23 12:42:56.447365,Kumari Bank Limited
2026042301030210,KBL,45,99,153,222.0,33966.0,2026-04-23,187701271,142,Imperial Securities Company Pvt. Ltd.,Prabhu Stock Market Limited,2026-04-23 12:42:56.448386,Kumari Bank Limited
2026042301030629,KBL,58,58,150,223.0,33450.0,2026-04-23,187702492,142,Naasa Securities Co. Ltd.,Naasa Securities Co. Ltd.,2026-04-23 12:44:39.663770,Kumari Bank Limited
2026042301031050,KBL,5,58,63,223.0,14049.0,2026-04-23,187703815,142,Market Securities & Exchange (PVT) Ltd.,Naasa Securities Co. Ltd.,2026-04-23 12:46:31.370300,Kumari Bank Limited
2026042301031051,KBL,5,45,110,223.0,24530.0,2026-04-23,187703817,142,Market Securities & Exchange (PVT) Ltd.,Imperial Securities Company Pvt. Ltd.,2026-04-23 12:46:31.371373,Kumari Bank Limited
2026042301031363,KBL,4,53,100,223.8,22380.0,2026-04-23,187704736,142,Opal Securities Investment (PVT) Ltd.,Investment Management Nepal Pvt. Ltd.,2026-04-23 12:47:52.222106,Kumari Bank Limited
2026042301031409,KBL,46,53,42,223.8,9399.6,2026-04-23,187704879,142,Kalika Securities Pvt. Ltd.,Investment Management Nepal Pvt. Ltd.,2026-04-23 12:48:19.753349,Kumari Bank Limited
2026042301031476,KBL,5,83,27,223.0,6021.0,2026-04-23,187705068,142,Market Securities & Exchange (PVT) Ltd.,Sanima Securities Limited,2026-04-23 12:48:46.512577,Kumari Bank Limited
2026042301031477,KBL,25,83,50,223.0,11150.0,2026-04-23,187705070,142,Sweta Securities Private Limited,Sanima Securities Limited,2026-04-23 12:48:46.513101,Kumari Bank Limited
2026042301031478,KBL,44,83,2250,222.3,500175.0,2026-04-23,187705072,142,Dynamic Money Managers Securities Pvt. Ltd.,Sanima Securities Limited,2026-04-23 12:48:46.513380,Kumari Bank Limited
2026042301031479,KBL,19,83,1000,222.3,222300.0,2026-04-23,187705074,142,Nepal Investment And Securities Trading Private Limited,Sanima Securities Limited,2026-04-23 12:48:46.513666,Kumari Bank Limited
2026042301031480,KBL,82,83,26297,222.2,5843193.4,2026-04-23,187705075,142,N.M.B. SECURITIES LIMITED,Sanima Securities Limited,2026-04-23 12:48:46.513984,Kumari Bank Limited
2026042301031735,KBL,57,41,106,223.0,23638.0,2026-04-23,187705903,142,Aryatara Investment & Securities,Linch Stock Market Ltd.,2026-04-23 12:50:23.455173,Kumari Bank Limited
2026042301032286,KBL,28,33,30,223.8,6714.0,2026-04-23,187707542,142,Shree Krishna Securities Ltd.,Dakshinkali Investment & Securities Pvt. Ltd.,2026-04-23 12:53:03.439768,Kumari Bank Limited
2026042301032300,KBL,57,33,170,223.8,38046.0,2026-04-23,187707587,142,Aryatara Investment & Securities,Dakshinkali Investment & Securities Pvt. Ltd.,2026-04-23 12:53:10.130599,Kumari Bank Limited
2026042301032301,KBL,57,63,1500,223.8,335700.0,2026-04-23,187707589,142,Aryatara Investment & Securities,Himalayan Brokerage Company Limited,2026-04-23 12:53:10.131689,Kumari Bank Limited
2026042301032302,KBL,57,74,350,223.9,78365.0,2026-04-23,187707591,142,Aryatara Investment & Securities,KALASH STOCK MARKET PVT. LTD.,2026-04-23 12:53:10.132522,Kumari Bank Limited
2026042301032303,KBL,57,58,2000,223.9,447800.0,2026-04-23,187707593,142,Aryatara Investment & Securities,Naasa Securities Co. Ltd.,2026-04-23 12:53:10.133342,Kumari Bank Limited
2026042301032304,KBL,57,42,225,224.0,50400.0,2026-04-23,187707595,142,Aryatara Investment & Securities,Sani Securities Company Ltd.,2026-04-23 12:53:10.134142,Kumari Bank Limited
2026042301032305,KBL,57,68,649,224.0,145376.0,2026-04-23,187707598,142,Aryatara Investment & Securities,Elite Stock House Limited,2026-04-23 12:53:10.134936,Kumari Bank Limited
2026042301032325,KBL,45,68,1000,224.0,224000.0,2026-04-23,187707662,142,Imperial Securities Company Pvt. Ltd.,Elite Stock House Limited,2026-04-23 12:53:16.270468,Kumari Bank Limited
2026042301032356,KBL,45,68,1000,224.0,224000.0,2026-04-23,187707768,142,Imperial Securities Company Pvt. Ltd.,Elite Stock House Limited,2026-04-23 12:53:25.171550,Kumari Bank Limited
2026042301032372,KBL,35,68,1155,224.0,258720.0,2026-04-23,187707822,142,Kohinoor Investment & Securities Pvt. Ltd.,Elite Stock House Limited,2026-04-23 12:53:31.667439,Kumari Bank Limited
2026042301032417,KBL,45,68,1196,224.0,267904.0,2026-04-23,187707961,142,Imperial Securities Company Pvt. Ltd.,Elite Stock House Limited,2026-04-23 12:53:44.968473,Kumari Bank Limited
2026042301032418,KBL,45,42,100,224.0,22400.0,2026-04-23,187707963,142,Imperial Securities Company Pvt. Ltd.,Sani Securities Company Ltd.,2026-04-23 12:53:44.968971,Kumari Bank Limited
2026042301032419,KBL,45,1,51,224.0,11424.0,2026-04-23,187707966,142,Imperial Securities Company Pvt. Ltd.,Kumari Securities Private Limited,2026-04-23 12:53:44.969278,Kumari Bank Limited
2026042301032468,KBL,45,29,104,223.8,23275.2,2026-04-23,187708117,142,Imperial Securities Company Pvt. Ltd.,Trisul Securities & Invt. Ltd.,2026-04-23 12:54:04.065243,Kumari Bank Limited
2026042301033114,KBL,45,54,31,223.8,6937.8,2026-04-23,187710107,142,Imperial Securities Company Pvt. Ltd.,Sewa Securities Pvt. Ltd.,2026-04-23 12:56:43.257632,Kumari Bank Limited
2026042301033290,KBL,35,1,200,224.0,44800.0,2026-04-23,187710652,142,Kohinoor Investment & Securities Pvt. Ltd.,Kumari Securities Private Limited,2026-04-23 12:57:32.961447,Kumari Bank Limited
2026042301033363,KBL,58,74,100,223.9,22390.0,2026-04-23,187710906,142,Naasa Securities Co. Ltd.,KALASH STOCK MARKET PVT. LTD.,2026-04-23 12:58:03.689278,Kumari Bank Limited
2026042301033364,KBL,45,74,65,223.8,14547.0,2026-04-23,187710908,142,Imperial Securities Company Pvt. Ltd.,KALASH STOCK MARKET PVT. LTD.,2026-04-23 12:58:03.690392,Kumari Bank Limited
2026042301033365,KBL,95,74,535,223.1,119358.5,2026-04-23,187710909,142,Magnet Securities and Investment Company Private Limited,KALASH STOCK MARKET PVT. LTD.,2026-04-23 12:58:03.691250,Kumari Bank Limited
2026042301033394,KBL,45,1,49,224.0,10976.0,2026-04-23,187711025,142,Imperial Securities Company Pvt. Ltd.,Kumari Securities Private Limited,2026-04-23 12:58:17.111195,Kumari Bank Limited
2026042301033412,KBL,58,67,7,220.0,1540.0,2026-04-23,187711085,142,Naasa Securities Co. Ltd.,Property Wiard Limited,2026-04-23 12:58:22.591325,Kumari Bank Limited
2026042301033421,KBL,58,50,1,220.0,220.0,2026-04-23,187711131,142,Naasa Securities Co. Ltd.,Cristal Kanchanjanga Securites Pvt. Ltd.,2026-04-23 12:58:27.419961,Kumari Bank Limited
2026042301033588,KBL,82,16,500,224.9,112450.0,2026-04-23,187711585,142,N.M.B. SECURITIES LIMITED,Primo Securities (PVT) Ltd.,2026-04-23 12:59:04.690840,Kumari Bank Limited
2026042301033589,KBL,82,1,200,224.9,44980.0,2026-04-23,187711587,142,N.M.B. SECURITIES LIMITED,Kumari Securities Private Limited,2026-04-23 12:59:04.691379,Kumari Bank Limited
2026042301033590,KBL,82,32,500,224.9,112450.0,2026-04-23,187711589,142,N.M.B. SECURITIES LIMITED,Premier Securities Company Ltd.,2026-04-23 12:59:04.691735,Kumari Bank Limited
2026042301033591,KBL,82,25,100,225.0,22500.0,2026-04-23,187711591,142,N.M.B. SECURITIES LIMITED,Sweta Securities Private Limited,2026-04-23 12:59:04.692074,Kumari Bank Limited
2026042301033592,KBL,82,1,100,225.0,22500.0,2026-04-23,187711593,142,N.M.B. SECURITIES LIMITED,Kumari Securities Private Limited,2026-04-23 12:59:04.692387,Kumari Bank Limited
2026042301033593,KBL,82,51,300,225.0,67500.0,2026-04-23,187711595,142,N.M.B. SECURITIES LIMITED,Oxford Securities Pvt. Ltd.,2026-04-23 12:59:04.692716,Kumari Bank Limited
2026042301033594,KBL,82,34,100,225.0,22500.0,2026-04-23,187711597,142,N.M.B. SECURITIES LIMITED,Vision Securities Pvt. Ltd,2026-04-23 12:59:04.693014,Kumari Bank Limited
2026042301033595,KBL,82,8,224,225.0,50400.0,2026-04-23,187711599,142,N.M.B. SECURITIES LIMITED,Brilliant Securities Pvt. Ltd.,2026-04-23 12:59:04.693426,Kumari Bank Limited
2026042301033596,KBL,82,16,500,225.0,112500.0,2026-04-23,187711601,142,N.M.B. SECURITIES LIMITED,Primo Securities (PVT) Ltd.,2026-04-23 12:59:04.693831,Kumari Bank Limited
2026042301033597,KBL,82,38,500,225.0,112500.0,2026-04-23,187711603,142,N.M.B. SECURITIES LIMITED,Dipshikha Dhitopatra Karobar Co. Pvt Ltd.,2026-04-23 12:59:04.694884,Kumari Bank Limited
2026042301033598,KBL,82,49,605,225.0,136125.0,2026-04-23,187711605,142,N.M.B. SECURITIES LIMITED,Online Securities Pvt. Ltd.,2026-04-23 12:59:04.695737,Kumari Bank Limited
2026042301033599,KBL,82,49,10,225.0,2250.0,2026-04-23,187711607,142,N.M.B. SECURITIES LIMITED,Online Securities Pvt. Ltd.,2026-04-23 12:59:04.696560,Kumari Bank Limited
2026042301033600,KBL,82,52,50,225.0,11250.0,2026-04-23,187711609,142,N.M.B. SECURITIES LIMITED,Sundhara Securities Limited,2026-04-23 12:59:04.697379,Kumari Bank Limited
2026042301033601,KBL,82,52,79,225.0,17775.0,2026-04-23,187711611,142,N.M.B. SECURITIES LIMITED,Sundhara Securities Limited,2026-04-23 12:59:04.698199,Kumari Bank Limited
2026042301033602,KBL,82,57,10,225.0,2250.0,2026-04-23,187711613,142,N.M.B. SECURITIES LIMITED,Aryatara Investment & Securities,2026-04-23 12:59:04.698985,Kumari Bank Limited
2026042301033603,KBL,82,1,200,225.0,45000.0,2026-04-23,187711615,142,N.M.B. SECURITIES LIMITED,Kumari Securities Private Limited,2026-04-23 12:59:04.699446,Kumari Bank Limited
2026042301033604,KBL,82,41,1000,225.0,225000.0,2026-04-23,187711617,142,N.M.B. SECURITIES LIMITED,Linch Stock Market Ltd.,2026-04-23 12:59:04.699709,Kumari Bank Limited
2026042301033605,KBL,82,58,240,225.0,54000.0,2026-04-23,187711619,142,N.M.B. SECURITIES LIMITED,Naasa Securities Co. Ltd.,2026-04-23 12:59:04.699981,Kumari Bank Limited
2026042301033606,KBL,82,45,100,225.0,22500.0,2026-04-23,187711621,142,N.M.B. SECURITIES LIMITED,Imperial Securities Company Pvt. Ltd.,2026-04-23 12:59:04.700278,Kumari Bank Limited
2026042301033607,KBL,82,74,1000,225.0,225000.0,2026-04-23,187711623,142,N.M.B. SECURITIES LIMITED,KALASH STOCK MARKET PVT. LTD.,2026-04-23 12:59:04.700547,Kumari Bank Limited
2026042301033608,KBL,82,38,682,225.0,153450.0,2026-04-23,187711626,142,N.M.B. SECURITIES LIMITED,Dipshikha Dhitopatra Karobar Co. Pvt Ltd.,2026-04-23 12:59:04.700815,Kumari Bank Limited
2026042301033704,KBL,42,56,225,224.9,50602.5,2026-04-23,187712030,142,Sani Securities Company Ltd.,Sri Hari Securities Pvt. Ltd.,2026-04-23 12:59:45.075943,Kumari Bank Limited
2026042301033938,KBL,42,56,534,224.9,120096.6,2026-04-23,187712670,142,Sani Securities Company Ltd.,Sri Hari Securities Pvt. Ltd.,2026-04-23 13:00:25.870883,Kumari Bank Limited
2026042301034120,KBL,58,38,10,225.0,2250.0,2026-04-23,187713196,142,Naasa Securities Co. Ltd.,Dipshikha Dhitopatra Karobar Co. Pvt Ltd.,2026-04-23 13:00:52.855365,Kumari Bank Limited
2026042301034627,KBL,42,38,308,225.0,69300.0,2026-04-23,187714743,142,Sani Securities Company Ltd.,Dipshikha Dhitopatra Karobar Co. Pvt Ltd.,2026-04-23 13:02:39.055094,Kumari Bank Limited
2026042301034628,KBL,42,58,10,225.0,2250.0,2026-04-23,187714745,142,Sani Securities Company Ltd.,Naasa Securities Co. Ltd.,2026-04-23 13:02:39.055610,Kumari Bank Limited
2026042301034629,KBL,42,57,369,225.0,83025.0,2026-04-23,187714748,142,Sani Securities Company Ltd.,Aryatara Investment & Securities,2026-04-23 13:02:39.055892,Kumari Bank Limited
2026042301034707,KBL,58,57,20,225.5,4510.0,2026-04-23,187715108,142,Naasa Securities Co. Ltd.,Aryatara Investment & Securities,2026-04-23 13:03:00.483458,Kumari Bank Limited
2026042301034820,KBL,45,57,60,225.5,13530.0,2026-04-23,187715850,142,Imperial Securities Company Pvt. Ltd.,Aryatara Investment & Securities,2026-04-23 13:04:01.089249,Kumari Bank Limited
2026042301034833,KBL,38,40,200,225.0,45000.0,2026-04-23,187715955,142,Dipshikha Dhitopatra Karobar Co. Pvt Ltd.,Creative Securities Pvt Ltd,2026-04-23 13:04:09.138906,Kumari Bank Limited
2026042301034954,KBL,95,6,1000,225.0,225000.0,2026-04-23,187716277,142,Magnet Securities and Investment Company Private Limited,Agrawal Securities (PVT) Ltd.,2026-04-23 13:04:26.554513,Kumari Bank Limited
2026042301034975,KBL,95,57,2000,225.0,450000.0,2026-04-23,187716332,142,Magnet Securities and Investment Company Private Limited,Aryatara Investment & Securities,2026-04-23 13:04:32.053055,Kumari Bank Limited
2026042301034976,KBL,71,57,600,225.0,135000.0,2026-04-23,187716334,142,SHUBHAKAMANA SECURITIES PVT. LTD,Aryatara Investment & Securities,2026-04-23 13:04:32.054167,Kumari Bank Limited
2026042301034977,KBL,95,57,1000,225.0,225000.0,2026-04-23,187716336,142,Magnet Securities and Investment Company Private Limited,Aryatara Investment & Securities,2026-04-23 13:04:32.055008,Kumari Bank Limited
2026042301034978,KBL,13,57,1400,225.0,315000.0,2026-04-23,187716337,142,Thrive Brokerage House Pvt. Ltd,Aryatara Investment & Securities,2026-04-23 13:04:32.055848,Kumari Bank Limited
2026042301035110,KBL,74,43,600,225.4,135240.0,2026-04-23,187716693,142,KALASH STOCK MARKET PVT. LTD.,South Asian Bulls Pvt. Ltd.,2026-04-23 13:04:50.330497,Kumari Bank Limited
2026042301035111,KBL,74,57,289,225.5,65169.5,2026-04-23,187716695,142,KALASH STOCK MARKET PVT. LTD.,Aryatara Investment & Securities,2026-04-23 13:04:50.331661,Kumari Bank Limited
2026042301035112,KBL,74,57,66,225.6,14889.6,2026-04-23,187716697,142,KALASH STOCK MARKET PVT. LTD.,Aryatara Investment & Securities,2026-04-23 13:04:50.332522,Kumari Bank Limited
2026042301035113,KBL,74,57,45,225.7,10156.5,2026-04-23,187716700,142,KALASH STOCK MARKET PVT. LTD.,Aryatara Investment & Securities,2026-04-23 13:04:50.333408,Kumari Bank Limited
2026042301035114,KBL,13,11,100,225.0,22500.0,2026-04-23,187716706,142,Thrive Brokerage House Pvt. Ltd,Malla & Malla Stock Broking Company Pvt. Limited,2026-04-23 13:04:50.964279,Kumari Bank Limited
2026042301035115,KBL,25,11,900,225.0,202500.0,2026-04-23,187716707,142,Sweta Securities Private Limited,Malla & Malla Stock Broking Company Pvt. Limited,2026-04-23 13:04:50.964807,Kumari Bank Limited
2026042301035167,KBL,45,57,21,225.7,4739.7,2026-04-23,187716905,142,Imperial Securities Company Pvt. Ltd.,Aryatara Investment & Securities,2026-04-23 13:05:16.226284,Kumari Bank Limited
2026042301035168,KBL,45,32,279,225.8,62998.2,2026-04-23,187716908,142,Imperial Securities Company Pvt. Ltd.,Premier Securities Company Ltd.,2026-04-23 13:05:16.227481,Kumari Bank Limited
2026042301035235,KBL,45,32,221,225.8,49901.8,2026-04-23,187717167,142,Imperial Securities Company Pvt. Ltd.,Premier Securities Company Ltd.,2026-04-23 13:05:40.961843,Kumari Bank Limited
2026042301035236,KBL,45,57,66,225.8,14902.8,2026-04-23,187717169,142,Imperial Securities Company Pvt. Ltd.,Aryatara Investment & Securities,2026-04-23 13:05:40.963007,Kumari Bank Limited
2026042301035336,KBL,42,38,50,225.9,11295.0,2026-04-23,187717594,142,Sani Securities Company Ltd.,Dipshikha Dhitopatra Karobar Co. Pvt Ltd.,2026-04-23 13:06:28.926161,Kumari Bank Limited
2026042301035498,KBL,26,40,1000,225.9,225900.0,2026-04-23,187718247,142,Asian Securities Private Ltd.,Creative Securities Pvt Ltd,2026-04-23 13:07:40.480441,Kumari Bank Limited
2026042301035499,KBL,26,44,500,225.9,112950.0,2026-04-23,187718250,142,Asian Securities Private Ltd.,Dynamic Money Managers Securities Pvt. Ltd.,2026-04-23 13:07:40.480502,Kumari Bank Limited
2026042301035500,KBL,26,32,500,225.9,112950.0,2026-04-23,187718254,142,Asian Securities Private Ltd.,Premier Securities Company Ltd.,2026-04-23 13:07:40.480530,Kumari Bank Limited
2026042301035501,KBL,26,51,67,225.9,15135.3,2026-04-23,187718257,142,Asian Securities Private Ltd.,Oxford Securities Pvt. Ltd.,2026-04-23 13:07:40.480555,Kumari Bank Limited
2026042301035502,KBL,26,57,66,225.9,14909.4,2026-04-23,187718259,142,Asian Securities Private Ltd.,Aryatara Investment & Securities,2026-04-23 13:07:40.480582,Kumari Bank Limited
2026042301035503,KBL,26,48,2000,226.0,452000.0,2026-04-23,187718261,142,Asian Securities Private Ltd.,Trishakti Securities Public Limited,2026-04-23 13:07:40.480609,Kumari Bank Limited
2026042301035504,KBL,26,40,200,226.0,45200.0,2026-04-23,187718263,142,Asian Securities Private Ltd.,Creative Securities Pvt Ltd,2026-04-23 13:07:40.480635,Kumari Bank Limited
2026042301035505,KBL,26,57,369,226.0,83394.0,2026-04-23,187718265,142,Asian Securities Private Ltd.,Aryatara Investment & Securities,2026-04-23 13:07:40.480659,Kumari Bank Limited
2026042301035506,KBL,26,4,25,226.0,5650.0,2026-04-23,187718267,142,Asian Securities Private Ltd.,Opal Securities Investment (PVT) Ltd.,2026-04-23 13:07:40.480683,Kumari Bank Limited
2026042301035507,KBL,26,57,200,226.0,45200.0,2026-04-23,187718269,142,Asian Securities Private Ltd.,Aryatara Investment & Securities,2026-04-23 13:07:40.480708,Kumari Bank Limited
2026042301035508,KBL,26,44,73,226.0,16498.0,2026-04-23,187718272,142,Asian Securities Private Ltd.,Dynamic Money Managers Securities Pvt. Ltd.,2026-04-23 13:07:40.480732,Kumari Bank Limited
2026042301035546,KBL,95,83,625,225.0,140625.0,2026-04-23,187718456,142,Magnet Securities and Investment Company Private Limited,Sanima Securities Limited,2026-04-23 13:08:05.289950,Kumari Bank Limited
2026042301035547,KBL,44,83,100,225.0,22500.0,2026-04-23,187718458,142,Dynamic Money Managers Securities Pvt. Ltd.,Sanima Securities Limited,2026-04-23 13:08:05.291189,Kumari Bank Limited
2026042301035548,KBL,58,83,2000,225.0,450000.0,2026-04-23,187718459,142,Naasa Securities Co. Ltd.,Sanima Securities Limited,2026-04-23 13:08:05.292159,Kumari Bank Limited
2026042301035564,KBL,44,43,100,225.9,22590.0,2026-04-23,187718534,142,Dynamic Money Managers Securities Pvt. Ltd.,South Asian Bulls Pvt. Ltd.,2026-04-23 13:08:10.827326,Kumari Bank Limited
2026042301035572,KBL,62,43,20,225.9,4518.0,2026-04-23,187718582,142,Capital Max Securities Ltd,South Asian Bulls Pvt. Ltd.,2026-04-23 13:08:18.888454,Kumari Bank Limited
2026042301035706,KBL,34,7,25,225.0,5625.0,2026-04-23,187719133,142,Vision Securities Pvt. Ltd,J.F. Securites (PVT) Ltd.,2026-04-23 13:09:09.762417,Kumari Bank Limited
2026042301035707,KBL,34,62,1000,225.7,225700.0,2026-04-23,187719135,142,Vision Securities Pvt. Ltd,Capital Max Securities Ltd,2026-04-23 13:09:09.762461,Kumari Bank Limited
2026042301035708,KBL,34,43,580,225.9,131022.0,2026-04-23,187719137,142,Vision Securities Pvt. Ltd,South Asian Bulls Pvt. Ltd.,2026-04-23 13:09:09.762490,Kumari Bank Limited
2026042301035709,KBL,34,58,10,225.9,2259.0,2026-04-23,187719139,142,Vision Securities Pvt. Ltd,Naasa Securities Co. Ltd.,2026-04-23 13:09:09.762515,Kumari Bank Limited
2026042301035710,KBL,34,44,427,226.0,96502.0,2026-04-23,187719141,142,Vision Securities Pvt. Ltd,Dynamic Money Managers Securities Pvt. Ltd.,2026-04-23 13:09:09.762538,Kumari Bank Limited
2026042301035711,KBL,34,50,500,226.0,113000.0,2026-04-23,187719143,142,Vision Securities Pvt. Ltd,Cristal Kanchanjanga Securites Pvt. Ltd.,2026-04-23 13:09:09.762565,Kumari Bank Limited
2026042301035712,KBL,34,46,200,226.0,45200.0,2026-04-23,187719145,142,Vision Securities Pvt. Ltd,Kalika Securities Pvt. Ltd.,2026-04-23 13:09:09.762603,Kumari Bank Limited
2026042301035713,KBL,34,1,200,226.0,45200.0,2026-04-23,187719147,142,Vision Securities Pvt. Ltd,Kumari Securities Private Limited,2026-04-23 13:09:09.762627,Kumari Bank Limited
2026042301035714,KBL,34,48,1000,226.0,226000.0,2026-04-23,187719149,142,Vision Securities Pvt. Ltd,Trishakti Securities Public Limited,2026-04-23 13:09:09.762647,Kumari Bank Limited
2026042301035715,KBL,34,52,1058,226.0,239108.0,2026-04-23,187719152,142,Vision Securities Pvt. Ltd,Sundhara Securities Limited,2026-04-23 13:09:09.762669,Kumari Bank Limited
2026042301035756,KBL,94,52,334,226.0,75484.0,2026-04-23,187719309,142,K.B.L. Securities Limited ,Sundhara Securities Limited,2026-04-23 13:09:26.827930,Kumari Bank Limited
2026042301035757,KBL,94,57,166,226.0,37516.0,2026-04-23,187719312,142,K.B.L. Securities Limited ,Aryatara Investment & Securities,2026-04-23 13:09:26.828561,Kumari Bank Limited
2026042301035769,KBL,34,57,324,226.0,73224.0,2026-04-23,187719397,142,Vision Securities Pvt. Ltd,Aryatara Investment & Securities,2026-04-23 13:09:34.890785,Kumari Bank Limited
2026042301035770,KBL,34,50,707,226.0,159782.0,2026-04-23,187719399,142,Vision Securities Pvt. Ltd,Cristal Kanchanjanga Securites Pvt. Ltd.,2026-04-23 13:09:34.890832,Kumari Bank Limited
2026042301035771,KBL,34,58,190,226.0,42940.0,2026-04-23,187719401,142,Vision Securities Pvt. Ltd,Naasa Securities Co. Ltd.,2026-04-23 13:09:34.890860,Kumari Bank Limited
2026042301035772,KBL,34,57,66,226.1,14922.6,2026-04-23,187719403,142,Vision Securities Pvt. Ltd,Aryatara Investment & Securities,2026-04-23 13:09:34.890890,Kumari Bank Limited
2026042301035773,KBL,34,57,66,226.2,14929.2,2026-04-23,187719405,142,Vision Securities Pvt. Ltd,Aryatara Investment & Securities,2026-04-23 13:09:34.890920,Kumari Bank Limited
2026042301035774,KBL,34,57,33,226.4,7471.2,2026-04-23,187719407,142,Vision Securities Pvt. Ltd,Aryatara Investment & Securities,2026-04-23 13:09:34.890941,Kumari Bank Limited
2026042301035775,KBL,34,32,500,226.4,113200.0,2026-04-23,187719409,142,Vision Securities Pvt. Ltd,Premier Securities Company Ltd.,2026-04-23 13:09:34.890965,Kumari Bank Limited
2026042301035776,KBL,34,80,400,226.5,90600.0,2026-04-23,187719411,142,Vision Securities Pvt. Ltd,Indira securities pvt. ltd,2026-04-23 13:09:34.890989,Kumari Bank Limited
2026042301035777,KBL,34,57,369,226.5,83578.5,2026-04-23,187719413,142,Vision Securities Pvt. Ltd,Aryatara Investment & Securities,2026-04-23 13:09:34.891034,Kumari Bank Limited
2026042301035778,KBL,34,91,7345,226.5,1663642.5,2026-04-23,187719416,142,Vision Securities Pvt. Ltd,Citizens Share Broker Limited,2026-04-23 13:09:34.891061,Kumari Bank Limited
2026042301035822,KBL,42,91,1000,226.5,226500.0,2026-04-23,187719572,142,Sani Securities Company Ltd.,Citizens Share Broker Limited,2026-04-23 13:09:55.132784,Kumari Bank Limited
2026042301035886,KBL,34,44,100,226.4,22640.0,2026-04-23,187719815,142,Vision Securities Pvt. Ltd,Dynamic Money Managers Securities Pvt. Ltd.,2026-04-23 13:10:19.771183,Kumari Bank Limited
2026042301035887,KBL,34,91,155,226.5,35107.5,2026-04-23,187719817,142,Vision Securities Pvt. Ltd,Citizens Share Broker Limited,2026-04-23 13:10:19.771303,Kumari Bank Limited
2026042301035888,KBL,34,57,369,226.5,83578.5,2026-04-23,187719819,142,Vision Securities Pvt. Ltd,Aryatara Investment & Securities,2026-04-23 13:10:19.771382,Kumari Bank Limited
2026042301035889,KBL,34,57,33,226.5,7474.5,2026-04-23,187719821,142,Vision Securities Pvt. Ltd,Aryatara Investment & Securities,2026-04-23 13:10:19.771458,Kumari Bank Limited
2026042301035890,KBL,34,94,4343,226.5,983689.5,2026-04-23,187719824,142,Vision Securities Pvt. Ltd,K.B.L. Securities Limited ,2026-04-23 13:10:19.771531,Kumari Bank Limited
2026042301036269,KBL,34,94,500,226.5,113250.0,2026-04-23,187720818,142,Vision Securities Pvt. Ltd,K.B.L. Securities Limited ,2026-04-23 13:11:08.114134,Kumari Bank Limited
2026042301036278,KBL,42,94,52,226.5,11778.0,2026-04-23,187720858,142,Sani Securities Company Ltd.,K.B.L. Securities Limited ,2026-04-23 13:11:15.220219,Kumari Bank Limited
2026042301036319,KBL,34,94,100,226.5,22650.0,2026-04-23,187721026,142,Vision Securities Pvt. Ltd,K.B.L. Securities Limited ,2026-04-23 13:11:37.874442,Kumari Bank Limited
2026042301036382,KBL,62,83,10000,225.5,2255000.0,2026-04-23,187721203,142,Capital Max Securities Ltd,Sanima Securities Limited,2026-04-23 13:11:52.746679,Kumari Bank Limited
2026042301036700,KBL,82,57,5000,225.0,1125000.0,2026-04-23,187722119,142,N.M.B. SECURITIES LIMITED,Aryatara Investment & Securities,2026-04-23 13:13:24.295941,Kumari Bank Limited
2026042301036878,KBL,26,5,68,226.0,15368.0,2026-04-23,187722683,142,Asian Securities Private Ltd.,Market Securities & Exchange (PVT) Ltd.,2026-04-23 13:14:28.550829,Kumari Bank Limited
2026042301036879,KBL,26,47,500,226.0,113000.0,2026-04-23,187722685,142,Asian Securities Private Ltd.,Neev Securities Pvt. Ltd.,2026-04-23 13:14:28.550929,Kumari Bank Limited
2026042301036880,KBL,26,58,1289,226.0,291314.0,2026-04-23,187722687,142,Asian Securities Private Ltd.,Naasa Securities Co. Ltd.,2026-04-23 13:14:28.551001,Kumari Bank Limited
2026042301036881,KBL,26,57,2000,226.5,453000.0,2026-04-23,187722689,142,Asian Securities Private Ltd.,Aryatara Investment & Securities,2026-04-23 13:14:28.551104,Kumari Bank Limited
2026042301036882,KBL,26,80,400,226.6,90640.0,2026-04-23,187722691,142,Asian Securities Private Ltd.,Indira securities pvt. ltd,2026-04-23 13:14:28.551172,Kumari Bank Limited
2026042301036883,KBL,26,33,50,226.6,11330.0,2026-04-23,187722693,142,Asian Securities Private Ltd.,Dakshinkali Investment & Securities Pvt. Ltd.,2026-04-23 13:14:28.551236,Kumari Bank Limited
2026042301036884,KBL,26,57,33,226.6,7477.8,2026-04-23,187722695,142,Asian Securities Private Ltd.,Aryatara Investment & Securities,2026-04-23 13:14:28.551298,Kumari Bank Limited
2026042301036885,KBL,26,80,600,226.7,136020.0,2026-04-23,187722697,142,Asian Securities Private Ltd.,Indira securities pvt. ltd,2026-04-23 13:14:28.551364,Kumari Bank Limited
2026042301036886,KBL,26,57,60,226.7,13602.0,2026-04-23,187722700,142,Asian Securities Private Ltd.,Aryatara Investment & Securities,2026-04-23 13:14:28.551471,Kumari Bank Limited
2026042301037172,KBL,57,42,80,226.0,18080.0,2026-04-23,187723464,142,Aryatara Investment & Securities,Sani Securities Company Ltd.,2026-04-23 13:15:38.253677,Kumari Bank Limited
2026042301037429,KBL,59,45,193,225.1,43444.3,2026-04-23,187724223,142,Deevyaa Securities & Stock House Pvt. Ltd,Imperial Securities Company Pvt. Ltd.,2026-04-23 13:16:56.557425,Kumari Bank Limited
2026042301037451,KBL,58,42,30,226.0,6780.0,2026-04-23,187724289,142,Naasa Securities Co. Ltd.,Sani Securities Company Ltd.,2026-04-23 13:17:10.047589,Kumari Bank Limited
2026042301037452,KBL,58,38,50,226.8,11340.0,2026-04-23,187724291,142,Naasa Securities Co. Ltd.,Dipshikha Dhitopatra Karobar Co. Pvt Ltd.,2026-04-23 13:17:10.047675,Kumari Bank Limited
2026042301037453,KBL,58,57,66,226.8,14968.8,2026-04-23,187724293,142,Naasa Securities Co. Ltd.,Aryatara Investment & Securities,2026-04-23 13:17:10.047720,Kumari Bank Limited
2026042301037454,KBL,58,32,500,226.8,113400.0,2026-04-23,187724295,142,Naasa Securities Co. Ltd.,Premier Securities Company Ltd.,2026-04-23 13:17:10.047749,Kumari Bank Limited
2026042301037455,KBL,58,80,400,226.8,90720.0,2026-04-23,187724297,142,Naasa Securities Co. Ltd.,Indira securities pvt. ltd,2026-04-23 13:17:10.047774,Kumari Bank Limited
2026042301037456,KBL,58,1,97,226.8,21999.6,2026-04-23,187724299,142,Naasa Securities Co. Ltd.,Kumari Securities Private Limited,2026-04-23 13:17:10.047819,Kumari Bank Limited
2026042301037457,KBL,58,57,369,226.9,83726.1,2026-04-23,187724301,142,Naasa Securities Co. Ltd.,Aryatara Investment & Securities,2026-04-23 13:17:10.047842,Kumari Bank Limited
2026042301037458,KBL,58,57,33,226.9,7487.7,2026-04-23,187724303,142,Naasa Securities Co. Ltd.,Aryatara Investment & Securities,2026-04-23 13:17:10.047871,Kumari Bank Limited
2026042301037459,KBL,58,41,455,226.9,103239.5,2026-04-23,187724306,142,Naasa Securities Co. Ltd.,Linch Stock Market Ltd.,2026-04-23 13:17:10.047900,Kumari Bank Limited
2026042301037480,KBL,58,5,1000,226.0,226000.0,2026-04-23,187724396,142,Naasa Securities Co. Ltd.,Market Securities & Exchange (PVT) Ltd.,2026-04-23 13:17:20.119713,Kumari Bank Limited
2026042301037496,KBL,66,5,1000,226.0,226000.0,2026-04-23,187724462,142,Miyo Securities Pvt Ltd,Market Securities & Exchange (PVT) Ltd.,2026-04-23 13:17:27.410274,Kumari Bank Limited
2026042301037631,KBL,58,41,45,226.9,10210.5,2026-04-23,187724791,142,Naasa Securities Co. Ltd.,Linch Stock Market Ltd.,2026-04-23 13:17:45.459747,Kumari Bank Limited
2026042301037632,KBL,58,62,500,227.0,113500.0,2026-04-23,187724793,142,Naasa Securities Co. Ltd.,Capital Max Securities Ltd,2026-04-23 13:17:45.459822,Kumari Bank Limited
2026042301037633,KBL,58,57,369,227.0,83763.0,2026-04-23,187724795,142,Naasa Securities Co. Ltd.,Aryatara Investment & Securities,2026-04-23 13:17:45.459853,Kumari Bank Limited
2026042301037634,KBL,58,42,500,227.0,113500.0,2026-04-23,187724797,142,Naasa Securities Co. Ltd.,Sani Securities Company Ltd.,2026-04-23 13:17:45.459895,Kumari Bank Limited
2026042301037635,KBL,58,28,10,227.0,2270.0,2026-04-23,187724799,142,Naasa Securities Co. Ltd.,Shree Krishna Securities Ltd.,2026-04-23 13:17:45.459918,Kumari Bank Limited
2026042301037636,KBL,58,51,100,227.0,22700.0,2026-04-23,187724801,142,Naasa Securities Co. Ltd.,Oxford Securities Pvt. Ltd.,2026-04-23 13:17:45.459942,Kumari Bank Limited
2026042301037637,KBL,58,58,170,227.0,38590.0,2026-04-23,187724803,142,Naasa Securities Co. Ltd.,Naasa Securities Co. Ltd.,2026-04-23 13:17:45.459963,Kumari Bank Limited
2026042301037638,KBL,58,57,306,227.0,69462.0,2026-04-23,187724806,142,Naasa Securities Co. Ltd.,Aryatara Investment & Securities,2026-04-23 13:17:45.460004,Kumari Bank Limited
2026042301037698,KBL,58,42,25,226.0,5650.0,2026-04-23,187724994,142,Naasa Securities Co. Ltd.,Sani Securities Company Ltd.,2026-04-23 13:18:07.739981,Kumari Bank Limited
2026042301037752,KBL,42,42,25,226.0,5650.0,2026-04-23,187725207,142,Sani Securities Company Ltd.,Sani Securities Company Ltd.,2026-04-23 13:18:26.715990,Kumari Bank Limited
2026042301037973,KBL,42,42,20,226.9,4538.0,2026-04-23,187725864,142,Sani Securities Company Ltd.,Sani Securities Company Ltd.,2026-04-23 13:19:17.045090,Kumari Bank Limited
2026042301037995,KBL,58,42,15,226.9,3403.5,2026-04-23,187725990,142,Naasa Securities Co. Ltd.,Sani Securities Company Ltd.,2026-04-23 13:19:31.735823,Kumari Bank Limited
2026042301038020,KBL,42,42,15,226.9,3403.5,2026-04-23,187726055,142,Sani Securities Company Ltd.,Sani Securities Company Ltd.,2026-04-23 13:19:36.784672,Kumari Bank Limited
2026042301038021,KBL,42,41,205,226.9,46514.5,2026-04-23,187726058,142,Sani Securities Company Ltd.,Linch Stock Market Ltd.,2026-04-23 13:19:36.784716,Kumari Bank Limited
2026042301038054,KBL,57,45,200,226.0,45200.0,2026-04-23,187726185,142,Aryatara Investment & Securities,Imperial Securities Company Pvt. Ltd.,2026-04-23 13:19:51.756316,Kumari Bank Limited
2026042301038125,KBL,95,68,10,225.1,2251.0,2026-04-23,187726406,142,Magnet Securities and Investment Company Private Limited,Elite Stock House Limited,2026-04-23 13:20:18.577780,Kumari Bank Limited
2026042301038126,KBL,45,68,13,225.1,2926.3,2026-04-23,187726408,142,Imperial Securities Company Pvt. Ltd.,Elite Stock House Limited,2026-04-23 13:20:18.578991,Kumari Bank Limited
2026042301038127,KBL,35,68,66,225.1,14856.6,2026-04-23,187726409,142,Kohinoor Investment & Securities Pvt. Ltd.,Elite Stock House Limited,2026-04-23 13:20:18.579872,Kumari Bank Limited
2026042301038133,KBL,35,29,134,225.1,30163.4,2026-04-23,187726440,142,Kohinoor Investment & Securities Pvt. Ltd.,Trisul Securities & Invt. Ltd.,2026-04-23 13:20:22.609795,Kumari Bank Limited
2026042301038134,KBL,82,29,9866,225.0,2219850.0,2026-04-23,187726441,142,N.M.B. SECURITIES LIMITED,Trisul Securities & Invt. Ltd.,2026-04-23 13:20:22.611046,Kumari Bank Limited
2026042301038195,KBL,49,44,500,226.0,113000.0,2026-04-23,187726634,142,Online Securities Pvt. Ltd.,Dynamic Money Managers Securities Pvt. Ltd.,2026-04-23 13:20:40.708727,Kumari Bank Limited
2026042301038305,KBL,44,44,500,226.0,113000.0,2026-04-23,187727045,142,Dynamic Money Managers Securities Pvt. Ltd.,Dynamic Money Managers Securities Pvt. Ltd.,2026-04-23 13:21:38.476669,Kumari Bank Limited
2026042301038306,KBL,44,41,500,226.0,113000.0,2026-04-23,187727048,142,Dynamic Money Managers Securities Pvt. Ltd.,Linch Stock Market Ltd.,2026-04-23 13:21:38.477877,Kumari Bank Limited
2026042301038981,KBL,72,5,402,225.1,90490.2,2026-04-23,187729041,142,Hatemalo Financial Services Private Limited,Market Securities & Exchange (PVT) Ltd.,2026-04-23 13:24:54.661101,Kumari Bank Limited
2026042301039048,KBL,58,34,1143,225.4,257632.2,2026-04-23,187729223,142,Naasa Securities Co. Ltd.,Vision Securities Pvt. Ltd,2026-04-23 13:25:15.259008,Kumari Bank Limited
2026042301039049,KBL,58,28,607,226.4,137424.8,2026-04-23,187729225,142,Naasa Securities Co. Ltd.,Shree Krishna Securities Ltd.,2026-04-23 13:25:15.259068,Kumari Bank Limited
2026042301039050,KBL,58,83,250,226.5,56625.0,2026-04-23,187729228,142,Naasa Securities Co. Ltd.,Sanima Securities Limited,2026-04-23 13:25:15.259095,Kumari Bank Limited
2026042301039099,KBL,71,83,250,226.5,56625.0,2026-04-23,187729384,142,SHUBHAKAMANA SECURITIES PVT. LTD,Sanima Securities Limited,2026-04-23 13:25:29.442547,Kumari Bank Limited
2026042301039158,KBL,82,94,2534,225.0,570150.0,2026-04-23,187729570,142,N.M.B. SECURITIES LIMITED,K.B.L. Securities Limited ,2026-04-23 13:25:41.440287,Kumari Bank Limited
2026042301039159,KBL,82,94,1946,225.0,437850.0,2026-04-23,187729571,142,N.M.B. SECURITIES LIMITED,K.B.L. Securities Limited ,2026-04-23 13:25:41.441472,Kumari Bank Limited
2026042301039178,KBL,82,48,2000,225.0,450000.0,2026-04-23,187729637,142,N.M.B. SECURITIES LIMITED,Trishakti Securities Public Limited,2026-04-23 13:25:49.326051,Kumari Bank Limited
2026042301039193,KBL,82,41,500,225.0,112500.0,2026-04-23,187729683,142,N.M.B. SECURITIES LIMITED,Linch Stock Market Ltd.,2026-04-23 13:25:57.332508,Kumari Bank Limited
2026042301039198,KBL,82,34,2000,225.0,450000.0,2026-04-23,187729705,142,N.M.B. SECURITIES LIMITED,Vision Securities Pvt. Ltd,2026-04-23 13:26:00.814461,Kumari Bank Limited
2026042301039239,KBL,82,32,2000,225.0,450000.0,2026-04-23,187729829,142,N.M.B. SECURITIES LIMITED,Premier Securities Company Ltd.,2026-04-23 13:26:17.132828,Kumari Bank Limited
2026042301039272,KBL,82,41,295,225.0,66375.0,2026-04-23,187729965,142,N.M.B. SECURITIES LIMITED,Linch Stock Market Ltd.,2026-04-23 13:26:35.802329,Kumari Bank Limited
2026042301039303,KBL,82,32,2000,225.0,450000.0,2026-04-23,187730109,142,N.M.B. SECURITIES LIMITED,Premier Securities Company Ltd.,2026-04-23 13:26:50.493963,Kumari Bank Limited
2026042301039310,KBL,82,58,300,225.0,67500.0,2026-04-23,187730143,142,N.M.B. SECURITIES LIMITED,Naasa Securities Co. Ltd.,2026-04-23 13:26:54.416015,Kumari Bank Limited
2026042301039324,KBL,82,41,500,225.0,112500.0,2026-04-23,187730195,142,N.M.B. SECURITIES LIMITED,Linch Stock Market Ltd.,2026-04-23 13:26:58.536701,Kumari Bank Limited
2026042301039336,KBL,82,85,1000,225.0,225000.0,2026-04-23,187730233,142,N.M.B. SECURITIES LIMITED,Capital Hub P. Ltd,2026-04-23 13:27:01.476488,Kumari Bank Limited
2026042301039350,KBL,82,42,8000,225.0,1800000.0,2026-04-23,187730273,142,N.M.B. SECURITIES LIMITED,Sani Securities Company Ltd.,2026-04-23 13:27:06.913762,Kumari Bank Limited
2026042301039358,KBL,38,40,300,225.5,67650.0,2026-04-23,187730332,142,Dipshikha Dhitopatra Karobar Co. Pvt Ltd.,Creative Securities Pvt Ltd,2026-04-23 13:27:11.568825,Kumari Bank Limited
2026042301039359,KBL,82,40,400,225.0,90000.0,2026-04-23,187730333,142,N.M.B. SECURITIES LIMITED,Creative Securities Pvt Ltd,2026-04-23 13:27:11.570102,Kumari Bank Limited
2026042301039385,KBL,82,48,1000,225.0,225000.0,2026-04-23,187730427,142,N.M.B. SECURITIES LIMITED,Trishakti Securities Public Limited,2026-04-23 13:27:19.654609,Kumari Bank Limited
2026042301039404,KBL,82,37,60,225.0,13500.0,2026-04-23,187730473,142,N.M.B. SECURITIES LIMITED,Swarna Laxmi Securities Pvt. Ltd.,2026-04-23 13:27:22.928880,Kumari Bank Limited
2026042301039410,KBL,82,60,500,225.0,112500.0,2026-04-23,187730491,142,N.M.B. SECURITIES LIMITED,Nagarik Stock Dealer ,2026-04-23 13:27:24.645241,Kumari Bank Limited
2026042301039415,KBL,82,35,500,225.0,112500.0,2026-04-23,187730543,142,N.M.B. SECURITIES LIMITED,Kohinoor Investment & Securities Pvt. Ltd.,2026-04-23 13:27:29.150219,Kumari Bank Limited
2026042301039424,KBL,82,17,499,225.0,112275.0,2026-04-23,187730598,142,N.M.B. SECURITIES LIMITED,ABC Securities Private Limited,2026-04-23 13:27:34.128863,Kumari Bank Limited
2026042301039453,KBL,21,16,1000,225.0,225000.0,2026-04-23,187730680,142,Midas Stock Broking Company Private Limited,Primo Securities (PVT) Ltd.,2026-04-23 13:27:38.192336,Kumari Bank Limited
2026042301039454,KBL,17,16,150,225.0,33750.0,2026-04-23,187730682,142,ABC Securities Private Limited,Primo Securities (PVT) Ltd.,2026-04-23 13:27:38.193542,Kumari Bank Limited
2026042301039455,KBL,1,16,1000,225.0,225000.0,2026-04-23,187730684,142,Kumari Securities Private Limited,Primo Securities (PVT) Ltd.,2026-04-23 13:27:38.194490,Kumari Bank Limited
2026042301039456,KBL,58,16,11,225.0,2475.0,2026-04-23,187730686,142,Naasa Securities Co. Ltd.,Primo Securities (PVT) Ltd.,2026-04-23 13:27:38.195518,Kumari Bank Limited
2026042301039457,KBL,42,16,10,225.0,2250.0,2026-04-23,187730688,142,Sani Securities Company Ltd.,Primo Securities (PVT) Ltd.,2026-04-23 13:27:38.196467,Kumari Bank Limited
2026042301039458,KBL,62,16,100,225.0,22500.0,2026-04-23,187730690,142,Capital Max Securities Ltd,Primo Securities (PVT) Ltd.,2026-04-23 13:27:38.197412,Kumari Bank Limited
2026042301039459,KBL,42,16,40,225.0,9000.0,2026-04-23,187730692,142,Sani Securities Company Ltd.,Primo Securities (PVT) Ltd.,2026-04-23 13:27:38.198367,Kumari Bank Limited
2026042301039460,KBL,36,16,140,225.0,31500.0,2026-04-23,187730694,142,Secured Securities Ltd.,Primo Securities (PVT) Ltd.,2026-04-23 13:27:38.199007,Kumari Bank Limited
2026042301039461,KBL,48,16,20,225.0,4500.0,2026-04-23,187730696,142,Trishakti Securities Public Limited,Primo Securities (PVT) Ltd.,2026-04-23 13:27:38.199349,Kumari Bank Limited
2026042301039462,KBL,35,16,20,225.0,4500.0,2026-04-23,187730698,142,Kohinoor Investment & Securities Pvt. Ltd.,Primo Securities (PVT) Ltd.,2026-04-23 13:27:38.199650,Kumari Bank Limited
2026042301039662,KBL,58,57,10,224.5,2245.0,2026-04-23,187731652,142,Naasa Securities Co. Ltd.,Aryatara Investment & Securities,2026-04-23 13:28:43.039818,Kumari Bank Limited
2026042301039663,KBL,44,57,90,224.5,20205.0,2026-04-23,187731653,142,Dynamic Money Managers Securities Pvt. Ltd.,Aryatara Investment & Securities,2026-04-23 13:28:43.041129,Kumari Bank Limited
2026042301039733,KBL,44,45,10,224.5,2245.0,2026-04-23,187731946,142,Dynamic Money Managers Securities Pvt. Ltd.,Imperial Securities Company Pvt. Ltd.,2026-04-23 13:29:02.397385,Kumari Bank Limited
2026042301039734,KBL,94,45,100,224.0,22400.0,2026-04-23,187731948,142,K.B.L. Securities Limited ,Imperial Securities Company Pvt. Ltd.,2026-04-23 13:29:02.398645,Kumari Bank Limited
2026042301039735,KBL,64,45,218,224.0,48832.0,2026-04-23,187731950,142,SUN SECURITIES PVT LTD,Imperial Securities Company Pvt. Ltd.,2026-04-23 13:29:02.399588,Kumari Bank Limited
2026042301039736,KBL,50,45,964,224.0,215936.0,2026-04-23,187731952,142,Cristal Kanchanjanga Securites Pvt. Ltd.,Imperial Securities Company Pvt. Ltd.,2026-04-23 13:29:02.400493,Kumari Bank Limited
2026042301039737,KBL,35,45,100,224.0,22400.0,2026-04-23,187731954,142,Kohinoor Investment & Securities Pvt. Ltd.,Imperial Securities Company Pvt. Ltd.,2026-04-23 13:29:02.401396,Kumari Bank Limited
2026042301039901,KBL,22,21,50,223.0,11150.0,2026-04-23,187732624,142,Siprabi Securities Pvt. Ltd.,Midas Stock Broking Company Private Limited,2026-04-23 13:29:50.151974,Kumari Bank Limited
2026042301039902,KBL,58,21,10,223.0,2230.0,2026-04-23,187732626,142,Naasa Securities Co. Ltd.,Midas Stock Broking Company Private Limited,2026-04-23 13:29:50.152564,Kumari Bank Limited
2026042301039903,KBL,25,21,100,223.0,22300.0,2026-04-23,187732628,142,Sweta Securities Private Limited,Midas Stock Broking Company Private Limited,2026-04-23 13:29:50.152866,Kumari Bank Limited
2026042301039904,KBL,57,21,140,223.0,31220.0,2026-04-23,187732629,142,Aryatara Investment & Securities,Midas Stock Broking Company Private Limited,2026-04-23 13:29:50.153173,Kumari Bank Limited
2026042301040200,KBL,57,28,60,223.0,13380.0,2026-04-23,187733502,142,Aryatara Investment & Securities,Shree Krishna Securities Ltd.,2026-04-23 13:30:38.991514,Kumari Bank Limited
2026042301040201,KBL,59,28,59,223.0,13157.0,2026-04-23,187733503,142,Deevyaa Securities & Stock House Pvt. Ltd,Shree Krishna Securities Ltd.,2026-04-23 13:30:38.992102,Kumari Bank Limited
2026042301040662,KBL,59,45,141,223.0,31443.0,2026-04-23,187735218,142,Deevyaa Securities & Stock House Pvt. Ltd,Imperial Securities Company Pvt. Ltd.,2026-04-23 13:33:24.413557,Kumari Bank Limited
2026042301040663,KBL,45,45,50,222.5,11125.0,2026-04-23,187735220,142,Imperial Securities Company Pvt. Ltd.,Imperial Securities Company Pvt. Ltd.,2026-04-23 13:33:24.414822,Kumari Bank Limited
2026042301040681,KBL,42,7,1,217.0,217.0,2026-04-23,187735271,142,Sani Securities Company Ltd.,J.F. Securites (PVT) Ltd.,2026-04-23 13:33:30.629061,Kumari Bank Limited
2026042301040685,KBL,57,45,40,222.5,8900.0,2026-04-23,187735280,142,Aryatara Investment & Securities,Imperial Securities Company Pvt. Ltd.,2026-04-23 13:33:31.907560,Kumari Bank Limited
2026042301040927,KBL,32,57,10,222.1,2221.0,2026-04-23,187735989,142,Premier Securities Company Ltd.,Aryatara Investment & Securities,2026-04-23 13:34:36.881701,Kumari Bank Limited
2026042301040985,KBL,42,45,769,222.5,171102.5,2026-04-23,187736295,142,Sani Securities Company Ltd.,Imperial Securities Company Pvt. Ltd.,2026-04-23 13:35:07.342918,Kumari Bank Limited
2026042301041003,KBL,42,51,20,222.5,4450.0,2026-04-23,187736355,142,Sani Securities Company Ltd.,Oxford Securities Pvt. Ltd.,2026-04-23 13:35:13.605174,Kumari Bank Limited
2026042301041047,KBL,42,22,224,222.5,49840.0,2026-04-23,187736539,142,Sani Securities Company Ltd.,Siprabi Securities Pvt. Ltd.,2026-04-23 13:35:30.829734,Kumari Bank Limited
2026042301041224,KBL,32,50,490,222.6,109074.0,2026-04-23,187737178,142,Premier Securities Company Ltd.,Cristal Kanchanjanga Securites Pvt. Ltd.,2026-04-23 13:36:41.236534,Kumari Bank Limited
2026042301041225,KBL,42,50,10,222.5,2225.0,2026-04-23,187737179,142,Sani Securities Company Ltd.,Cristal Kanchanjanga Securites Pvt. Ltd.,2026-04-23 13:36:41.237789,Kumari Bank Limited
2026042301041292,KBL,42,14,977,222.5,217382.5,2026-04-23,187737444,142,Sani Securities Company Ltd.,Nepal Stock House (PVT) Ltd.,2026-04-23 13:37:07.048598,Kumari Bank Limited
2026042301041311,KBL,48,29,500,222.2,111100.0,2026-04-23,187737512,142,Trishakti Securities Public Limited,Trisul Securities & Invt. Ltd.,2026-04-23 13:37:18.471323,Kumari Bank Limited
2026042301041312,KBL,70,29,500,222.1,111050.0,2026-04-23,187737514,142,Infinity Securities Limited,Trisul Securities & Invt. Ltd.,2026-04-23 13:37:18.472599,Kumari Bank Limited
2026042301041313,KBL,58,29,10,222.0,2220.0,2026-04-23,187737516,142,Naasa Securities Co. Ltd.,Trisul Securities & Invt. Ltd.,2026-04-23 13:37:18.473545,Kumari Bank Limited
2026042301041314,KBL,38,29,105,222.0,23310.0,2026-04-23,187737518,142,Dipshikha Dhitopatra Karobar Co. Pvt Ltd.,Trisul Securities & Invt. Ltd.,2026-04-23 13:37:18.474464,Kumari Bank Limited
2026042301041315,KBL,42,29,300,222.0,66600.0,2026-04-23,187737520,142,Sani Securities Company Ltd.,Trisul Securities & Invt. Ltd.,2026-04-23 13:37:18.475396,Kumari Bank Limited
2026042301041316,KBL,58,29,100,222.0,22200.0,2026-04-23,187737522,142,Naasa Securities Co. Ltd.,Trisul Securities & Invt. Ltd.,2026-04-23 13:37:18.476318,Kumari Bank Limited
2026042301041317,KBL,56,29,100,222.0,22200.0,2026-04-23,187737524,142,Sri Hari Securities Pvt. Ltd.,Trisul Securities & Invt. Ltd.,2026-04-23 13:37:18.477251,Kumari Bank Limited
2026042301041318,KBL,58,29,300,222.0,66600.0,2026-04-23,187737526,142,Naasa Securities Co. Ltd.,Trisul Securities & Invt. Ltd.,2026-04-23 13:37:18.477662,Kumari Bank Limited
2026042301041319,KBL,57,29,999,222.0,221778.0,2026-04-23,187737528,142,Aryatara Investment & Securities,Trisul Securities & Invt. Ltd.,2026-04-23 13:37:18.477964,Kumari Bank Limited
2026042301041320,KBL,13,29,550,222.0,122100.0,2026-04-23,187737530,142,Thrive Brokerage House Pvt. Ltd,Trisul Securities & Invt. Ltd.,2026-04-23 13:37:18.478268,Kumari Bank Limited
2026042301041321,KBL,38,29,500,222.0,111000.0,2026-04-23,187737532,142,Dipshikha Dhitopatra Karobar Co. Pvt Ltd.,Trisul Securities & Invt. Ltd.,2026-04-23 13:37:18.478571,Kumari Bank Limited
2026042301041322,KBL,7,29,100,222.0,22200.0,2026-04-23,187737534,142,J.F. Securites (PVT) Ltd.,Trisul Securities & Invt. Ltd.,2026-04-23 13:37:18.478874,Kumari Bank Limited
2026042301041323,KBL,26,29,936,222.0,207792.0,2026-04-23,187737535,142,Asian Securities Private Ltd.,Trisul Securities & Invt. Ltd.,2026-04-23 13:37:18.479179,Kumari Bank Limited
2026042301041602,KBL,42,14,21,222.5,4672.5,2026-04-23,187738602,142,Sani Securities Company Ltd.,Nepal Stock House (PVT) Ltd.,2026-04-23 13:39:27.462442,Kumari Bank Limited
2026042301041625,KBL,32,48,500,222.2,111100.0,2026-04-23,187738712,142,Premier Securities Company Ltd.,Trishakti Securities Public Limited,2026-04-23 13:39:43.772957,Kumari Bank Limited
2026042301041626,KBL,42,48,1000,222.1,222100.0,2026-04-23,187738714,142,Sani Securities Company Ltd.,Trishakti Securities Public Limited,2026-04-23 13:39:43.774227,Kumari Bank Limited
2026042301041627,KBL,26,48,64,222.0,14208.0,2026-04-23,187738716,142,Asian Securities Private Ltd.,Trishakti Securities Public Limited,2026-04-23 13:39:43.775180,Kumari Bank Limited
2026042301041628,KBL,58,48,8436,222.0,1872792.0,2026-04-23,187738717,142,Naasa Securities Co. Ltd.,Trishakti Securities Public Limited,2026-04-23 13:39:43.776131,Kumari Bank Limited
2026042301041733,KBL,58,35,300,222.0,66600.0,2026-04-23,187739141,142,Naasa Securities Co. Ltd.,Kohinoor Investment & Securities Pvt. Ltd.,2026-04-23 13:40:25.396568,Kumari Bank Limited
2026042301041764,KBL,59,14,300,223.0,66900.0,2026-04-23,187739246,142,Deevyaa Securities & Stock House Pvt. Ltd,Nepal Stock House (PVT) Ltd.,2026-04-23 13:40:41.900936,Kumari Bank Limited
2026042301042133,KBL,26,1,200,222.9,44580.0,2026-04-23,187740401,142,Asian Securities Private Ltd.,Kumari Securities Private Limited,2026-04-23 13:42:56.156521,Kumari Bank Limited
2026042301042459,KBL,56,52,350,223.8,78330.0,2026-04-23,187741566,142,Sri Hari Securities Pvt. Ltd.,Sundhara Securities Limited,2026-04-23 13:45:52.467500,Kumari Bank Limited
2026042301042510,KBL,58,45,100,224.0,22400.0,2026-04-23,187741724,142,Naasa Securities Co. Ltd.,Imperial Securities Company Pvt. Ltd.,2026-04-23 13:46:14.881875,Kumari Bank Limited
2026042301042612,KBL,53,45,500,224.0,112000.0,2026-04-23,187742200,142,Investment Management Nepal Pvt. Ltd.,Imperial Securities Company Pvt. Ltd.,2026-04-23 13:47:10.794921,Kumari Bank Limited
2026042301042724,KBL,49,65,30,224.5,6735.0,2026-04-23,187742564,142,Online Securities Pvt. Ltd.,Sharepro Securities Private Limited,2026-04-23 13:47:55.514793,Kumari Bank Limited
2026042301042877,KBL,56,62,1000,224.9,224900.0,2026-04-23,187743006,142,Sri Hari Securities Pvt. Ltd.,Capital Max Securities Ltd,2026-04-23 13:48:39.451744,Kumari Bank Limited
2026042301042956,KBL,34,83,307,225.0,69075.0,2026-04-23,187743288,142,Vision Securities Pvt. Ltd,Sanima Securities Limited,2026-04-23 13:49:16.136509,Kumari Bank Limited
2026042301043070,KBL,58,83,85,225.0,19125.0,2026-04-23,187743602,142,Naasa Securities Co. Ltd.,Sanima Securities Limited,2026-04-23 13:49:48.110188,Kumari Bank Limited
2026042301043184,KBL,53,83,500,225.0,112500.0,2026-04-23,187743904,142,Investment Management Nepal Pvt. Ltd.,Sanima Securities Limited,2026-04-23 13:50:13.615236,Kumari Bank Limited
2026042301043269,KBL,58,83,100,225.0,22500.0,2026-04-23,187744172,142,Naasa Securities Co. Ltd.,Sanima Securities Limited,2026-04-23 13:50:54.779649,Kumari Bank Limited
2026042301043331,KBL,35,83,158,225.0,35550.0,2026-04-23,187744384,142,Kohinoor Investment & Securities Pvt. Ltd.,Sanima Securities Limited,2026-04-23 13:51:40.075412,Kumari Bank Limited
2026042301043609,KBL,56,83,146,225.0,32850.0,2026-04-23,187745310,142,Sri Hari Securities Pvt. Ltd.,Sanima Securities Limited,2026-04-23 13:53:59.237113,Kumari Bank Limited
2026042301043635,KBL,57,83,200,225.0,45000.0,2026-04-23,187745420,142,Aryatara Investment & Securities,Sanima Securities Limited,2026-04-23 13:54:19.399051,Kumari Bank Limited
2026042301043738,KBL,32,28,20,224.0,4480.0,2026-04-23,187745728,142,Premier Securities Company Ltd.,Shree Krishna Securities Ltd.,2026-04-23 13:55:20.799957,Kumari Bank Limited
