contractId,stockSymbol,buyerMemberId,sellerMemberId,quantity,rate,amount,businessDate,tradeBookId,stockId,buyerBrokerName,sellerBrokerName,transaction_time,securityName
2026042304000070,LEC,48,62,10,237.0,2370.0,2026-04-23,187617695,2903,Trishakti Securities Public Limited,Capital Max Securities Ltd,2026-04-23 11:03:04.355217,Liberty Energy Company Limited
2026042304000072,LEC,26,62,200,237.0,47400.0,2026-04-23,187617890,2903,Asian Securities Private Ltd.,Capital Max Securities Ltd,2026-04-23 11:03:12.719148,Liberty Energy Company Limited
2026042304000076,LEC,91,62,90,237.0,21330.0,2026-04-23,187618039,2903,Citizens Share Broker Limited,Capital Max Securities Ltd,2026-04-23 11:03:20.604484,Liberty Energy Company Limited
2026042304000096,LEC,25,62,10,240.0,2400.0,2026-04-23,187618558,2903,Sweta Securities Private Limited,Capital Max Securities Ltd,2026-04-23 11:03:55.098791,Liberty Energy Company Limited
2026042304000114,LEC,40,34,200,239.0,47800.0,2026-04-23,187618830,2903,Creative Securities Pvt Ltd,Vision Securities Pvt. Ltd,2026-04-23 11:04:19.669276,Liberty Energy Company Limited
2026042304000169,LEC,91,42,300,237.0,71100.0,2026-04-23,187619765,2903,Citizens Share Broker Limited,Sani Securities Company Ltd.,2026-04-23 11:05:14.606628,Liberty Energy Company Limited
2026042304000200,LEC,91,46,300,237.0,71100.0,2026-04-23,187620121,2903,Citizens Share Broker Limited,Kalika Securities Pvt. Ltd.,2026-04-23 11:05:41.176651,Liberty Energy Company Limited
2026042304000311,LEC,51,42,40,235.0,9400.0,2026-04-23,187621686,2903,Oxford Securities Pvt. Ltd.,Sani Securities Company Ltd.,2026-04-23 11:07:10.106990,Liberty Energy Company Limited
2026042304000312,LEC,45,42,500,235.0,117500.0,2026-04-23,187621687,2903,Imperial Securities Company Pvt. Ltd.,Sani Securities Company Ltd.,2026-04-23 11:07:10.107062,Liberty Energy Company Limited
2026042304000665,LEC,28,58,30,235.0,7050.0,2026-04-23,187628077,2903,Shree Krishna Securities Ltd.,Naasa Securities Co. Ltd.,2026-04-23 11:13:34.715880,Liberty Energy Company Limited
2026042304000818,LEC,28,42,130,235.0,30550.0,2026-04-23,187631073,2903,Shree Krishna Securities Ltd.,Sani Securities Company Ltd.,2026-04-23 11:16:28.462710,Liberty Energy Company Limited
2026042304000832,LEC,28,77,40,235.0,9400.0,2026-04-23,187631400,2903,Shree Krishna Securities Ltd.,Nabil Stock Dealer Ltd.,2026-04-23 11:16:46.225435,Liberty Energy Company Limited
2026042304000854,LEC,52,47,30,234.0,7020.0,2026-04-23,187632126,2903,Sundhara Securities Limited,Neev Securities Pvt. Ltd.,2026-04-23 11:17:19.134205,Liberty Energy Company Limited
2026042304000855,LEC,52,47,37,233.0,8621.0,2026-04-23,187632127,2903,Sundhara Securities Limited,Neev Securities Pvt. Ltd.,2026-04-23 11:17:19.134464,Liberty Energy Company Limited
2026042304000938,LEC,45,29,300,232.8,69840.0,2026-04-23,187634573,2903,Imperial Securities Company Pvt. Ltd.,Trisul Securities & Invt. Ltd.,2026-04-23 11:19:23.740583,Liberty Energy Company Limited
2026042304000941,LEC,40,57,150,233.0,34950.0,2026-04-23,187634638,2903,Creative Securities Pvt Ltd,Aryatara Investment & Securities,2026-04-23 11:19:27.762065,Liberty Energy Company Limited
2026042304001332,LEC,45,47,200,232.8,46560.0,2026-04-23,187642110,2903,Imperial Securities Company Pvt. Ltd.,Neev Securities Pvt. Ltd.,2026-04-23 11:25:55.641010,Liberty Energy Company Limited
2026042304001333,LEC,29,47,100,232.8,23280.0,2026-04-23,187642111,2903,Trisul Securities & Invt. Ltd.,Neev Securities Pvt. Ltd.,2026-04-23 11:25:55.641189,Liberty Energy Company Limited
2026042304001366,LEC,62,47,100,234.0,23400.0,2026-04-23,187642891,2903,Capital Max Securities Ltd,Neev Securities Pvt. Ltd.,2026-04-23 11:26:42.921255,Liberty Energy Company Limited
2026042304001397,LEC,62,26,400,234.0,93600.0,2026-04-23,187643320,2903,Capital Max Securities Ltd,Asian Securities Private Ltd.,2026-04-23 11:27:05.228033,Liberty Energy Company Limited
2026042304001443,LEC,58,47,30,231.1,6933.0,2026-04-23,187644370,2903,Naasa Securities Co. Ltd.,Neev Securities Pvt. Ltd.,2026-04-23 11:27:43.818772,Liberty Energy Company Limited
2026042304001444,LEC,62,47,970,231.0,224070.0,2026-04-23,187644371,2903,Capital Max Securities Ltd,Neev Securities Pvt. Ltd.,2026-04-23 11:27:43.819060,Liberty Energy Company Limited
2026042304001446,LEC,62,6,30,231.0,6930.0,2026-04-23,187644645,2903,Capital Max Securities Ltd,Agrawal Securities (PVT) Ltd.,2026-04-23 11:27:55.054515,Liberty Energy Company Limited
2026042304001471,LEC,29,6,100,230.8,23080.0,2026-04-23,187645078,2903,Trisul Securities & Invt. Ltd.,Agrawal Securities (PVT) Ltd.,2026-04-23 11:28:15.589444,Liberty Energy Company Limited
2026042304001472,LEC,67,6,900,230.2,207180.0,2026-04-23,187645079,2903,Property Wiard Limited,Agrawal Securities (PVT) Ltd.,2026-04-23 11:28:15.589623,Liberty Energy Company Limited
2026042304001488,LEC,67,81,100,230.2,23020.0,2026-04-23,187645617,2903,Property Wiard Limited,Aakashbhairab Securities Ltd.,2026-04-23 11:28:36.135081,Liberty Energy Company Limited
2026042304001553,LEC,45,58,20,230.5,4610.0,2026-04-23,187646725,2903,Imperial Securities Company Pvt. Ltd.,Naasa Securities Co. Ltd.,2026-04-23 11:29:23.845488,Liberty Energy Company Limited
2026042304001564,LEC,45,47,375,230.5,86437.5,2026-04-23,187647129,2903,Imperial Securities Company Pvt. Ltd.,Neev Securities Pvt. Ltd.,2026-04-23 11:29:53.756430,Liberty Energy Company Limited
2026042304001642,LEC,45,6,105,230.5,24202.5,2026-04-23,187648410,2903,Imperial Securities Company Pvt. Ltd.,Agrawal Securities (PVT) Ltd.,2026-04-23 11:31:07.153169,Liberty Energy Company Limited
2026042304001643,LEC,67,6,365,230.1,83986.5,2026-04-23,187648411,2903,Property Wiard Limited,Agrawal Securities (PVT) Ltd.,2026-04-23 11:31:07.153495,Liberty Energy Company Limited
2026042304001754,LEC,54,51,10,230.2,2302.0,2026-04-23,187650549,2903,Sewa Securities Pvt. Ltd.,Oxford Securities Pvt. Ltd.,2026-04-23 11:33:13.158455,Liberty Energy Company Limited
2026042304001883,LEC,48,91,500,233.0,116500.0,2026-04-23,187653739,2903,Trishakti Securities Public Limited,Citizens Share Broker Limited,2026-04-23 11:36:37.328283,Liberty Energy Company Limited
2026042304001974,LEC,48,39,250,233.0,58250.0,2026-04-23,187655531,2903,Trishakti Securities Public Limited,Sumeru Securities Pvt. Ltd.,2026-04-23 11:38:54.834904,Liberty Energy Company Limited
2026042304001991,LEC,48,58,100,233.0,23300.0,2026-04-23,187655777,2903,Trishakti Securities Public Limited,Naasa Securities Co. Ltd.,2026-04-23 11:39:17.682177,Liberty Energy Company Limited
2026042304002013,LEC,53,1,4,230.0,920.0,2026-04-23,187656141,2903,Investment Management Nepal Pvt. Ltd.,Kumari Securities Private Limited,2026-04-23 11:39:44.387890,Liberty Energy Company Limited
2026042304002126,LEC,41,65,500,233.5,116750.0,2026-04-23,187658780,2903,Linch Stock Market Ltd.,Sharepro Securities Private Limited,2026-04-23 11:42:48.580905,Liberty Energy Company Limited
2026042304002314,LEC,13,14,500,231.0,115500.0,2026-04-23,187660605,2903,Thrive Brokerage House Pvt. Ltd,Nepal Stock House (PVT) Ltd.,2026-04-23 11:45:11.233899,Liberty Energy Company Limited
2026042304002337,LEC,13,36,500,231.0,115500.0,2026-04-23,187661019,2903,Thrive Brokerage House Pvt. Ltd,Secured Securities Ltd.,2026-04-23 11:45:40.899299,Liberty Energy Company Limited
2026042304002490,LEC,40,14,35,232.0,8120.0,2026-04-23,187662853,2903,Creative Securities Pvt Ltd,Nepal Stock House (PVT) Ltd.,2026-04-23 11:47:48.232979,Liberty Energy Company Limited
2026042304002547,LEC,58,85,400,232.9,93160.0,2026-04-23,187664090,2903,Naasa Securities Co. Ltd.,Capital Hub P. Ltd,2026-04-23 11:49:33.387721,Liberty Energy Company Limited
2026042304002854,LEC,16,45,104,232.5,24180.0,2026-04-23,187668000,2903,Primo Securities (PVT) Ltd.,Imperial Securities Company Pvt. Ltd.,2026-04-23 11:54:31.234935,Liberty Energy Company Limited
2026042304002875,LEC,40,45,21,232.5,4882.5,2026-04-23,187668497,2903,Creative Securities Pvt Ltd,Imperial Securities Company Pvt. Ltd.,2026-04-23 11:55:09.992252,Liberty Energy Company Limited
2026042304002939,LEC,40,57,244,232.5,56730.0,2026-04-23,187669468,2903,Creative Securities Pvt Ltd,Aryatara Investment & Securities,2026-04-23 11:56:18.986566,Liberty Energy Company Limited
2026042304002940,LEC,6,57,150,232.0,34800.0,2026-04-23,187669470,2903,Agrawal Securities (PVT) Ltd.,Aryatara Investment & Securities,2026-04-23 11:56:18.987012,Liberty Energy Company Limited
2026042304002941,LEC,22,57,365,232.0,84680.0,2026-04-23,187669472,2903,Siprabi Securities Pvt. Ltd.,Aryatara Investment & Securities,2026-04-23 11:56:18.987301,Liberty Energy Company Limited
2026042304003239,LEC,41,63,100,231.9,23190.0,2026-04-23,187673370,2903,Linch Stock Market Ltd.,Himalayan Brokerage Company Limited,2026-04-23 12:00:48.922837,Liberty Energy Company Limited
2026042304003308,LEC,57,58,50,231.1,11555.0,2026-04-23,187674938,2903,Aryatara Investment & Securities,Naasa Securities Co. Ltd.,2026-04-23 12:02:52.902753,Liberty Energy Company Limited
2026042304003309,LEC,38,58,27,231.1,6239.7,2026-04-23,187674939,2903,Dipshikha Dhitopatra Karobar Co. Pvt Ltd.,Naasa Securities Co. Ltd.,2026-04-23 12:02:52.902992,Liberty Energy Company Limited
2026042304003320,LEC,38,58,20,231.1,4622.0,2026-04-23,187675159,2903,Dipshikha Dhitopatra Karobar Co. Pvt Ltd.,Naasa Securities Co. Ltd.,2026-04-23 12:03:05.061662,Liberty Energy Company Limited
2026042304003330,LEC,48,58,380,231.0,87780.0,2026-04-23,187675303,2903,Trishakti Securities Public Limited,Naasa Securities Co. Ltd.,2026-04-23 12:03:14.530285,Liberty Energy Company Limited
2026042304003498,LEC,14,63,200,231.9,46380.0,2026-04-23,187678100,2903,Nepal Stock House (PVT) Ltd.,Himalayan Brokerage Company Limited,2026-04-23 12:06:21.541728,Liberty Energy Company Limited
2026042304003699,LEC,45,58,65,232.0,15080.0,2026-04-23,187681609,2903,Imperial Securities Company Pvt. Ltd.,Naasa Securities Co. Ltd.,2026-04-23 12:11:22.261137,Liberty Energy Company Limited
2026042304003832,LEC,44,17,1000,232.8,232800.0,2026-04-23,187683238,2903,Dynamic Money Managers Securities Pvt. Ltd.,ABC Securities Private Limited,2026-04-23 12:13:21.115165,Liberty Energy Company Limited
2026042304004005,LEC,36,85,300,232.9,69870.0,2026-04-23,187685870,2903,Secured Securities Ltd.,Capital Hub P. Ltd,2026-04-23 12:17:19.228148,Liberty Energy Company Limited
2026042304004014,LEC,45,85,300,232.9,69870.0,2026-04-23,187686084,2903,Imperial Securities Company Pvt. Ltd.,Capital Hub P. Ltd,2026-04-23 12:17:41.252097,Liberty Energy Company Limited
2026042304004064,LEC,44,85,700,232.9,163030.0,2026-04-23,187686494,2903,Dynamic Money Managers Securities Pvt. Ltd.,Capital Hub P. Ltd,2026-04-23 12:18:15.100638,Liberty Energy Company Limited
2026042304004146,LEC,48,85,315,232.9,73363.5,2026-04-23,187688108,2903,Trishakti Securities Public Limited,Capital Hub P. Ltd,2026-04-23 12:20:25.069139,Liberty Energy Company Limited
2026042304004195,LEC,17,85,500,232.9,116450.0,2026-04-23,187689072,2903,ABC Securities Private Limited,Capital Hub P. Ltd,2026-04-23 12:21:44.646055,Liberty Energy Company Limited
2026042304004229,LEC,38,57,23,232.2,5340.6,2026-04-23,187689698,2903,Dipshikha Dhitopatra Karobar Co. Pvt Ltd.,Aryatara Investment & Securities,2026-04-23 12:22:34.885721,Liberty Energy Company Limited
2026042304004230,LEC,49,57,1000,232.1,232100.0,2026-04-23,187689700,2903,Online Securities Pvt. Ltd.,Aryatara Investment & Securities,2026-04-23 12:22:34.885992,Liberty Energy Company Limited
2026042304004294,LEC,13,57,200,232.1,46420.0,2026-04-23,187690488,2903,Thrive Brokerage House Pvt. Ltd,Aryatara Investment & Securities,2026-04-23 12:23:56.389211,Liberty Energy Company Limited
2026042304004302,LEC,22,57,18,232.1,4177.8,2026-04-23,187690789,2903,Siprabi Securities Pvt. Ltd.,Aryatara Investment & Securities,2026-04-23 12:24:33.228856,Liberty Energy Company Limited
2026042304004334,LEC,1,85,10,232.9,2329.0,2026-04-23,187691554,2903,Kumari Securities Private Limited,Capital Hub P. Ltd,2026-04-23 12:25:57.279408,Liberty Energy Company Limited
2026042304004335,LEC,45,85,20,232.9,4658.0,2026-04-23,187691560,2903,Imperial Securities Company Pvt. Ltd.,Capital Hub P. Ltd,2026-04-23 12:25:58.410140,Liberty Energy Company Limited
2026042304004345,LEC,58,11,10,232.0,2320.0,2026-04-23,187691737,2903,Naasa Securities Co. Ltd.,Malla & Malla Stock Broking Company Pvt. Limited,2026-04-23 12:26:15.552005,Liberty Energy Company Limited
2026042304004509,LEC,58,35,39,232.0,9048.0,2026-04-23,187694668,2903,Naasa Securities Co. Ltd.,Kohinoor Investment & Securities Pvt. Ltd.,2026-04-23 12:31:25.504714,Liberty Energy Company Limited
2026042304004510,LEC,54,35,40,232.0,9280.0,2026-04-23,187694670,2903,Sewa Securities Pvt. Ltd.,Kohinoor Investment & Securities Pvt. Ltd.,2026-04-23 12:31:25.504820,Liberty Energy Company Limited
2026042304004511,LEC,45,35,121,232.0,28072.0,2026-04-23,187694671,2903,Imperial Securities Company Pvt. Ltd.,Kohinoor Investment & Securities Pvt. Ltd.,2026-04-23 12:31:25.504889,Liberty Energy Company Limited
2026042304004512,LEC,42,85,50,232.9,11645.0,2026-04-23,187694706,2903,Sani Securities Company Ltd.,Capital Hub P. Ltd,2026-04-23 12:31:30.999962,Liberty Energy Company Limited
2026042304004589,LEC,35,85,50,232.9,11645.0,2026-04-23,187695592,2903,Kohinoor Investment & Securities Pvt. Ltd.,Capital Hub P. Ltd,2026-04-23 12:33:15.837027,Liberty Energy Company Limited
2026042304004595,LEC,17,85,100,232.9,23290.0,2026-04-23,187695646,2903,ABC Securities Private Limited,Capital Hub P. Ltd,2026-04-23 12:33:25.469774,Liberty Energy Company Limited
2026042304004646,LEC,13,53,20,232.1,4642.0,2026-04-23,187696703,2903,Thrive Brokerage House Pvt. Ltd,Investment Management Nepal Pvt. Ltd.,2026-04-23 12:35:08.335982,Liberty Energy Company Limited
2026042304004710,LEC,59,85,255,232.9,59389.5,2026-04-23,187697620,2903,Deevyaa Securities & Stock House Pvt. Ltd,Capital Hub P. Ltd,2026-04-23 12:36:21.060771,Liberty Energy Company Limited
2026042304004725,LEC,13,5,50,233.0,11650.0,2026-04-23,187697911,2903,Thrive Brokerage House Pvt. Ltd,Market Securities & Exchange (PVT) Ltd.,2026-04-23 12:36:42.409994,Liberty Energy Company Limited
2026042304004726,LEC,13,46,10,233.0,2330.0,2026-04-23,187697913,2903,Thrive Brokerage House Pvt. Ltd,Kalika Securities Pvt. Ltd.,2026-04-23 12:36:42.410469,Liberty Energy Company Limited
2026042304004727,LEC,13,6,220,233.0,51260.0,2026-04-23,187697916,2903,Thrive Brokerage House Pvt. Ltd,Agrawal Securities (PVT) Ltd.,2026-04-23 12:36:42.410766,Liberty Energy Company Limited
2026042304004736,LEC,63,6,300,233.0,69900.0,2026-04-23,187698102,2903,Himalayan Brokerage Company Limited,Agrawal Securities (PVT) Ltd.,2026-04-23 12:36:55.426118,Liberty Energy Company Limited
2026042304004747,LEC,32,6,100,233.0,23300.0,2026-04-23,187698142,2903,Premier Securities Company Ltd.,Agrawal Securities (PVT) Ltd.,2026-04-23 12:37:03.341787,Liberty Energy Company Limited
2026042304004767,LEC,35,6,70,233.0,16310.0,2026-04-23,187698648,2903,Kohinoor Investment & Securities Pvt. Ltd.,Agrawal Securities (PVT) Ltd.,2026-04-23 12:37:35.076487,Liberty Energy Company Limited
2026042304004774,LEC,17,6,500,233.0,116500.0,2026-04-23,187698828,2903,ABC Securities Private Limited,Agrawal Securities (PVT) Ltd.,2026-04-23 12:37:56.885810,Liberty Energy Company Limited
2026042304004780,LEC,45,6,310,233.0,72230.0,2026-04-23,187698947,2903,Imperial Securities Company Pvt. Ltd.,Agrawal Securities (PVT) Ltd.,2026-04-23 12:38:07.722415,Liberty Energy Company Limited
2026042304004971,LEC,59,1,100,233.3,23330.0,2026-04-23,187700746,2903,Deevyaa Securities & Stock House Pvt. Ltd,Kumari Securities Private Limited,2026-04-23 12:41:48.741304,Liberty Energy Company Limited
2026042304004972,LEC,6,1,1000,233.2,233200.0,2026-04-23,187700748,2903,Agrawal Securities (PVT) Ltd.,Kumari Securities Private Limited,2026-04-23 12:41:48.741797,Liberty Energy Company Limited
2026042304004973,LEC,42,1,50,233.1,11655.0,2026-04-23,187700750,2903,Sani Securities Company Ltd.,Kumari Securities Private Limited,2026-04-23 12:41:48.742106,Liberty Energy Company Limited
2026042304004974,LEC,52,1,850,233.1,198135.0,2026-04-23,187700751,2903,Sundhara Securities Limited,Kumari Securities Private Limited,2026-04-23 12:41:48.742430,Liberty Energy Company Limited
2026042304005020,LEC,52,48,500,233.1,116550.0,2026-04-23,187701361,2903,Sundhara Securities Limited,Trishakti Securities Public Limited,2026-04-23 12:43:07.238721,Liberty Energy Company Limited
2026042304005033,LEC,52,72,500,233.1,116550.0,2026-04-23,187701597,2903,Sundhara Securities Limited,Hatemalo Financial Services Private Limited,2026-04-23 12:43:30.233916,Liberty Energy Company Limited
2026042304005035,LEC,52,35,3150,233.1,734265.0,2026-04-23,187701616,2903,Sundhara Securities Limited,Kohinoor Investment & Securities Pvt. Ltd.,2026-04-23 12:43:32.092404,Liberty Energy Company Limited
2026042304005103,LEC,39,48,50,232.5,11625.0,2026-04-23,187702718,2903,Sumeru Securities Pvt. Ltd.,Trishakti Securities Public Limited,2026-04-23 12:45:03.008895,Liberty Energy Company Limited
2026042304005104,LEC,45,48,500,232.2,116100.0,2026-04-23,187702720,2903,Imperial Securities Company Pvt. Ltd.,Trishakti Securities Public Limited,2026-04-23 12:45:03.009204,Liberty Energy Company Limited
2026042304005105,LEC,14,48,49,232.2,11377.8,2026-04-23,187702722,2903,Nepal Stock House (PVT) Ltd.,Trishakti Securities Public Limited,2026-04-23 12:45:03.009310,Liberty Energy Company Limited
2026042304005106,LEC,32,48,1000,232.1,232100.0,2026-04-23,187702724,2903,Premier Securities Company Ltd.,Trishakti Securities Public Limited,2026-04-23 12:45:03.009431,Liberty Energy Company Limited
2026042304005107,LEC,45,48,401,232.0,93032.0,2026-04-23,187702725,2903,Imperial Securities Company Pvt. Ltd.,Trishakti Securities Public Limited,2026-04-23 12:45:03.009534,Liberty Energy Company Limited
2026042304005325,LEC,21,52,50,234.0,11700.0,2026-04-23,187707019,2903,Midas Stock Broking Company Private Limited,Sundhara Securities Limited,2026-04-23 12:52:16.159348,Liberty Energy Company Limited
2026042304005326,LEC,21,46,10,234.0,2340.0,2026-04-23,187707021,2903,Midas Stock Broking Company Private Limited,Kalika Securities Pvt. Ltd.,2026-04-23 12:52:16.159597,Liberty Energy Company Limited
2026042304005327,LEC,21,45,10,234.0,2340.0,2026-04-23,187707023,2903,Midas Stock Broking Company Private Limited,Imperial Securities Company Pvt. Ltd.,2026-04-23 12:52:16.159709,Liberty Energy Company Limited
2026042304005328,LEC,21,8,10,234.0,2340.0,2026-04-23,187707041,2903,Midas Stock Broking Company Private Limited,Brilliant Securities Pvt. Ltd.,2026-04-23 12:52:19.751344,Liberty Energy Company Limited
2026042304005348,LEC,92,77,110,235.0,25850.0,2026-04-23,187707459,2903,Roadshow securities limited,Nabil Stock Dealer Ltd.,2026-04-23 12:52:55.893268,Liberty Energy Company Limited
2026042304005349,LEC,92,81,100,235.0,23500.0,2026-04-23,187707461,2903,Roadshow securities limited,Aakashbhairab Securities Ltd.,2026-04-23 12:52:55.893804,Liberty Energy Company Limited
2026042304005350,LEC,92,17,10,235.0,2350.0,2026-04-23,187707463,2903,Roadshow securities limited,ABC Securities Private Limited,2026-04-23 12:52:55.894122,Liberty Energy Company Limited
2026042304005351,LEC,92,4,15,235.0,3525.0,2026-04-23,187707465,2903,Roadshow securities limited,Opal Securities Investment (PVT) Ltd.,2026-04-23 12:52:55.894447,Liberty Energy Company Limited
2026042304005352,LEC,92,57,250,235.0,58750.0,2026-04-23,187707467,2903,Roadshow securities limited,Aryatara Investment & Securities,2026-04-23 12:52:55.894744,Liberty Energy Company Limited
2026042304005353,LEC,92,6,100,235.0,23500.0,2026-04-23,187707469,2903,Roadshow securities limited,Agrawal Securities (PVT) Ltd.,2026-04-23 12:52:55.895042,Liberty Energy Company Limited
2026042304005364,LEC,64,48,100,235.9,23590.0,2026-04-23,187707602,2903,SUN SECURITIES PVT LTD,Trishakti Securities Public Limited,2026-04-23 12:53:10.597173,Liberty Energy Company Limited
2026042304005396,LEC,92,8,10,235.0,2350.0,2026-04-23,187707975,2903,Roadshow securities limited,Brilliant Securities Pvt. Ltd.,2026-04-23 12:53:47.361708,Liberty Energy Company Limited
2026042304005408,LEC,92,35,930,235.0,218550.0,2026-04-23,187708226,2903,Roadshow securities limited,Kohinoor Investment & Securities Pvt. Ltd.,2026-04-23 12:54:13.721234,Liberty Energy Company Limited
2026042304005460,LEC,21,8,10,234.0,2340.0,2026-04-23,187708829,2903,Midas Stock Broking Company Private Limited,Brilliant Securities Pvt. Ltd.,2026-04-23 12:55:17.034377,Liberty Energy Company Limited
2026042304005513,LEC,21,8,10,234.0,2340.0,2026-04-23,187709363,2903,Midas Stock Broking Company Private Limited,Brilliant Securities Pvt. Ltd.,2026-04-23 12:56:17.739529,Liberty Energy Company Limited
2026042304005596,LEC,21,8,10,234.0,2340.0,2026-04-23,187710779,2903,Midas Stock Broking Company Private Limited,Brilliant Securities Pvt. Ltd.,2026-04-23 12:57:48.319875,Liberty Energy Company Limited
2026042304005620,LEC,77,35,17,235.0,3995.0,2026-04-23,187711092,2903,Nabil Stock Dealer Ltd.,Kohinoor Investment & Securities Pvt. Ltd.,2026-04-23 12:58:23.474628,Liberty Energy Company Limited
2026042304005648,LEC,21,8,10,234.0,2340.0,2026-04-23,187711649,2903,Midas Stock Broking Company Private Limited,Brilliant Securities Pvt. Ltd.,2026-04-23 12:59:07.449219,Liberty Energy Company Limited
2026042304005681,LEC,7,35,10,235.0,2350.0,2026-04-23,187712392,2903,J.F. Securites (PVT) Ltd.,Kohinoor Investment & Securities Pvt. Ltd.,2026-04-23 13:00:04.914666,Liberty Energy Company Limited
2026042304005778,LEC,21,8,10,234.0,2340.0,2026-04-23,187714157,2903,Midas Stock Broking Company Private Limited,Brilliant Securities Pvt. Ltd.,2026-04-23 13:02:02.013251,Liberty Energy Company Limited
2026042304005926,LEC,21,8,10,234.0,2340.0,2026-04-23,187715825,2903,Midas Stock Broking Company Private Limited,Brilliant Securities Pvt. Ltd.,2026-04-23 13:03:57.557133,Liberty Energy Company Limited
2026042304005984,LEC,6,49,20,235.9,4718.0,2026-04-23,187716659,2903,Agrawal Securities (PVT) Ltd.,Online Securities Pvt. Ltd.,2026-04-23 13:04:48.241131,Liberty Energy Company Limited
2026042304005985,LEC,6,44,200,236.0,47200.0,2026-04-23,187716661,2903,Agrawal Securities (PVT) Ltd.,Dynamic Money Managers Securities Pvt. Ltd.,2026-04-23 13:04:48.241179,Liberty Energy Company Limited
2026042304005986,LEC,6,49,45,236.0,10620.0,2026-04-23,187716663,2903,Agrawal Securities (PVT) Ltd.,Online Securities Pvt. Ltd.,2026-04-23 13:04:48.241200,Liberty Energy Company Limited
2026042304005987,LEC,6,34,200,236.9,47380.0,2026-04-23,187716665,2903,Agrawal Securities (PVT) Ltd.,Vision Securities Pvt. Ltd,2026-04-23 13:04:48.241221,Liberty Energy Company Limited
2026042304005988,LEC,6,4,87,237.0,20619.0,2026-04-23,187716667,2903,Agrawal Securities (PVT) Ltd.,Opal Securities Investment (PVT) Ltd.,2026-04-23 13:04:48.241245,Liberty Energy Company Limited
2026042304005989,LEC,6,33,200,237.0,47400.0,2026-04-23,187716669,2903,Agrawal Securities (PVT) Ltd.,Dakshinkali Investment & Securities Pvt. Ltd.,2026-04-23 13:04:48.241272,Liberty Energy Company Limited
2026042304005990,LEC,6,34,248,237.0,58776.0,2026-04-23,187716672,2903,Agrawal Securities (PVT) Ltd.,Vision Securities Pvt. Ltd,2026-04-23 13:04:48.241302,Liberty Energy Company Limited
2026042304006013,LEC,6,8,10,234.1,2341.0,2026-04-23,187716953,2903,Agrawal Securities (PVT) Ltd.,Brilliant Securities Pvt. Ltd.,2026-04-23 13:05:18.737707,Liberty Energy Company Limited
2026042304006025,LEC,62,34,10,237.0,2370.0,2026-04-23,187717148,2903,Capital Max Securities Ltd,Vision Securities Pvt. Ltd,2026-04-23 13:05:37.694594,Liberty Energy Company Limited
2026042304006122,LEC,51,8,10,235.0,2350.0,2026-04-23,187718083,2903,Oxford Securities Pvt. Ltd.,Brilliant Securities Pvt. Ltd.,2026-04-23 13:07:26.292045,Liberty Energy Company Limited
2026042304006142,LEC,34,52,15,237.0,3555.0,2026-04-23,187718244,2903,Vision Securities Pvt. Ltd,Sundhara Securities Limited,2026-04-23 13:07:39.974872,Liberty Energy Company Limited
2026042304006233,LEC,51,8,10,235.0,2350.0,2026-04-23,187719225,2903,Oxford Securities Pvt. Ltd.,Brilliant Securities Pvt. Ltd.,2026-04-23 13:09:19.991206,Liberty Energy Company Limited
2026042304006291,LEC,58,48,150,236.0,35400.0,2026-04-23,187720687,2903,Naasa Securities Co. Ltd.,Trishakti Securities Public Limited,2026-04-23 13:10:49.867990,Liberty Energy Company Limited
2026042304006330,LEC,48,52,35,237.0,8295.0,2026-04-23,187721077,2903,Trishakti Securities Public Limited,Sundhara Securities Limited,2026-04-23 13:11:43.219699,Liberty Energy Company Limited
2026042304006331,LEC,48,58,135,237.1,32008.5,2026-04-23,187721080,2903,Trishakti Securities Public Limited,Naasa Securities Co. Ltd.,2026-04-23 13:11:43.219746,Liberty Energy Company Limited
2026042304006535,LEC,49,91,200,236.1,47220.0,2026-04-23,187725054,2903,Online Securities Pvt. Ltd.,Citizens Share Broker Limited,2026-04-23 13:18:16.117677,Liberty Energy Company Limited
2026042304006536,LEC,49,91,1800,236.1,424980.0,2026-04-23,187725055,2903,Online Securities Pvt. Ltd.,Citizens Share Broker Limited,2026-04-23 13:18:16.117972,Liberty Energy Company Limited
2026042304006574,LEC,6,17,490,237.0,116130.0,2026-04-23,187725735,2903,Agrawal Securities (PVT) Ltd.,ABC Securities Private Limited,2026-04-23 13:19:01.681544,Liberty Energy Company Limited
2026042304006575,LEC,6,58,470,237.1,111437.0,2026-04-23,187725737,2903,Agrawal Securities (PVT) Ltd.,Naasa Securities Co. Ltd.,2026-04-23 13:19:01.682128,Liberty Energy Company Limited
2026042304006644,LEC,6,62,30,237.7,7131.0,2026-04-23,187726664,2903,Agrawal Securities (PVT) Ltd.,Capital Max Securities Ltd,2026-04-23 13:20:46.331859,Liberty Energy Company Limited
2026042304006668,LEC,63,54,10,237.5,2375.0,2026-04-23,187726897,2903,Himalayan Brokerage Company Limited,Sewa Securities Pvt. Ltd.,2026-04-23 13:21:17.344936,Liberty Energy Company Limited
2026042304006686,LEC,49,62,360,237.7,85572.0,2026-04-23,187727014,2903,Online Securities Pvt. Ltd.,Capital Max Securities Ltd,2026-04-23 13:21:31.188697,Liberty Energy Company Limited
2026042304006721,LEC,49,50,500,237.8,118900.0,2026-04-23,187727472,2903,Online Securities Pvt. Ltd.,Cristal Kanchanjanga Securites Pvt. Ltd.,2026-04-23 13:22:24.461492,Liberty Energy Company Limited
2026042304006723,LEC,45,52,210,237.9,49959.0,2026-04-23,187727530,2903,Imperial Securities Company Pvt. Ltd.,Sundhara Securities Limited,2026-04-23 13:22:33.232474,Liberty Energy Company Limited
2026042304006806,LEC,49,17,60,237.8,14268.0,2026-04-23,187729138,2903,Online Securities Pvt. Ltd.,ABC Securities Private Limited,2026-04-23 13:25:08.583797,Liberty Energy Company Limited
2026042304006822,LEC,51,48,80,237.5,19000.0,2026-04-23,187729302,2903,Oxford Securities Pvt. Ltd.,Trishakti Securities Public Limited,2026-04-23 13:25:23.629237,Liberty Energy Company Limited
2026042304006823,LEC,70,48,920,237.0,218040.0,2026-04-23,187729303,2903,Infinity Securities Limited,Trishakti Securities Public Limited,2026-04-23 13:25:23.629807,Liberty Energy Company Limited
2026042304006824,LEC,70,91,80,237.0,18960.0,2026-04-23,187729328,2903,Infinity Securities Limited,Citizens Share Broker Limited,2026-04-23 13:25:23.842376,Liberty Energy Company Limited
2026042304006845,LEC,58,57,40,236.0,9440.0,2026-04-23,187729545,2903,Naasa Securities Co. Ltd.,Aryatara Investment & Securities,2026-04-23 13:25:38.622997,Liberty Energy Company Limited
2026042304006857,LEC,58,35,450,236.0,106200.0,2026-04-23,187729765,2903,Naasa Securities Co. Ltd.,Kohinoor Investment & Securities Pvt. Ltd.,2026-04-23 13:26:10.844479,Liberty Energy Company Limited
2026042304006865,LEC,42,91,360,237.0,85320.0,2026-04-23,187729904,2903,Sani Securities Company Ltd.,Citizens Share Broker Limited,2026-04-23 13:26:29.815003,Liberty Energy Company Limited
2026042304006875,LEC,17,54,20,235.0,4700.0,2026-04-23,187730040,2903,ABC Securities Private Limited,Sewa Securities Pvt. Ltd.,2026-04-23 13:26:45.107462,Liberty Energy Company Limited
2026042304006876,LEC,29,54,80,235.0,18800.0,2026-04-23,187730041,2903,Trisul Securities & Invt. Ltd.,Sewa Securities Pvt. Ltd.,2026-04-23 13:26:45.108016,Liberty Energy Company Limited
2026042304006956,LEC,49,51,30,236.0,7080.0,2026-04-23,187730664,2903,Online Securities Pvt. Ltd.,Oxford Securities Pvt. Ltd.,2026-04-23 13:27:37.596194,Liberty Energy Company Limited
2026042304006957,LEC,49,51,10,236.0,2360.0,2026-04-23,187730666,2903,Online Securities Pvt. Ltd.,Oxford Securities Pvt. Ltd.,2026-04-23 13:27:37.596805,Liberty Energy Company Limited
2026042304006958,LEC,49,51,10,236.0,2360.0,2026-04-23,187730668,2903,Online Securities Pvt. Ltd.,Oxford Securities Pvt. Ltd.,2026-04-23 13:27:37.597252,Liberty Energy Company Limited
2026042304006959,LEC,29,51,120,235.0,28200.0,2026-04-23,187730670,2903,Trisul Securities & Invt. Ltd.,Oxford Securities Pvt. Ltd.,2026-04-23 13:27:37.597701,Liberty Energy Company Limited
2026042304006960,LEC,51,51,10,235.0,2350.0,2026-04-23,187730672,2903,Oxford Securities Pvt. Ltd.,Oxford Securities Pvt. Ltd.,2026-04-23 13:27:37.598161,Liberty Energy Company Limited
2026042304006961,LEC,14,51,820,235.0,192700.0,2026-04-23,187730673,2903,Nepal Stock House (PVT) Ltd.,Oxford Securities Pvt. Ltd.,2026-04-23 13:27:37.598610,Liberty Energy Company Limited
2026042304007014,LEC,14,35,180,235.0,42300.0,2026-04-23,187731106,2903,Nepal Stock House (PVT) Ltd.,Kohinoor Investment & Securities Pvt. Ltd.,2026-04-23 13:28:04.075086,Liberty Energy Company Limited
2026042304007015,LEC,77,35,20,235.0,4700.0,2026-04-23,187731107,2903,Nabil Stock Dealer Ltd.,Kohinoor Investment & Securities Pvt. Ltd.,2026-04-23 13:28:04.075788,Liberty Energy Company Limited
2026042304007027,LEC,49,63,30,235.0,7050.0,2026-04-23,187731162,2903,Online Securities Pvt. Ltd.,Himalayan Brokerage Company Limited,2026-04-23 13:28:08.541494,Liberty Energy Company Limited
2026042304007334,LEC,49,5,30,234.2,7026.0,2026-04-23,187734316,2903,Online Securities Pvt. Ltd.,Market Securities & Exchange (PVT) Ltd.,2026-04-23 13:31:51.517600,Liberty Energy Company Limited
2026042304007335,LEC,49,5,120,234.2,28104.0,2026-04-23,187734318,2903,Online Securities Pvt. Ltd.,Market Securities & Exchange (PVT) Ltd.,2026-04-23 13:31:51.517907,Liberty Energy Company Limited
2026042304007336,LEC,49,5,50,234.2,11710.0,2026-04-23,187734319,2903,Online Securities Pvt. Ltd.,Market Securities & Exchange (PVT) Ltd.,2026-04-23 13:31:51.518036,Liberty Energy Company Limited
2026042304007385,LEC,4,42,20,234.9,4698.0,2026-04-23,187734780,2903,Opal Securities Investment (PVT) Ltd.,Sani Securities Company Ltd.,2026-04-23 13:32:34.470753,Liberty Energy Company Limited
2026042304007483,LEC,66,35,99,234.1,23175.9,2026-04-23,187736040,2903,Miyo Securities Pvt Ltd,Kohinoor Investment & Securities Pvt. Ltd.,2026-04-23 13:34:42.644726,Liberty Energy Company Limited
2026042304007484,LEC,49,35,30,234.1,7023.0,2026-04-23,187736042,2903,Online Securities Pvt. Ltd.,Kohinoor Investment & Securities Pvt. Ltd.,2026-04-23 13:34:42.645294,Liberty Energy Company Limited
2026042304007485,LEC,21,35,80,234.0,18720.0,2026-04-23,187736044,2903,Midas Stock Broking Company Private Limited,Kohinoor Investment & Securities Pvt. Ltd.,2026-04-23 13:34:42.645712,Liberty Energy Company Limited
2026042304007486,LEC,49,35,10,234.0,2340.0,2026-04-23,187736046,2903,Online Securities Pvt. Ltd.,Kohinoor Investment & Securities Pvt. Ltd.,2026-04-23 13:34:42.646095,Liberty Energy Company Limited
2026042304007487,LEC,48,35,500,234.0,117000.0,2026-04-23,187736048,2903,Trishakti Securities Public Limited,Kohinoor Investment & Securities Pvt. Ltd.,2026-04-23 13:34:42.646508,Liberty Energy Company Limited
2026042304007488,LEC,58,35,10,234.0,2340.0,2026-04-23,187736050,2903,Naasa Securities Co. Ltd.,Kohinoor Investment & Securities Pvt. Ltd.,2026-04-23 13:34:42.646890,Liberty Energy Company Limited
2026042304007656,LEC,41,32,20,233.0,4660.0,2026-04-23,187738301,2903,Linch Stock Market Ltd.,Premier Securities Company Ltd.,2026-04-23 13:38:49.432715,Liberty Energy Company Limited
2026042304007753,LEC,41,35,33,233.0,7689.0,2026-04-23,187739423,2903,Linch Stock Market Ltd.,Kohinoor Investment & Securities Pvt. Ltd.,2026-04-23 13:40:59.012330,Liberty Energy Company Limited
2026042304007840,LEC,41,87,15,233.0,3495.0,2026-04-23,187741045,2903,Linch Stock Market Ltd.,S.P.S.A. Securities Limited,2026-04-23 13:44:42.471660,Liberty Energy Company Limited
2026042304007894,LEC,14,94,17,234.0,3978.0,2026-04-23,187741813,2903,Nepal Stock House (PVT) Ltd.,K.B.L. Securities Limited ,2026-04-23 13:46:29.291014,Liberty Energy Company Limited
2026042304007975,LEC,56,1,100,234.2,23420.0,2026-04-23,187743151,2903,Sri Hari Securities Pvt. Ltd.,Kumari Securities Private Limited,2026-04-23 13:48:57.231684,Liberty Energy Company Limited
2026042304007991,LEC,45,44,80,235.0,18800.0,2026-04-23,187743606,2903,Imperial Securities Company Pvt. Ltd.,Dynamic Money Managers Securities Pvt. Ltd.,2026-04-23 13:49:48.755571,Liberty Energy Company Limited
2026042304008004,LEC,17,50,10,235.8,2358.0,2026-04-23,187743934,2903,ABC Securities Private Limited,Cristal Kanchanjanga Securites Pvt. Ltd.,2026-04-23 13:50:23.021952,Liberty Energy Company Limited
2026042304008143,LEC,25,50,600,235.8,141480.0,2026-04-23,187746226,2903,Sweta Securities Private Limited,Cristal Kanchanjanga Securites Pvt. Ltd.,2026-04-23 13:56:30.991744,Liberty Energy Company Limited
2026042304008176,LEC,28,35,100,235.2,23520.0,2026-04-23,187746981,2903,Shree Krishna Securities Ltd.,Kohinoor Investment & Securities Pvt. Ltd.,2026-04-23 13:58:04.905190,Liberty Energy Company Limited
2026042304008177,LEC,17,35,35,235.1,8228.5,2026-04-23,187746983,2903,ABC Securities Private Limited,Kohinoor Investment & Securities Pvt. Ltd.,2026-04-23 13:58:04.905521,Liberty Energy Company Limited
2026042304008178,LEC,56,35,2865,234.2,670983.0,2026-04-23,187746984,2903,Sri Hari Securities Pvt. Ltd.,Kohinoor Investment & Securities Pvt. Ltd.,2026-04-23 13:58:04.905658,Liberty Energy Company Limited
2026042304008198,LEC,56,17,35,234.2,8197.0,2026-04-23,187747296,2903,Sri Hari Securities Pvt. Ltd.,ABC Securities Private Limited,2026-04-23 13:58:46.585282,Liberty Energy Company Limited
2026042304008199,LEC,14,17,983,234.0,230022.0,2026-04-23,187747298,2903,Nepal Stock House (PVT) Ltd.,ABC Securities Private Limited,2026-04-23 13:58:46.585373,Liberty Energy Company Limited
2026042304008200,LEC,14,17,53,234.0,12402.0,2026-04-23,187747300,2903,Nepal Stock House (PVT) Ltd.,ABC Securities Private Limited,2026-04-23 13:58:46.585423,Liberty Energy Company Limited
2026042304008201,LEC,17,17,30,234.0,7020.0,2026-04-23,187747302,2903,ABC Securities Private Limited,ABC Securities Private Limited,2026-04-23 13:58:46.585447,Liberty Energy Company Limited
2026042304008202,LEC,34,17,349,234.0,81666.0,2026-04-23,187747303,2903,Vision Securities Pvt. Ltd,ABC Securities Private Limited,2026-04-23 13:58:46.585471,Liberty Energy Company Limited
2026042304008219,LEC,17,72,10,235.0,2350.0,2026-04-23,187747468,2903,ABC Securities Private Limited,Hatemalo Financial Services Private Limited,2026-04-23 13:59:12.119427,Liberty Energy Company Limited
2026042304008250,LEC,34,17,51,234.0,11934.0,2026-04-23,187747810,2903,Vision Securities Pvt. Ltd,ABC Securities Private Limited,2026-04-23 14:00:00.349551,Liberty Energy Company Limited
2026042304008251,LEC,56,17,2949,233.1,687411.9,2026-04-23,187747811,2903,Sri Hari Securities Pvt. Ltd.,ABC Securities Private Limited,2026-04-23 14:00:00.349738,Liberty Energy Company Limited
2026042304008290,LEC,17,72,10,235.0,2350.0,2026-04-23,187748384,2903,ABC Securities Private Limited,Hatemalo Financial Services Private Limited,2026-04-23 14:01:26.885778,Liberty Energy Company Limited
2026042304008320,LEC,56,38,10,233.1,2331.0,2026-04-23,187748799,2903,Sri Hari Securities Pvt. Ltd.,Dipshikha Dhitopatra Karobar Co. Pvt Ltd.,2026-04-23 14:02:19.696623,Liberty Energy Company Limited
2026042304008431,LEC,25,42,400,234.9,93960.0,2026-04-23,187749656,2903,Sweta Securities Private Limited,Sani Securities Company Ltd.,2026-04-23 14:03:37.607519,Liberty Energy Company Limited
2026042304008474,LEC,34,35,200,234.0,46800.0,2026-04-23,187750229,2903,Vision Securities Pvt. Ltd,Kohinoor Investment & Securities Pvt. Ltd.,2026-04-23 14:04:45.286505,Liberty Energy Company Limited
2026042304008492,LEC,56,35,41,233.1,9557.1,2026-04-23,187750438,2903,Sri Hari Securities Pvt. Ltd.,Kohinoor Investment & Securities Pvt. Ltd.,2026-04-23 14:05:06.849140,Liberty Energy Company Limited
2026042304008493,LEC,74,35,50,233.1,11655.0,2026-04-23,187750440,2903,KALASH STOCK MARKET PVT. LTD.,Kohinoor Investment & Securities Pvt. Ltd.,2026-04-23 14:05:06.849254,Liberty Energy Company Limited
2026042304008494,LEC,34,35,284,233.1,66200.4,2026-04-23,187750441,2903,Vision Securities Pvt. Ltd,Kohinoor Investment & Securities Pvt. Ltd.,2026-04-23 14:05:06.849345,Liberty Energy Company Limited
2026042304008519,LEC,34,58,100,233.1,23310.0,2026-04-23,187750595,2903,Vision Securities Pvt. Ltd,Naasa Securities Co. Ltd.,2026-04-23 14:05:29.582296,Liberty Energy Company Limited
2026042304008708,LEC,34,59,116,233.1,27039.6,2026-04-23,187752958,2903,Vision Securities Pvt. Ltd,Deevyaa Securities & Stock House Pvt. Ltd,2026-04-23 14:09:38.247584,Liberty Energy Company Limited
2026042304008709,LEC,41,59,82,233.0,19106.0,2026-04-23,187752960,2903,Linch Stock Market Ltd.,Deevyaa Securities & Stock House Pvt. Ltd,2026-04-23 14:09:38.248367,Liberty Energy Company Limited
2026042304008710,LEC,4,59,100,233.0,23300.0,2026-04-23,187752962,2903,Opal Securities Investment (PVT) Ltd.,Deevyaa Securities & Stock House Pvt. Ltd,2026-04-23 14:09:38.248784,Liberty Energy Company Limited
2026042304008711,LEC,6,59,1000,233.0,233000.0,2026-04-23,187752964,2903,Agrawal Securities (PVT) Ltd.,Deevyaa Securities & Stock House Pvt. Ltd,2026-04-23 14:09:38.249161,Liberty Energy Company Limited
2026042304008732,LEC,28,17,100,232.6,23260.0,2026-04-23,187753364,2903,Shree Krishna Securities Ltd.,ABC Securities Private Limited,2026-04-23 14:10:18.415285,Liberty Energy Company Limited
2026042304008733,LEC,47,17,100,232.6,23260.0,2026-04-23,187753366,2903,Neev Securities Pvt. Ltd.,ABC Securities Private Limited,2026-04-23 14:10:18.415356,Liberty Energy Company Limited
2026042304008734,LEC,62,17,2150,232.6,500090.0,2026-04-23,187753368,2903,Capital Max Securities Ltd,ABC Securities Private Limited,2026-04-23 14:10:18.415390,Liberty Energy Company Limited
2026042304008735,LEC,34,17,90,232.5,20925.0,2026-04-23,187753369,2903,Vision Securities Pvt. Ltd,ABC Securities Private Limited,2026-04-23 14:10:18.415420,Liberty Energy Company Limited
2026042304008752,LEC,34,59,100,233.0,23300.0,2026-04-23,187753476,2903,Vision Securities Pvt. Ltd,Deevyaa Securities & Stock House Pvt. Ltd,2026-04-23 14:10:26.115532,Liberty Energy Company Limited
2026042304008777,LEC,19,35,100,232.7,23270.0,2026-04-23,187753758,2903,Nepal Investment And Securities Trading Private Limited,Kohinoor Investment & Securities Pvt. Ltd.,2026-04-23 14:10:55.710366,Liberty Energy Company Limited
2026042304008778,LEC,58,35,100,232.6,23260.0,2026-04-23,187753760,2903,Naasa Securities Co. Ltd.,Kohinoor Investment & Securities Pvt. Ltd.,2026-04-23 14:10:55.710689,Liberty Energy Company Limited
2026042304008779,LEC,34,35,210,232.5,48825.0,2026-04-23,187753762,2903,Vision Securities Pvt. Ltd,Kohinoor Investment & Securities Pvt. Ltd.,2026-04-23 14:10:55.710829,Liberty Energy Company Limited
2026042304008780,LEC,16,35,50,232.5,11625.0,2026-04-23,187753764,2903,Primo Securities (PVT) Ltd.,Kohinoor Investment & Securities Pvt. Ltd.,2026-04-23 14:10:55.710963,Liberty Energy Company Limited
2026042304008781,LEC,25,35,645,232.3,149833.5,2026-04-23,187753766,2903,Sweta Securities Private Limited,Kohinoor Investment & Securities Pvt. Ltd.,2026-04-23 14:10:55.711098,Liberty Energy Company Limited
2026042304008782,LEC,28,35,1000,232.2,232200.0,2026-04-23,187753768,2903,Shree Krishna Securities Ltd.,Kohinoor Investment & Securities Pvt. Ltd.,2026-04-23 14:10:55.711232,Liberty Energy Company Limited
2026042304008783,LEC,38,35,10,232.1,2321.0,2026-04-23,187753770,2903,Dipshikha Dhitopatra Karobar Co. Pvt Ltd.,Kohinoor Investment & Securities Pvt. Ltd.,2026-04-23 14:10:55.711387,Liberty Energy Company Limited
2026042304008784,LEC,25,35,1885,232.1,437508.5,2026-04-23,187753771,2903,Sweta Securities Private Limited,Kohinoor Investment & Securities Pvt. Ltd.,2026-04-23 14:10:55.711520,Liberty Energy Company Limited
2026042304008792,LEC,25,59,100,233.0,23300.0,2026-04-23,187753936,2903,Sweta Securities Private Limited,Deevyaa Securities & Stock House Pvt. Ltd,2026-04-23 14:11:13.595682,Liberty Energy Company Limited
2026042304008891,LEC,25,14,10,232.1,2321.0,2026-04-23,187754955,2903,Sweta Securities Private Limited,Nepal Stock House (PVT) Ltd.,2026-04-23 14:13:28.172873,Liberty Energy Company Limited
2026042304009063,LEC,25,56,605,232.1,140420.5,2026-04-23,187756394,2903,Sweta Securities Private Limited,Sri Hari Securities Pvt. Ltd.,2026-04-23 14:16:00.656854,Liberty Energy Company Limited
2026042304009064,LEC,45,56,395,232.0,91640.0,2026-04-23,187756395,2903,Imperial Securities Company Pvt. Ltd.,Sri Hari Securities Pvt. Ltd.,2026-04-23 14:16:00.657497,Liberty Energy Company Limited
2026042304009155,LEC,34,72,200,233.0,46600.0,2026-04-23,187757216,2903,Vision Securities Pvt. Ltd,Hatemalo Financial Services Private Limited,2026-04-23 14:17:18.417647,Liberty Energy Company Limited
2026042304009207,LEC,45,63,83,232.0,19256.0,2026-04-23,187758138,2903,Imperial Securities Company Pvt. Ltd.,Himalayan Brokerage Company Limited,2026-04-23 14:18:53.817065,Liberty Energy Company Limited
2026042304009208,LEC,22,63,30,232.0,6960.0,2026-04-23,187758140,2903,Siprabi Securities Pvt. Ltd.,Himalayan Brokerage Company Limited,2026-04-23 14:18:53.817481,Liberty Energy Company Limited
2026042304009209,LEC,49,63,150,232.0,34800.0,2026-04-23,187758142,2903,Online Securities Pvt. Ltd.,Himalayan Brokerage Company Limited,2026-04-23 14:18:53.817634,Liberty Energy Company Limited
2026042304009210,LEC,45,63,200,232.0,46400.0,2026-04-23,187758144,2903,Imperial Securities Company Pvt. Ltd.,Himalayan Brokerage Company Limited,2026-04-23 14:18:53.817770,Liberty Energy Company Limited
2026042304009211,LEC,48,63,537,232.0,124584.0,2026-04-23,187758145,2903,Trishakti Securities Public Limited,Himalayan Brokerage Company Limited,2026-04-23 14:18:53.817940,Liberty Energy Company Limited
2026042304009432,LEC,38,50,1000,232.1,232100.0,2026-04-23,187760862,2903,Dipshikha Dhitopatra Karobar Co. Pvt Ltd.,Cristal Kanchanjanga Securites Pvt. Ltd.,2026-04-23 14:23:44.586656,Liberty Energy Company Limited
2026042304009433,LEC,48,50,250,232.0,58000.0,2026-04-23,187760863,2903,Trishakti Securities Public Limited,Cristal Kanchanjanga Securites Pvt. Ltd.,2026-04-23 14:23:44.587337,Liberty Energy Company Limited
2026042304009454,LEC,34,49,250,232.1,58025.0,2026-04-23,187761243,2903,Vision Securities Pvt. Ltd,Online Securities Pvt. Ltd.,2026-04-23 14:24:19.689536,Liberty Energy Company Limited
2026042304009460,LEC,34,49,10,232.1,2321.0,2026-04-23,187761347,2903,Vision Securities Pvt. Ltd,Online Securities Pvt. Ltd.,2026-04-23 14:24:31.868896,Liberty Energy Company Limited
2026042304009491,LEC,34,50,35,232.1,8123.5,2026-04-23,187761805,2903,Vision Securities Pvt. Ltd,Cristal Kanchanjanga Securites Pvt. Ltd.,2026-04-23 14:25:20.546588,Liberty Energy Company Limited
2026042304009497,LEC,34,42,405,232.1,94000.5,2026-04-23,187761962,2903,Vision Securities Pvt. Ltd,Sani Securities Company Ltd.,2026-04-23 14:25:36.710885,Liberty Energy Company Limited
2026042304009522,LEC,48,57,213,232.0,49416.0,2026-04-23,187762236,2903,Trishakti Securities Public Limited,Aryatara Investment & Securities,2026-04-23 14:26:03.081767,Liberty Energy Company Limited
2026042304009523,LEC,16,57,50,232.0,11600.0,2026-04-23,187762238,2903,Primo Securities (PVT) Ltd.,Aryatara Investment & Securities,2026-04-23 14:26:03.082409,Liberty Energy Company Limited
2026042304009524,LEC,11,57,1746,232.0,405072.0,2026-04-23,187762239,2903,Malla & Malla Stock Broking Company Pvt. Limited,Aryatara Investment & Securities,2026-04-23 14:26:03.082805,Liberty Energy Company Limited
2026042304009535,LEC,11,4,45,232.0,10440.0,2026-04-23,187762469,2903,Malla & Malla Stock Broking Company Pvt. Limited,Opal Securities Investment (PVT) Ltd.,2026-04-23 14:26:22.440785,Liberty Energy Company Limited
2026042304009562,LEC,28,42,127,232.1,29476.7,2026-04-23,187762794,2903,Shree Krishna Securities Ltd.,Sani Securities Company Ltd.,2026-04-23 14:26:55.441815,Liberty Energy Company Limited
2026042304009624,LEC,49,48,10,232.7,2327.0,2026-04-23,187763550,2903,Online Securities Pvt. Ltd.,Trishakti Securities Public Limited,2026-04-23 14:27:59.695207,Liberty Energy Company Limited
2026042304009754,LEC,35,48,60,232.7,13962.0,2026-04-23,187765508,2903,Kohinoor Investment & Securities Pvt. Ltd.,Trishakti Securities Public Limited,2026-04-23 14:30:55.578725,Liberty Energy Company Limited
2026042304009770,LEC,58,97,500,232.2,116100.0,2026-04-23,187765786,2903,Naasa Securities Co. Ltd.,R.B.B. Securities Company Ltd,2026-04-23 14:31:15.212106,Liberty Energy Company Limited
2026042304009771,LEC,11,97,209,232.0,48488.0,2026-04-23,187765788,2903,Malla & Malla Stock Broking Company Pvt. Limited,R.B.B. Securities Company Ltd,2026-04-23 14:31:15.212493,Liberty Energy Company Limited
2026042304009772,LEC,41,97,43,232.0,9976.0,2026-04-23,187765790,2903,Linch Stock Market Ltd.,R.B.B. Securities Company Ltd,2026-04-23 14:31:15.212669,Liberty Energy Company Limited
2026042304009773,LEC,49,97,20,232.0,4640.0,2026-04-23,187765792,2903,Online Securities Pvt. Ltd.,R.B.B. Securities Company Ltd,2026-04-23 14:31:15.212832,Liberty Energy Company Limited
2026042304009774,LEC,38,97,28,232.0,6496.0,2026-04-23,187765793,2903,Dipshikha Dhitopatra Karobar Co. Pvt Ltd.,R.B.B. Securities Company Ltd,2026-04-23 14:31:15.213032,Liberty Energy Company Limited
2026042304009886,LEC,38,54,172,232.0,39904.0,2026-04-23,187767060,2903,Dipshikha Dhitopatra Karobar Co. Pvt Ltd.,Sewa Securities Pvt. Ltd.,2026-04-23 14:33:16.817630,Liberty Energy Company Limited
2026042304009887,LEC,35,54,20,232.0,4640.0,2026-04-23,187767062,2903,Kohinoor Investment & Securities Pvt. Ltd.,Sewa Securities Pvt. Ltd.,2026-04-23 14:33:16.818264,Liberty Energy Company Limited
2026042304009888,LEC,58,54,50,232.0,11600.0,2026-04-23,187767064,2903,Naasa Securities Co. Ltd.,Sewa Securities Pvt. Ltd.,2026-04-23 14:33:16.818683,Liberty Energy Company Limited
2026042304009889,LEC,47,54,100,232.0,23200.0,2026-04-23,187767066,2903,Neev Securities Pvt. Ltd.,Sewa Securities Pvt. Ltd.,2026-04-23 14:33:16.819113,Liberty Energy Company Limited
2026042304009890,LEC,52,54,50,232.0,11600.0,2026-04-23,187767068,2903,Sundhara Securities Limited,Sewa Securities Pvt. Ltd.,2026-04-23 14:33:16.819523,Liberty Energy Company Limited
2026042304009891,LEC,57,54,35,232.0,8120.0,2026-04-23,187767070,2903,Aryatara Investment & Securities,Sewa Securities Pvt. Ltd.,2026-04-23 14:33:16.819964,Liberty Energy Company Limited
2026042304009893,LEC,11,54,20,232.0,4640.0,2026-04-23,187767136,2903,Malla & Malla Stock Broking Company Pvt. Limited,Sewa Securities Pvt. Ltd.,2026-04-23 14:33:22.544351,Liberty Energy Company Limited
2026042304010033,LEC,25,34,20,231.1,4622.0,2026-04-23,187768016,2903,Sweta Securities Private Limited,Vision Securities Pvt. Ltd,2026-04-23 14:34:41.759999,Liberty Energy Company Limited
2026042304010034,LEC,48,34,480,231.0,110880.0,2026-04-23,187768017,2903,Trishakti Securities Public Limited,Vision Securities Pvt. Ltd,2026-04-23 14:34:41.760327,Liberty Energy Company Limited
2026042304010124,LEC,48,29,140,231.0,32340.0,2026-04-23,187769234,2903,Trishakti Securities Public Limited,Trisul Securities & Invt. Ltd.,2026-04-23 14:36:25.033285,Liberty Energy Company Limited
2026042304010125,LEC,49,29,160,231.0,36960.0,2026-04-23,187769235,2903,Online Securities Pvt. Ltd.,Trisul Securities & Invt. Ltd.,2026-04-23 14:36:25.033924,Liberty Energy Company Limited
2026042304010182,LEC,25,16,400,231.9,92760.0,2026-04-23,187770034,2903,Sweta Securities Private Limited,Primo Securities (PVT) Ltd.,2026-04-23 14:37:18.027735,Liberty Energy Company Limited
2026042304010225,LEC,45,16,190,231.2,43928.0,2026-04-23,187770526,2903,Imperial Securities Company Pvt. Ltd.,Primo Securities (PVT) Ltd.,2026-04-23 14:37:56.184182,Liberty Energy Company Limited
2026042304010226,LEC,22,16,1000,231.1,231100.0,2026-04-23,187770527,2903,Siprabi Securities Pvt. Ltd.,Primo Securities (PVT) Ltd.,2026-04-23 14:37:56.184568,Liberty Energy Company Limited
2026042304010239,LEC,1,54,200,232.0,46400.0,2026-04-23,187770940,2903,Kumari Securities Private Limited,Sewa Securities Pvt. Ltd.,2026-04-23 14:38:24.740451,Liberty Energy Company Limited
2026042304010271,LEC,1,54,200,232.0,46400.0,2026-04-23,187771330,2903,Kumari Securities Private Limited,Sewa Securities Pvt. Ltd.,2026-04-23 14:39:01.195695,Liberty Energy Company Limited
2026042304010285,LEC,58,16,300,231.9,69570.0,2026-04-23,187771582,2903,Naasa Securities Co. Ltd.,Primo Securities (PVT) Ltd.,2026-04-23 14:39:24.717983,Liberty Energy Company Limited
2026042304010287,LEC,34,16,250,231.9,57975.0,2026-04-23,187771612,2903,Vision Securities Pvt. Ltd,Primo Securities (PVT) Ltd.,2026-04-23 14:39:27.960505,Liberty Energy Company Limited
2026042304010289,LEC,49,37,1500,231.3,346950.0,2026-04-23,187771650,2903,Online Securities Pvt. Ltd.,Swarna Laxmi Securities Pvt. Ltd.,2026-04-23 14:39:31.323032,Liberty Energy Company Limited
2026042304010310,LEC,14,16,450,231.9,104355.0,2026-04-23,187772149,2903,Nepal Stock House (PVT) Ltd.,Primo Securities (PVT) Ltd.,2026-04-23 14:40:09.485711,Liberty Energy Company Limited
2026042304010311,LEC,14,37,500,231.9,115950.0,2026-04-23,187772151,2903,Nepal Stock House (PVT) Ltd.,Swarna Laxmi Securities Pvt. Ltd.,2026-04-23 14:40:09.486380,Liberty Energy Company Limited
2026042304010390,LEC,58,54,55,232.0,12760.0,2026-04-23,187773202,2903,Naasa Securities Co. Ltd.,Sewa Securities Pvt. Ltd.,2026-04-23 14:41:31.289830,Liberty Energy Company Limited
2026042304010435,LEC,58,54,84,232.0,19488.0,2026-04-23,187773816,2903,Naasa Securities Co. Ltd.,Sewa Securities Pvt. Ltd.,2026-04-23 14:42:15.848213,Liberty Energy Company Limited
2026042304010595,LEC,84,54,90,232.0,20880.0,2026-04-23,187775304,2903,MILKY WAY SHARE BROKER COMPANY LTD ,Sewa Securities Pvt. Ltd.,2026-04-23 14:44:02.659904,Liberty Energy Company Limited
2026042304010735,LEC,42,59,10,231.4,2314.0,2026-04-23,187776431,2903,Sani Securities Company Ltd.,Deevyaa Securities & Stock House Pvt. Ltd,2026-04-23 14:45:11.375037,Liberty Energy Company Limited
2026042304010762,LEC,42,45,140,231.4,32396.0,2026-04-23,187776910,2903,Sani Securities Company Ltd.,Imperial Securities Company Pvt. Ltd.,2026-04-23 14:45:41.732377,Liberty Energy Company Limited
2026042304010763,LEC,19,45,100,231.3,23130.0,2026-04-23,187776912,2903,Nepal Investment And Securities Trading Private Limited,Imperial Securities Company Pvt. Ltd.,2026-04-23 14:45:41.732718,Liberty Energy Company Limited
2026042304010764,LEC,14,45,70,231.3,16191.0,2026-04-23,187776914,2903,Nepal Stock House (PVT) Ltd.,Imperial Securities Company Pvt. Ltd.,2026-04-23 14:45:41.732860,Liberty Energy Company Limited
2026042304010765,LEC,42,45,190,231.3,43947.0,2026-04-23,187776915,2903,Sani Securities Company Ltd.,Imperial Securities Company Pvt. Ltd.,2026-04-23 14:45:41.732994,Liberty Energy Company Limited
2026042304010829,LEC,42,85,610,231.3,141093.0,2026-04-23,187777682,2903,Sani Securities Company Ltd.,Capital Hub P. Ltd,2026-04-23 14:46:27.769742,Liberty Energy Company Limited
2026042304010830,LEC,28,85,50,231.2,11560.0,2026-04-23,187777684,2903,Shree Krishna Securities Ltd.,Capital Hub P. Ltd,2026-04-23 14:46:27.770391,Liberty Energy Company Limited
2026042304010831,LEC,49,85,2000,231.2,462400.0,2026-04-23,187777686,2903,Online Securities Pvt. Ltd.,Capital Hub P. Ltd,2026-04-23 14:46:27.770791,Liberty Energy Company Limited
2026042304010832,LEC,49,85,271,231.0,62601.0,2026-04-23,187777688,2903,Online Securities Pvt. Ltd.,Capital Hub P. Ltd,2026-04-23 14:46:27.771199,Liberty Energy Company Limited
2026042304010833,LEC,41,85,200,231.0,46200.0,2026-04-23,187777690,2903,Linch Stock Market Ltd.,Capital Hub P. Ltd,2026-04-23 14:46:27.771608,Liberty Energy Company Limited
2026042304010834,LEC,51,85,1250,231.0,288750.0,2026-04-23,187777692,2903,Oxford Securities Pvt. Ltd.,Capital Hub P. Ltd,2026-04-23 14:46:27.772005,Liberty Energy Company Limited
2026042304010835,LEC,35,85,30,231.0,6930.0,2026-04-23,187777694,2903,Kohinoor Investment & Securities Pvt. Ltd.,Capital Hub P. Ltd,2026-04-23 14:46:27.772405,Liberty Energy Company Limited
2026042304010836,LEC,36,85,20,231.0,4620.0,2026-04-23,187777696,2903,Secured Securities Ltd.,Capital Hub P. Ltd,2026-04-23 14:46:27.772801,Liberty Energy Company Limited
2026042304010837,LEC,14,85,50,231.0,11550.0,2026-04-23,187777698,2903,Nepal Stock House (PVT) Ltd.,Capital Hub P. Ltd,2026-04-23 14:46:27.773181,Liberty Energy Company Limited
2026042304010842,LEC,16,85,30,231.0,6930.0,2026-04-23,187777754,2903,Primo Securities (PVT) Ltd.,Capital Hub P. Ltd,2026-04-23 14:46:32.348604,Liberty Energy Company Limited
2026042304011062,LEC,50,85,499,231.0,115269.0,2026-04-23,187779615,2903,Cristal Kanchanjanga Securites Pvt. Ltd.,Capital Hub P. Ltd,2026-04-23 14:48:11.104945,Liberty Energy Company Limited
2026042304011194,LEC,35,44,50,231.0,11550.0,2026-04-23,187780696,2903,Kohinoor Investment & Securities Pvt. Ltd.,Dynamic Money Managers Securities Pvt. Ltd.,2026-04-23 14:48:52.917779,Liberty Energy Company Limited
2026042304011243,LEC,50,44,175,231.0,40425.0,2026-04-23,187780849,2903,Cristal Kanchanjanga Securites Pvt. Ltd.,Dynamic Money Managers Securities Pvt. Ltd.,2026-04-23 14:48:58.392603,Liberty Energy Company Limited
2026042304011244,LEC,50,64,291,231.0,67221.0,2026-04-23,187780851,2903,Cristal Kanchanjanga Securites Pvt. Ltd.,SUN SECURITIES PVT LTD,2026-04-23 14:48:58.393209,Liberty Energy Company Limited
2026042304011245,LEC,50,6,34,231.0,7854.0,2026-04-23,187780854,2903,Cristal Kanchanjanga Securites Pvt. Ltd.,Agrawal Securities (PVT) Ltd.,2026-04-23 14:48:58.393655,Liberty Energy Company Limited
2026042304011264,LEC,42,6,10,231.0,2310.0,2026-04-23,187781166,2903,Sani Securities Company Ltd.,Agrawal Securities (PVT) Ltd.,2026-04-23 14:49:12.889991,Liberty Energy Company Limited
2026042304011711,LEC,58,35,10,230.8,2308.0,2026-04-23,187784310,2903,Naasa Securities Co. Ltd.,Kohinoor Investment & Securities Pvt. Ltd.,2026-04-23 14:51:15.250363,Liberty Energy Company Limited
2026042304011712,LEC,58,35,305,230.7,70363.5,2026-04-23,187784312,2903,Naasa Securities Co. Ltd.,Kohinoor Investment & Securities Pvt. Ltd.,2026-04-23 14:51:15.250688,Liberty Energy Company Limited
2026042304011713,LEC,22,35,1000,230.7,230700.0,2026-04-23,187784314,2903,Siprabi Securities Pvt. Ltd.,Kohinoor Investment & Securities Pvt. Ltd.,2026-04-23 14:51:15.250824,Liberty Energy Company Limited
2026042304011714,LEC,44,35,1000,230.6,230600.0,2026-04-23,187784316,2903,Dynamic Money Managers Securities Pvt. Ltd.,Kohinoor Investment & Securities Pvt. Ltd.,2026-04-23 14:51:15.250956,Liberty Energy Company Limited
2026042304011715,LEC,84,35,1685,230.5,388392.5,2026-04-23,187784317,2903,MILKY WAY SHARE BROKER COMPANY LTD ,Kohinoor Investment & Securities Pvt. Ltd.,2026-04-23 14:51:15.251114,Liberty Energy Company Limited
2026042304011872,LEC,34,33,200,231.0,46200.0,2026-04-23,187785768,2903,Vision Securities Pvt. Ltd,Dakshinkali Investment & Securities Pvt. Ltd.,2026-04-23 14:52:16.539047,Liberty Energy Company Limited
2026042304011881,LEC,84,54,165,230.5,38032.5,2026-04-23,187785873,2903,MILKY WAY SHARE BROKER COMPANY LTD ,Sewa Securities Pvt. Ltd.,2026-04-23 14:52:22.748652,Liberty Energy Company Limited
2026042304011882,LEC,39,54,500,230.5,115250.0,2026-04-23,187785876,2903,Sumeru Securities Pvt. Ltd.,Sewa Securities Pvt. Ltd.,2026-04-23 14:52:22.749280,Liberty Energy Company Limited
2026042304012082,LEC,58,54,200,230.5,46100.0,2026-04-23,187787972,2903,Naasa Securities Co. Ltd.,Sewa Securities Pvt. Ltd.,2026-04-23 14:53:52.304357,Liberty Energy Company Limited
2026042304012114,LEC,58,54,47,230.5,10833.5,2026-04-23,187788416,2903,Naasa Securities Co. Ltd.,Sewa Securities Pvt. Ltd.,2026-04-23 14:54:06.711873,Liberty Energy Company Limited
2026042304012119,LEC,41,54,432,230.5,99576.0,2026-04-23,187788474,2903,Linch Stock Market Ltd.,Sewa Securities Pvt. Ltd.,2026-04-23 14:54:09.023139,Liberty Energy Company Limited
2026042304012189,LEC,44,54,130,230.5,29965.0,2026-04-23,187789046,2903,Dynamic Money Managers Securities Pvt. Ltd.,Sewa Securities Pvt. Ltd.,2026-04-23 14:54:31.777145,Liberty Energy Company Limited
2026042304012282,LEC,58,54,200,230.5,46100.0,2026-04-23,187790202,2903,Naasa Securities Co. Ltd.,Sewa Securities Pvt. Ltd.,2026-04-23 14:55:17.457036,Liberty Energy Company Limited
2026042304012339,LEC,34,54,200,230.5,46100.0,2026-04-23,187791069,2903,Vision Securities Pvt. Ltd,Sewa Securities Pvt. Ltd.,2026-04-23 14:55:49.905342,Liberty Energy Company Limited
2026042304012465,LEC,34,54,10,230.5,2305.0,2026-04-23,187791358,2903,Vision Securities Pvt. Ltd,Sewa Securities Pvt. Ltd.,2026-04-23 14:55:58.896588,Liberty Energy Company Limited
2026042304012498,LEC,58,19,270,230.4,62208.0,2026-04-23,187791602,2903,Naasa Securities Co. Ltd.,Nepal Investment And Securities Trading Private Limited,2026-04-23 14:56:09.741501,Liberty Energy Company Limited
2026042304012499,LEC,52,19,30,230.4,6912.0,2026-04-23,187791603,2903,Sundhara Securities Limited,Nepal Investment And Securities Trading Private Limited,2026-04-23 14:56:09.741976,Liberty Energy Company Limited
2026042304012530,LEC,52,6,100,230.4,23040.0,2026-04-23,187791833,2903,Sundhara Securities Limited,Agrawal Securities (PVT) Ltd.,2026-04-23 14:56:18.185642,Liberty Energy Company Limited
2026042304012568,LEC,52,16,80,230.4,18432.0,2026-04-23,187792348,2903,Sundhara Securities Limited,Primo Securities (PVT) Ltd.,2026-04-23 14:56:35.943598,Liberty Energy Company Limited
2026042304012569,LEC,47,16,10,230.3,2303.0,2026-04-23,187792350,2903,Neev Securities Pvt. Ltd.,Primo Securities (PVT) Ltd.,2026-04-23 14:56:35.944448,Liberty Energy Company Limited
2026042304012570,LEC,58,16,150,230.3,34545.0,2026-04-23,187792352,2903,Naasa Securities Co. Ltd.,Primo Securities (PVT) Ltd.,2026-04-23 14:56:35.945152,Liberty Energy Company Limited
2026042304012571,LEC,6,16,500,230.3,115150.0,2026-04-23,187792354,2903,Agrawal Securities (PVT) Ltd.,Primo Securities (PVT) Ltd.,2026-04-23 14:56:35.945793,Liberty Energy Company Limited
2026042304012572,LEC,6,16,60,230.2,13812.0,2026-04-23,187792356,2903,Agrawal Securities (PVT) Ltd.,Primo Securities (PVT) Ltd.,2026-04-23 14:56:35.946428,Liberty Energy Company Limited
2026042304012573,LEC,51,16,100,230.2,23020.0,2026-04-23,187792358,2903,Oxford Securities Pvt. Ltd.,Primo Securities (PVT) Ltd.,2026-04-23 14:56:35.947059,Liberty Energy Company Limited
2026042304012574,LEC,34,16,600,230.2,138120.0,2026-04-23,187792360,2903,Vision Securities Pvt. Ltd,Primo Securities (PVT) Ltd.,2026-04-23 14:56:35.947691,Liberty Energy Company Limited
2026042304012575,LEC,25,16,300,230.2,69060.0,2026-04-23,187792362,2903,Sweta Securities Private Limited,Primo Securities (PVT) Ltd.,2026-04-23 14:56:35.948296,Liberty Energy Company Limited
2026042304012576,LEC,5,16,200,230.1,46020.0,2026-04-23,187792363,2903,Market Securities & Exchange (PVT) Ltd.,Primo Securities (PVT) Ltd.,2026-04-23 14:56:35.948942,Liberty Energy Company Limited
2026042304012618,LEC,45,54,450,230.5,103725.0,2026-04-23,187792694,2903,Imperial Securities Company Pvt. Ltd.,Sewa Securities Pvt. Ltd.,2026-04-23 14:56:46.378223,Liberty Energy Company Limited
2026042304012628,LEC,5,85,199,230.1,45789.9,2026-04-23,187792731,2903,Market Securities & Exchange (PVT) Ltd.,Capital Hub P. Ltd,2026-04-23 14:56:47.964642,Liberty Energy Company Limited
2026042304012644,LEC,58,54,144,230.5,33192.0,2026-04-23,187792872,2903,Naasa Securities Co. Ltd.,Sewa Securities Pvt. Ltd.,2026-04-23 14:56:52.416506,Liberty Energy Company Limited
2026042304012751,LEC,35,54,100,230.5,23050.0,2026-04-23,187793878,2903,Kohinoor Investment & Securities Pvt. Ltd.,Sewa Securities Pvt. Ltd.,2026-04-23 14:57:24.583638,Liberty Energy Company Limited
2026042304012774,LEC,57,54,346,230.5,79753.0,2026-04-23,187794115,2903,Aryatara Investment & Securities,Sewa Securities Pvt. Ltd.,2026-04-23 14:57:30.891240,Liberty Energy Company Limited
2026042304012777,LEC,57,65,154,230.5,35497.0,2026-04-23,187794236,2903,Aryatara Investment & Securities,Sharepro Securities Private Limited,2026-04-23 14:57:32.119529,Liberty Energy Company Limited
2026042304012778,LEC,13,65,30,230.2,6906.0,2026-04-23,187794238,2903,Thrive Brokerage House Pvt. Ltd,Sharepro Securities Private Limited,2026-04-23 14:57:32.119820,Liberty Energy Company Limited
2026042304012779,LEC,21,65,300,230.2,69060.0,2026-04-23,187794240,2903,Midas Stock Broking Company Private Limited,Sharepro Securities Private Limited,2026-04-23 14:57:32.119958,Liberty Energy Company Limited
2026042304012780,LEC,5,65,516,230.1,118731.6,2026-04-23,187794241,2903,Market Securities & Exchange (PVT) Ltd.,Sharepro Securities Private Limited,2026-04-23 14:57:32.120092,Liberty Energy Company Limited
2026042304012869,LEC,19,17,100,230.4,23040.0,2026-04-23,187795622,2903,Nepal Investment And Securities Trading Private Limited,ABC Securities Private Limited,2026-04-23 14:58:09.803382,Liberty Energy Company Limited
2026042304012870,LEC,49,17,100,230.2,23020.0,2026-04-23,187795624,2903,Online Securities Pvt. Ltd.,ABC Securities Private Limited,2026-04-23 14:58:09.804011,Liberty Energy Company Limited
2026042304012871,LEC,22,17,800,230.2,184160.0,2026-04-23,187795625,2903,Siprabi Securities Pvt. Ltd.,ABC Securities Private Limited,2026-04-23 14:58:09.804462,Liberty Energy Company Limited
2026042304013002,LEC,35,3,100,230.4,23040.0,2026-04-23,187796738,2903,Kohinoor Investment & Securities Pvt. Ltd.,Arun Securities (PVT) Ltd.,2026-04-23 14:58:32.296034,Liberty Energy Company Limited
2026042304013052,LEC,43,45,200,230.5,46100.0,2026-04-23,187797218,2903,South Asian Bulls Pvt. Ltd.,Imperial Securities Company Pvt. Ltd.,2026-04-23 14:58:45.426824,Liberty Energy Company Limited
2026042304013077,LEC,22,17,350,230.2,80570.0,2026-04-23,187797576,2903,Siprabi Securities Pvt. Ltd.,ABC Securities Private Limited,2026-04-23 14:58:54.418137,Liberty Energy Company Limited
2026042304013078,LEC,46,17,400,230.2,92080.0,2026-04-23,187797577,2903,Kalika Securities Pvt. Ltd.,ABC Securities Private Limited,2026-04-23 14:58:54.418564,Liberty Energy Company Limited
2026042304013084,LEC,46,45,88,230.2,20257.6,2026-04-23,187797617,2903,Kalika Securities Pvt. Ltd.,Imperial Securities Company Pvt. Ltd.,2026-04-23 14:58:54.891288,Liberty Energy Company Limited
2026042304013124,LEC,94,6,500,230.5,115250.0,2026-04-23,187798199,2903,K.B.L. Securities Limited ,Agrawal Securities (PVT) Ltd.,2026-04-23 14:59:04.987377,Liberty Energy Company Limited
2026042304013315,LEC,52,25,100,231.0,23100.0,2026-04-23,187799588,2903,Sundhara Securities Limited,Sweta Securities Private Limited,2026-04-23 14:59:21.416905,Liberty Energy Company Limited
2026042304013471,LEC,90,25,500,231.0,115500.0,2026-04-23,187800612,2903,Sajilo Broker Limited,Sweta Securities Private Limited,2026-04-23 14:59:38.794421,Liberty Energy Company Limited
2026042304013481,LEC,52,25,995,231.0,229845.0,2026-04-23,187800708,2903,Sundhara Securities Limited,Sweta Securities Private Limited,2026-04-23 14:59:40.353328,Liberty Energy Company Limited
2026042304013487,LEC,58,25,40,231.0,9240.0,2026-04-23,187800738,2903,Naasa Securities Co. Ltd.,Sweta Securities Private Limited,2026-04-23 14:59:40.672807,Liberty Energy Company Limited
2026042304013511,LEC,85,42,100,230.6,23060.0,2026-04-23,187800887,2903,Capital Hub P. Ltd,Sani Securities Company Ltd.,2026-04-23 14:59:43.140269,Liberty Energy Company Limited
2026042304013515,LEC,10,25,100,231.0,23100.0,2026-04-23,187800964,2903,Pragyan Securities (PVT) Ltd.,Sweta Securities Private Limited,2026-04-23 14:59:44.406086,Liberty Energy Company Limited
2026042304013527,LEC,52,25,56,231.0,12936.0,2026-04-23,187801267,2903,Sundhara Securities Limited,Sweta Securities Private Limited,2026-04-23 14:59:47.247465,Liberty Energy Company Limited
2026042304013528,LEC,52,6,44,231.0,10164.0,2026-04-23,187801270,2903,Sundhara Securities Limited,Agrawal Securities (PVT) Ltd.,2026-04-23 14:59:47.247777,Liberty Energy Company Limited
2026042304013661,LEC,13,6,956,231.0,220836.0,2026-04-23,187802569,2903,Thrive Brokerage House Pvt. Ltd,Agrawal Securities (PVT) Ltd.,2026-04-23 14:59:59.704991,Liberty Energy Company Limited
2026042304013662,LEC,13,58,44,231.0,10164.0,2026-04-23,187802572,2903,Thrive Brokerage House Pvt. Ltd,Naasa Securities Co. Ltd.,2026-04-23 14:59:59.705275,Liberty Energy Company Limited
