contractId,stockSymbol,buyerMemberId,sellerMemberId,quantity,rate,amount,businessDate,tradeBookId,stockId,buyerBrokerName,sellerBrokerName,transaction_time,securityName
2026042303000004,MFIL,83,57,10,833.7,8337.0,2026-04-23,187615002,516,Sanima Securities Limited,Aryatara Investment & Securities,2026-04-23 10:46:00.091738,Manjushree Finance Ltd.
2026042303000009,MFIL,96,96,10,803.0,8030.0,2026-04-23,187615554,516,Himalayan Securities Limited,Himalayan Securities Limited,2026-04-23 11:00:30.817497,Manjushree Finance Ltd.
2026042303000048,MFIL,96,58,120,799.0,95880.0,2026-04-23,187618280,516,Himalayan Securities Limited,Naasa Securities Co. Ltd.,2026-04-23 11:03:34.675574,Manjushree Finance Ltd.
2026042303000088,MFIL,58,17,100,785.0,78500.0,2026-04-23,187620528,516,Naasa Securities Co. Ltd.,ABC Securities Private Limited,2026-04-23 11:06:04.828903,Manjushree Finance Ltd.
2026042303000089,MFIL,44,17,100,782.5,78250.0,2026-04-23,187620530,516,Dynamic Money Managers Securities Pvt. Ltd.,ABC Securities Private Limited,2026-04-23 11:06:04.828995,Manjushree Finance Ltd.
2026042303000090,MFIL,47,17,500,782.3,391150.0,2026-04-23,187620532,516,Neev Securities Pvt. Ltd.,ABC Securities Private Limited,2026-04-23 11:06:04.829105,Manjushree Finance Ltd.
2026042303000091,MFIL,71,17,235,782.2,183817.0,2026-04-23,187620534,516,SHUBHAKAMANA SECURITIES PVT. LTD,ABC Securities Private Limited,2026-04-23 11:06:04.829166,Manjushree Finance Ltd.
2026042303000092,MFIL,42,17,254,782.1,198653.4,2026-04-23,187620536,516,Sani Securities Company Ltd.,ABC Securities Private Limited,2026-04-23 11:06:04.829226,Manjushree Finance Ltd.
2026042303000093,MFIL,96,17,11,782.0,8602.0,2026-04-23,187620537,516,Himalayan Securities Limited,ABC Securities Private Limited,2026-04-23 11:06:04.829285,Manjushree Finance Ltd.
2026042303000096,MFIL,96,17,89,782.0,69598.0,2026-04-23,187620846,516,Himalayan Securities Limited,ABC Securities Private Limited,2026-04-23 11:06:17.070499,Manjushree Finance Ltd.
2026042303000097,MFIL,32,17,100,781.0,78100.0,2026-04-23,187620848,516,Premier Securities Company Ltd.,ABC Securities Private Limited,2026-04-23 11:06:17.070540,Manjushree Finance Ltd.
2026042303000098,MFIL,43,17,200,780.1,156020.0,2026-04-23,187620850,516,South Asian Bulls Pvt. Ltd.,ABC Securities Private Limited,2026-04-23 11:06:17.070611,Manjushree Finance Ltd.
2026042303000099,MFIL,34,17,200,780.1,156020.0,2026-04-23,187620852,516,Vision Securities Pvt. Ltd,ABC Securities Private Limited,2026-04-23 11:06:17.070683,Manjushree Finance Ltd.
2026042303000100,MFIL,39,17,100,780.1,78010.0,2026-04-23,187620854,516,Sumeru Securities Pvt. Ltd.,ABC Securities Private Limited,2026-04-23 11:06:17.070752,Manjushree Finance Ltd.
2026042303000101,MFIL,39,17,200,780.1,156020.0,2026-04-23,187620856,516,Sumeru Securities Pvt. Ltd.,ABC Securities Private Limited,2026-04-23 11:06:17.070819,Manjushree Finance Ltd.
2026042303000102,MFIL,62,17,100,780.1,78010.0,2026-04-23,187620858,516,Capital Max Securities Ltd,ABC Securities Private Limited,2026-04-23 11:06:17.070880,Manjushree Finance Ltd.
2026042303000103,MFIL,66,17,100,780.1,78010.0,2026-04-23,187620860,516,Miyo Securities Pvt Ltd,ABC Securities Private Limited,2026-04-23 11:06:17.070937,Manjushree Finance Ltd.
2026042303000104,MFIL,96,17,100,780.0,78000.0,2026-04-23,187620862,516,Himalayan Securities Limited,ABC Securities Private Limited,2026-04-23 11:06:17.071040,Manjushree Finance Ltd.
2026042303000105,MFIL,26,17,100,780.0,78000.0,2026-04-23,187620864,516,Asian Securities Private Ltd.,ABC Securities Private Limited,2026-04-23 11:06:17.071102,Manjushree Finance Ltd.
2026042303000106,MFIL,96,17,90,779.0,70110.0,2026-04-23,187620866,516,Himalayan Securities Limited,ABC Securities Private Limited,2026-04-23 11:06:17.071171,Manjushree Finance Ltd.
2026042303000107,MFIL,75,17,100,779.0,77900.0,2026-04-23,187620868,516,N.I.M.B. Stock Markets Limited,ABC Securities Private Limited,2026-04-23 11:06:17.071237,Manjushree Finance Ltd.
2026042303000108,MFIL,34,17,1000,779.0,779000.0,2026-04-23,187620870,516,Vision Securities Pvt. Ltd,ABC Securities Private Limited,2026-04-23 11:06:17.071301,Manjushree Finance Ltd.
2026042303000109,MFIL,8,17,500,779.0,389500.0,2026-04-23,187620872,516,Brilliant Securities Pvt. Ltd.,ABC Securities Private Limited,2026-04-23 11:06:17.071391,Manjushree Finance Ltd.
2026042303000110,MFIL,96,17,20,779.0,15580.0,2026-04-23,187620874,516,Himalayan Securities Limited,ABC Securities Private Limited,2026-04-23 11:06:17.071457,Manjushree Finance Ltd.
2026042303000112,MFIL,80,17,200,779.0,155800.0,2026-04-23,187621114,516,Indira securities pvt. ltd,ABC Securities Private Limited,2026-04-23 11:06:31.296365,Manjushree Finance Ltd.
2026042303000113,MFIL,44,17,500,779.0,389500.0,2026-04-23,187621115,516,Dynamic Money Managers Securities Pvt. Ltd.,ABC Securities Private Limited,2026-04-23 11:06:31.296406,Manjushree Finance Ltd.
2026042303000253,MFIL,44,17,240,780.0,187200.0,2026-04-23,187625975,516,Dynamic Money Managers Securities Pvt. Ltd.,ABC Securities Private Limited,2026-04-23 11:11:20.721420,Manjushree Finance Ltd.
2026042303000271,MFIL,35,49,10,780.1,7801.0,2026-04-23,187627066,516,Kohinoor Investment & Securities Pvt. Ltd.,Online Securities Pvt. Ltd.,2026-04-23 11:12:37.754170,Manjushree Finance Ltd.
2026042303000272,MFIL,53,49,190,780.0,148200.0,2026-04-23,187627067,516,Investment Management Nepal Pvt. Ltd.,Online Securities Pvt. Ltd.,2026-04-23 11:12:37.754295,Manjushree Finance Ltd.
2026042303000282,MFIL,53,17,310,780.0,241800.0,2026-04-23,187627375,516,Investment Management Nepal Pvt. Ltd.,ABC Securities Private Limited,2026-04-23 11:12:52.373153,Manjushree Finance Ltd.
2026042303000292,MFIL,42,17,20,780.0,15600.0,2026-04-23,187628103,516,Sani Securities Company Ltd.,ABC Securities Private Limited,2026-04-23 11:13:36.257202,Manjushree Finance Ltd.
2026042303000369,MFIL,42,17,70,783.0,54810.0,2026-04-23,187632208,516,Sani Securities Company Ltd.,ABC Securities Private Limited,2026-04-23 11:17:23.506105,Manjushree Finance Ltd.
2026042303000382,MFIL,6,17,100,783.0,78300.0,2026-04-23,187632738,516,Agrawal Securities (PVT) Ltd.,ABC Securities Private Limited,2026-04-23 11:17:56.844745,Manjushree Finance Ltd.
2026042303000407,MFIL,58,17,30,784.0,23520.0,2026-04-23,187633460,516,Naasa Securities Co. Ltd.,ABC Securities Private Limited,2026-04-23 11:18:24.594308,Manjushree Finance Ltd.
2026042303000489,MFIL,57,70,60,782.0,46920.0,2026-04-23,187638644,516,Aryatara Investment & Securities,Infinity Securities Limited,2026-04-23 11:22:48.825898,Manjushree Finance Ltd.
2026042303000541,MFIL,56,70,50,782.0,39100.0,2026-04-23,187640132,516,Sri Hari Securities Pvt. Ltd.,Infinity Securities Limited,2026-04-23 11:24:12.918471,Manjushree Finance Ltd.
2026042303000557,MFIL,35,17,50,780.1,39005.0,2026-04-23,187640530,516,Kohinoor Investment & Securities Pvt. Ltd.,ABC Securities Private Limited,2026-04-23 11:24:31.245719,Manjushree Finance Ltd.
2026042303000558,MFIL,57,17,100,780.0,78000.0,2026-04-23,187640532,516,Aryatara Investment & Securities,ABC Securities Private Limited,2026-04-23 11:24:31.245896,Manjushree Finance Ltd.
2026042303000559,MFIL,34,17,100,780.0,78000.0,2026-04-23,187640534,516,Vision Securities Pvt. Ltd,ABC Securities Private Limited,2026-04-23 11:24:31.245955,Manjushree Finance Ltd.
2026042303000560,MFIL,64,17,100,780.0,78000.0,2026-04-23,187640536,516,SUN SECURITIES PVT LTD,ABC Securities Private Limited,2026-04-23 11:24:31.246042,Manjushree Finance Ltd.
2026042303000561,MFIL,44,17,10,780.0,7800.0,2026-04-23,187640538,516,Dynamic Money Managers Securities Pvt. Ltd.,ABC Securities Private Limited,2026-04-23 11:24:31.246101,Manjushree Finance Ltd.
2026042303000860,MFIL,7,70,25,782.0,19550.0,2026-04-23,187653150,516,J.F. Securites (PVT) Ltd.,Infinity Securities Limited,2026-04-23 11:35:58.711421,Manjushree Finance Ltd.
2026042303000946,MFIL,4,70,20,782.0,15640.0,2026-04-23,187655136,516,Opal Securities Investment (PVT) Ltd.,Infinity Securities Limited,2026-04-23 11:38:19.895601,Manjushree Finance Ltd.
2026042303001045,MFIL,43,70,10,780.1,7801.0,2026-04-23,187659165,516,South Asian Bulls Pvt. Ltd.,Infinity Securities Limited,2026-04-23 11:43:18.192396,Manjushree Finance Ltd.
2026042303001046,MFIL,44,70,10,780.1,7801.0,2026-04-23,187659167,516,Dynamic Money Managers Securities Pvt. Ltd.,Infinity Securities Limited,2026-04-23 11:43:18.192723,Manjushree Finance Ltd.
2026042303001047,MFIL,26,70,25,780.0,19500.0,2026-04-23,187659168,516,Asian Securities Private Ltd.,Infinity Securities Limited,2026-04-23 11:43:18.192913,Manjushree Finance Ltd.
2026042303001132,MFIL,38,59,100,780.2,78020.0,2026-04-23,187661934,516,Dipshikha Dhitopatra Karobar Co. Pvt Ltd.,Deevyaa Securities & Stock House Pvt. Ltd,2026-04-23 11:46:46.627141,Manjushree Finance Ltd.
2026042303001156,MFIL,33,59,295,780.2,230159.0,2026-04-23,187662876,516,Dakshinkali Investment & Securities Pvt. Ltd.,Deevyaa Securities & Stock House Pvt. Ltd,2026-04-23 11:47:52.246612,Manjushree Finance Ltd.
2026042303001400,MFIL,43,74,59,780.1,46025.9,2026-04-23,187671260,516,South Asian Bulls Pvt. Ltd.,KALASH STOCK MARKET PVT. LTD.,2026-04-23 11:58:15.391767,Manjushree Finance Ltd.
2026042303001401,MFIL,35,74,10,780.1,7801.0,2026-04-23,187671262,516,Kohinoor Investment & Securities Pvt. Ltd.,KALASH STOCK MARKET PVT. LTD.,2026-04-23 11:58:15.391917,Manjushree Finance Ltd.
2026042303001402,MFIL,26,74,15,780.0,11700.0,2026-04-23,187671264,516,Asian Securities Private Ltd.,KALASH STOCK MARKET PVT. LTD.,2026-04-23 11:58:15.391987,Manjushree Finance Ltd.
2026042303001403,MFIL,35,74,20,780.0,15600.0,2026-04-23,187671266,516,Kohinoor Investment & Securities Pvt. Ltd.,KALASH STOCK MARKET PVT. LTD.,2026-04-23 11:58:15.392058,Manjushree Finance Ltd.
2026042303001461,MFIL,4,74,20,780.0,15600.0,2026-04-23,187673828,516,Opal Securities Investment (PVT) Ltd.,KALASH STOCK MARKET PVT. LTD.,2026-04-23 12:01:23.177587,Manjushree Finance Ltd.
2026042303001465,MFIL,13,74,30,780.0,23400.0,2026-04-23,187674196,516,Thrive Brokerage House Pvt. Ltd,KALASH STOCK MARKET PVT. LTD.,2026-04-23 12:01:44.093178,Manjushree Finance Ltd.
2026042303001629,MFIL,43,14,42,779.9,32755.8,2026-04-23,187680740,516,South Asian Bulls Pvt. Ltd.,Nepal Stock House (PVT) Ltd.,2026-04-23 12:09:48.034423,Manjushree Finance Ltd.
2026042303001638,MFIL,33,14,55,779.9,42894.5,2026-04-23,187681002,516,Dakshinkali Investment & Securities Pvt. Ltd.,Nepal Stock House (PVT) Ltd.,2026-04-23 12:10:23.628648,Manjushree Finance Ltd.
2026042303001651,MFIL,4,74,25,780.0,19500.0,2026-04-23,187681370,516,Opal Securities Investment (PVT) Ltd.,KALASH STOCK MARKET PVT. LTD.,2026-04-23 12:10:54.938512,Manjushree Finance Ltd.
2026042303001705,MFIL,4,74,31,780.0,24180.0,2026-04-23,187683132,516,Opal Securities Investment (PVT) Ltd.,KALASH STOCK MARKET PVT. LTD.,2026-04-23 12:13:08.822893,Manjushree Finance Ltd.
2026042303001723,MFIL,49,74,10,780.0,7800.0,2026-04-23,187683916,516,Online Securities Pvt. Ltd.,KALASH STOCK MARKET PVT. LTD.,2026-04-23 12:14:11.417866,Manjushree Finance Ltd.
2026042303001772,MFIL,34,74,555,780.0,432900.0,2026-04-23,187685756,516,Vision Securities Pvt. Ltd,KALASH STOCK MARKET PVT. LTD.,2026-04-23 12:17:08.419100,Manjushree Finance Ltd.
2026042303001799,MFIL,7,5,6,756.6,4539.6,2026-04-23,187686523,516,J.F. Securites (PVT) Ltd.,Market Securities & Exchange (PVT) Ltd.,2026-04-23 12:18:19.702213,Manjushree Finance Ltd.
2026042303001818,MFIL,7,25,1,757.0,757.0,2026-04-23,187686695,516,J.F. Securites (PVT) Ltd.,Sweta Securities Private Limited,2026-04-23 12:18:35.792053,Manjushree Finance Ltd.
2026042303001847,MFIL,17,74,25,780.0,19500.0,2026-04-23,187688025,516,ABC Securities Private Limited,KALASH STOCK MARKET PVT. LTD.,2026-04-23 12:20:15.890342,Manjushree Finance Ltd.
2026042303001848,MFIL,17,77,10,780.0,7800.0,2026-04-23,187688027,516,ABC Securities Private Limited,Nabil Stock Dealer Ltd.,2026-04-23 12:20:15.890546,Manjushree Finance Ltd.
2026042303001849,MFIL,17,34,30,780.0,23400.0,2026-04-23,187688030,516,ABC Securities Private Limited,Vision Securities Pvt. Ltd,2026-04-23 12:20:15.890658,Manjushree Finance Ltd.
2026042303001988,MFIL,17,21,40,781.0,31240.0,2026-04-23,187693375,516,ABC Securities Private Limited,Midas Stock Broking Company Private Limited,2026-04-23 12:28:52.936809,Manjushree Finance Ltd.
2026042303001989,MFIL,17,49,60,782.0,46920.0,2026-04-23,187693378,516,ABC Securities Private Limited,Online Securities Pvt. Ltd.,2026-04-23 12:28:52.936969,Manjushree Finance Ltd.
2026042303002175,MFIL,58,49,10,782.0,7820.0,2026-04-23,187698106,516,Naasa Securities Co. Ltd.,Online Securities Pvt. Ltd.,2026-04-23 12:36:57.315923,Manjushree Finance Ltd.
2026042303002211,MFIL,58,49,50,782.0,39100.0,2026-04-23,187699048,516,Naasa Securities Co. Ltd.,Online Securities Pvt. Ltd.,2026-04-23 12:38:12.305117,Manjushree Finance Ltd.
2026042303002225,MFIL,54,49,150,782.0,117300.0,2026-04-23,187699648,516,Sewa Securities Pvt. Ltd.,Online Securities Pvt. Ltd.,2026-04-23 12:39:18.126229,Manjushree Finance Ltd.
2026042303002233,MFIL,58,49,30,782.0,23460.0,2026-04-23,187699788,516,Naasa Securities Co. Ltd.,Online Securities Pvt. Ltd.,2026-04-23 12:39:36.552875,Manjushree Finance Ltd.
2026042303002279,MFIL,91,33,200,782.9,156580.0,2026-04-23,187701436,516,Citizens Share Broker Limited,Dakshinkali Investment & Securities Pvt. Ltd.,2026-04-23 12:43:14.225309,Manjushree Finance Ltd.
2026042303002442,MFIL,91,33,300,782.9,234870.0,2026-04-23,187703942,516,Citizens Share Broker Limited,Dakshinkali Investment & Securities Pvt. Ltd.,2026-04-23 12:46:47.560764,Manjushree Finance Ltd.
2026042303002559,MFIL,42,59,5,779.0,3895.0,2026-04-23,187706755,516,Sani Securities Company Ltd.,Deevyaa Securities & Stock House Pvt. Ltd,2026-04-23 12:51:51.761882,Manjushree Finance Ltd.
2026042303002569,MFIL,42,21,5,780.0,3900.0,2026-04-23,187706851,516,Sani Securities Company Ltd.,Midas Stock Broking Company Private Limited,2026-04-23 12:51:58.220874,Manjushree Finance Ltd.
2026042303002602,MFIL,42,14,13,782.7,10175.1,2026-04-23,187707735,516,Sani Securities Company Ltd.,Nepal Stock House (PVT) Ltd.,2026-04-23 12:53:23.013558,Manjushree Finance Ltd.
2026042303002603,MFIL,42,65,77,782.8,60275.6,2026-04-23,187707738,516,Sani Securities Company Ltd.,Sharepro Securities Private Limited,2026-04-23 12:53:23.013664,Manjushree Finance Ltd.
2026042303002611,MFIL,3,65,33,782.8,25832.4,2026-04-23,187708030,516,Arun Securities (PVT) Ltd.,Sharepro Securities Private Limited,2026-04-23 12:53:56.331843,Manjushree Finance Ltd.
2026042303002632,MFIL,3,65,12,782.8,9393.6,2026-04-23,187708410,516,Arun Securities (PVT) Ltd.,Sharepro Securities Private Limited,2026-04-23 12:54:36.328202,Manjushree Finance Ltd.
2026042303002653,MFIL,35,65,12,782.8,9393.6,2026-04-23,187708648,516,Kohinoor Investment & Securities Pvt. Ltd.,Sharepro Securities Private Limited,2026-04-23 12:54:54.851683,Manjushree Finance Ltd.
2026042303002701,MFIL,57,65,496,782.8,388268.8,2026-04-23,187710587,516,Aryatara Investment & Securities,Sharepro Securities Private Limited,2026-04-23 12:57:23.712183,Manjushree Finance Ltd.
2026042303002898,MFIL,36,45,140,782.0,109480.0,2026-04-23,187715979,516,Secured Securities Ltd.,Imperial Securities Company Pvt. Ltd.,2026-04-23 13:04:09.862740,Manjushree Finance Ltd.
2026042303003263,MFIL,42,17,145,784.0,113680.0,2026-04-23,187724374,516,Sani Securities Company Ltd.,ABC Securities Private Limited,2026-04-23 13:17:17.940757,Manjushree Finance Ltd.
2026042303003264,MFIL,58,17,20,783.2,15664.0,2026-04-23,187724376,516,Naasa Securities Co. Ltd.,ABC Securities Private Limited,2026-04-23 13:17:17.941147,Manjushree Finance Ltd.
2026042303003265,MFIL,38,17,20,783.2,15664.0,2026-04-23,187724378,516,Dipshikha Dhitopatra Karobar Co. Pvt Ltd.,ABC Securities Private Limited,2026-04-23 13:17:17.941380,Manjushree Finance Ltd.
2026042303003266,MFIL,4,17,150,783.1,117465.0,2026-04-23,187724380,516,Opal Securities Investment (PVT) Ltd.,ABC Securities Private Limited,2026-04-23 13:17:17.941596,Manjushree Finance Ltd.
2026042303003267,MFIL,36,17,110,783.0,86130.0,2026-04-23,187724382,516,Secured Securities Ltd.,ABC Securities Private Limited,2026-04-23 13:17:17.941858,Manjushree Finance Ltd.
2026042303003268,MFIL,40,17,25,783.0,19575.0,2026-04-23,187724383,516,Creative Securities Pvt Ltd,ABC Securities Private Limited,2026-04-23 13:17:17.942090,Manjushree Finance Ltd.
2026042303003452,MFIL,25,57,200,783.5,156700.0,2026-04-23,187729685,516,Sweta Securities Private Limited,Aryatara Investment & Securities,2026-04-23 13:25:57.817477,Manjushree Finance Ltd.
2026042303003503,MFIL,58,57,20,783.4,15668.0,2026-04-23,187731310,516,Naasa Securities Co. Ltd.,Aryatara Investment & Securities,2026-04-23 13:28:18.985046,Manjushree Finance Ltd.
2026042303003504,MFIL,13,57,10,783.3,7833.0,2026-04-23,187731312,516,Thrive Brokerage House Pvt. Ltd,Aryatara Investment & Securities,2026-04-23 13:28:18.985264,Manjushree Finance Ltd.
2026042303003505,MFIL,38,57,100,783.3,78330.0,2026-04-23,187731314,516,Dipshikha Dhitopatra Karobar Co. Pvt Ltd.,Aryatara Investment & Securities,2026-04-23 13:28:18.985346,Manjushree Finance Ltd.
2026042303003506,MFIL,28,57,200,783.2,156640.0,2026-04-23,187731316,516,Shree Krishna Securities Ltd.,Aryatara Investment & Securities,2026-04-23 13:28:18.985426,Manjushree Finance Ltd.
2026042303003507,MFIL,35,57,115,783.2,90068.0,2026-04-23,187731317,516,Kohinoor Investment & Securities Pvt. Ltd.,Aryatara Investment & Securities,2026-04-23 13:28:18.985503,Manjushree Finance Ltd.
2026042303003586,MFIL,53,17,58,784.0,45472.0,2026-04-23,187733322,516,Investment Management Nepal Pvt. Ltd.,ABC Securities Private Limited,2026-04-23 13:30:20.923137,Manjushree Finance Ltd.
2026042303003587,MFIL,40,17,300,783.1,234930.0,2026-04-23,187733324,516,Creative Securities Pvt Ltd,ABC Securities Private Limited,2026-04-23 13:30:20.923313,Manjushree Finance Ltd.
2026042303003588,MFIL,40,17,175,783.0,137025.0,2026-04-23,187733326,516,Creative Securities Pvt Ltd,ABC Securities Private Limited,2026-04-23 13:30:20.923394,Manjushree Finance Ltd.
2026042303003589,MFIL,42,17,50,783.0,39150.0,2026-04-23,187733328,516,Sani Securities Company Ltd.,ABC Securities Private Limited,2026-04-23 13:30:20.923471,Manjushree Finance Ltd.
2026042303003667,MFIL,95,17,300,782.3,234690.0,2026-04-23,187734844,516,Magnet Securities and Investment Company Private Limited,ABC Securities Private Limited,2026-04-23 13:32:39.992186,Manjushree Finance Ltd.
2026042303003668,MFIL,28,17,87,782.2,68051.4,2026-04-23,187734845,516,Shree Krishna Securities Ltd.,ABC Securities Private Limited,2026-04-23 13:32:39.992551,Manjushree Finance Ltd.
2026042303003696,MFIL,28,74,13,782.2,10168.6,2026-04-23,187736156,516,Shree Krishna Securities Ltd.,KALASH STOCK MARKET PVT. LTD.,2026-04-23 13:34:51.185540,Manjushree Finance Ltd.
2026042303003697,MFIL,39,74,100,782.1,78210.0,2026-04-23,187736158,516,Sumeru Securities Pvt. Ltd.,KALASH STOCK MARKET PVT. LTD.,2026-04-23 13:34:51.185776,Manjushree Finance Ltd.
2026042303003698,MFIL,28,74,25,782.0,19550.0,2026-04-23,187736160,516,Shree Krishna Securities Ltd.,KALASH STOCK MARKET PVT. LTD.,2026-04-23 13:34:51.185859,Manjushree Finance Ltd.
2026042303003699,MFIL,45,74,57,782.0,44574.0,2026-04-23,187736162,516,Imperial Securities Company Pvt. Ltd.,KALASH STOCK MARKET PVT. LTD.,2026-04-23 13:34:51.185934,Manjushree Finance Ltd.
2026042303003700,MFIL,48,74,25,782.0,19550.0,2026-04-23,187736164,516,Trishakti Securities Public Limited,KALASH STOCK MARKET PVT. LTD.,2026-04-23 13:34:51.186010,Manjushree Finance Ltd.
2026042303003701,MFIL,16,74,50,780.6,39030.0,2026-04-23,187736166,516,Primo Securities (PVT) Ltd.,KALASH STOCK MARKET PVT. LTD.,2026-04-23 13:34:51.186094,Manjushree Finance Ltd.
2026042303003702,MFIL,57,74,104,780.6,81182.4,2026-04-23,187736168,516,Aryatara Investment & Securities,KALASH STOCK MARKET PVT. LTD.,2026-04-23 13:34:51.186168,Manjushree Finance Ltd.
2026042303003703,MFIL,8,74,20,780.5,15610.0,2026-04-23,187736170,516,Brilliant Securities Pvt. Ltd.,KALASH STOCK MARKET PVT. LTD.,2026-04-23 13:34:51.186242,Manjushree Finance Ltd.
2026042303003704,MFIL,90,74,95,780.4,74138.0,2026-04-23,187736172,516,Sajilo Broker Limited,KALASH STOCK MARKET PVT. LTD.,2026-04-23 13:34:51.186316,Manjushree Finance Ltd.
2026042303003705,MFIL,86,74,11,780.0,8580.0,2026-04-23,187736173,516,Stoxkarts Securities Limited,KALASH STOCK MARKET PVT. LTD.,2026-04-23 13:34:51.186395,Manjushree Finance Ltd.
2026042303003716,MFIL,86,42,19,780.0,14820.0,2026-04-23,187736330,516,Stoxkarts Securities Limited,Sani Securities Company Ltd.,2026-04-23 13:35:12.279286,Manjushree Finance Ltd.
2026042303003717,MFIL,58,42,100,780.0,78000.0,2026-04-23,187736332,516,Naasa Securities Co. Ltd.,Sani Securities Company Ltd.,2026-04-23 13:35:12.279414,Manjushree Finance Ltd.
2026042303003718,MFIL,58,42,10,780.0,7800.0,2026-04-23,187736334,516,Naasa Securities Co. Ltd.,Sani Securities Company Ltd.,2026-04-23 13:35:12.279497,Manjushree Finance Ltd.
2026042303003719,MFIL,32,42,30,780.0,23400.0,2026-04-23,187736336,516,Premier Securities Company Ltd.,Sani Securities Company Ltd.,2026-04-23 13:35:12.279579,Manjushree Finance Ltd.
2026042303003720,MFIL,58,42,41,780.0,31980.0,2026-04-23,187736337,516,Naasa Securities Co. Ltd.,Sani Securities Company Ltd.,2026-04-23 13:35:12.279662,Manjushree Finance Ltd.
2026042303003723,MFIL,39,42,20,780.0,15600.0,2026-04-23,187736498,516,Sumeru Securities Pvt. Ltd.,Sani Securities Company Ltd.,2026-04-23 13:35:26.071131,Manjushree Finance Ltd.
2026042303003724,MFIL,5,42,20,780.0,15600.0,2026-04-23,187736500,516,Market Securities & Exchange (PVT) Ltd.,Sani Securities Company Ltd.,2026-04-23 13:35:26.071488,Manjushree Finance Ltd.
2026042303003725,MFIL,58,42,190,780.0,148200.0,2026-04-23,187736502,516,Naasa Securities Co. Ltd.,Sani Securities Company Ltd.,2026-04-23 13:35:26.071707,Manjushree Finance Ltd.
2026042303003726,MFIL,16,42,50,780.0,39000.0,2026-04-23,187736504,516,Primo Securities (PVT) Ltd.,Sani Securities Company Ltd.,2026-04-23 13:35:26.071910,Manjushree Finance Ltd.
2026042303003727,MFIL,54,42,400,780.0,312000.0,2026-04-23,187736506,516,Sewa Securities Pvt. Ltd.,Sani Securities Company Ltd.,2026-04-23 13:35:26.072118,Manjushree Finance Ltd.
2026042303003755,MFIL,43,74,25,779.6,19490.0,2026-04-23,187737160,516,South Asian Bulls Pvt. Ltd.,KALASH STOCK MARKET PVT. LTD.,2026-04-23 13:36:39.889289,Manjushree Finance Ltd.
2026042303003756,MFIL,51,74,10,779.5,7795.0,2026-04-23,187737162,516,Oxford Securities Pvt. Ltd.,KALASH STOCK MARKET PVT. LTD.,2026-04-23 13:36:39.889643,Manjushree Finance Ltd.
2026042303003757,MFIL,28,74,200,779.5,155900.0,2026-04-23,187737164,516,Shree Krishna Securities Ltd.,KALASH STOCK MARKET PVT. LTD.,2026-04-23 13:36:39.889868,Manjushree Finance Ltd.
2026042303003758,MFIL,35,74,20,779.2,15584.0,2026-04-23,187737166,516,Kohinoor Investment & Securities Pvt. Ltd.,KALASH STOCK MARKET PVT. LTD.,2026-04-23 13:36:39.890112,Manjushree Finance Ltd.
2026042303003759,MFIL,28,74,200,779.2,155840.0,2026-04-23,187737168,516,Shree Krishna Securities Ltd.,KALASH STOCK MARKET PVT. LTD.,2026-04-23 13:36:39.890328,Manjushree Finance Ltd.
2026042303003760,MFIL,43,74,23,779.1,17919.3,2026-04-23,187737170,516,South Asian Bulls Pvt. Ltd.,KALASH STOCK MARKET PVT. LTD.,2026-04-23 13:36:39.890550,Manjushree Finance Ltd.
2026042303003761,MFIL,42,74,22,779.0,17138.0,2026-04-23,187737171,516,Sani Securities Company Ltd.,KALASH STOCK MARKET PVT. LTD.,2026-04-23 13:36:39.890820,Manjushree Finance Ltd.
2026042303003787,MFIL,96,42,200,780.0,156000.0,2026-04-23,187737798,516,Himalayan Securities Limited,Sani Securities Company Ltd.,2026-04-23 13:37:54.246725,Manjushree Finance Ltd.
2026042303003817,MFIL,56,42,50,780.0,39000.0,2026-04-23,187738482,516,Sri Hari Securities Pvt. Ltd.,Sani Securities Company Ltd.,2026-04-23 13:39:18.178649,Manjushree Finance Ltd.
2026042303003872,MFIL,35,42,10,779.0,7790.0,2026-04-23,187739564,516,Kohinoor Investment & Securities Pvt. Ltd.,Sani Securities Company Ltd.,2026-04-23 13:41:12.049540,Manjushree Finance Ltd.
2026042303003873,MFIL,49,42,50,779.0,38950.0,2026-04-23,187739566,516,Online Securities Pvt. Ltd.,Sani Securities Company Ltd.,2026-04-23 13:41:12.049874,Manjushree Finance Ltd.
2026042303003874,MFIL,35,42,20,778.1,15562.0,2026-04-23,187739568,516,Kohinoor Investment & Securities Pvt. Ltd.,Sani Securities Company Ltd.,2026-04-23 13:41:12.050106,Manjushree Finance Ltd.
2026042303003875,MFIL,51,42,100,778.0,77800.0,2026-04-23,187739570,516,Oxford Securities Pvt. Ltd.,Sani Securities Company Ltd.,2026-04-23 13:41:12.050326,Manjushree Finance Ltd.
2026042303003876,MFIL,57,42,50,777.0,38850.0,2026-04-23,187739572,516,Aryatara Investment & Securities,Sani Securities Company Ltd.,2026-04-23 13:41:12.050512,Manjushree Finance Ltd.
2026042303003881,MFIL,39,42,100,775.5,77550.0,2026-04-23,187739766,516,Sumeru Securities Pvt. Ltd.,Sani Securities Company Ltd.,2026-04-23 13:41:25.674434,Manjushree Finance Ltd.
2026042303003882,MFIL,38,42,50,775.4,38770.0,2026-04-23,187739768,516,Dipshikha Dhitopatra Karobar Co. Pvt Ltd.,Sani Securities Company Ltd.,2026-04-23 13:41:25.674632,Manjushree Finance Ltd.
2026042303003883,MFIL,80,42,273,775.3,211656.9,2026-04-23,187739769,516,Indira securities pvt. ltd,Sani Securities Company Ltd.,2026-04-23 13:41:25.674710,Manjushree Finance Ltd.
2026042303004299,MFIL,34,43,200,782.0,156400.0,2026-04-23,187748659,516,Vision Securities Pvt. Ltd,South Asian Bulls Pvt. Ltd.,2026-04-23 14:02:06.765116,Manjushree Finance Ltd.
2026042303004302,MFIL,34,43,100,782.0,78200.0,2026-04-23,187748957,516,Vision Securities Pvt. Ltd,South Asian Bulls Pvt. Ltd.,2026-04-23 14:02:35.828936,Manjushree Finance Ltd.
2026042303004326,MFIL,34,17,40,782.0,31280.0,2026-04-23,187749649,516,Vision Securities Pvt. Ltd,ABC Securities Private Limited,2026-04-23 14:03:36.922116,Manjushree Finance Ltd.
2026042303004339,MFIL,34,32,220,782.0,172040.0,2026-04-23,187749718,516,Vision Securities Pvt. Ltd,Premier Securities Company Ltd.,2026-04-23 14:03:43.683283,Manjushree Finance Ltd.
2026042303004431,MFIL,58,51,150,782.0,117300.0,2026-04-23,187751748,516,Naasa Securities Co. Ltd.,Oxford Securities Pvt. Ltd.,2026-04-23 14:07:22.644220,Manjushree Finance Ltd.
2026042303004432,MFIL,58,51,10,780.0,7800.0,2026-04-23,187751750,516,Naasa Securities Co. Ltd.,Oxford Securities Pvt. Ltd.,2026-04-23 14:07:22.644556,Manjushree Finance Ltd.
2026042303004433,MFIL,26,51,200,777.2,155440.0,2026-04-23,187751752,516,Asian Securities Private Ltd.,Oxford Securities Pvt. Ltd.,2026-04-23 14:07:22.644777,Manjushree Finance Ltd.
2026042303004434,MFIL,35,51,85,777.1,66053.5,2026-04-23,187751754,516,Kohinoor Investment & Securities Pvt. Ltd.,Oxford Securities Pvt. Ltd.,2026-04-23 14:07:22.644997,Manjushree Finance Ltd.
2026042303004435,MFIL,25,51,20,777.0,15540.0,2026-04-23,187751756,516,Sweta Securities Private Limited,Oxford Securities Pvt. Ltd.,2026-04-23 14:07:22.645236,Manjushree Finance Ltd.
2026042303004436,MFIL,57,51,35,777.0,27195.0,2026-04-23,187751757,516,Aryatara Investment & Securities,Oxford Securities Pvt. Ltd.,2026-04-23 14:07:22.645442,Manjushree Finance Ltd.
2026042303004439,MFIL,57,51,165,777.0,128205.0,2026-04-23,187751924,516,Aryatara Investment & Securities,Oxford Securities Pvt. Ltd.,2026-04-23 14:07:38.786318,Manjushree Finance Ltd.
2026042303004440,MFIL,41,51,45,777.0,34965.0,2026-04-23,187751926,516,Linch Stock Market Ltd.,Oxford Securities Pvt. Ltd.,2026-04-23 14:07:38.786660,Manjushree Finance Ltd.
2026042303004447,MFIL,28,51,100,776.1,77610.0,2026-04-23,187752192,516,Shree Krishna Securities Ltd.,Oxford Securities Pvt. Ltd.,2026-04-23 14:08:14.700850,Manjushree Finance Ltd.
2026042303004448,MFIL,74,51,128,776.0,99328.0,2026-04-23,187752194,516,KALASH STOCK MARKET PVT. LTD.,Oxford Securities Pvt. Ltd.,2026-04-23 14:08:14.701205,Manjushree Finance Ltd.
2026042303004469,MFIL,33,51,60,776.0,46560.0,2026-04-23,187752496,516,Dakshinkali Investment & Securities Pvt. Ltd.,Oxford Securities Pvt. Ltd.,2026-04-23 14:08:46.420939,Manjushree Finance Ltd.
2026042303004697,MFIL,57,51,2,760.0,1520.0,2026-04-23,187757533,516,Aryatara Investment & Securities,Oxford Securities Pvt. Ltd.,2026-04-23 14:17:50.734436,Manjushree Finance Ltd.
2026042303004836,MFIL,57,29,10,778.0,7780.0,2026-04-23,187761263,516,Aryatara Investment & Securities,Trisul Securities & Invt. Ltd.,2026-04-23 14:24:23.578340,Manjushree Finance Ltd.
2026042303005118,MFIL,63,63,2000,782.9,1565800.0,2026-04-23,187767376,516,Himalayan Brokerage Company Limited,Himalayan Brokerage Company Limited,2026-04-23 14:33:50.211683,Manjushree Finance Ltd.
2026042303005128,MFIL,63,63,1980,782.9,1550142.0,2026-04-23,187767742,516,Himalayan Brokerage Company Limited,Himalayan Brokerage Company Limited,2026-04-23 14:34:17.972637,Manjushree Finance Ltd.
2026042303005271,MFIL,57,32,20,780.0,15600.0,2026-04-23,187770883,516,Aryatara Investment & Securities,Premier Securities Company Ltd.,2026-04-23 14:38:19.096167,Manjushree Finance Ltd.
2026042303005463,MFIL,58,78,10,778.0,7780.0,2026-04-23,187775756,516,Naasa Securities Co. Ltd.,Garima Securities Limited,2026-04-23 14:44:29.225865,Manjushree Finance Ltd.
2026042303005464,MFIL,39,78,100,778.0,77800.0,2026-04-23,187775758,516,Sumeru Securities Pvt. Ltd.,Garima Securities Limited,2026-04-23 14:44:29.226086,Manjushree Finance Ltd.
2026042303005465,MFIL,14,78,50,778.0,38900.0,2026-04-23,187775760,516,Nepal Stock House (PVT) Ltd.,Garima Securities Limited,2026-04-23 14:44:29.226182,Manjushree Finance Ltd.
2026042303005466,MFIL,50,78,70,778.0,54460.0,2026-04-23,187775761,516,Cristal Kanchanjanga Securites Pvt. Ltd.,Garima Securities Limited,2026-04-23 14:44:29.226259,Manjushree Finance Ltd.
2026042303005529,MFIL,41,80,5600,780.0,4368000.0,2026-04-23,187777286,516,Linch Stock Market Ltd.,Indira securities pvt. ltd,2026-04-23 14:46:07.427838,Manjushree Finance Ltd.
2026042303005634,MFIL,63,92,500,781.0,390500.0,2026-04-23,187779148,516,Himalayan Brokerage Company Limited,Roadshow securities limited,2026-04-23 14:47:47.788523,Manjushree Finance Ltd.
2026042303005673,MFIL,41,34,20,778.1,15562.0,2026-04-23,187780698,516,Linch Stock Market Ltd.,Vision Securities Pvt. Ltd,2026-04-23 14:48:52.981528,Manjushree Finance Ltd.
2026042303005674,MFIL,50,34,10,778.0,7780.0,2026-04-23,187780699,516,Cristal Kanchanjanga Securites Pvt. Ltd.,Vision Securities Pvt. Ltd,2026-04-23 14:48:52.981737,Manjushree Finance Ltd.
2026042303005765,MFIL,63,80,3500,780.0,2730000.0,2026-04-23,187783140,516,Himalayan Brokerage Company Limited,Indira securities pvt. ltd,2026-04-23 14:50:20.419822,Manjushree Finance Ltd.
2026042303006001,MFIL,50,49,20,778.0,15560.0,2026-04-23,187787876,516,Cristal Kanchanjanga Securites Pvt. Ltd.,Online Securities Pvt. Ltd.,2026-04-23 14:53:48.695514,Manjushree Finance Ltd.
2026042303006002,MFIL,49,49,10,778.0,7780.0,2026-04-23,187787878,516,Online Securities Pvt. Ltd.,Online Securities Pvt. Ltd.,2026-04-23 14:53:48.695712,Manjushree Finance Ltd.
2026042303006003,MFIL,56,49,20,778.0,15560.0,2026-04-23,187787879,516,Sri Hari Securities Pvt. Ltd.,Online Securities Pvt. Ltd.,2026-04-23 14:53:48.695795,Manjushree Finance Ltd.
2026042303006293,MFIL,56,59,80,780.0,62400.0,2026-04-23,187793408,516,Sri Hari Securities Pvt. Ltd.,Deevyaa Securities & Stock House Pvt. Ltd,2026-04-23 14:57:10.784328,Manjushree Finance Ltd.
2026042303006322,MFIL,34,33,100,778.1,77810.0,2026-04-23,187793608,516,Vision Securities Pvt. Ltd,Dakshinkali Investment & Securities Pvt. Ltd.,2026-04-23 14:57:16.112978,Manjushree Finance Ltd.
2026042303006323,MFIL,26,33,30,778.0,23340.0,2026-04-23,187793610,516,Asian Securities Private Ltd.,Dakshinkali Investment & Securities Pvt. Ltd.,2026-04-23 14:57:16.113171,Manjushree Finance Ltd.
2026042303006411,MFIL,20,33,370,778.0,287860.0,2026-04-23,187794749,516,Sipla Securities Private Limited,Dakshinkali Investment & Securities Pvt. Ltd.,2026-04-23 14:57:46.983507,Manjushree Finance Ltd.
2026042303006412,MFIL,20,59,420,780.0,327600.0,2026-04-23,187794751,516,Sipla Securities Private Limited,Deevyaa Securities & Stock House Pvt. Ltd,2026-04-23 14:57:46.983685,Manjushree Finance Ltd.
2026042303006447,MFIL,20,36,60,782.8,46968.0,2026-04-23,187795593,516,Sipla Securities Private Limited,Secured Securities Ltd.,2026-04-23 14:58:09.225480,Manjushree Finance Ltd.
2026042303006448,MFIL,20,63,20,782.9,15658.0,2026-04-23,187795595,516,Sipla Securities Private Limited,Himalayan Brokerage Company Limited,2026-04-23 14:58:09.225858,Manjushree Finance Ltd.
2026042303006449,MFIL,20,51,40,783.0,31320.0,2026-04-23,187795597,516,Sipla Securities Private Limited,Oxford Securities Pvt. Ltd.,2026-04-23 14:58:09.226124,Manjushree Finance Ltd.
2026042303006450,MFIL,20,32,100,784.0,78400.0,2026-04-23,187795599,516,Sipla Securities Private Limited,Premier Securities Company Ltd.,2026-04-23 14:58:09.226363,Manjushree Finance Ltd.
2026042303006451,MFIL,20,58,490,784.0,384160.0,2026-04-23,187795602,516,Sipla Securities Private Limited,Naasa Securities Co. Ltd.,2026-04-23 14:58:09.226597,Manjushree Finance Ltd.
2026042303006459,MFIL,41,38,40,777.1,31084.0,2026-04-23,187795834,516,Linch Stock Market Ltd.,Dipshikha Dhitopatra Karobar Co. Pvt Ltd.,2026-04-23 14:58:14.877246,Manjushree Finance Ltd.
2026042303006460,MFIL,17,38,60,777.0,46620.0,2026-04-23,187795835,516,ABC Securities Private Limited,Dipshikha Dhitopatra Karobar Co. Pvt Ltd.,2026-04-23 14:58:14.877288,Manjushree Finance Ltd.
2026042303006528,MFIL,16,58,10,784.0,7840.0,2026-04-23,187796826,516,Primo Securities (PVT) Ltd.,Naasa Securities Co. Ltd.,2026-04-23 14:58:34.613147,Manjushree Finance Ltd.
2026042303006650,MFIL,33,59,40,777.2,31088.0,2026-04-23,187799266,516,Dakshinkali Investment & Securities Pvt. Ltd.,Deevyaa Securities & Stock House Pvt. Ltd,2026-04-23 14:59:20.906800,Manjushree Finance Ltd.
2026042303006651,MFIL,62,59,100,777.1,77710.0,2026-04-23,187799268,516,Capital Max Securities Ltd,Deevyaa Securities & Stock House Pvt. Ltd,2026-04-23 14:59:20.906983,Manjushree Finance Ltd.
2026042303006652,MFIL,17,59,40,777.0,31080.0,2026-04-23,187799270,516,ABC Securities Private Limited,Deevyaa Securities & Stock House Pvt. Ltd,2026-04-23 14:59:20.907074,Manjushree Finance Ltd.
2026042303006653,MFIL,56,59,100,777.0,77700.0,2026-04-23,187799272,516,Sri Hari Securities Pvt. Ltd.,Deevyaa Securities & Stock House Pvt. Ltd,2026-04-23 14:59:20.907150,Manjushree Finance Ltd.
2026042303006654,MFIL,94,59,350,777.0,271950.0,2026-04-23,187799273,516,K.B.L. Securities Limited ,Deevyaa Securities & Stock House Pvt. Ltd,2026-04-23 14:59:20.907233,Manjushree Finance Ltd.
