contractId,stockSymbol,buyerMemberId,sellerMemberId,quantity,rate,amount,businessDate,tradeBookId,stockId,buyerBrokerName,sellerBrokerName,transaction_time,securityName
2026042301001530,NBL,62,43,11,275.0,3025.0,2026-04-23,187618597,517,Capital Max Securities Ltd,South Asian Bulls Pvt. Ltd.,2026-04-23 11:03:59.363889,Nepal Bank Limited
2026042301001531,NBL,62,14,89,275.0,24475.0,2026-04-23,187618600,517,Capital Max Securities Ltd,Nepal Stock House (PVT) Ltd.,2026-04-23 11:03:59.364002,Nepal Bank Limited
2026042301002937,NBL,46,7,100,273.7,27370.0,2026-04-23,187622624,517,Kalika Securities Pvt. Ltd.,J.F. Securites (PVT) Ltd.,2026-04-23 11:07:51.786924,Nepal Bank Limited
2026042301003441,NBL,26,42,15,271.0,4065.0,2026-04-23,187623965,517,Asian Securities Private Ltd.,Sani Securities Company Ltd.,2026-04-23 11:09:22.271111,Nepal Bank Limited
2026042301004251,NBL,62,51,85,273.5,23247.5,2026-04-23,187626168,517,Capital Max Securities Ltd,Oxford Securities Pvt. Ltd.,2026-04-23 11:11:35.971725,Nepal Bank Limited
2026042301004909,NBL,7,51,40,273.5,10940.0,2026-04-23,187627804,517,J.F. Securites (PVT) Ltd.,Oxford Securities Pvt. Ltd.,2026-04-23 11:13:19.953926,Nepal Bank Limited
2026042301004925,NBL,26,77,81,271.0,21951.0,2026-04-23,187627851,517,Asian Securities Private Ltd.,Nabil Stock Dealer Ltd.,2026-04-23 11:13:22.370862,Nepal Bank Limited
2026042301004996,NBL,45,42,200,270.0,54000.0,2026-04-23,187628022,517,Imperial Securities Company Pvt. Ltd.,Sani Securities Company Ltd.,2026-04-23 11:13:32.153357,Nepal Bank Limited
2026042301004997,NBL,42,42,100,270.0,27000.0,2026-04-23,187628024,517,Sani Securities Company Ltd.,Sani Securities Company Ltd.,2026-04-23 11:13:32.153464,Nepal Bank Limited
2026042301004998,NBL,46,42,20,270.0,5400.0,2026-04-23,187628026,517,Kalika Securities Pvt. Ltd.,Sani Securities Company Ltd.,2026-04-23 11:13:32.153505,Nepal Bank Limited
2026042301004999,NBL,58,42,90,270.0,24300.0,2026-04-23,187628027,517,Naasa Securities Co. Ltd.,Sani Securities Company Ltd.,2026-04-23 11:13:32.153557,Nepal Bank Limited
2026042301005876,NBL,58,57,10,270.0,2700.0,2026-04-23,187630427,517,Naasa Securities Co. Ltd.,Aryatara Investment & Securities,2026-04-23 11:15:49.220807,Nepal Bank Limited
2026042301006036,NBL,58,64,300,270.0,81000.0,2026-04-23,187630932,517,Naasa Securities Co. Ltd.,SUN SECURITIES PVT LTD,2026-04-23 11:16:21.488702,Nepal Bank Limited
2026042301006037,NBL,58,64,10,270.0,2700.0,2026-04-23,187630934,517,Naasa Securities Co. Ltd.,SUN SECURITIES PVT LTD,2026-04-23 11:16:21.488827,Nepal Bank Limited
2026042301006038,NBL,84,64,200,270.0,54000.0,2026-04-23,187630936,517,MILKY WAY SHARE BROKER COMPANY LTD ,SUN SECURITIES PVT LTD,2026-04-23 11:16:21.488890,Nepal Bank Limited
2026042301006924,NBL,57,49,40,269.1,10764.0,2026-04-23,187633203,517,Aryatara Investment & Securities,Online Securities Pvt. Ltd.,2026-04-23 11:18:08.139164,Nepal Bank Limited
2026042301007665,NBL,57,47,10,269.1,2691.0,2026-04-23,187635098,517,Aryatara Investment & Securities,Neev Securities Pvt. Ltd.,2026-04-23 11:19:55.943709,Nepal Bank Limited
2026042301007666,NBL,85,47,390,268.7,104793.0,2026-04-23,187635099,517,Capital Hub P. Ltd,Neev Securities Pvt. Ltd.,2026-04-23 11:19:55.943791,Nepal Bank Limited
2026042301008089,NBL,58,64,20,270.0,5400.0,2026-04-23,187636404,517,Naasa Securities Co. Ltd.,SUN SECURITIES PVT LTD,2026-04-23 11:21:10.951991,Nepal Bank Limited
2026042301009884,NBL,85,64,10,268.7,2687.0,2026-04-23,187641314,517,Capital Hub P. Ltd,SUN SECURITIES PVT LTD,2026-04-23 11:25:07.884052,Nepal Bank Limited
2026042301009885,NBL,92,64,500,268.7,134350.0,2026-04-23,187641316,517,Roadshow securities limited,SUN SECURITIES PVT LTD,2026-04-23 11:25:07.884198,Nepal Bank Limited
2026042301009886,NBL,54,64,20,268.7,5374.0,2026-04-23,187641317,517,Sewa Securities Pvt. Ltd.,SUN SECURITIES PVT LTD,2026-04-23 11:25:07.884244,Nepal Bank Limited
2026042301013930,NBL,57,49,42,270.0,11340.0,2026-04-23,187652474,517,Aryatara Investment & Securities,Online Securities Pvt. Ltd.,2026-04-23 11:35:22.560544,Nepal Bank Limited
2026042301014639,NBL,7,49,65,270.0,17550.0,2026-04-23,187654302,517,J.F. Securites (PVT) Ltd.,Online Securities Pvt. Ltd.,2026-04-23 11:37:14.706039,Nepal Bank Limited
2026042301015234,NBL,29,14,10,268.8,2688.0,2026-04-23,187656129,517,Trisul Securities & Invt. Ltd.,Nepal Stock House (PVT) Ltd.,2026-04-23 11:39:42.692155,Nepal Bank Limited
2026042301015859,NBL,57,49,50,270.0,13500.0,2026-04-23,187657812,517,Aryatara Investment & Securities,Online Securities Pvt. Ltd.,2026-04-23 11:41:42.038071,Nepal Bank Limited
2026042301016419,NBL,29,58,90,268.8,24192.0,2026-04-23,187659714,517,Trisul Securities & Invt. Ltd.,Naasa Securities Co. Ltd.,2026-04-23 11:43:57.886232,Nepal Bank Limited
2026042301016420,NBL,58,58,60,268.7,16122.0,2026-04-23,187659716,517,Naasa Securities Co. Ltd.,Naasa Securities Co. Ltd.,2026-04-23 11:43:57.886513,Nepal Bank Limited
2026042301016421,NBL,92,58,500,268.7,134350.0,2026-04-23,187659718,517,Roadshow securities limited,Naasa Securities Co. Ltd.,2026-04-23 11:43:57.886681,Nepal Bank Limited
2026042301016508,NBL,10,21,164,268.5,44034.0,2026-04-23,187660025,517,Pragyan Securities (PVT) Ltd.,Midas Stock Broking Company Private Limited,2026-04-23 11:44:23.197849,Nepal Bank Limited
2026042301017606,NBL,10,58,36,268.5,9666.0,2026-04-23,187663356,517,Pragyan Securities (PVT) Ltd.,Naasa Securities Co. Ltd.,2026-04-23 11:48:27.995678,Nepal Bank Limited
2026042301017607,NBL,40,58,14,268.5,3759.0,2026-04-23,187663357,517,Creative Securities Pvt Ltd,Naasa Securities Co. Ltd.,2026-04-23 11:48:27.995834,Nepal Bank Limited
2026042301019392,NBL,60,49,93,270.0,25110.0,2026-04-23,187668757,517,Nagarik Stock Dealer ,Online Securities Pvt. Ltd.,2026-04-23 11:55:27.897124,Nepal Bank Limited
2026042301019393,NBL,60,56,100,270.0,27000.0,2026-04-23,187668759,517,Nagarik Stock Dealer ,Sri Hari Securities Pvt. Ltd.,2026-04-23 11:55:27.897385,Nepal Bank Limited
2026042301019394,NBL,60,7,26,270.0,7020.0,2026-04-23,187668761,517,Nagarik Stock Dealer ,J.F. Securites (PVT) Ltd.,2026-04-23 11:55:27.897573,Nepal Bank Limited
2026042301019395,NBL,60,22,20,270.0,5400.0,2026-04-23,187668764,517,Nagarik Stock Dealer ,Siprabi Securities Pvt. Ltd.,2026-04-23 11:55:27.897751,Nepal Bank Limited
2026042301020104,NBL,36,38,38,272.0,10336.0,2026-04-23,187670812,517,Secured Securities Ltd.,Dipshikha Dhitopatra Karobar Co. Pvt Ltd.,2026-04-23 11:57:45.149951,Nepal Bank Limited
2026042301020944,NBL,40,29,10,268.5,2685.0,2026-04-23,187673337,517,Creative Securities Pvt Ltd,Trisul Securities & Invt. Ltd.,2026-04-23 12:00:44.531733,Nepal Bank Limited
2026042301021368,NBL,36,29,36,271.0,9756.0,2026-04-23,187674464,517,Secured Securities Ltd.,Trisul Securities & Invt. Ltd.,2026-04-23 12:02:05.807171,Nepal Bank Limited
2026042301021703,NBL,58,29,34,269.0,9146.0,2026-04-23,187675495,517,Naasa Securities Co. Ltd.,Trisul Securities & Invt. Ltd.,2026-04-23 12:03:33.283563,Nepal Bank Limited
2026042301021750,NBL,62,58,34,270.0,9180.0,2026-04-23,187675602,517,Capital Max Securities Ltd,Naasa Securities Co. Ltd.,2026-04-23 12:03:42.148399,Nepal Bank Limited
2026042301022077,NBL,62,58,200,270.0,54000.0,2026-04-23,187676586,517,Capital Max Securities Ltd,Naasa Securities Co. Ltd.,2026-04-23 12:04:53.205015,Nepal Bank Limited
2026042301023551,NBL,58,58,40,270.0,10800.0,2026-04-23,187680938,517,Naasa Securities Co. Ltd.,Naasa Securities Co. Ltd.,2026-04-23 12:10:16.410640,Nepal Bank Limited
2026042301023845,NBL,6,58,29,270.0,7830.0,2026-04-23,187681866,517,Agrawal Securities (PVT) Ltd.,Naasa Securities Co. Ltd.,2026-04-23 12:11:45.429572,Nepal Bank Limited
2026042301024552,NBL,49,42,1,265.0,265.0,2026-04-23,187683775,517,Online Securities Pvt. Ltd.,Sani Securities Company Ltd.,2026-04-23 12:13:56.337640,Nepal Bank Limited
2026042301024680,NBL,49,4,2,262.0,524.0,2026-04-23,187684167,517,Online Securities Pvt. Ltd.,Opal Securities Investment (PVT) Ltd.,2026-04-23 12:14:37.390590,Nepal Bank Limited
2026042301025035,NBL,58,17,51,269.0,13719.0,2026-04-23,187685188,517,Naasa Securities Co. Ltd.,ABC Securities Private Limited,2026-04-23 12:16:13.799365,Nepal Bank Limited
2026042301025036,NBL,58,17,100,269.0,26900.0,2026-04-23,187685190,517,Naasa Securities Co. Ltd.,ABC Securities Private Limited,2026-04-23 12:16:13.799646,Nepal Bank Limited
2026042301025037,NBL,45,17,420,269.0,112980.0,2026-04-23,187685192,517,Imperial Securities Company Pvt. Ltd.,ABC Securities Private Limited,2026-04-23 12:16:13.799835,Nepal Bank Limited
2026042301025038,NBL,29,17,50,269.0,13450.0,2026-04-23,187685193,517,Trisul Securities & Invt. Ltd.,ABC Securities Private Limited,2026-04-23 12:16:13.800058,Nepal Bank Limited
2026042301025365,NBL,49,4,2,262.0,524.0,2026-04-23,187686295,517,Online Securities Pvt. Ltd.,Opal Securities Investment (PVT) Ltd.,2026-04-23 12:17:58.419442,Nepal Bank Limited
2026042301026569,NBL,58,58,20,270.0,5400.0,2026-04-23,187689742,517,Naasa Securities Co. Ltd.,Naasa Securities Co. Ltd.,2026-04-23 12:22:37.184336,Nepal Bank Limited
2026042301028015,NBL,46,58,10,268.5,2685.0,2026-04-23,187693961,517,Kalika Securities Pvt. Ltd.,Naasa Securities Co. Ltd.,2026-04-23 12:30:13.537819,Nepal Bank Limited
2026042301028114,NBL,45,58,100,270.0,27000.0,2026-04-23,187694312,517,Imperial Securities Company Pvt. Ltd.,Naasa Securities Co. Ltd.,2026-04-23 12:30:46.382317,Nepal Bank Limited
2026042301029214,NBL,58,41,3,265.0,795.0,2026-04-23,187697879,517,Naasa Securities Co. Ltd.,Linch Stock Market Ltd.,2026-04-23 12:36:36.807570,Nepal Bank Limited
2026042301029668,NBL,22,58,10,269.0,2690.0,2026-04-23,187699200,517,Siprabi Securities Pvt. Ltd.,Naasa Securities Co. Ltd.,2026-04-23 12:38:24.671764,Nepal Bank Limited
2026042301029973,NBL,48,58,20,269.0,5380.0,2026-04-23,187700522,517,Trishakti Securities Public Limited,Naasa Securities Co. Ltd.,2026-04-23 12:41:12.799437,Nepal Bank Limited
2026042301030368,NBL,7,58,12,269.0,3228.0,2026-04-23,187701811,517,J.F. Securites (PVT) Ltd.,Naasa Securities Co. Ltd.,2026-04-23 12:43:58.247145,Nepal Bank Limited
2026042301030369,NBL,7,58,98,270.0,26460.0,2026-04-23,187701814,517,J.F. Securites (PVT) Ltd.,Naasa Securities Co. Ltd.,2026-04-23 12:43:58.247288,Nepal Bank Limited
2026042301031089,NBL,17,49,17,268.8,4569.6,2026-04-23,187703933,517,ABC Securities Private Limited,Online Securities Pvt. Ltd.,2026-04-23 12:46:47.136035,Nepal Bank Limited
2026042301031242,NBL,89,58,10,270.0,2700.0,2026-04-23,187704304,517,Global IME Securities Limited,Naasa Securities Co. Ltd.,2026-04-23 12:47:01.163470,Nepal Bank Limited
2026042301031288,NBL,17,51,100,268.8,26880.0,2026-04-23,187704467,517,ABC Securities Private Limited,Oxford Securities Pvt. Ltd.,2026-04-23 12:47:17.899617,Nepal Bank Limited
2026042301031298,NBL,8,58,70,270.0,18900.0,2026-04-23,187704510,517,Brilliant Securities Pvt. Ltd.,Naasa Securities Co. Ltd.,2026-04-23 12:47:23.145660,Nepal Bank Limited
2026042301032022,NBL,77,17,50,269.9,13495.0,2026-04-23,187706738,517,Nabil Stock Dealer Ltd.,ABC Securities Private Limited,2026-04-23 12:51:48.566573,Nepal Bank Limited
2026042301032211,NBL,6,17,450,269.9,121455.0,2026-04-23,187707270,517,Agrawal Securities (PVT) Ltd.,ABC Securities Private Limited,2026-04-23 12:52:35.590389,Nepal Bank Limited
2026042301032311,NBL,85,58,399,270.0,107730.0,2026-04-23,187707619,517,Capital Hub P. Ltd,Naasa Securities Co. Ltd.,2026-04-23 12:53:12.258905,Nepal Bank Limited
2026042301032312,NBL,85,58,20,270.0,5400.0,2026-04-23,187707621,517,Capital Hub P. Ltd,Naasa Securities Co. Ltd.,2026-04-23 12:53:12.259204,Nepal Bank Limited
2026042301032313,NBL,85,17,81,270.0,21870.0,2026-04-23,187707624,517,Capital Hub P. Ltd,ABC Securities Private Limited,2026-04-23 12:53:12.259406,Nepal Bank Limited
2026042301032422,NBL,45,17,370,269.5,99715.0,2026-04-23,187707978,517,Imperial Securities Company Pvt. Ltd.,ABC Securities Private Limited,2026-04-23 12:53:48.507572,Nepal Bank Limited
2026042301032423,NBL,16,17,1000,269.0,269000.0,2026-04-23,187707979,517,Primo Securities (PVT) Ltd.,ABC Securities Private Limited,2026-04-23 12:53:48.507789,Nepal Bank Limited
2026042301033327,NBL,22,17,19,270.0,5130.0,2026-04-23,187710801,517,Siprabi Securities Pvt. Ltd.,ABC Securities Private Limited,2026-04-23 12:57:49.771246,Nepal Bank Limited
2026042301033367,NBL,22,59,281,270.0,75870.0,2026-04-23,187710919,517,Siprabi Securities Pvt. Ltd.,Deevyaa Securities & Stock House Pvt. Ltd,2026-04-23 12:58:04.578927,Nepal Bank Limited
2026042301033555,NBL,16,58,25,270.9,6772.5,2026-04-23,187711482,517,Primo Securities (PVT) Ltd.,Naasa Securities Co. Ltd.,2026-04-23 12:58:53.568679,Nepal Bank Limited
2026042301033714,NBL,17,58,175,270.9,47407.5,2026-04-23,187712093,517,ABC Securities Private Limited,Naasa Securities Co. Ltd.,2026-04-23 12:59:52.815209,Nepal Bank Limited
2026042301033715,NBL,17,17,500,270.9,135450.0,2026-04-23,187712096,517,ABC Securities Private Limited,ABC Securities Private Limited,2026-04-23 12:59:52.815520,Nepal Bank Limited
2026042301033945,NBL,45,45,40,271.0,10840.0,2026-04-23,187712730,517,Imperial Securities Company Pvt. Ltd.,Imperial Securities Company Pvt. Ltd.,2026-04-23 13:00:28.580382,Nepal Bank Limited
2026042301034810,NBL,18,17,25,270.9,6772.5,2026-04-23,187715802,517,Sagarmatha Securities Private Limited,ABC Securities Private Limited,2026-04-23 13:03:56.184444,Nepal Bank Limited
2026042301035320,NBL,42,17,100,270.9,27090.0,2026-04-23,187717526,517,Sani Securities Company Ltd.,ABC Securities Private Limited,2026-04-23 13:06:17.965250,Nepal Bank Limited
2026042301035367,NBL,58,17,10,270.9,2709.0,2026-04-23,187717716,517,Naasa Securities Co. Ltd.,ABC Securities Private Limited,2026-04-23 13:06:43.085140,Nepal Bank Limited
2026042301036646,NBL,13,17,100,270.9,27090.0,2026-04-23,187721976,517,Thrive Brokerage House Pvt. Ltd,ABC Securities Private Limited,2026-04-23 13:13:06.112250,Nepal Bank Limited
2026042301036991,NBL,14,17,100,270.9,27090.0,2026-04-23,187723074,517,Nepal Stock House (PVT) Ltd.,ABC Securities Private Limited,2026-04-23 13:15:25.637496,Nepal Bank Limited
2026042301037192,NBL,14,17,165,270.9,44698.5,2026-04-23,187723537,517,Nepal Stock House (PVT) Ltd.,ABC Securities Private Limited,2026-04-23 13:15:48.436067,Nepal Bank Limited
2026042301037193,NBL,14,45,735,271.0,199185.0,2026-04-23,187723540,517,Nepal Stock House (PVT) Ltd.,Imperial Securities Company Pvt. Ltd.,2026-04-23 13:15:48.436412,Nepal Bank Limited
2026042301037900,NBL,49,45,15,271.0,4065.0,2026-04-23,187725596,517,Online Securities Pvt. Ltd.,Imperial Securities Company Pvt. Ltd.,2026-04-23 13:18:53.239326,Nepal Bank Limited
2026042301038243,NBL,45,45,20,271.0,5420.0,2026-04-23,187726814,517,Imperial Securities Company Pvt. Ltd.,Imperial Securities Company Pvt. Ltd.,2026-04-23 13:21:06.325770,Nepal Bank Limited
2026042301038402,NBL,79,45,138,271.0,37398.0,2026-04-23,187727388,517,pahiinvestment,Imperial Securities Company Pvt. Ltd.,2026-04-23 13:22:14.909404,Nepal Bank Limited
2026042301039535,NBL,26,45,50,271.0,13550.0,2026-04-23,187731048,517,Asian Securities Private Ltd.,Imperial Securities Company Pvt. Ltd.,2026-04-23 13:28:00.203156,Nepal Bank Limited
2026042301039549,NBL,42,6,50,270.0,13500.0,2026-04-23,187731140,517,Sani Securities Company Ltd.,Agrawal Securities (PVT) Ltd.,2026-04-23 13:28:07.400227,Nepal Bank Limited
2026042301039550,NBL,74,6,300,270.0,81000.0,2026-04-23,187731142,517,KALASH STOCK MARKET PVT. LTD.,Agrawal Securities (PVT) Ltd.,2026-04-23 13:28:07.400596,Nepal Bank Limited
2026042301039551,NBL,43,6,20,270.0,5400.0,2026-04-23,187731144,517,South Asian Bulls Pvt. Ltd.,Agrawal Securities (PVT) Ltd.,2026-04-23 13:28:07.400823,Nepal Bank Limited
2026042301039552,NBL,62,6,100,270.0,27000.0,2026-04-23,187731146,517,Capital Max Securities Ltd,Agrawal Securities (PVT) Ltd.,2026-04-23 13:28:07.401052,Nepal Bank Limited
2026042301039553,NBL,32,6,300,269.0,80700.0,2026-04-23,187731148,517,Premier Securities Company Ltd.,Agrawal Securities (PVT) Ltd.,2026-04-23 13:28:07.401271,Nepal Bank Limited
2026042301039554,NBL,16,6,70,269.0,18830.0,2026-04-23,187731150,517,Primo Securities (PVT) Ltd.,Agrawal Securities (PVT) Ltd.,2026-04-23 13:28:07.401506,Nepal Bank Limited
2026042301039555,NBL,25,6,100,269.0,26900.0,2026-04-23,187731152,517,Sweta Securities Private Limited,Agrawal Securities (PVT) Ltd.,2026-04-23 13:28:07.401738,Nepal Bank Limited
2026042301039556,NBL,17,6,680,268.9,182852.0,2026-04-23,187731153,517,ABC Securities Private Limited,Agrawal Securities (PVT) Ltd.,2026-04-23 13:28:07.402014,Nepal Bank Limited
2026042301039590,NBL,17,17,320,268.9,86048.0,2026-04-23,187731320,517,ABC Securities Private Limited,ABC Securities Private Limited,2026-04-23 13:28:19.037291,Nepal Bank Limited
2026042301039591,NBL,17,17,383,268.8,102950.4,2026-04-23,187731322,517,ABC Securities Private Limited,ABC Securities Private Limited,2026-04-23 13:28:19.037635,Nepal Bank Limited
2026042301039592,NBL,1,17,150,268.8,40320.0,2026-04-23,187731324,517,Kumari Securities Private Limited,ABC Securities Private Limited,2026-04-23 13:28:19.037864,Nepal Bank Limited
2026042301039593,NBL,34,17,100,268.7,26870.0,2026-04-23,187731326,517,Vision Securities Pvt. Ltd,ABC Securities Private Limited,2026-04-23 13:28:19.038103,Nepal Bank Limited
2026042301039594,NBL,49,17,75,268.6,20145.0,2026-04-23,187731328,517,Online Securities Pvt. Ltd.,ABC Securities Private Limited,2026-04-23 13:28:19.038333,Nepal Bank Limited
2026042301039595,NBL,46,17,50,268.5,13425.0,2026-04-23,187731330,517,Kalika Securities Pvt. Ltd.,ABC Securities Private Limited,2026-04-23 13:28:19.038538,Nepal Bank Limited
2026042301039596,NBL,85,17,922,268.5,247557.0,2026-04-23,187731331,517,Capital Hub P. Ltd,ABC Securities Private Limited,2026-04-23 13:28:19.038745,Nepal Bank Limited
2026042301039657,NBL,85,17,578,268.5,155193.0,2026-04-23,187731640,517,Capital Hub P. Ltd,ABC Securities Private Limited,2026-04-23 13:28:42.100502,Nepal Bank Limited
2026042301039658,NBL,54,17,1000,268.5,268500.0,2026-04-23,187731642,517,Sewa Securities Pvt. Ltd.,ABC Securities Private Limited,2026-04-23 13:28:42.100677,Nepal Bank Limited
2026042301039659,NBL,50,17,200,268.3,53660.0,2026-04-23,187731644,517,Cristal Kanchanjanga Securites Pvt. Ltd.,ABC Securities Private Limited,2026-04-23 13:28:42.100750,Nepal Bank Limited
2026042301039660,NBL,65,17,16254,268.3,4360948.2,2026-04-23,187731645,517,Sharepro Securities Private Limited,ABC Securities Private Limited,2026-04-23 13:28:42.100823,Nepal Bank Limited
2026042301040357,NBL,48,59,30,271.0,8130.0,2026-04-23,187734144,517,Trishakti Securities Public Limited,Deevyaa Securities & Stock House Pvt. Ltd,2026-04-23 13:31:35.799609,Nepal Bank Limited
2026042301041680,NBL,49,3,20,270.0,5400.0,2026-04-23,187738904,517,Online Securities Pvt. Ltd.,Arun Securities (PVT) Ltd.,2026-04-23 13:40:03.027079,Nepal Bank Limited
2026042301041681,NBL,14,3,83,270.0,22410.0,2026-04-23,187738905,517,Nepal Stock House (PVT) Ltd.,Arun Securities (PVT) Ltd.,2026-04-23 13:40:03.027250,Nepal Bank Limited
2026042301042551,NBL,14,87,18,270.0,4860.0,2026-04-23,187741943,517,Nepal Stock House (PVT) Ltd.,S.P.S.A. Securities Limited,2026-04-23 13:46:41.924518,Nepal Bank Limited
2026042301043476,NBL,80,46,500,270.8,135400.0,2026-04-23,187744869,517,Indira securities pvt. ltd,Kalika Securities Pvt. Ltd.,2026-04-23 13:52:59.908674,Nepal Bank Limited
2026042301043477,NBL,80,59,70,271.0,18970.0,2026-04-23,187744871,517,Indira securities pvt. ltd,Deevyaa Securities & Stock House Pvt. Ltd,2026-04-23 13:52:59.908907,Nepal Bank Limited
2026042301043478,NBL,80,41,1000,271.0,271000.0,2026-04-23,187744873,517,Indira securities pvt. ltd,Linch Stock Market Ltd.,2026-04-23 13:52:59.908995,Nepal Bank Limited
2026042301043479,NBL,80,21,166,271.0,44986.0,2026-04-23,187744875,517,Indira securities pvt. ltd,Midas Stock Broking Company Private Limited,2026-04-23 13:52:59.909086,Nepal Bank Limited
2026042301043480,NBL,80,33,500,271.0,135500.0,2026-04-23,187744877,517,Indira securities pvt. ltd,Dakshinkali Investment & Securities Pvt. Ltd.,2026-04-23 13:52:59.909164,Nepal Bank Limited
2026042301043481,NBL,80,43,77,271.0,20867.0,2026-04-23,187744880,517,Indira securities pvt. ltd,South Asian Bulls Pvt. Ltd.,2026-04-23 13:52:59.909241,Nepal Bank Limited
2026042301043533,NBL,38,38,10,272.0,2720.0,2026-04-23,187745034,517,Dipshikha Dhitopatra Karobar Co. Pvt Ltd.,Dipshikha Dhitopatra Karobar Co. Pvt Ltd.,2026-04-23 13:53:16.328230,Nepal Bank Limited
2026042301043826,NBL,42,17,14,271.9,3806.6,2026-04-23,187746030,517,Sani Securities Company Ltd.,ABC Securities Private Limited,2026-04-23 13:56:00.677938,Nepal Bank Limited
2026042301044370,NBL,14,46,99,270.0,26730.0,2026-04-23,187747982,517,Nepal Stock House (PVT) Ltd.,Kalika Securities Pvt. Ltd.,2026-04-23 14:00:22.931094,Nepal Bank Limited
2026042301044371,NBL,58,46,25,270.0,6750.0,2026-04-23,187747984,517,Naasa Securities Co. Ltd.,Kalika Securities Pvt. Ltd.,2026-04-23 14:00:22.931303,Nepal Bank Limited
2026042301044372,NBL,49,46,30,270.0,8100.0,2026-04-23,187747986,517,Online Securities Pvt. Ltd.,Kalika Securities Pvt. Ltd.,2026-04-23 14:00:22.931422,Nepal Bank Limited
2026042301044373,NBL,42,46,150,270.0,40500.0,2026-04-23,187747988,517,Sani Securities Company Ltd.,Kalika Securities Pvt. Ltd.,2026-04-23 14:00:22.931506,Nepal Bank Limited
2026042301045137,NBL,44,46,58,270.0,15660.0,2026-04-23,187750726,517,Dynamic Money Managers Securities Pvt. Ltd.,Kalika Securities Pvt. Ltd.,2026-04-23 14:05:46.214271,Nepal Bank Limited
2026042301045487,NBL,58,46,138,270.0,37260.0,2026-04-23,187752037,517,Naasa Securities Co. Ltd.,Kalika Securities Pvt. Ltd.,2026-04-23 14:07:52.167872,Nepal Bank Limited
2026042301045488,NBL,58,90,605,270.0,163350.0,2026-04-23,187752040,517,Naasa Securities Co. Ltd.,Sajilo Broker Limited,2026-04-23 14:07:52.168299,Nepal Bank Limited
2026042301045534,NBL,50,90,30,270.0,8100.0,2026-04-23,187752184,517,Cristal Kanchanjanga Securites Pvt. Ltd.,Sajilo Broker Limited,2026-04-23 14:08:13.132755,Nepal Bank Limited
2026042301045771,NBL,1,90,365,270.0,98550.0,2026-04-23,187753069,517,Kumari Securities Private Limited,Sajilo Broker Limited,2026-04-23 14:09:51.074613,Nepal Bank Limited
2026042301045776,NBL,1,47,135,270.0,36450.0,2026-04-23,187753086,517,Kumari Securities Private Limited,Neev Securities Pvt. Ltd.,2026-04-23 14:09:53.121301,Nepal Bank Limited
2026042301045777,NBL,51,47,50,269.2,13460.0,2026-04-23,187753088,517,Oxford Securities Pvt. Ltd.,Neev Securities Pvt. Ltd.,2026-04-23 14:09:53.121663,Nepal Bank Limited
2026042301045778,NBL,57,47,315,269.0,84735.0,2026-04-23,187753089,517,Aryatara Investment & Securities,Neev Securities Pvt. Ltd.,2026-04-23 14:09:53.121898,Nepal Bank Limited
2026042301046005,NBL,57,26,74,269.0,19906.0,2026-04-23,187753921,517,Aryatara Investment & Securities,Asian Securities Private Ltd.,2026-04-23 14:11:11.550518,Nepal Bank Limited
2026042301046897,NBL,57,58,114,269.0,30666.0,2026-04-23,187757423,517,Aryatara Investment & Securities,Naasa Securities Co. Ltd.,2026-04-23 14:17:39.401812,Nepal Bank Limited
2026042301047207,NBL,49,32,1,268.0,268.0,2026-04-23,187758425,517,Online Securities Pvt. Ltd.,Premier Securities Company Ltd.,2026-04-23 14:19:23.582041,Nepal Bank Limited
2026042301047966,NBL,38,4,10,271.0,2710.0,2026-04-23,187761110,517,Dipshikha Dhitopatra Karobar Co. Pvt Ltd.,Opal Securities Investment (PVT) Ltd.,2026-04-23 14:24:14.724928,Nepal Bank Limited
2026042301048254,NBL,45,39,50,270.0,13500.0,2026-04-23,187762128,517,Imperial Securities Company Pvt. Ltd.,Sumeru Securities Pvt. Ltd.,2026-04-23 14:25:52.324275,Nepal Bank Limited
2026042301048666,NBL,57,39,50,269.0,13450.0,2026-04-23,187763593,517,Aryatara Investment & Securities,Sumeru Securities Pvt. Ltd.,2026-04-23 14:28:09.356747,Nepal Bank Limited
2026042301048784,NBL,57,28,10,269.0,2690.0,2026-04-23,187764025,517,Aryatara Investment & Securities,Shree Krishna Securities Ltd.,2026-04-23 14:28:55.163502,Nepal Bank Limited
2026042301048901,NBL,49,40,1,265.0,265.0,2026-04-23,187764465,517,Online Securities Pvt. Ltd.,Creative Securities Pvt Ltd,2026-04-23 14:29:36.207192,Nepal Bank Limited
2026042301049993,NBL,57,4,102,269.0,27438.0,2026-04-23,187768323,517,Aryatara Investment & Securities,Opal Securities Investment (PVT) Ltd.,2026-04-23 14:35:15.838897,Nepal Bank Limited
2026042301050703,NBL,57,45,60,270.0,16200.0,2026-04-23,187770794,517,Aryatara Investment & Securities,Imperial Securities Company Pvt. Ltd.,2026-04-23 14:38:09.415222,Nepal Bank Limited
2026042301050794,NBL,17,45,107,270.0,28890.0,2026-04-23,187771064,517,ABC Securities Private Limited,Imperial Securities Company Pvt. Ltd.,2026-04-23 14:38:39.383270,Nepal Bank Limited
2026042301050932,NBL,57,45,100,270.0,27000.0,2026-04-23,187771570,517,Aryatara Investment & Securities,Imperial Securities Company Pvt. Ltd.,2026-04-23 14:39:23.799346,Nepal Bank Limited
2026042301050958,NBL,40,45,26,270.0,7020.0,2026-04-23,187771686,517,Creative Securities Pvt Ltd,Imperial Securities Company Pvt. Ltd.,2026-04-23 14:39:33.198287,Nepal Bank Limited
2026042301051161,NBL,49,28,5,268.0,1340.0,2026-04-23,187772207,517,Online Securities Pvt. Ltd.,Shree Krishna Securities Ltd.,2026-04-23 14:40:16.673828,Nepal Bank Limited
2026042301051709,NBL,34,45,500,270.0,135000.0,2026-04-23,187773924,517,Vision Securities Pvt. Ltd,Imperial Securities Company Pvt. Ltd.,2026-04-23 14:42:22.535913,Nepal Bank Limited
2026042301052018,NBL,58,45,40,270.0,10800.0,2026-04-23,187775040,517,Naasa Securities Co. Ltd.,Imperial Securities Company Pvt. Ltd.,2026-04-23 14:43:50.001434,Nepal Bank Limited
2026042301052297,NBL,58,45,10,270.0,2700.0,2026-04-23,187776192,517,Naasa Securities Co. Ltd.,Imperial Securities Company Pvt. Ltd.,2026-04-23 14:44:55.294702,Nepal Bank Limited
2026042301053571,NBL,14,45,14,270.0,3780.0,2026-04-23,187781942,517,Nepal Stock House (PVT) Ltd.,Imperial Securities Company Pvt. Ltd.,2026-04-23 14:49:40.452293,Nepal Bank Limited
2026042301053783,NBL,10,17,300,269.1,80730.0,2026-04-23,187783004,517,Pragyan Securities (PVT) Ltd.,ABC Securities Private Limited,2026-04-23 14:50:15.177019,Nepal Bank Limited
2026042301053784,NBL,42,17,10,269.1,2691.0,2026-04-23,187783006,517,Sani Securities Company Ltd.,ABC Securities Private Limited,2026-04-23 14:50:15.177232,Nepal Bank Limited
2026042301053785,NBL,57,17,176,269.0,47344.0,2026-04-23,187783007,517,Aryatara Investment & Securities,ABC Securities Private Limited,2026-04-23 14:50:15.177321,Nepal Bank Limited
2026042301054682,NBL,41,42,100,269.9,26990.0,2026-04-23,187786900,517,Linch Stock Market Ltd.,Sani Securities Company Ltd.,2026-04-23 14:53:06.268372,Nepal Bank Limited
2026042301054806,NBL,16,42,480,269.9,129552.0,2026-04-23,187787436,517,Primo Securities (PVT) Ltd.,Sani Securities Company Ltd.,2026-04-23 14:53:30.932481,Nepal Bank Limited
2026042301054861,NBL,48,38,30,269.0,8070.0,2026-04-23,187787736,517,Trishakti Securities Public Limited,Dipshikha Dhitopatra Karobar Co. Pvt Ltd.,2026-04-23 14:53:43.356462,Nepal Bank Limited
2026042301054862,NBL,57,38,220,269.0,59180.0,2026-04-23,187787737,517,Aryatara Investment & Securities,Dipshikha Dhitopatra Karobar Co. Pvt Ltd.,2026-04-23 14:53:43.356714,Nepal Bank Limited
2026042301055599,NBL,57,57,30,269.0,8070.0,2026-04-23,187790744,517,Aryatara Investment & Securities,Aryatara Investment & Securities,2026-04-23 14:55:42.662477,Nepal Bank Limited
2026042301055600,NBL,1,57,970,269.0,260930.0,2026-04-23,187790745,517,Kumari Securities Private Limited,Aryatara Investment & Securities,2026-04-23 14:55:42.662885,Nepal Bank Limited
2026042301055830,NBL,1,34,30,269.0,8070.0,2026-04-23,187791850,517,Kumari Securities Private Limited,Vision Securities Pvt. Ltd,2026-04-23 14:56:18.840005,Nepal Bank Limited
2026042301055831,NBL,39,34,100,269.0,26900.0,2026-04-23,187791852,517,Sumeru Securities Pvt. Ltd.,Vision Securities Pvt. Ltd,2026-04-23 14:56:18.840414,Nepal Bank Limited
2026042301055832,NBL,42,34,10,269.0,2690.0,2026-04-23,187791854,517,Sani Securities Company Ltd.,Vision Securities Pvt. Ltd,2026-04-23 14:56:18.840649,Nepal Bank Limited
2026042301056994,NBL,41,34,50,269.0,13450.0,2026-04-23,187796662,517,Linch Stock Market Ltd.,Vision Securities Pvt. Ltd,2026-04-23 14:58:31.556357,Nepal Bank Limited
2026042301057090,NBL,17,34,10,269.0,2690.0,2026-04-23,187797081,517,ABC Securities Private Limited,Vision Securities Pvt. Ltd,2026-04-23 14:58:41.577987,Nepal Bank Limited
2026042301057091,NBL,17,45,143,269.0,38467.0,2026-04-23,187797083,517,ABC Securities Private Limited,Imperial Securities Company Pvt. Ltd.,2026-04-23 14:58:41.578194,Nepal Bank Limited
2026042301057882,NBL,17,42,120,269.9,32388.0,2026-04-23,187800529,517,ABC Securities Private Limited,Sani Securities Company Ltd.,2026-04-23 14:59:37.024269,Nepal Bank Limited
2026042301058048,NBL,17,58,50,269.9,13495.0,2026-04-23,187801141,517,ABC Securities Private Limited,Naasa Securities Co. Ltd.,2026-04-23 14:59:45.832894,Nepal Bank Limited
2026042301058372,NBL,5,45,100,270.0,27000.0,2026-04-23,187802434,517,Market Securities & Exchange (PVT) Ltd.,Imperial Securities Company Pvt. Ltd.,2026-04-23 14:59:58.551512,Nepal Bank Limited
2026042301058390,NBL,81,45,10,270.0,2700.0,2026-04-23,187802538,517,Aakashbhairab Securities Ltd.,Imperial Securities Company Pvt. Ltd.,2026-04-23 14:59:59.403118,Nepal Bank Limited
