contractId,stockSymbol,buyerMemberId,sellerMemberId,quantity,rate,amount,businessDate,tradeBookId,stockId,buyerBrokerName,sellerBrokerName,transaction_time,securityName
2026042304000104,NHDL,32,57,10,655.0,6550.0,2026-04-23,187618664,2769,Premier Securities Company Ltd.,Aryatara Investment & Securities,2026-04-23 11:04:05.361767,Nepal Hydro Developers Ltd.
2026042304001438,NHDL,42,40,30,636.0,19080.0,2026-04-23,187644292,2769,Sani Securities Company Ltd.,Creative Securities Pvt Ltd,2026-04-23 11:27:40.013910,Nepal Hydro Developers Ltd.
2026042304001439,NHDL,45,40,300,635.4,190620.0,2026-04-23,187644294,2769,Imperial Securities Company Pvt. Ltd.,Creative Securities Pvt Ltd,2026-04-23 11:27:40.013966,Nepal Hydro Developers Ltd.
2026042304001440,NHDL,72,40,10,635.4,6354.0,2026-04-23,187644295,2769,Hatemalo Financial Services Private Limited,Creative Securities Pvt Ltd,2026-04-23 11:27:40.013991,Nepal Hydro Developers Ltd.
2026042304002279,NHDL,49,49,10,633.1,6331.0,2026-04-23,187660198,2769,Online Securities Pvt. Ltd.,Online Securities Pvt. Ltd.,2026-04-23 11:44:37.996930,Nepal Hydro Developers Ltd.
2026042304002280,NHDL,49,49,14,633.1,8863.4,2026-04-23,187660200,2769,Online Securities Pvt. Ltd.,Online Securities Pvt. Ltd.,2026-04-23 11:44:37.997114,Nepal Hydro Developers Ltd.
2026042304002281,NHDL,57,49,40,633.1,25324.0,2026-04-23,187660202,2769,Aryatara Investment & Securities,Online Securities Pvt. Ltd.,2026-04-23 11:44:37.997225,Nepal Hydro Developers Ltd.
2026042304002282,NHDL,10,49,11,633.0,6963.0,2026-04-23,187660204,2769,Pragyan Securities (PVT) Ltd.,Online Securities Pvt. Ltd.,2026-04-23 11:44:37.997369,Nepal Hydro Developers Ltd.
2026042304002283,NHDL,58,49,30,632.5,18975.0,2026-04-23,187660206,2769,Naasa Securities Co. Ltd.,Online Securities Pvt. Ltd.,2026-04-23 11:44:37.997506,Nepal Hydro Developers Ltd.
2026042304002284,NHDL,52,49,12,630.0,7560.0,2026-04-23,187660208,2769,Sundhara Securities Limited,Online Securities Pvt. Ltd.,2026-04-23 11:44:37.997623,Nepal Hydro Developers Ltd.
2026042304002285,NHDL,49,49,283,630.0,178290.0,2026-04-23,187660209,2769,Online Securities Pvt. Ltd.,Online Securities Pvt. Ltd.,2026-04-23 11:44:37.997722,Nepal Hydro Developers Ltd.
2026042304002331,NHDL,34,34,1,630.1,630.1,2026-04-23,187660899,2769,Vision Securities Pvt. Ltd,Vision Securities Pvt. Ltd,2026-04-23 11:45:31.071014,Nepal Hydro Developers Ltd.
2026042304002531,NHDL,49,34,12,630.0,7560.0,2026-04-23,187663775,2769,Online Securities Pvt. Ltd.,Vision Securities Pvt. Ltd,2026-04-23 11:49:05.591902,Nepal Hydro Developers Ltd.
2026042304002812,NHDL,32,32,20,630.0,12600.0,2026-04-23,187667504,2769,Premier Securities Company Ltd.,Premier Securities Company Ltd.,2026-04-23 11:53:50.913744,Nepal Hydro Developers Ltd.
2026042304002813,NHDL,4,32,80,629.0,50320.0,2026-04-23,187667505,2769,Opal Securities Investment (PVT) Ltd.,Premier Securities Company Ltd.,2026-04-23 11:53:50.913795,Nepal Hydro Developers Ltd.
2026042304003854,NHDL,58,4,100,630.0,63000.0,2026-04-23,187683906,2769,Naasa Securities Co. Ltd.,Opal Securities Investment (PVT) Ltd.,2026-04-23 12:14:10.672916,Nepal Hydro Developers Ltd.
2026042304003895,NHDL,21,4,10,630.0,6300.0,2026-04-23,187684559,2769,Midas Stock Broking Company Private Limited,Opal Securities Investment (PVT) Ltd.,2026-04-23 12:15:24.132269,Nepal Hydro Developers Ltd.
2026042304003920,NHDL,21,57,490,630.0,308700.0,2026-04-23,187684931,2769,Midas Stock Broking Company Private Limited,Aryatara Investment & Securities,2026-04-23 12:16:00.514719,Nepal Hydro Developers Ltd.
2026042304005034,NHDL,49,33,1,624.0,624.0,2026-04-23,187701599,2769,Online Securities Pvt. Ltd.,Dakshinkali Investment & Securities Pvt. Ltd.,2026-04-23 12:43:30.559796,Nepal Hydro Developers Ltd.
2026042304006671,NHDL,49,43,1,615.0,615.0,2026-04-23,187726911,2769,Online Securities Pvt. Ltd.,South Asian Bulls Pvt. Ltd.,2026-04-23 13:21:18.849114,Nepal Hydro Developers Ltd.
2026042304006778,NHDL,59,39,14,640.0,8960.0,2026-04-23,187728402,2769,Deevyaa Securities & Stock House Pvt. Ltd,Sumeru Securities Pvt. Ltd.,2026-04-23 13:24:07.733877,Nepal Hydro Developers Ltd.
2026042304008028,NHDL,49,35,18,640.0,11520.0,2026-04-23,187744425,2769,Online Securities Pvt. Ltd.,Kohinoor Investment & Securities Pvt. Ltd.,2026-04-23 13:51:48.998605,Nepal Hydro Developers Ltd.
2026042304008423,NHDL,49,49,500,640.0,320000.0,2026-04-23,187749627,2769,Online Securities Pvt. Ltd.,Online Securities Pvt. Ltd.,2026-04-23 14:03:33.329833,Nepal Hydro Developers Ltd.
2026042304008453,NHDL,49,49,105,640.0,67200.0,2026-04-23,187749923,2769,Online Securities Pvt. Ltd.,Online Securities Pvt. Ltd.,2026-04-23 14:04:05.819169,Nepal Hydro Developers Ltd.
2026042304008631,NHDL,49,57,127,640.0,81280.0,2026-04-23,187751629,2769,Online Securities Pvt. Ltd.,Aryatara Investment & Securities,2026-04-23 14:07:17.379180,Nepal Hydro Developers Ltd.
2026042304013546,NHDL,34,17,10,636.0,6360.0,2026-04-23,187801670,2769,Vision Securities Pvt. Ltd,ABC Securities Private Limited,2026-04-23 14:59:52.243676,Nepal Hydro Developers Ltd.
2026042304013547,NHDL,58,17,78,636.0,49608.0,2026-04-23,187801672,2769,Naasa Securities Co. Ltd.,ABC Securities Private Limited,2026-04-23 14:59:52.243794,Nepal Hydro Developers Ltd.
