contractId,stockSymbol,buyerMemberId,sellerMemberId,quantity,rate,amount,businessDate,tradeBookId,stockId,buyerBrokerName,sellerBrokerName,transaction_time,securityName
2026042304000035,PPCL,44,46,10,404.7,4047.0,2026-04-23,187616076,2813,Dynamic Money Managers Securities Pvt. Ltd.,Kalika Securities Pvt. Ltd.,2026-04-23 11:01:14.512778,Panchthar Power Compant Limited
2026042304000036,PPCL,38,52,10,404.7,4047.0,2026-04-23,187616086,2813,Dipshikha Dhitopatra Karobar Co. Pvt Ltd.,Sundhara Securities Limited,2026-04-23 11:01:15.155722,Panchthar Power Compant Limited
2026042304000354,PPCL,19,16,50,393.2,19660.0,2026-04-23,187622132,2813,Nepal Investment And Securities Trading Private Limited,Primo Securities (PVT) Ltd.,2026-04-23 11:07:31.117038,Panchthar Power Compant Limited
2026042304000355,PPCL,58,16,200,392.6,78520.0,2026-04-23,187622134,2813,Naasa Securities Co. Ltd.,Primo Securities (PVT) Ltd.,2026-04-23 11:07:31.117099,Panchthar Power Compant Limited
2026042304000478,PPCL,4,34,210,399.0,83790.0,2026-04-23,187624612,2813,Opal Securities Investment (PVT) Ltd.,Vision Securities Pvt. Ltd,2026-04-23 11:09:53.594892,Panchthar Power Compant Limited
2026042304000692,PPCL,4,1,10,388.0,3880.0,2026-04-23,187628938,2813,Opal Securities Investment (PVT) Ltd.,Kumari Securities Private Limited,2026-04-23 11:14:25.130408,Panchthar Power Compant Limited
2026042304000934,PPCL,57,44,20,387.2,7744.0,2026-04-23,187634339,2813,Aryatara Investment & Securities,Dynamic Money Managers Securities Pvt. Ltd.,2026-04-23 11:19:13.150218,Panchthar Power Compant Limited
2026042304000947,PPCL,4,1,50,388.0,19400.0,2026-04-23,187634850,2813,Opal Securities Investment (PVT) Ltd.,Kumari Securities Private Limited,2026-04-23 11:19:45.946072,Panchthar Power Compant Limited
2026042304001116,PPCL,42,1,15,388.0,5820.0,2026-04-23,187638150,2813,Sani Securities Company Ltd.,Kumari Securities Private Limited,2026-04-23 11:22:22.406195,Panchthar Power Compant Limited
2026042304001592,PPCL,58,1,50,382.5,19125.0,2026-04-23,187647744,2813,Naasa Securities Co. Ltd.,Kumari Securities Private Limited,2026-04-23 11:30:34.175752,Panchthar Power Compant Limited
2026042304001593,PPCL,25,1,50,382.5,19125.0,2026-04-23,187647746,2813,Sweta Securities Private Limited,Kumari Securities Private Limited,2026-04-23 11:30:34.175994,Panchthar Power Compant Limited
2026042304001594,PPCL,25,1,50,382.4,19120.0,2026-04-23,187647748,2813,Sweta Securities Private Limited,Kumari Securities Private Limited,2026-04-23 11:30:34.176107,Panchthar Power Compant Limited
2026042304001595,PPCL,34,1,200,382.3,76460.0,2026-04-23,187647750,2813,Vision Securities Pvt. Ltd,Kumari Securities Private Limited,2026-04-23 11:30:34.176208,Panchthar Power Compant Limited
2026042304001596,PPCL,25,1,50,382.3,19115.0,2026-04-23,187647752,2813,Sweta Securities Private Limited,Kumari Securities Private Limited,2026-04-23 11:30:34.176308,Panchthar Power Compant Limited
2026042304001597,PPCL,34,1,70,382.2,26754.0,2026-04-23,187647754,2813,Vision Securities Pvt. Ltd,Kumari Securities Private Limited,2026-04-23 11:30:34.176449,Panchthar Power Compant Limited
2026042304001598,PPCL,25,1,47,382.0,17954.0,2026-04-23,187647756,2813,Sweta Securities Private Limited,Kumari Securities Private Limited,2026-04-23 11:30:34.176557,Panchthar Power Compant Limited
2026042304001599,PPCL,6,1,408,382.0,155856.0,2026-04-23,187647757,2813,Agrawal Securities (PVT) Ltd.,Kumari Securities Private Limited,2026-04-23 11:30:34.176651,Panchthar Power Compant Limited
2026042304002009,PPCL,38,4,10,398.8,3988.0,2026-04-23,187656088,2813,Dipshikha Dhitopatra Karobar Co. Pvt Ltd.,Opal Securities Investment (PVT) Ltd.,2026-04-23 11:39:40.306782,Panchthar Power Compant Limited
2026042304002133,PPCL,26,58,50,387.0,19350.0,2026-04-23,187658812,2813,Asian Securities Private Ltd.,Naasa Securities Co. Ltd.,2026-04-23 11:42:50.952750,Panchthar Power Compant Limited
2026042304002134,PPCL,50,58,200,386.9,77380.0,2026-04-23,187658813,2813,Cristal Kanchanjanga Securites Pvt. Ltd.,Naasa Securities Co. Ltd.,2026-04-23 11:42:50.952846,Panchthar Power Compant Limited
2026042304002509,PPCL,52,34,100,394.5,39450.0,2026-04-23,187663380,2813,Sundhara Securities Limited,Vision Securities Pvt. Ltd,2026-04-23 11:48:30.839938,Panchthar Power Compant Limited
2026042304002693,PPCL,90,58,300,385.0,115500.0,2026-04-23,187666120,2813,Sajilo Broker Limited,Naasa Securities Co. Ltd.,2026-04-23 11:52:04.359028,Panchthar Power Compant Limited
2026042304002694,PPCL,50,58,200,385.0,77000.0,2026-04-23,187666121,2813,Cristal Kanchanjanga Securites Pvt. Ltd.,Naasa Securities Co. Ltd.,2026-04-23 11:52:04.359116,Panchthar Power Compant Limited
2026042304003381,PPCL,25,35,50,385.4,19270.0,2026-04-23,187676470,2813,Sweta Securities Private Limited,Kohinoor Investment & Securities Pvt. Ltd.,2026-04-23 12:04:41.001628,Panchthar Power Compant Limited
2026042304003382,PPCL,25,35,50,385.3,19265.0,2026-04-23,187676472,2813,Sweta Securities Private Limited,Kohinoor Investment & Securities Pvt. Ltd.,2026-04-23 12:04:41.001794,Panchthar Power Compant Limited
2026042304003383,PPCL,34,35,40,385.2,15408.0,2026-04-23,187676474,2813,Vision Securities Pvt. Ltd,Kohinoor Investment & Securities Pvt. Ltd.,2026-04-23 12:04:41.001853,Panchthar Power Compant Limited
2026042304003384,PPCL,25,35,50,385.2,19260.0,2026-04-23,187676476,2813,Sweta Securities Private Limited,Kohinoor Investment & Securities Pvt. Ltd.,2026-04-23 12:04:41.001916,Panchthar Power Compant Limited
2026042304003385,PPCL,33,35,100,385.1,38510.0,2026-04-23,187676478,2813,Dakshinkali Investment & Securities Pvt. Ltd.,Kohinoor Investment & Securities Pvt. Ltd.,2026-04-23 12:04:41.001967,Panchthar Power Compant Limited
2026042304003386,PPCL,3,35,600,385.0,231000.0,2026-04-23,187676480,2813,Arun Securities (PVT) Ltd.,Kohinoor Investment & Securities Pvt. Ltd.,2026-04-23 12:04:41.002020,Panchthar Power Compant Limited
2026042304003387,PPCL,50,35,200,385.0,77000.0,2026-04-23,187676482,2813,Cristal Kanchanjanga Securites Pvt. Ltd.,Kohinoor Investment & Securities Pvt. Ltd.,2026-04-23 12:04:41.002073,Panchthar Power Compant Limited
2026042304003388,PPCL,54,35,100,385.0,38500.0,2026-04-23,187676484,2813,Sewa Securities Pvt. Ltd.,Kohinoor Investment & Securities Pvt. Ltd.,2026-04-23 12:04:41.002121,Panchthar Power Compant Limited
2026042304003389,PPCL,13,35,140,385.0,53900.0,2026-04-23,187676486,2813,Thrive Brokerage House Pvt. Ltd,Kohinoor Investment & Securities Pvt. Ltd.,2026-04-23 12:04:41.002167,Panchthar Power Compant Limited
2026042304003390,PPCL,36,35,29,385.0,11165.0,2026-04-23,187676488,2813,Secured Securities Ltd.,Kohinoor Investment & Securities Pvt. Ltd.,2026-04-23 12:04:41.002212,Panchthar Power Compant Limited
2026042304003394,PPCL,25,35,50,385.0,19250.0,2026-04-23,187676553,2813,Sweta Securities Private Limited,Kohinoor Investment & Securities Pvt. Ltd.,2026-04-23 12:04:50.111922,Panchthar Power Compant Limited
2026042304003432,PPCL,25,35,25,384.3,9607.5,2026-04-23,187677736,2813,Sweta Securities Private Limited,Kohinoor Investment & Securities Pvt. Ltd.,2026-04-23 12:05:49.342366,Panchthar Power Compant Limited
2026042304003433,PPCL,4,35,50,384.2,19210.0,2026-04-23,187677738,2813,Opal Securities Investment (PVT) Ltd.,Kohinoor Investment & Securities Pvt. Ltd.,2026-04-23 12:05:49.342494,Panchthar Power Compant Limited
2026042304003434,PPCL,58,35,16,383.6,6137.6,2026-04-23,187677739,2813,Naasa Securities Co. Ltd.,Kohinoor Investment & Securities Pvt. Ltd.,2026-04-23 12:05:49.342545,Panchthar Power Compant Limited
2026042304003567,PPCL,50,41,10,390.0,3900.0,2026-04-23,187679200,2813,Cristal Kanchanjanga Securites Pvt. Ltd.,Linch Stock Market Ltd.,2026-04-23 12:07:38.025305,Panchthar Power Compant Limited
2026042304003706,PPCL,42,54,30,384.0,11520.0,2026-04-23,187681645,2813,Sani Securities Company Ltd.,Sewa Securities Pvt. Ltd.,2026-04-23 12:11:25.264653,Panchthar Power Compant Limited
2026042304003707,PPCL,42,50,20,384.0,7680.0,2026-04-23,187681648,2813,Sani Securities Company Ltd.,Cristal Kanchanjanga Securites Pvt. Ltd.,2026-04-23 12:11:25.406145,Panchthar Power Compant Limited
2026042304003708,PPCL,49,50,106,383.4,40640.4,2026-04-23,187681650,2813,Online Securities Pvt. Ltd.,Cristal Kanchanjanga Securites Pvt. Ltd.,2026-04-23 12:11:25.406257,Panchthar Power Compant Limited
2026042304004641,PPCL,67,50,11,388.5,4273.5,2026-04-23,187696654,2813,Property Wiard Limited,Cristal Kanchanjanga Securites Pvt. Ltd.,2026-04-23 12:35:02.596444,Panchthar Power Compant Limited
2026042304004652,PPCL,67,50,391,389.0,152099.0,2026-04-23,187696740,2813,Property Wiard Limited,Cristal Kanchanjanga Securites Pvt. Ltd.,2026-04-23 12:35:13.781928,Panchthar Power Compant Limited
2026042304004653,PPCL,67,50,10,389.1,3891.0,2026-04-23,187696773,2813,Property Wiard Limited,Cristal Kanchanjanga Securites Pvt. Ltd.,2026-04-23 12:35:16.529451,Panchthar Power Compant Limited
2026042304004660,PPCL,67,50,10,389.3,3893.0,2026-04-23,187696801,2813,Property Wiard Limited,Cristal Kanchanjanga Securites Pvt. Ltd.,2026-04-23 12:35:20.019081,Panchthar Power Compant Limited
2026042304004662,PPCL,67,50,10,389.5,3895.0,2026-04-23,187696845,2813,Property Wiard Limited,Cristal Kanchanjanga Securites Pvt. Ltd.,2026-04-23 12:35:23.635808,Panchthar Power Compant Limited
2026042304004664,PPCL,67,50,10,389.9,3899.0,2026-04-23,187696965,2813,Property Wiard Limited,Cristal Kanchanjanga Securites Pvt. Ltd.,2026-04-23 12:35:33.958140,Panchthar Power Compant Limited
2026042304004676,PPCL,67,41,10,390.0,3900.0,2026-04-23,187697251,2813,Property Wiard Limited,Linch Stock Market Ltd.,2026-04-23 12:35:47.102921,Panchthar Power Compant Limited
2026042304004851,PPCL,4,22,100,390.0,39000.0,2026-04-23,187699682,2813,Opal Securities Investment (PVT) Ltd.,Siprabi Securities Pvt. Ltd.,2026-04-23 12:39:23.431054,Panchthar Power Compant Limited
2026042304005272,PPCL,57,3,365,389.9,142313.5,2026-04-23,187706271,2813,Aryatara Investment & Securities,Arun Securities (PVT) Ltd.,2026-04-23 12:50:58.201766,Panchthar Power Compant Limited
2026042304005273,PPCL,57,22,300,390.0,117000.0,2026-04-23,187706273,2813,Aryatara Investment & Securities,Siprabi Securities Pvt. Ltd.,2026-04-23 12:50:58.201899,Panchthar Power Compant Limited
2026042304005274,PPCL,57,60,335,390.0,130650.0,2026-04-23,187706276,2813,Aryatara Investment & Securities,Nagarik Stock Dealer ,2026-04-23 12:50:58.201956,Panchthar Power Compant Limited
2026042304005492,PPCL,3,60,500,390.0,195000.0,2026-04-23,187709206,2813,Arun Securities (PVT) Ltd.,Nagarik Stock Dealer ,2026-04-23 12:55:57.718255,Panchthar Power Compant Limited
2026042304006337,PPCL,19,6,15,386.2,5793.0,2026-04-23,187721220,2813,Nepal Investment And Securities Trading Private Limited,Agrawal Securities (PVT) Ltd.,2026-04-23 13:11:55.527759,Panchthar Power Compant Limited
2026042304006338,PPCL,38,6,85,386.1,32818.5,2026-04-23,187721221,2813,Dipshikha Dhitopatra Karobar Co. Pvt Ltd.,Agrawal Securities (PVT) Ltd.,2026-04-23 13:11:55.528016,Panchthar Power Compant Limited
2026042304006653,PPCL,91,53,250,389.0,97250.0,2026-04-23,187726766,2813,Citizens Share Broker Limited,Investment Management Nepal Pvt. Ltd.,2026-04-23 13:20:59.183252,Panchthar Power Compant Limited
2026042304007501,PPCL,58,60,10,387.0,3870.0,2026-04-23,187736122,2813,Naasa Securities Co. Ltd.,Nagarik Stock Dealer ,2026-04-23 13:34:49.878303,Panchthar Power Compant Limited
2026042304007502,PPCL,38,60,15,386.1,5791.5,2026-04-23,187736124,2813,Dipshikha Dhitopatra Karobar Co. Pvt Ltd.,Nagarik Stock Dealer ,2026-04-23 13:34:49.878353,Panchthar Power Compant Limited
2026042304007503,PPCL,25,60,50,386.1,19305.0,2026-04-23,187736126,2813,Sweta Securities Private Limited,Nagarik Stock Dealer ,2026-04-23 13:34:49.878376,Panchthar Power Compant Limited
2026042304007504,PPCL,36,60,40,386.0,15440.0,2026-04-23,187736128,2813,Secured Securities Ltd.,Nagarik Stock Dealer ,2026-04-23 13:34:49.878399,Panchthar Power Compant Limited
2026042304007505,PPCL,34,60,200,385.3,77060.0,2026-04-23,187736130,2813,Vision Securities Pvt. Ltd,Nagarik Stock Dealer ,2026-04-23 13:34:49.878439,Panchthar Power Compant Limited
2026042304007506,PPCL,25,60,100,385.2,38520.0,2026-04-23,187736131,2813,Sweta Securities Private Limited,Nagarik Stock Dealer ,2026-04-23 13:34:49.878479,Panchthar Power Compant Limited
2026042304007644,PPCL,58,53,100,385.0,38500.0,2026-04-23,187737904,2813,Naasa Securities Co. Ltd.,Investment Management Nepal Pvt. Ltd.,2026-04-23 13:38:05.342172,Panchthar Power Compant Limited
2026042304007645,PPCL,52,53,20,385.0,7700.0,2026-04-23,187737906,2813,Sundhara Securities Limited,Investment Management Nepal Pvt. Ltd.,2026-04-23 13:38:05.342327,Panchthar Power Compant Limited
2026042304007646,PPCL,46,53,80,385.0,30800.0,2026-04-23,187737907,2813,Kalika Securities Pvt. Ltd.,Investment Management Nepal Pvt. Ltd.,2026-04-23 13:38:05.342381,Panchthar Power Compant Limited
2026042304008768,PPCL,58,58,28,385.2,10785.6,2026-04-23,187753632,2813,Naasa Securities Co. Ltd.,Naasa Securities Co. Ltd.,2026-04-23 14:10:41.978264,Panchthar Power Compant Limited
2026042304008769,PPCL,74,58,100,385.1,38510.0,2026-04-23,187753634,2813,KALASH STOCK MARKET PVT. LTD.,Naasa Securities Co. Ltd.,2026-04-23 14:10:41.978302,Panchthar Power Compant Limited
2026042304008770,PPCL,3,58,500,385.1,192550.0,2026-04-23,187753636,2813,Arun Securities (PVT) Ltd.,Naasa Securities Co. Ltd.,2026-04-23 14:10:41.978340,Panchthar Power Compant Limited
2026042304008771,PPCL,49,58,145,385.1,55839.5,2026-04-23,187753638,2813,Online Securities Pvt. Ltd.,Naasa Securities Co. Ltd.,2026-04-23 14:10:41.978363,Panchthar Power Compant Limited
2026042304008772,PPCL,90,58,227,385.0,87395.0,2026-04-23,187753639,2813,Sajilo Broker Limited,Naasa Securities Co. Ltd.,2026-04-23 14:10:41.978392,Panchthar Power Compant Limited
2026042304008801,PPCL,6,58,400,385.1,154040.0,2026-04-23,187754050,2813,Agrawal Securities (PVT) Ltd.,Naasa Securities Co. Ltd.,2026-04-23 14:11:26.900975,Panchthar Power Compant Limited
2026042304008802,PPCL,90,58,23,385.0,8855.0,2026-04-23,187754052,2813,Sajilo Broker Limited,Naasa Securities Co. Ltd.,2026-04-23 14:11:26.901022,Panchthar Power Compant Limited
2026042304008803,PPCL,14,58,20,385.0,7700.0,2026-04-23,187754054,2813,Nepal Stock House (PVT) Ltd.,Naasa Securities Co. Ltd.,2026-04-23 14:11:26.901049,Panchthar Power Compant Limited
2026042304008804,PPCL,57,58,970,385.0,373450.0,2026-04-23,187754055,2813,Aryatara Investment & Securities,Naasa Securities Co. Ltd.,2026-04-23 14:11:26.901074,Panchthar Power Compant Limited
2026042304008918,PPCL,57,44,30,385.0,11550.0,2026-04-23,187755346,2813,Aryatara Investment & Securities,Dynamic Money Managers Securities Pvt. Ltd.,2026-04-23 14:14:08.862556,Panchthar Power Compant Limited
2026042304008919,PPCL,1,44,295,385.0,113575.0,2026-04-23,187755347,2813,Kumari Securities Private Limited,Dynamic Money Managers Securities Pvt. Ltd.,2026-04-23 14:14:08.862798,Panchthar Power Compant Limited
2026042304008981,PPCL,1,44,705,385.0,271425.0,2026-04-23,187755877,2813,Kumari Securities Private Limited,Dynamic Money Managers Securities Pvt. Ltd.,2026-04-23 14:15:16.901275,Panchthar Power Compant Limited
2026042304009060,PPCL,49,44,55,384.0,21120.0,2026-04-23,187756386,2813,Online Securities Pvt. Ltd.,Dynamic Money Managers Securities Pvt. Ltd.,2026-04-23 14:15:59.948322,Panchthar Power Compant Limited
2026042304009061,PPCL,39,44,100,384.0,38400.0,2026-04-23,187756388,2813,Sumeru Securities Pvt. Ltd.,Dynamic Money Managers Securities Pvt. Ltd.,2026-04-23 14:15:59.948451,Panchthar Power Compant Limited
2026042304009062,PPCL,67,44,140,384.0,53760.0,2026-04-23,187756389,2813,Property Wiard Limited,Dynamic Money Managers Securities Pvt. Ltd.,2026-04-23 14:15:59.948503,Panchthar Power Compant Limited
2026042304009075,PPCL,92,6,30,386.0,11580.0,2026-04-23,187756434,2813,Roadshow securities limited,Agrawal Securities (PVT) Ltd.,2026-04-23 14:16:04.447464,Panchthar Power Compant Limited
2026042304009225,PPCL,67,49,50,384.0,19200.0,2026-04-23,187758367,2813,Property Wiard Limited,Online Securities Pvt. Ltd.,2026-04-23 14:19:17.677084,Panchthar Power Compant Limited
2026042304009301,PPCL,67,14,10,384.0,3840.0,2026-04-23,187759153,2813,Property Wiard Limited,Nepal Stock House (PVT) Ltd.,2026-04-23 14:20:38.565513,Panchthar Power Compant Limited
2026042304009747,PPCL,25,58,10,384.1,3841.0,2026-04-23,187765391,2813,Sweta Securities Private Limited,Naasa Securities Co. Ltd.,2026-04-23 14:30:48.668171,Panchthar Power Compant Limited
2026042304009979,PPCL,33,25,100,388.0,38800.0,2026-04-23,187767619,2813,Dakshinkali Investment & Securities Pvt. Ltd.,Sweta Securities Private Limited,2026-04-23 14:34:10.113489,Panchthar Power Compant Limited
2026042304009980,PPCL,33,52,204,388.9,79335.6,2026-04-23,187767621,2813,Dakshinkali Investment & Securities Pvt. Ltd.,Sundhara Securities Limited,2026-04-23 14:34:10.113763,Panchthar Power Compant Limited
2026042304009981,PPCL,33,53,42,389.0,16338.0,2026-04-23,187767624,2813,Dakshinkali Investment & Securities Pvt. Ltd.,Investment Management Nepal Pvt. Ltd.,2026-04-23 14:34:10.113926,Panchthar Power Compant Limited
2026042304013127,PPCL,25,67,75,385.2,28890.0,2026-04-23,187798246,2813,Sweta Securities Private Limited,Property Wiard Limited,2026-04-23 14:59:05.622589,Panchthar Power Compant Limited
2026042304013128,PPCL,5,67,100,385.1,38510.0,2026-04-23,187798250,2813,Market Securities & Exchange (PVT) Ltd.,Property Wiard Limited,2026-04-23 14:59:05.622746,Panchthar Power Compant Limited
2026042304013129,PPCL,56,67,38,385.0,14630.0,2026-04-23,187798254,2813,Sri Hari Securities Pvt. Ltd.,Property Wiard Limited,2026-04-23 14:59:05.622811,Panchthar Power Compant Limited
2026042304013130,PPCL,6,67,287,384.3,110294.1,2026-04-23,187798256,2813,Agrawal Securities (PVT) Ltd.,Property Wiard Limited,2026-04-23 14:59:05.622871,Panchthar Power Compant Limited
