contract_id,symbol,buyer_member_id,seller_member_id,volume,price,amount,buyer_broker,seller_broker,transaction_time
2026042304000016,RADHI,62,34,30,762.9,22887.0,Capital Max Securities Ltd,Vision Securities Pvt. Ltd,2026-04-23 10:46:00.099219
2026042304000184,RADHI,14,34,10,785.7,7857.0,Nepal Stock House (PVT) Ltd.,Vision Securities Pvt. Ltd,2026-04-23 11:05:29.617423
2026042304000205,RADHI,34,58,100,810.0,81000.0,Vision Securities Pvt. Ltd,Naasa Securities Co. Ltd.,2026-04-23 11:05:52.135464
2026042304000206,RADHI,34,45,10,824.0,8240.0,Vision Securities Pvt. Ltd,Imperial Securities Company Pvt. Ltd.,2026-04-23 11:05:52.135525
2026042304000306,RADHI,62,34,20,801.0,16020.0,Capital Max Securities Ltd,Vision Securities Pvt. Ltd,2026-04-23 11:07:03.570399
2026042304000324,RADHI,45,34,20,809.2,16184.0,Imperial Securities Company Pvt. Ltd.,Vision Securities Pvt. Ltd,2026-04-23 11:07:14.205856
2026042304000359,RADHI,34,16,24,815.0,19560.0,Vision Securities Pvt. Ltd,Primo Securities (PVT) Ltd.,2026-04-23 11:07:35.441335
2026042304000374,RADHI,52,38,20,809.2,16184.0,Sundhara Securities Limited,Dipshikha Dhitopatra Karobar Co. Pvt Ltd.,2026-04-23 11:07:49.996151
2026042304000391,RADHI,62,34,10,814.9,8149.0,Capital Max Securities Ltd,Vision Securities Pvt. Ltd,2026-04-23 11:08:02.394117
2026042304000413,RADHI,52,16,30,813.0,24390.0,Sundhara Securities Limited,Primo Securities (PVT) Ltd.,2026-04-23 11:08:23.926576
2026042304000421,RADHI,58,36,50,800.0,40000.0,Naasa Securities Co. Ltd.,Secured Securities Ltd.,2026-04-23 11:08:38.557894
2026042304000870,RADHI,52,18,40,800.0,32000.0,Sundhara Securities Limited,Sagarmatha Securities Private Limited,2026-04-23 11:17:47.964344
2026042304000948,RADHI,42,18,88,795.0,69960.0,Sani Securities Company Ltd.,Sagarmatha Securities Private Limited,2026-04-23 11:19:46.857723
2026042304000949,RADHI,43,18,300,795.0,238500.0,South Asian Bulls Pvt. Ltd.,Sagarmatha Securities Private Limited,2026-04-23 11:19:46.857768
2026042304000950,RADHI,59,18,380,794.0,301720.0,Deevyaa Securities & Stock House Pvt. Ltd,Sagarmatha Securities Private Limited,2026-04-23 11:19:46.857794
2026042304000951,RADHI,26,18,192,790.0,151680.0,Asian Securities Private Ltd.,Sagarmatha Securities Private Limited,2026-04-23 11:19:46.857819
2026042304001609,RADHI,39,49,100,790.3,79030.0,Sumeru Securities Pvt. Ltd.,Online Securities Pvt. Ltd.,2026-04-23 11:30:45.441266
2026042304001932,RADHI,43,42,10,790.1,7901.0,South Asian Bulls Pvt. Ltd.,Sani Securities Company Ltd.,2026-04-23 11:38:07.010186
2026042304002227,RADHI,62,32,35,791.0,27685.0,Capital Max Securities Ltd,Premier Securities Company Ltd.,2026-04-23 11:44:02.204529
2026042304002228,RADHI,4,32,315,790.3,248944.5,Opal Securities Investment (PVT) Ltd.,Premier Securities Company Ltd.,2026-04-23 11:44:02.204980
2026042304002229,RADHI,13,32,300,790.2,237060.0,Thrive Brokerage House Pvt. Ltd,Premier Securities Company Ltd.,2026-04-23 11:44:02.205252
2026042304002230,RADHI,43,32,193,790.1,152489.3,South Asian Bulls Pvt. Ltd.,Premier Securities Company Ltd.,2026-04-23 11:44:02.205537
2026042304002231,RADHI,45,32,110,790.0,86900.0,Imperial Securities Company Pvt. Ltd.,Premier Securities Company Ltd.,2026-04-23 11:44:02.205787
2026042304002232,RADHI,63,32,100,790.0,79000.0,Himalayan Brokerage Company Limited,Premier Securities Company Ltd.,2026-04-23 11:44:02.206032
2026042304002233,RADHI,42,32,300,790.0,237000.0,Sani Securities Company Ltd.,Premier Securities Company Ltd.,2026-04-23 11:44:02.206293
2026042304002234,RADHI,38,32,10,790.0,7900.0,Dipshikha Dhitopatra Karobar Co. Pvt Ltd.,Premier Securities Company Ltd.,2026-04-23 11:44:02.206553
2026042304002235,RADHI,34,32,200,790.0,158000.0,Vision Securities Pvt. Ltd,Premier Securities Company Ltd.,2026-04-23 11:44:02.206786
2026042304002236,RADHI,32,32,100,790.0,79000.0,Premier Securities Company Ltd.,Premier Securities Company Ltd.,2026-04-23 11:44:02.207031
2026042304002258,RADHI,25,32,155,790.0,122450.0,Sweta Securities Private Limited,Premier Securities Company Ltd.,2026-04-23 11:44:17.351285
2026042304002499,RADHI,64,58,10,787.0,7870.0,SUN SECURITIES PVT LTD,Naasa Securities Co. Ltd.,2026-04-23 11:48:14.360855
2026042304002707,RADHI,89,32,52,787.1,40929.2,Global IME Securities Limited,Premier Securities Company Ltd.,2026-04-23 11:52:23.309828
2026042304002708,RADHI,64,32,90,787.0,70830.0,SUN SECURITIES PVT LTD,Premier Securities Company Ltd.,2026-04-23 11:52:23.310051
2026042304002709,RADHI,10,32,20,787.0,15740.0,Pragyan Securities (PVT) Ltd.,Premier Securities Company Ltd.,2026-04-23 11:52:23.310141
2026042304002710,RADHI,22,32,150,787.0,118050.0,Siprabi Securities Pvt. Ltd.,Premier Securities Company Ltd.,2026-04-23 11:52:23.310225
2026042304002711,RADHI,99,32,220,786.3,172986.0,Prabhu Stock Market Limited,Premier Securities Company Ltd.,2026-04-23 11:52:23.310307
2026042304003238,RADHI,44,34,10,787.0,7870.0,Dynamic Money Managers Securities Pvt. Ltd.,Vision Securities Pvt. Ltd,2026-04-23 12:00:43.123054
2026042304003255,RADHI,25,34,10,788.0,7880.0,Sweta Securities Private Limited,Vision Securities Pvt. Ltd,2026-04-23 12:01:21.998104
2026042304003261,RADHI,96,67,320,786.4,251648.0,Himalayan Securities Limited,Property Wiard Limited,2026-04-23 12:01:29.161426
2026042304003262,RADHI,99,67,280,786.3,220164.0,Prabhu Stock Market Limited,Property Wiard Limited,2026-04-23 12:01:29.161841
2026042304003263,RADHI,86,67,200,785.7,157140.0,Stoxkarts Securities Limited,Property Wiard Limited,2026-04-23 12:01:29.162108
2026042304003264,RADHI,1,67,500,785.7,392850.0,Kumari Securities Private Limited,Property Wiard Limited,2026-04-23 12:01:29.162391
2026042304003265,RADHI,43,67,200,785.7,157140.0,South Asian Bulls Pvt. Ltd.,Property Wiard Limited,2026-04-23 12:01:29.162704
2026042304003266,RADHI,48,67,200,785.7,157140.0,Trishakti Securities Public Limited,Property Wiard Limited,2026-04-23 12:01:29.163037
2026042304003267,RADHI,58,67,44,785.0,34540.0,Naasa Securities Co. Ltd.,Property Wiard Limited,2026-04-23 12:01:29.163389
2026042304003268,RADHI,29,67,200,785.0,157000.0,Trisul Securities & Invt. Ltd.,Property Wiard Limited,2026-04-23 12:01:29.163733
2026042304003275,RADHI,25,67,10,785.0,7850.0,Sweta Securities Private Limited,Property Wiard Limited,2026-04-23 12:01:42.704152
2026042304003312,RADHI,25,34,20,785.0,15700.0,Sweta Securities Private Limited,Vision Securities Pvt. Ltd,2026-04-23 12:02:53.930167
2026042304003631,RADHI,58,52,20,785.1,15702.0,Naasa Securities Co. Ltd.,Sundhara Securities Limited,2026-04-23 12:09:35.155571
2026042304003632,RADHI,58,52,27,785.0,21195.0,Naasa Securities Co. Ltd.,Sundhara Securities Limited,2026-04-23 12:09:35.155847
2026042304003633,RADHI,52,52,10,784.1,7841.0,Sundhara Securities Limited,Sundhara Securities Limited,2026-04-23 12:09:35.155995
2026042304003634,RADHI,99,52,43,784.1,33716.3,Prabhu Stock Market Limited,Sundhara Securities Limited,2026-04-23 12:09:35.156090
2026042304003770,RADHI,58,52,10,787.0,7870.0,Naasa Securities Co. Ltd.,Sundhara Securities Limited,2026-04-23 12:12:17.705087
2026042304003771,RADHI,53,52,200,785.0,157000.0,Investment Management Nepal Pvt. Ltd.,Sundhara Securities Limited,2026-04-23 12:12:17.705638
2026042304003850,RADHI,42,52,60,785.0,47100.0,Sani Securities Company Ltd.,Sundhara Securities Limited,2026-04-23 12:14:05.850470
2026042304003886,RADHI,6,52,30,785.0,23550.0,Agrawal Securities (PVT) Ltd.,Sundhara Securities Limited,2026-04-23 12:15:13.123809
2026042304003887,RADHI,6,16,1000,785.0,785000.0,Agrawal Securities (PVT) Ltd.,Primo Securities (PVT) Ltd.,2026-04-23 12:15:13.124249
2026042304004124,RADHI,45,34,100,785.1,78510.0,Imperial Securities Company Pvt. Ltd.,Vision Securities Pvt. Ltd,2026-04-23 12:19:41.337574
2026042304004250,RADHI,45,59,400,785.3,314120.0,Imperial Securities Company Pvt. Ltd.,Deevyaa Securities & Stock House Pvt. Ltd,2026-04-23 12:23:02.180884
2026042304004251,RADHI,16,59,50,785.2,39260.0,Primo Securities (PVT) Ltd.,Deevyaa Securities & Stock House Pvt. Ltd,2026-04-23 12:23:02.181413
2026042304004252,RADHI,21,59,15,785.2,11778.0,Midas Stock Broking Company Private Limited,Deevyaa Securities & Stock House Pvt. Ltd,2026-04-23 12:23:02.181714
2026042304004253,RADHI,34,59,35,785.2,27482.0,Vision Securities Pvt. Ltd,Deevyaa Securities & Stock House Pvt. Ltd,2026-04-23 12:23:02.182031
2026042304004858,RADHI,91,41,100,794.6,79460.0,Citizens Share Broker Limited,Linch Stock Market Ltd.,2026-04-23 12:39:31.225876
2026042304004859,RADHI,91,41,300,794.7,238410.0,Citizens Share Broker Limited,Linch Stock Market Ltd.,2026-04-23 12:39:31.225934
2026042304005023,RADHI,25,77,20,791.0,15820.0,Sweta Securities Private Limited,Nabil Stock Dealer Ltd.,2026-04-23 12:43:20.792659
2026042304005024,RADHI,52,77,10,790.0,7900.0,Sundhara Securities Limited,Nabil Stock Dealer Ltd.,2026-04-23 12:43:20.793159
2026042304005025,RADHI,65,77,200,789.0,157800.0,Sharepro Securities Private Limited,Nabil Stock Dealer Ltd.,2026-04-23 12:43:20.793494
2026042304005026,RADHI,99,77,57,788.1,44921.7,Prabhu Stock Market Limited,Nabil Stock Dealer Ltd.,2026-04-23 12:43:20.793820
2026042304005027,RADHI,52,77,10,787.1,7871.0,Sundhara Securities Limited,Nabil Stock Dealer Ltd.,2026-04-23 12:43:20.794135
2026042304005028,RADHI,34,77,465,787.1,366001.5,Vision Securities Pvt. Ltd,Nabil Stock Dealer Ltd.,2026-04-23 12:43:20.794461
2026042304005029,RADHI,34,77,238,787.1,187329.8,Vision Securities Pvt. Ltd,Nabil Stock Dealer Ltd.,2026-04-23 12:43:20.794732
2026042304005154,RADHI,91,16,250,793.0,198250.0,Citizens Share Broker Limited,Primo Securities (PVT) Ltd.,2026-04-23 12:47:12.951605
2026042304005166,RADHI,34,58,12,787.1,9445.2,Vision Securities Pvt. Ltd,Naasa Securities Co. Ltd.,2026-04-23 12:47:42.529458
2026042304005550,RADHI,99,16,200,793.0,158600.0,Prabhu Stock Market Limited,Primo Securities (PVT) Ltd.,2026-04-23 12:56:51.439904
2026042304005572,RADHI,58,16,45,793.0,35685.0,Naasa Securities Co. Ltd.,Primo Securities (PVT) Ltd.,2026-04-23 12:57:08.602480
2026042304005649,RADHI,33,16,500,793.0,396500.0,Dakshinkali Investment & Securities Pvt. Ltd.,Primo Securities (PVT) Ltd.,2026-04-23 12:59:12.273568
2026042304005818,RADHI,35,41,78,794.7,61986.6,Kohinoor Investment & Securities Pvt. Ltd.,Linch Stock Market Ltd.,2026-04-23 13:02:52.687105
2026042304005819,RADHI,35,67,1044,795.0,829980.0,Kohinoor Investment & Securities Pvt. Ltd.,Property Wiard Limited,2026-04-23 13:02:52.687185
2026042304005820,RADHI,35,32,200,798.0,159600.0,Kohinoor Investment & Securities Pvt. Ltd.,Premier Securities Company Ltd.,2026-04-23 13:02:52.687215
2026042304005821,RADHI,35,50,10,799.1,7991.0,Kohinoor Investment & Securities Pvt. Ltd.,Cristal Kanchanjanga Securites Pvt. Ltd.,2026-04-23 13:02:52.687244
2026042304005822,RADHI,35,50,10,799.5,7995.0,Kohinoor Investment & Securities Pvt. Ltd.,Cristal Kanchanjanga Securites Pvt. Ltd.,2026-04-23 13:02:52.687271
2026042304005823,RADHI,35,39,600,800.0,480000.0,Kohinoor Investment & Securities Pvt. Ltd.,Sumeru Securities Pvt. Ltd.,2026-04-23 13:02:52.687297
2026042304005824,RADHI,35,36,58,800.0,46400.0,Kohinoor Investment & Securities Pvt. Ltd.,Secured Securities Ltd.,2026-04-23 13:02:52.687330
2026042304005833,RADHI,18,35,1000,791.0,791000.0,Sagarmatha Securities Private Limited,Kohinoor Investment & Securities Pvt. Ltd.,2026-04-23 13:02:57.811668
2026042304005834,RADHI,62,35,30,790.0,23700.0,Capital Max Securities Ltd,Kohinoor Investment & Securities Pvt. Ltd.,2026-04-23 13:02:57.811736
2026042304005835,RADHI,34,35,970,789.1,765427.0,Vision Securities Pvt. Ltd,Kohinoor Investment & Securities Pvt. Ltd.,2026-04-23 13:02:57.811763
2026042304006035,RADHI,35,41,500,799.9,399950.0,Kohinoor Investment & Securities Pvt. Ltd.,Linch Stock Market Ltd.,2026-04-23 13:06:02.236840
2026042304006036,RADHI,35,36,242,800.0,193600.0,Kohinoor Investment & Securities Pvt. Ltd.,Secured Securities Ltd.,2026-04-23 13:06:02.236942
2026042304006037,RADHI,35,16,1364,800.0,1091200.0,Kohinoor Investment & Securities Pvt. Ltd.,Primo Securities (PVT) Ltd.,2026-04-23 13:06:02.237024
2026042304006038,RADHI,35,81,300,800.0,240000.0,Kohinoor Investment & Securities Pvt. Ltd.,Aakashbhairab Securities Ltd.,2026-04-23 13:06:02.237095
2026042304006039,RADHI,35,49,94,804.0,75576.0,Kohinoor Investment & Securities Pvt. Ltd.,Online Securities Pvt. Ltd.,2026-04-23 13:06:02.237173
2026042304006056,RADHI,45,35,500,790.4,395200.0,Imperial Securities Company Pvt. Ltd.,Kohinoor Investment & Securities Pvt. Ltd.,2026-04-23 13:06:11.292066
2026042304006057,RADHI,34,35,145,790.3,114593.5,Vision Securities Pvt. Ltd,Kohinoor Investment & Securities Pvt. Ltd.,2026-04-23 13:06:11.292135
2026042304006058,RADHI,34,35,780,790.2,616356.0,Vision Securities Pvt. Ltd,Kohinoor Investment & Securities Pvt. Ltd.,2026-04-23 13:06:11.292164
2026042304006059,RADHI,35,35,500,790.0,395000.0,Kohinoor Investment & Securities Pvt. Ltd.,Kohinoor Investment & Securities Pvt. Ltd.,2026-04-23 13:06:11.292192
2026042304006060,RADHI,62,35,500,788.6,394300.0,Capital Max Securities Ltd,Kohinoor Investment & Securities Pvt. Ltd.,2026-04-23 13:06:11.292219
2026042304006061,RADHI,44,35,60,788.6,47316.0,Dynamic Money Managers Securities Pvt. Ltd.,Kohinoor Investment & Securities Pvt. Ltd.,2026-04-23 13:06:11.292267
2026042304006062,RADHI,45,35,15,788.5,11827.5,Imperial Securities Company Pvt. Ltd.,Kohinoor Investment & Securities Pvt. Ltd.,2026-04-23 13:06:11.292293
2026042304006260,RADHI,50,16,15,791.0,11865.0,Cristal Kanchanjanga Securites Pvt. Ltd.,Primo Securities (PVT) Ltd.,2026-04-23 13:10:07.168786
2026042304006264,RADHI,35,32,200,800.0,160000.0,Kohinoor Investment & Securities Pvt. Ltd.,Premier Securities Company Ltd.,2026-04-23 13:10:20.219497
2026042304006265,RADHI,35,32,200,803.0,160600.0,Kohinoor Investment & Securities Pvt. Ltd.,Premier Securities Company Ltd.,2026-04-23 13:10:20.219606
2026042304006266,RADHI,35,71,1000,804.0,804000.0,Kohinoor Investment & Securities Pvt. Ltd.,SHUBHAKAMANA SECURITIES PVT. LTD,2026-04-23 13:10:20.219687
2026042304006267,RADHI,35,50,10,804.5,8045.0,Kohinoor Investment & Securities Pvt. Ltd.,Cristal Kanchanjanga Securites Pvt. Ltd.,2026-04-23 13:10:20.219767
2026042304006268,RADHI,35,50,10,804.7,8047.0,Kohinoor Investment & Securities Pvt. Ltd.,Cristal Kanchanjanga Securites Pvt. Ltd.,2026-04-23 13:10:20.219844
2026042304006269,RADHI,35,96,80,805.0,64400.0,Kohinoor Investment & Securities Pvt. Ltd.,Himalayan Securities Limited,2026-04-23 13:10:20.219948
2026042304006490,RADHI,4,50,15,802.0,12030.0,Opal Securities Investment (PVT) Ltd.,Cristal Kanchanjanga Securites Pvt. Ltd.,2026-04-23 13:16:50.189500
2026042304006491,RADHI,4,45,100,804.0,80400.0,Opal Securities Investment (PVT) Ltd.,Imperial Securities Company Pvt. Ltd.,2026-04-23 13:16:50.189604
2026042304006492,RADHI,4,39,100,804.8,80480.0,Opal Securities Investment (PVT) Ltd.,Sumeru Securities Pvt. Ltd.,2026-04-23 13:16:50.189663
2026042304006493,RADHI,4,34,35,804.9,28171.5,Opal Securities Investment (PVT) Ltd.,Vision Securities Pvt. Ltd,2026-04-23 13:16:50.189756
2026042304006927,RADHI,50,38,15,794.0,11910.0,Cristal Kanchanjanga Securites Pvt. Ltd.,Dipshikha Dhitopatra Karobar Co. Pvt Ltd.,2026-04-23 13:27:18.286222
2026042304006942,RADHI,50,77,195,794.0,154830.0,Cristal Kanchanjanga Securites Pvt. Ltd.,Nabil Stock Dealer Ltd.,2026-04-23 13:27:33.453379
2026042304006943,RADHI,50,77,285,791.0,225435.0,Cristal Kanchanjanga Securites Pvt. Ltd.,Nabil Stock Dealer Ltd.,2026-04-23 13:27:33.453942
2026042304006944,RADHI,25,77,30,790.2,23706.0,Sweta Securities Private Limited,Nabil Stock Dealer Ltd.,2026-04-23 13:27:33.454281
2026042304006945,RADHI,62,77,500,790.1,395050.0,Capital Max Securities Ltd,Nabil Stock Dealer Ltd.,2026-04-23 13:27:33.454610
2026042304006946,RADHI,39,77,100,790.0,79000.0,Sumeru Securities Pvt. Ltd.,Nabil Stock Dealer Ltd.,2026-04-23 13:27:33.454910
2026042304006947,RADHI,34,77,1833,790.0,1448070.0,Vision Securities Pvt. Ltd,Nabil Stock Dealer Ltd.,2026-04-23 13:27:33.455213
2026042304007348,RADHI,45,7,250,788.9,197225.0,Imperial Securities Company Pvt. Ltd.,J.F. Securites (PVT) Ltd.,2026-04-23 13:31:55.761521
2026042304007349,RADHI,58,7,250,788.7,197175.0,Naasa Securities Co. Ltd.,J.F. Securites (PVT) Ltd.,2026-04-23 13:31:55.761997
2026042304007521,RADHI,58,7,52,788.7,41012.4,Naasa Securities Co. Ltd.,J.F. Securites (PVT) Ltd.,2026-04-23 13:35:20.021844
2026042304007522,RADHI,45,7,485,788.5,382422.5,Imperial Securities Company Pvt. Ltd.,J.F. Securites (PVT) Ltd.,2026-04-23 13:35:20.022355
2026042304007523,RADHI,72,7,963,788.5,759325.5,Hatemalo Financial Services Private Limited,J.F. Securites (PVT) Ltd.,2026-04-23 13:35:20.022670
2026042304007931,RADHI,42,41,20,790.0,15800.0,Sani Securities Company Ltd.,Linch Stock Market Ltd.,2026-04-23 13:47:22.587251
2026042304007932,RADHI,72,41,37,788.5,29174.5,Hatemalo Financial Services Private Limited,Linch Stock Market Ltd.,2026-04-23 13:47:22.587329
2026042304007933,RADHI,45,41,16,788.5,12616.0,Imperial Securities Company Pvt. Ltd.,Linch Stock Market Ltd.,2026-04-23 13:47:22.587371
2026042304007934,RADHI,34,41,577,788.5,454964.5,Vision Securities Pvt. Ltd,Linch Stock Market Ltd.,2026-04-23 13:47:22.587417
2026042304008394,RADHI,14,38,55,790.0,43450.0,Nepal Stock House (PVT) Ltd.,Dipshikha Dhitopatra Karobar Co. Pvt Ltd.,2026-04-23 14:02:57.175032
2026042304008395,RADHI,58,38,10,790.0,7900.0,Naasa Securities Co. Ltd.,Dipshikha Dhitopatra Karobar Co. Pvt Ltd.,2026-04-23 14:02:57.175615
2026042304008396,RADHI,99,38,100,789.0,78900.0,Prabhu Stock Market Limited,Dipshikha Dhitopatra Karobar Co. Pvt Ltd.,2026-04-23 14:02:57.175952
2026042304008397,RADHI,46,38,35,788.5,27597.5,Kalika Securities Pvt. Ltd.,Dipshikha Dhitopatra Karobar Co. Pvt Ltd.,2026-04-23 14:02:57.176283
2026042304008541,RADHI,34,33,90,788.1,70929.0,Vision Securities Pvt. Ltd,Dakshinkali Investment & Securities Pvt. Ltd.,2026-04-23 14:06:14.809268
2026042304008542,RADHI,62,33,100,788.0,78800.0,Capital Max Securities Ltd,Dakshinkali Investment & Securities Pvt. Ltd.,2026-04-23 14:06:14.809611
2026042304008543,RADHI,33,33,500,788.0,394000.0,Dakshinkali Investment & Securities Pvt. Ltd.,Dakshinkali Investment & Securities Pvt. Ltd.,2026-04-23 14:06:14.809731
2026042304008544,RADHI,58,33,40,788.0,31520.0,Naasa Securities Co. Ltd.,Dakshinkali Investment & Securities Pvt. Ltd.,2026-04-23 14:06:14.809846
2026042304008545,RADHI,25,33,100,788.0,78800.0,Sweta Securities Private Limited,Dakshinkali Investment & Securities Pvt. Ltd.,2026-04-23 14:06:14.809960
2026042304008546,RADHI,46,33,165,788.0,130020.0,Kalika Securities Pvt. Ltd.,Dakshinkali Investment & Securities Pvt. Ltd.,2026-04-23 14:06:14.810132
2026042304008547,RADHI,40,33,100,787.1,78710.0,Creative Securities Pvt Ltd,Dakshinkali Investment & Securities Pvt. Ltd.,2026-04-23 14:06:14.810262
2026042304008548,RADHI,43,33,300,787.0,236100.0,South Asian Bulls Pvt. Ltd.,Dakshinkali Investment & Securities Pvt. Ltd.,2026-04-23 14:06:14.810383
2026042304008549,RADHI,7,33,125,787.0,98375.0,J.F. Securites (PVT) Ltd.,Dakshinkali Investment & Securities Pvt. Ltd.,2026-04-23 14:06:14.810499
2026042304008550,RADHI,49,33,10,785.0,7850.0,Online Securities Pvt. Ltd.,Dakshinkali Investment & Securities Pvt. Ltd.,2026-04-23 14:06:14.810618
2026042304008551,RADHI,51,33,20,785.0,15700.0,Oxford Securities Pvt. Ltd.,Dakshinkali Investment & Securities Pvt. Ltd.,2026-04-23 14:06:14.810734
2026042304008552,RADHI,29,33,60,785.0,47100.0,Trisul Securities & Invt. Ltd.,Dakshinkali Investment & Securities Pvt. Ltd.,2026-04-23 14:06:14.810858
2026042304008553,RADHI,38,33,10,785.0,7850.0,Dipshikha Dhitopatra Karobar Co. Pvt Ltd.,Dakshinkali Investment & Securities Pvt. Ltd.,2026-04-23 14:06:14.810991
2026042304008554,RADHI,17,33,500,785.0,392500.0,ABC Securities Private Limited,Dakshinkali Investment & Securities Pvt. Ltd.,2026-04-23 14:06:14.811112
2026042304008555,RADHI,65,33,1000,785.0,785000.0,Sharepro Securities Private Limited,Dakshinkali Investment & Securities Pvt. Ltd.,2026-04-23 14:06:14.811223
2026042304008556,RADHI,49,33,200,785.0,157000.0,Online Securities Pvt. Ltd.,Dakshinkali Investment & Securities Pvt. Ltd.,2026-04-23 14:06:14.811337
2026042304008557,RADHI,56,33,500,785.0,392500.0,Sri Hari Securities Pvt. Ltd.,Dakshinkali Investment & Securities Pvt. Ltd.,2026-04-23 14:06:14.811463
2026042304008558,RADHI,49,33,1010,785.0,792850.0,Online Securities Pvt. Ltd.,Dakshinkali Investment & Securities Pvt. Ltd.,2026-04-23 14:06:14.811588
2026042304008645,RADHI,36,33,170,785.0,133450.0,Secured Securities Ltd.,Dakshinkali Investment & Securities Pvt. Ltd.,2026-04-23 14:07:42.811410
2026042304008908,RADHI,34,50,100,794.0,79400.0,Vision Securities Pvt. Ltd,Cristal Kanchanjanga Securites Pvt. Ltd.,2026-04-23 14:13:42.209259
2026042304009266,RADHI,49,44,50,785.0,39250.0,Online Securities Pvt. Ltd.,Dynamic Money Managers Securities Pvt. Ltd.,2026-04-23 14:19:45.966075
2026042304009267,RADHI,49,44,50,785.0,39250.0,Online Securities Pvt. Ltd.,Dynamic Money Managers Securities Pvt. Ltd.,2026-04-23 14:19:45.966412
2026042304009551,RADHI,33,50,10,794.0,7940.0,Dakshinkali Investment & Securities Pvt. Ltd.,Cristal Kanchanjanga Securites Pvt. Ltd.,2026-04-23 14:26:42.430052
2026042304009607,RADHI,39,44,100,786.1,78610.0,Sumeru Securities Pvt. Ltd.,Dynamic Money Managers Securities Pvt. Ltd.,2026-04-23 14:27:34.088460
2026042304009639,RADHI,33,50,10,794.0,7940.0,Dakshinkali Investment & Securities Pvt. Ltd.,Cristal Kanchanjanga Securites Pvt. Ltd.,2026-04-23 14:28:23.422072
2026042304010197,RADHI,33,50,180,794.0,142920.0,Dakshinkali Investment & Securities Pvt. Ltd.,Cristal Kanchanjanga Securites Pvt. Ltd.,2026-04-23 14:37:35.396093
2026042304010198,RADHI,33,50,30,794.0,23820.0,Dakshinkali Investment & Securities Pvt. Ltd.,Cristal Kanchanjanga Securites Pvt. Ltd.,2026-04-23 14:37:35.396426
2026042304010199,RADHI,33,36,30,794.0,23820.0,Dakshinkali Investment & Securities Pvt. Ltd.,Secured Securities Ltd.,2026-04-23 14:37:35.396552
2026042304010200,RADHI,33,25,60,794.0,47640.0,Dakshinkali Investment & Securities Pvt. Ltd.,Sweta Securities Private Limited,2026-04-23 14:37:35.396680
2026042304010286,RADHI,33,50,10,795.0,7950.0,Dakshinkali Investment & Securities Pvt. Ltd.,Cristal Kanchanjanga Securites Pvt. Ltd.,2026-04-23 14:39:26.520645
2026042304010334,RADHI,1,50,20,795.0,15900.0,Kumari Securities Private Limited,Cristal Kanchanjanga Securites Pvt. Ltd.,2026-04-23 14:40:42.141169
2026042304010361,RADHI,1,50,185,795.8,147223.0,Kumari Securities Private Limited,Cristal Kanchanjanga Securites Pvt. Ltd.,2026-04-23 14:41:01.507511
2026042304010387,RADHI,1,25,95,795.9,75610.5,Kumari Securities Private Limited,Sweta Securities Private Limited,2026-04-23 14:41:20.376365
2026042304010538,RADHI,39,78,100,786.1,78610.0,Sumeru Securities Pvt. Ltd.,Garima Securities Limited,2026-04-23 14:43:49.550095
2026042304010539,RADHI,50,78,100,786.1,78610.0,Cristal Kanchanjanga Securites Pvt. Ltd.,Garima Securities Limited,2026-04-23 14:43:49.550417
2026042304010631,RADHI,49,33,30,785.0,23550.0,Online Securities Pvt. Ltd.,Dakshinkali Investment & Securities Pvt. Ltd.,2026-04-23 14:44:17.651420
2026042304010632,RADHI,28,33,50,785.0,39250.0,Shree Krishna Securities Ltd.,Dakshinkali Investment & Securities Pvt. Ltd.,2026-04-23 14:44:17.651746
2026042304010633,RADHI,49,33,20,785.0,15700.0,Online Securities Pvt. Ltd.,Dakshinkali Investment & Securities Pvt. Ltd.,2026-04-23 14:44:17.651866
2026042304010634,RADHI,4,33,30,785.0,23550.0,Opal Securities Investment (PVT) Ltd.,Dakshinkali Investment & Securities Pvt. Ltd.,2026-04-23 14:44:17.651981
2026042304010635,RADHI,7,33,200,785.0,157000.0,J.F. Securites (PVT) Ltd.,Dakshinkali Investment & Securities Pvt. Ltd.,2026-04-23 14:44:17.652096
2026042304010636,RADHI,89,33,60,785.0,47100.0,Global IME Securities Limited,Dakshinkali Investment & Securities Pvt. Ltd.,2026-04-23 14:44:17.652205
2026042304010637,RADHI,19,33,10,784.7,7847.0,Nepal Investment And Securities Trading Private Limited,Dakshinkali Investment & Securities Pvt. Ltd.,2026-04-23 14:44:17.652327
2026042304010638,RADHI,91,33,10,784.5,7845.0,Citizens Share Broker Limited,Dakshinkali Investment & Securities Pvt. Ltd.,2026-04-23 14:44:17.652440
2026042304010639,RADHI,44,33,15,784.0,11760.0,Dynamic Money Managers Securities Pvt. Ltd.,Dakshinkali Investment & Securities Pvt. Ltd.,2026-04-23 14:44:17.652557
2026042304010640,RADHI,41,33,250,781.4,195350.0,Linch Stock Market Ltd.,Dakshinkali Investment & Securities Pvt. Ltd.,2026-04-23 14:44:17.652667
2026042304010641,RADHI,39,33,100,781.3,78130.0,Sumeru Securities Pvt. Ltd.,Dakshinkali Investment & Securities Pvt. Ltd.,2026-04-23 14:44:17.652782
2026042304010642,RADHI,50,33,200,781.3,156260.0,Cristal Kanchanjanga Securites Pvt. Ltd.,Dakshinkali Investment & Securities Pvt. Ltd.,2026-04-23 14:44:17.652897
2026042304010643,RADHI,43,33,100,781.2,78120.0,South Asian Bulls Pvt. Ltd.,Dakshinkali Investment & Securities Pvt. Ltd.,2026-04-23 14:44:17.653008
2026042304010644,RADHI,39,33,500,781.1,390550.0,Sumeru Securities Pvt. Ltd.,Dakshinkali Investment & Securities Pvt. Ltd.,2026-04-23 14:44:17.653118
2026042304010645,RADHI,21,33,11,781.0,8591.0,Midas Stock Broking Company Private Limited,Dakshinkali Investment & Securities Pvt. Ltd.,2026-04-23 14:44:17.653257
2026042304010646,RADHI,66,33,2000,781.0,1562000.0,Miyo Securities Pvt Ltd,Dakshinkali Investment & Securities Pvt. Ltd.,2026-04-23 14:44:17.653372
2026042304010647,RADHI,36,33,50,780.1,39005.0,Secured Securities Ltd.,Dakshinkali Investment & Securities Pvt. Ltd.,2026-04-23 14:44:17.653483
2026042304010648,RADHI,45,33,2000,780.0,1560000.0,Imperial Securities Company Pvt. Ltd.,Dakshinkali Investment & Securities Pvt. Ltd.,2026-04-23 14:44:17.653596
2026042304010649,RADHI,101,33,30,780.0,23400.0,APPLE SECURITIES PRIVATE LIMITED,Dakshinkali Investment & Securities Pvt. Ltd.,2026-04-23 14:44:17.653706
2026042304010650,RADHI,71,33,100,780.0,78000.0,SHUBHAKAMANA SECURITIES PVT. LTD,Dakshinkali Investment & Securities Pvt. Ltd.,2026-04-23 14:44:17.653813
2026042304010651,RADHI,58,33,50,780.0,39000.0,Naasa Securities Co. Ltd.,Dakshinkali Investment & Securities Pvt. Ltd.,2026-04-23 14:44:17.653922
2026042304010652,RADHI,58,33,20,780.0,15600.0,Naasa Securities Co. Ltd.,Dakshinkali Investment & Securities Pvt. Ltd.,2026-04-23 14:44:17.654032
2026042304010653,RADHI,58,33,50,780.0,39000.0,Naasa Securities Co. Ltd.,Dakshinkali Investment & Securities Pvt. Ltd.,2026-04-23 14:44:17.654137
2026042304010654,RADHI,57,33,10,780.0,7800.0,Aryatara Investment & Securities,Dakshinkali Investment & Securities Pvt. Ltd.,2026-04-23 14:44:17.654255
2026042304010655,RADHI,49,33,35,780.0,27300.0,Online Securities Pvt. Ltd.,Dakshinkali Investment & Securities Pvt. Ltd.,2026-04-23 14:44:17.654366
2026042304010656,RADHI,28,33,1000,780.0,780000.0,Shree Krishna Securities Ltd.,Dakshinkali Investment & Securities Pvt. Ltd.,2026-04-23 14:44:17.654475
2026042304010657,RADHI,65,33,2000,780.0,1560000.0,Sharepro Securities Private Limited,Dakshinkali Investment & Securities Pvt. Ltd.,2026-04-23 14:44:17.654581
2026042304010658,RADHI,64,33,50,780.0,39000.0,SUN SECURITIES PVT LTD,Dakshinkali Investment & Securities Pvt. Ltd.,2026-04-23 14:44:17.654696
2026042304010659,RADHI,57,33,500,780.0,390000.0,Aryatara Investment & Securities,Dakshinkali Investment & Securities Pvt. Ltd.,2026-04-23 14:44:17.654804
2026042304010660,RADHI,22,33,10,780.0,7800.0,Siprabi Securities Pvt. Ltd.,Dakshinkali Investment & Securities Pvt. Ltd.,2026-04-23 14:44:17.654910
2026042304010661,RADHI,11,33,135,780.0,105300.0,Malla & Malla Stock Broking Company Pvt. Limited,Dakshinkali Investment & Securities Pvt. Ltd.,2026-04-23 14:44:17.655013
2026042304010662,RADHI,50,33,200,780.0,156000.0,Cristal Kanchanjanga Securites Pvt. Ltd.,Dakshinkali Investment & Securities Pvt. Ltd.,2026-04-23 14:44:17.655120
2026042304010663,RADHI,57,33,150,780.0,117000.0,Aryatara Investment & Securities,Dakshinkali Investment & Securities Pvt. Ltd.,2026-04-23 14:44:17.655220
2026042304010664,RADHI,49,33,100,780.0,78000.0,Online Securities Pvt. Ltd.,Dakshinkali Investment & Securities Pvt. Ltd.,2026-04-23 14:44:17.655328
2026042304010665,RADHI,38,33,310,780.0,241800.0,Dipshikha Dhitopatra Karobar Co. Pvt Ltd.,Dakshinkali Investment & Securities Pvt. Ltd.,2026-04-23 14:44:17.655433
2026042304010729,RADHI,39,33,500,780.0,390000.0,Sumeru Securities Pvt. Ltd.,Dakshinkali Investment & Securities Pvt. Ltd.,2026-04-23 14:45:09.474268
2026042304011350,RADHI,58,35,20,780.1,15602.0,Naasa Securities Co. Ltd.,Kohinoor Investment & Securities Pvt. Ltd.,2026-04-23 14:49:37.431640
2026042304011351,RADHI,58,35,65,780.0,50700.0,Naasa Securities Co. Ltd.,Kohinoor Investment & Securities Pvt. Ltd.,2026-04-23 14:49:37.431885
2026042304011352,RADHI,59,35,20,780.0,15600.0,Deevyaa Securities & Stock House Pvt. Ltd,Kohinoor Investment & Securities Pvt. Ltd.,2026-04-23 14:49:37.431999
2026042304011353,RADHI,63,35,300,780.0,234000.0,Himalayan Brokerage Company Limited,Kohinoor Investment & Securities Pvt. Ltd.,2026-04-23 14:49:37.432107
2026042304011354,RADHI,74,35,50,780.0,39000.0,KALASH STOCK MARKET PVT. LTD.,Kohinoor Investment & Securities Pvt. Ltd.,2026-04-23 14:49:37.432223
2026042304011355,RADHI,11,35,45,780.0,35100.0,Malla & Malla Stock Broking Company Pvt. Limited,Kohinoor Investment & Securities Pvt. Ltd.,2026-04-23 14:49:37.432346
2026042304011522,RADHI,33,25,10,794.9,7949.0,Dakshinkali Investment & Securities Pvt. Ltd.,Sweta Securities Private Limited,2026-04-23 14:50:01.599117
2026042304011552,RADHI,36,21,100,780.5,78050.0,Secured Securities Ltd.,Midas Stock Broking Company Private Limited,2026-04-23 14:50:10.792883
2026042304011578,RADHI,36,21,150,780.5,117075.0,Secured Securities Ltd.,Midas Stock Broking Company Private Limited,2026-04-23 14:50:23.706044
2026042304011579,RADHI,11,21,50,780.0,39000.0,Malla & Malla Stock Broking Company Pvt. Limited,Midas Stock Broking Company Private Limited,2026-04-23 14:50:23.706343
2026042304011620,RADHI,74,101,10,779.5,7795.0,KALASH STOCK MARKET PVT. LTD.,APPLE SECURITIES PRIVATE LIMITED,2026-04-23 14:50:49.432791
2026042304011621,RADHI,74,101,10,779.4,7794.0,KALASH STOCK MARKET PVT. LTD.,APPLE SECURITIES PRIVATE LIMITED,2026-04-23 14:50:49.433385
2026042304011622,RADHI,74,101,10,779.3,7793.0,KALASH STOCK MARKET PVT. LTD.,APPLE SECURITIES PRIVATE LIMITED,2026-04-23 14:50:49.433732
2026042304011623,RADHI,74,101,10,779.2,7792.0,KALASH STOCK MARKET PVT. LTD.,APPLE SECURITIES PRIVATE LIMITED,2026-04-23 14:50:49.434060
2026042304011624,RADHI,45,101,500,779.2,389600.0,Imperial Securities Company Pvt. Ltd.,APPLE SECURITIES PRIVATE LIMITED,2026-04-23 14:50:49.434427
2026042304011625,RADHI,65,101,460,779.1,358386.0,Sharepro Securities Private Limited,APPLE SECURITIES PRIVATE LIMITED,2026-04-23 14:50:49.434761
2026042304011682,RADHI,65,34,100,779.1,77910.0,Sharepro Securities Private Limited,Vision Securities Pvt. Ltd,2026-04-23 14:51:09.508849
2026042304011783,RADHI,45,34,30,780.0,23400.0,Imperial Securities Company Pvt. Ltd.,Vision Securities Pvt. Ltd,2026-04-23 14:51:41.352472
2026042304011920,RADHI,20,20,1,756.6,756.6,Sipla Securities Private Limited,Sipla Securities Private Limited,2026-04-23 14:52:45.154619
2026042304012051,RADHI,33,56,10,790.0,7900.0,Dakshinkali Investment & Securities Pvt. Ltd.,Sri Hari Securities Pvt. Ltd.,2026-04-23 14:53:48.327641
2026042304012658,RADHI,46,44,10,786.0,7860.0,Kalika Securities Pvt. Ltd.,Dynamic Money Managers Securities Pvt. Ltd.,2026-04-23 14:56:55.179660
2026042304012715,RADHI,33,56,10,790.0,7900.0,Dakshinkali Investment & Securities Pvt. Ltd.,Sri Hari Securities Pvt. Ltd.,2026-04-23 14:57:10.851826
2026042304013133,RADHI,50,50,10,785.1,7851.0,Cristal Kanchanjanga Securites Pvt. Ltd.,Cristal Kanchanjanga Securites Pvt. Ltd.,2026-04-23 14:59:06.510192
2026042304013185,RADHI,50,56,390,785.1,306189.0,Cristal Kanchanjanga Securites Pvt. Ltd.,Sri Hari Securities Pvt. Ltd.,2026-04-23 14:59:15.260031
2026042304013186,RADHI,58,56,200,785.0,157000.0,Naasa Securities Co. Ltd.,Sri Hari Securities Pvt. Ltd.,2026-04-23 14:59:15.260298
2026042304013187,RADHI,74,56,100,785.0,78500.0,KALASH STOCK MARKET PVT. LTD.,Sri Hari Securities Pvt. Ltd.,2026-04-23 14:59:15.260424
2026042304013188,RADHI,42,56,70,785.0,54950.0,Sani Securities Company Ltd.,Sri Hari Securities Pvt. Ltd.,2026-04-23 14:59:15.260547
2026042304013189,RADHI,16,56,10,783.0,7830.0,Primo Securities (PVT) Ltd.,Sri Hari Securities Pvt. Ltd.,2026-04-23 14:59:15.260663
2026042304013190,RADHI,50,56,210,781.0,164010.0,Cristal Kanchanjanga Securites Pvt. Ltd.,Sri Hari Securities Pvt. Ltd.,2026-04-23 14:59:15.260776
2026042304013205,RADHI,33,7,10,789.0,7890.0,Dakshinkali Investment & Securities Pvt. Ltd.,J.F. Securites (PVT) Ltd.,2026-04-23 14:59:19.692102
2026042304013380,RADHI,50,21,150,781.0,117150.0,Cristal Kanchanjanga Securites Pvt. Ltd.,Midas Stock Broking Company Private Limited,2026-04-23 14:59:29.648543
2026042304013440,RADHI,33,7,10,789.0,7890.0,Dakshinkali Investment & Securities Pvt. Ltd.,J.F. Securites (PVT) Ltd.,2026-04-23 14:59:35.473676
2026042304013543,RADHI,33,7,10,789.0,7890.0,Dakshinkali Investment & Securities Pvt. Ltd.,J.F. Securites (PVT) Ltd.,2026-04-23 14:59:51.538101
