Date,S.N.,Contract ID,Symbol,Buyer Broker,Seller Broker,quantity,rate,amount,transaction_time
2025-08-21,56552,2025082103000045,LBBL,Agrawal Securities (PVT) Ltd.,ABC Securities Private Limited,10,531.8,5318.0,2025-08-21 11:03:06.078977
2025-08-21,56488,2025082103000050,LBBL,ABC Securities Private Limited,K.B.L. Securities Limited ,10,545.0,5450.0,2025-08-21 11:03:38.346803
2025-08-21,56000,2025082103000111,LBBL,Naasa Securities Co. Ltd.,Prabhu Stock Market Limited,200,536.0,107200.0,2025-08-21 11:08:35.902564
2025-08-21,55999,2025082103000112,LBBL,Neev Securities Pvt. Ltd.,Prabhu Stock Market Limited,10,534.6,5346.0,2025-08-21 11:08:35.902654
2025-08-21,55998,2025082103000113,LBBL,Sri Hari Securities Pvt. Ltd.,Prabhu Stock Market Limited,500,534.5,267250.0,2025-08-21 11:08:35.902700
2025-08-21,55997,2025082103000114,LBBL,Neev Securities Pvt. Ltd.,Prabhu Stock Market Limited,10,534.2,5342.0,2025-08-21 11:08:35.902740
2025-08-21,55996,2025082103000115,LBBL,Vision Securities Pvt. Ltd,Prabhu Stock Market Limited,280,534.2,149576.0,2025-08-21 11:08:35.902834
2025-08-21,55780,2025082103000160,LBBL,Sani Securities Company Ltd.,Malla & Malla Stock Broking Company Pvt. Limited,38,534.4,20307.2,2025-08-21 11:10:27.879701
2025-08-21,55377,2025082103000203,LBBL,Prabhu Stock Market Limited,INDEX SECURITIES LIMITED,1100,535.3,588830.0,2025-08-21 11:13:59.246134
2025-08-21,55376,2025082103000204,LBBL,Prabhu Stock Market Limited,INDEX SECURITIES LIMITED,900,535.2,481680.0,2025-08-21 11:13:59.246389
2025-08-21,55291,2025082103000217,LBBL,Malla & Malla Stock Broking Company Pvt. Limited,Dipshikha Dhitopatra Karobar Co. Pvt Ltd.,40,535.3,21412.0,2025-08-21 11:14:34.253109
2025-08-21,55096,2025082103000243,LBBL,Prabhu Stock Market Limited,Ashutosh Brokerage & Securities (PVT) Ltd.,10,540.0,5400.0,2025-08-21 11:15:51.335435
2025-08-21,54890,2025082103000261,LBBL,Ashutosh Brokerage & Securities (PVT) Ltd.,Ashutosh Brokerage & Securities (PVT) Ltd.,490,540.0,264600.0,2025-08-21 11:17:22.165374
2025-08-21,54889,2025082103000262,LBBL,Ashutosh Brokerage & Securities (PVT) Ltd.,Kohinoor Investment & Securities Pvt. Ltd.,200,540.0,108000.0,2025-08-21 11:17:22.165538
2025-08-21,54888,2025082103000263,LBBL,Ashutosh Brokerage & Securities (PVT) Ltd.,Nepal Stock House (PVT) Ltd.,62,540.0,33480.0,2025-08-21 11:17:22.165592
2025-08-21,54887,2025082103000264,LBBL,Ashutosh Brokerage & Securities (PVT) Ltd.,Siprabi Securities Pvt. Ltd.,50,541.9,27095.0,2025-08-21 11:17:22.165644
2025-08-21,54886,2025082103000265,LBBL,Ashutosh Brokerage & Securities (PVT) Ltd.,Citizens Share Broker Limited,198,542.0,107316.0,2025-08-21 11:17:22.165695
2025-08-21,54696,2025082103000288,LBBL,Prabhu Stock Market Limited,J.F. Securites (PVT) Ltd.,11,541.8,5959.8,2025-08-21 11:18:39.806757
2025-08-21,54450,2025082103000313,LBBL,Prabhu Stock Market Limited,Investment Management Nepal Pvt. Ltd.,2222,537.0,1193214.0,2025-08-21 11:20:28.344269
2025-08-21,54449,2025082103000314,LBBL,Sani Securities Company Ltd.,Investment Management Nepal Pvt. Ltd.,62,536.3,33250.6,2025-08-21 11:20:28.344561
2025-08-21,54448,2025082103000315,LBBL,Trisul Securities & Invt. Ltd.,Investment Management Nepal Pvt. Ltd.,200,536.3,107260.0,2025-08-21 11:20:28.344729
2025-08-21,54447,2025082103000316,LBBL,Dipshikha Dhitopatra Karobar Co. Pvt Ltd.,Investment Management Nepal Pvt. Ltd.,500,536.2,268100.0,2025-08-21 11:20:28.344895
2025-08-21,54446,2025082103000317,LBBL,Trisul Securities & Invt. Ltd.,Investment Management Nepal Pvt. Ltd.,10,536.1,5361.0,2025-08-21 11:20:28.345064
2025-08-21,54445,2025082103000318,LBBL,Trisul Securities & Invt. Ltd.,Investment Management Nepal Pvt. Ltd.,10,536.1,5361.0,2025-08-21 11:20:28.345221
2025-08-21,54444,2025082103000319,LBBL,Vision Securities Pvt. Ltd,Investment Management Nepal Pvt. Ltd.,1996,535.9,1069656.4,2025-08-21 11:20:28.345380
2025-08-21,54356,2025082103000331,LBBL,Prabhu Stock Market Limited,KALASH STOCK MARKET PVT. LTD.,10,541.0,5410.0,2025-08-21 11:21:06.221513
2025-08-21,53976,2025082103000382,LBBL,Bhrikuti Stock Broking Co. Pvt. Ltd.,SHUBHAKAMANA SECURITIES PVT. LTD,1000,537.0,537000.0,2025-08-21 11:23:50.701952
2025-08-21,53931,2025082103000385,LBBL,Vision Securities Pvt. Ltd,SHUBHAKAMANA SECURITIES PVT. LTD,1224,537.0,657288.0,2025-08-21 11:24:12.994809
2025-08-21,53794,2025082103000396,LBBL,Dipshikha Dhitopatra Karobar Co. Pvt Ltd.,SHUBHAKAMANA SECURITIES PVT. LTD,250,537.0,134250.0,2025-08-21 11:25:04.969695
2025-08-21,53731,2025082103000401,LBBL,Deevyaa Securities & Stock House Pvt. Ltd,SHUBHAKAMANA SECURITIES PVT. LTD,26,537.0,13962.0,2025-08-21 11:25:34.215755
2025-08-21,53730,2025082103000402,LBBL,Deevyaa Securities & Stock House Pvt. Ltd,Vision Securities Pvt. Ltd,30,537.0,16110.0,2025-08-21 11:25:34.768253
2025-08-21,53636,2025082103000407,LBBL,Deevyaa Securities & Stock House Pvt. Ltd,Ashutosh Brokerage & Securities (PVT) Ltd.,500,540.0,270000.0,2025-08-21 11:26:12.376431
2025-08-21,53635,2025082103000408,LBBL,Deevyaa Securities & Stock House Pvt. Ltd,Ashutosh Brokerage & Securities (PVT) Ltd.,500,540.0,270000.0,2025-08-21 11:26:12.376591
2025-08-21,53515,2025082103000417,LBBL,Sri Hari Securities Pvt. Ltd.,South Asian Bulls Pvt. Ltd.,767,540.0,414180.0,2025-08-21 11:27:11.312689
2025-08-21,53457,2025082103000426,LBBL,Prabhu Stock Market Limited,KALASH STOCK MARKET PVT. LTD.,10,541.0,5410.0,2025-08-21 11:27:24.358521
2025-08-21,53024,2025082103000481,LBBL,Bhrikuti Stock Broking Co. Pvt. Ltd.,Investment Management Nepal Pvt. Ltd.,500,540.0,270000.0,2025-08-21 11:29:49.498841
2025-08-21,52952,2025082103000494,LBBL,S.P.S.A. Securities Limited,Cristal Kanchanjanga Securites Pvt. Ltd.,500,539.1,269550.0,2025-08-21 11:30:18.442673
2025-08-21,52897,2025082103000498,LBBL,S.P.S.A. Securities Limited,Investment Management Nepal Pvt. Ltd.,500,539.1,269550.0,2025-08-21 11:30:31.652200
2025-08-21,52507,2025082103000568,LBBL,Prabhu Stock Market Limited,Ashutosh Brokerage & Securities (PVT) Ltd.,10,540.0,5400.0,2025-08-21 11:32:50.355368
2025-08-21,51591,2025082103000693,LBBL,Imperial Securities Company Pvt. Ltd.,Ashutosh Brokerage & Securities (PVT) Ltd.,490,540.0,264600.0,2025-08-21 11:38:09.342854
2025-08-21,51590,2025082103000694,LBBL,Imperial Securities Company Pvt. Ltd.,South Asian Bulls Pvt. Ltd.,10,540.0,5400.0,2025-08-21 11:38:09.343002
2025-08-21,51294,2025082103000718,LBBL,BHOLE GANESH SECURITIES LTD,Naasa Securities Co. Ltd.,10,538.1,5381.0,2025-08-21 11:40:00.117045
2025-08-21,50629,2025082103000826,LBBL,Dynamic Money Managers Securities Pvt. Ltd.,South Asian Bulls Pvt. Ltd.,100,539.0,53900.0,2025-08-21 11:44:23.900517
2025-08-21,50212,2025082103000878,LBBL,KALASH STOCK MARKET PVT. LTD.,South Asian Bulls Pvt. Ltd.,20,539.0,10780.0,2025-08-21 11:47:10.566174
2025-08-21,50168,2025082103000886,LBBL,KALASH STOCK MARKET PVT. LTD.,Online Securities Pvt. Ltd.,45,539.0,24255.0,2025-08-21 11:47:31.396296
2025-08-21,49910,2025082103000926,LBBL,Opal Securities Investment (PVT) Ltd.,Capital Max Securities Ltd,50,539.5,26975.0,2025-08-21 11:49:16.338798
2025-08-21,49801,2025082103000952,LBBL,Premier Securities Company Ltd.,Sharepro Securities Private Limited,20,539.0,10780.0,2025-08-21 11:49:58.290555
2025-08-21,49800,2025082103000953,LBBL,Siprabi Securities Pvt. Ltd.,Sharepro Securities Private Limited,50,538.1,26905.0,2025-08-21 11:49:58.290774
2025-08-21,49799,2025082103000954,LBBL,Midas Stock Broking Company Private Limited,Sharepro Securities Private Limited,50,538.1,26905.0,2025-08-21 11:49:58.290843
2025-08-21,49798,2025082103000955,LBBL,Imperial Securities Company Pvt. Ltd.,Sharepro Securities Private Limited,100,538.1,53810.0,2025-08-21 11:49:58.290908
2025-08-21,49797,2025082103000956,LBBL,Imperial Securities Company Pvt. Ltd.,Sharepro Securities Private Limited,239,538.1,128605.9,2025-08-21 11:49:58.290975
2025-08-21,49653,2025082103000988,LBBL,Imperial Securities Company Pvt. Ltd.,N.M.B. SECURITIES LIMITED,61,538.1,32824.1,2025-08-21 11:51:13.019558
2025-08-21,49652,2025082103000989,LBBL,Sani Securities Company Ltd.,N.M.B. SECURITIES LIMITED,50,538.0,26900.0,2025-08-21 11:51:13.019875
2025-08-21,49651,2025082103000990,LBBL,Sani Securities Company Ltd.,N.M.B. SECURITIES LIMITED,50,537.5,26875.0,2025-08-21 11:51:13.020090
2025-08-21,49650,2025082103000991,LBBL,BHOLE GANESH SECURITIES LTD,N.M.B. SECURITIES LIMITED,40,537.5,21500.0,2025-08-21 11:51:13.020282
2025-08-21,49649,2025082103000992,LBBL,Vision Securities Pvt. Ltd,N.M.B. SECURITIES LIMITED,500,537.4,268700.0,2025-08-21 11:51:13.020471
2025-08-21,49648,2025082103000993,LBBL,Prabhu Stock Market Limited,N.M.B. SECURITIES LIMITED,1000,537.3,537300.0,2025-08-21 11:51:13.020657
2025-08-21,49647,2025082103000994,LBBL,Dipshikha Dhitopatra Karobar Co. Pvt Ltd.,N.M.B. SECURITIES LIMITED,1000,537.3,537300.0,2025-08-21 11:51:13.020841
2025-08-21,49646,2025082103000995,LBBL,Midas Stock Broking Company Private Limited,N.M.B. SECURITIES LIMITED,500,537.2,268600.0,2025-08-21 11:51:13.021038
2025-08-21,49645,2025082103000996,LBBL,Stoxkarts Securities Limited,N.M.B. SECURITIES LIMITED,1000,537.1,537100.0,2025-08-21 11:51:13.021215
2025-08-21,49644,2025082103000997,LBBL,Deevyaa Securities & Stock House Pvt. Ltd,N.M.B. SECURITIES LIMITED,804,537.0,431748.0,2025-08-21 11:51:13.021396
2025-08-21,49465,2025082103001014,LBBL,Deevyaa Securities & Stock House Pvt. Ltd,Nepal Stock House (PVT) Ltd.,640,537.0,343680.0,2025-08-21 11:52:29.099386
2025-08-21,49464,2025082103001015,LBBL,Bhrikuti Stock Broking Co. Pvt. Ltd.,Nepal Stock House (PVT) Ltd.,360,537.0,193320.0,2025-08-21 11:52:29.099538
2025-08-21,48790,2025082103001161,LBBL,Deevyaa Securities & Stock House Pvt. Ltd,Imperial Securities Company Pvt. Ltd.,80,538.0,43040.0,2025-08-21 11:56:09.837062
2025-08-21,48789,2025082103001162,LBBL,Deevyaa Securities & Stock House Pvt. Ltd,Nepal Stock House (PVT) Ltd.,25,538.0,13450.0,2025-08-21 11:56:09.837234
2025-08-21,47815,2025082103001296,LBBL,Nabil Stock Dealer Ltd.,Trishakti Securities Public Limited,500,539.0,269500.0,2025-08-21 12:02:06.097020
2025-08-21,47814,2025082103001297,LBBL,Nabil Stock Dealer Ltd.,Trisul Securities & Invt. Ltd.,500,540.0,270000.0,2025-08-21 12:02:06.097271
2025-08-21,47757,2025082103001306,LBBL,Nabil Stock Dealer Ltd.,Deevyaa Securities & Stock House Pvt. Ltd,10,540.0,5400.0,2025-08-21 12:02:23.144951
2025-08-21,47756,2025082103001307,LBBL,Nabil Stock Dealer Ltd.,Primo Securities (PVT) Ltd.,50,540.0,27000.0,2025-08-21 12:02:23.145149
2025-08-21,47755,2025082103001308,LBBL,Nabil Stock Dealer Ltd.,Linch Stock Market Ltd.,100,540.0,54000.0,2025-08-21 12:02:23.145218
2025-08-21,47754,2025082103001309,LBBL,Nabil Stock Dealer Ltd.,Investment Management Nepal Pvt. Ltd.,840,540.9,454356.0,2025-08-21 12:02:23.145288
2025-08-21,47707,2025082103001316,LBBL,Nabil Stock Dealer Ltd.,Investment Management Nepal Pvt. Ltd.,160,540.9,86544.0,2025-08-21 12:02:38.188129
2025-08-21,47706,2025082103001317,LBBL,Nabil Stock Dealer Ltd.,KALASH STOCK MARKET PVT. LTD.,280,541.0,151480.0,2025-08-21 12:02:38.188350
2025-08-21,47705,2025082103001318,LBBL,Nabil Stock Dealer Ltd.,Nepal Investment And Securities Trading Private Limited,100,541.0,54100.0,2025-08-21 12:02:38.188420
2025-08-21,47704,2025082103001319,LBBL,Nabil Stock Dealer Ltd.,Nabil Stock Dealer Ltd.,460,541.5,249090.0,2025-08-21 12:02:38.188486
2025-08-21,47460,2025082103001338,LBBL,Sri Hari Securities Pvt. Ltd.,Citizens Share Broker Limited,302,542.0,163684.0,2025-08-21 12:04:02.413893
2025-08-21,47459,2025082103001339,LBBL,Sri Hari Securities Pvt. Ltd.,Capital Max Securities Ltd,125,542.0,67750.0,2025-08-21 12:04:02.413953
2025-08-21,47458,2025082103001340,LBBL,Sri Hari Securities Pvt. Ltd.,Nabil Stock Dealer Ltd.,310,543.0,168330.0,2025-08-21 12:04:02.413981
2025-08-21,47457,2025082103001341,LBBL,Sri Hari Securities Pvt. Ltd.,Naasa Securities Co. Ltd.,263,544.0,143072.0,2025-08-21 12:04:02.414001
2025-08-21,47293,2025082103001357,LBBL,Sri Hari Securities Pvt. Ltd.,Naasa Securities Co. Ltd.,175,544.0,95200.0,2025-08-21 12:04:47.674912
2025-08-21,47057,2025082103001389,LBBL,Kohinoor Investment & Securities Pvt. Ltd.,Nepal Stock House (PVT) Ltd.,50,541.0,27050.0,2025-08-21 12:06:09.689420
2025-08-21,46864,2025082103001436,LBBL,Kohinoor Investment & Securities Pvt. Ltd.,Malla & Malla Stock Broking Company Pvt. Limited,40,541.0,21640.0,2025-08-21 12:07:06.269689
2025-08-21,46751,2025082103001452,LBBL,ABC Securities Private Limited,Online Securities Pvt. Ltd.,65,540.1,35106.5,2025-08-21 12:07:48.526299
2025-08-21,46741,2025082103001453,LBBL,BHOLE GANESH SECURITIES LTD,Online Securities Pvt. Ltd.,4,530.7,2122.8,2025-08-21 12:07:50.809148
2025-08-21,45914,2025082103001584,LBBL,ABC Securities Private Limited,Ashutosh Brokerage & Securities (PVT) Ltd.,35,540.1,18903.5,2025-08-21 12:11:59.453654
2025-08-21,45913,2025082103001585,LBBL,Sri Hari Securities Pvt. Ltd.,Ashutosh Brokerage & Securities (PVT) Ltd.,100,540.1,54010.0,2025-08-21 12:11:59.453896
2025-08-21,45912,2025082103001586,LBBL,Nabil Stock Dealer Ltd.,Ashutosh Brokerage & Securities (PVT) Ltd.,365,540.0,197100.0,2025-08-21 12:11:59.453969
2025-08-21,45804,2025082103001591,LBBL,Nabil Stock Dealer Ltd.,Imperial Securities Company Pvt. Ltd.,500,540.0,270000.0,2025-08-21 12:12:21.862544
2025-08-21,45779,2025082103001593,LBBL,Nabil Stock Dealer Ltd.,K.B.L. Securities Limited ,135,540.0,72900.0,2025-08-21 12:12:28.587873
2025-08-21,45473,2025082103001613,LBBL,Opal Securities Investment (PVT) Ltd.,Sharepro Securities Private Limited,100,539.1,53910.0,2025-08-21 12:13:26.833382
2025-08-21,45472,2025082103001614,LBBL,Nabil Stock Dealer Ltd.,Sharepro Securities Private Limited,900,539.0,485100.0,2025-08-21 12:13:26.833577
2025-08-21,45234,2025082103001641,LBBL,Nabil Stock Dealer Ltd.,Sharepro Securities Private Limited,100,539.0,53900.0,2025-08-21 12:14:30.271723
2025-08-21,45233,2025082103001642,LBBL,Malla & Malla Stock Broking Company Pvt. Limited,Sharepro Securities Private Limited,10,538.2,5382.0,2025-08-21 12:14:30.271922
2025-08-21,45232,2025082103001643,LBBL,Neev Securities Pvt. Ltd.,Sharepro Securities Private Limited,800,538.1,430480.0,2025-08-21 12:14:30.272019
2025-08-21,45231,2025082103001644,LBBL,Nabil Stock Dealer Ltd.,Sharepro Securities Private Limited,1090,538.0,586420.0,2025-08-21 12:14:30.272100
2025-08-21,45003,2025082103001677,LBBL,Nabil Stock Dealer Ltd.,K.B.L. Securities Limited ,865,538.0,465370.0,2025-08-21 12:15:47.271702
2025-08-21,43687,2025082103001882,LBBL,Sani Securities Company Ltd.,Sumeru Securities Pvt. Ltd.,100,538.1,53810.0,2025-08-21 12:23:42.333775
2025-08-21,43219,2025082103001960,LBBL,Kohinoor Investment & Securities Pvt. Ltd.,Sajilo Broker Limited,100,540.0,54000.0,2025-08-21 12:26:08.261650
2025-08-21,43016,2025082103001994,LBBL,Kohinoor Investment & Securities Pvt. Ltd.,Malla & Malla Stock Broking Company Pvt. Limited,10,541.0,5410.0,2025-08-21 12:27:31.786771
2025-08-21,42833,2025082103002018,LBBL,S.P.S.A. Securities Limited,Trishakti Securities Public Limited,500,538.2,269100.0,2025-08-21 12:28:28.303562
2025-08-21,42832,2025082103002019,LBBL,Sani Securities Company Ltd.,Trishakti Securities Public Limited,115,538.1,61881.5,2025-08-21 12:28:28.303625
2025-08-21,42831,2025082103002020,LBBL,S.P.S.A. Securities Limited,Trishakti Securities Public Limited,385,538.1,207168.5,2025-08-21 12:28:28.303652
2025-08-21,42457,2025082103002095,LBBL,Prabhu Stock Market Limited,Malla & Malla Stock Broking Company Pvt. Limited,10,541.0,5410.0,2025-08-21 12:30:17.821371
2025-08-21,42366,2025082103002110,LBBL,Kohinoor Investment & Securities Pvt. Ltd.,Trishakti Securities Public Limited,100,538.2,53820.0,2025-08-21 12:30:48.931358
2025-08-21,42365,2025082103002111,LBBL,S.P.S.A. Securities Limited,Trishakti Securities Public Limited,615,538.1,330931.5,2025-08-21 12:30:48.931457
2025-08-21,42364,2025082103002112,LBBL,INDEX SECURITIES LIMITED,Trishakti Securities Public Limited,100,538.1,53810.0,2025-08-21 12:30:48.931535
2025-08-21,42363,2025082103002113,LBBL,Sani Securities Company Ltd.,Trishakti Securities Public Limited,50,538.1,26905.0,2025-08-21 12:30:48.931609
2025-08-21,42362,2025082103002114,LBBL,Nabil Stock Dealer Ltd.,Trishakti Securities Public Limited,1135,538.0,610630.0,2025-08-21 12:30:48.931685
2025-08-21,41773,2025082103002211,LBBL,Nabil Stock Dealer Ltd.,Dynamic Money Managers Securities Pvt. Ltd.,385,538.0,207130.0,2025-08-21 12:34:24.056074
2025-08-21,41266,2025082103002327,LBBL,Nabil Stock Dealer Ltd.,Online Securities Pvt. Ltd.,190,538.0,102220.0,2025-08-21 12:37:15.824408
2025-08-21,41265,2025082103002328,LBBL,Nabil Stock Dealer Ltd.,Dakshinkali Investment & Securities Pvt. Ltd.,500,538.0,269000.0,2025-08-21 12:37:16.702556
2025-08-21,41206,2025082103002336,LBBL,Nabil Stock Dealer Ltd.,Online Securities Pvt. Ltd.,835,538.0,449230.0,2025-08-21 12:37:42.065823
2025-08-21,41205,2025082103002337,LBBL,Bhrikuti Stock Broking Co. Pvt. Ltd.,Online Securities Pvt. Ltd.,640,538.0,344320.0,2025-08-21 12:37:42.066078
2025-08-21,41165,2025082103002345,LBBL,SUN SECURITIES PVT LTD,Capital Max Securities Ltd,910,537.5,489125.0,2025-08-21 12:37:51.688768
2025-08-21,40934,2025082103002395,LBBL,Sharepro Securities Private Limited,Online Securities Pvt. Ltd.,500,538.0,269000.0,2025-08-21 12:39:02.566866
2025-08-21,40903,2025082103002408,LBBL,SUN SECURITIES PVT LTD,Online Securities Pvt. Ltd.,12,537.5,6450.0,2025-08-21 12:39:15.809839
2025-08-21,40610,2025082103002458,LBBL,SUN SECURITIES PVT LTD,S.P.S.A. Securities Limited,100,537.5,53750.0,2025-08-21 12:40:33.112473
2025-08-21,40501,2025082103002470,LBBL,SUN SECURITIES PVT LTD,Midas Stock Broking Company Private Limited,1000,537.5,537500.0,2025-08-21 12:40:58.392755
2025-08-21,40188,2025082103002516,LBBL,SUN SECURITIES PVT LTD,Sundhara Securities Limited,495,537.5,266062.5,2025-08-21 12:42:09.632314
2025-08-21,40005,2025082103002530,LBBL,SUN SECURITIES PVT LTD,Online Securities Pvt. Ltd.,25,537.5,13437.5,2025-08-21 12:42:41.421327
2025-08-21,39873,2025082103002551,LBBL,SUN SECURITIES PVT LTD,Malla & Malla Stock Broking Company Pvt. Limited,150,537.5,80625.0,2025-08-21 12:43:19.640587
2025-08-21,39621,2025082103002607,LBBL,SUN SECURITIES PVT LTD,Sumeru Securities Pvt. Ltd.,50,537.5,26875.0,2025-08-21 12:44:24.169054
2025-08-21,39444,2025082103002623,LBBL,Prabhu Stock Market Limited,Naasa Securities Co. Ltd.,10,540.0,5400.0,2025-08-21 12:45:04.136008
2025-08-21,37384,2025082103002881,LBBL,Capital Max Securities Ltd,Asian Securities Private Ltd.,50,537.6,26880.0,2025-08-21 12:51:29.652515
2025-08-21,37026,2025082103002952,LBBL,Market Securities & Exchange (PVT) Ltd.,Aryatara Investment & Securities,150,539.9,80985.0,2025-08-21 12:53:38.562952
2025-08-21,36920,2025082103002986,LBBL,Midas Stock Broking Company Private Limited,Asian Securities Private Ltd.,2,535.0,1070.0,2025-08-21 12:54:21.762339
2025-08-21,35632,2025082103003160,LBBL,S.P.S.A. Securities Limited,Trisul Securities & Invt. Ltd.,400,538.0,215200.0,2025-08-21 13:00:10.622058
2025-08-21,34992,2025082103003271,LBBL,Sri Hari Securities Pvt. Ltd.,Aryatara Investment & Securities,30,539.9,16197.0,2025-08-21 13:03:51.322615
2025-08-21,34991,2025082103003272,LBBL,Sri Hari Securities Pvt. Ltd.,Secured Securities Ltd.,300,539.9,161970.0,2025-08-21 13:03:51.322849
2025-08-21,34990,2025082103003273,LBBL,Sri Hari Securities Pvt. Ltd.,Naasa Securities Co. Ltd.,10,540.0,5400.0,2025-08-21 13:03:51.322934
2025-08-21,34989,2025082103003274,LBBL,Sri Hari Securities Pvt. Ltd.,Naasa Securities Co. Ltd.,150,540.0,81000.0,2025-08-21 13:03:51.323012
2025-08-21,34988,2025082103003275,LBBL,Sri Hari Securities Pvt. Ltd.,Kohinoor Investment & Securities Pvt. Ltd.,10,540.0,5400.0,2025-08-21 13:03:51.323101
2025-08-21,34987,2025082103003276,LBBL,Sri Hari Securities Pvt. Ltd.,Ashutosh Brokerage & Securities (PVT) Ltd.,230,540.0,124200.0,2025-08-21 13:03:51.323181
2025-08-21,34972,2025082103003277,LBBL,Capital Max Securities Ltd,Dipshikha Dhitopatra Karobar Co. Pvt Ltd.,47,538.5,25309.5,2025-08-21 13:03:54.844741
2025-08-21,34635,2025082103003325,LBBL,Capital Max Securities Ltd,Ashutosh Brokerage & Securities (PVT) Ltd.,13,540.0,7020.0,2025-08-21 13:06:05.159962
2025-08-21,34588,2025082103003331,LBBL,Prabhu Stock Market Limited,Ashutosh Brokerage & Securities (PVT) Ltd.,10,540.0,5400.0,2025-08-21 13:06:26.301655
2025-08-21,34048,2025082103003402,LBBL,S.P.S.A. Securities Limited,Dipshikha Dhitopatra Karobar Co. Pvt Ltd.,12,538.0,6456.0,2025-08-21 13:09:32.968443
2025-08-21,33625,2025082103003511,LBBL,S.P.S.A. Securities Limited,ABC Securities Private Limited,99,538.0,53262.0,2025-08-21 13:12:10.418077
2025-08-21,33624,2025082103003512,LBBL,Investment Management Nepal Pvt. Ltd.,ABC Securities Private Limited,1000,537.8,537800.0,2025-08-21 13:12:10.418118
2025-08-21,33623,2025082103003513,LBBL,S.P.S.A. Securities Limited,ABC Securities Private Limited,300,537.7,161310.0,2025-08-21 13:12:10.418155
2025-08-21,33622,2025082103003514,LBBL,Capital Max Securities Ltd,ABC Securities Private Limited,450,537.6,241920.0,2025-08-21 13:12:10.418179
2025-08-21,33621,2025082103003515,LBBL,SUN SECURITIES PVT LTD,ABC Securities Private Limited,151,537.5,81162.5,2025-08-21 13:12:10.418205
2025-08-21,33257,2025082103003559,LBBL,Prabhu Stock Market Limited,ABC Securities Private Limited,10,539.5,5395.0,2025-08-21 13:14:14.458171
2025-08-21,32786,2025082103003628,LBBL,Sharepro Securities Private Limited,ABC Securities Private Limited,17,538.9,9161.3,2025-08-21 13:17:48.913323
2025-08-21,32785,2025082103003629,LBBL,Sharepro Securities Private Limited,ABC Securities Private Limited,17,538.8,9159.6,2025-08-21 13:17:48.913424
2025-08-21,32784,2025082103003630,LBBL,Sharepro Securities Private Limited,ABC Securities Private Limited,17,538.7,9157.9,2025-08-21 13:17:48.913501
2025-08-21,32783,2025082103003631,LBBL,Sharepro Securities Private Limited,ABC Securities Private Limited,17,538.6,9156.2,2025-08-21 13:17:48.913578
2025-08-21,32782,2025082103003632,LBBL,Sharepro Securities Private Limited,ABC Securities Private Limited,17,538.5,9154.5,2025-08-21 13:17:48.913653
2025-08-21,32781,2025082103003633,LBBL,Prabhu Stock Market Limited,ABC Securities Private Limited,10,538.4,5384.0,2025-08-21 13:17:48.913726
2025-08-21,32712,2025082103003653,LBBL,Prabhu Stock Market Limited,ABC Securities Private Limited,10,538.3,5383.0,2025-08-21 13:18:24.226116
2025-08-21,32711,2025082103003654,LBBL,Prabhu Stock Market Limited,ABC Securities Private Limited,10,538.2,5382.0,2025-08-21 13:18:24.226218
2025-08-21,32710,2025082103003655,LBBL,Prabhu Stock Market Limited,ABC Securities Private Limited,10,538.1,5381.0,2025-08-21 13:18:24.226293
2025-08-21,32709,2025082103003656,LBBL,Prabhu Stock Market Limited,ABC Securities Private Limited,10,538.0,5380.0,2025-08-21 13:18:24.226376
2025-08-21,32708,2025082103003657,LBBL,SUN SECURITIES PVT LTD,ABC Securities Private Limited,60,537.5,32250.0,2025-08-21 13:18:24.226448
2025-08-21,32679,2025082103003664,LBBL,SUN SECURITIES PVT LTD,ABC Securities Private Limited,47,537.5,25262.5,2025-08-21 13:18:34.299325
2025-08-21,32678,2025082103003665,LBBL,Premier Securities Company Ltd.,ABC Securities Private Limited,20,537.4,10748.0,2025-08-21 13:18:34.299388
2025-08-21,32677,2025082103003666,LBBL,S.P.S.A. Securities Limited,ABC Securities Private Limited,33,537.2,17727.6,2025-08-21 13:18:34.299416
2025-08-21,32639,2025082103003675,LBBL,S.P.S.A. Securities Limited,ABC Securities Private Limited,287,537.2,154176.4,2025-08-21 13:18:55.451138
2025-08-21,32638,2025082103003676,LBBL,Ashutosh Brokerage & Securities (PVT) Ltd.,ABC Securities Private Limited,313,537.0,168081.0,2025-08-21 13:18:55.451193
2025-08-21,32361,2025082103003706,LBBL,Ashutosh Brokerage & Securities (PVT) Ltd.,Naasa Securities Co. Ltd.,10,537.0,5370.0,2025-08-21 13:20:26.182704
2025-08-21,32260,2025082103003713,LBBL,Ashutosh Brokerage & Securities (PVT) Ltd.,Sani Securities Company Ltd.,90,537.0,48330.0,2025-08-21 13:20:58.164715
2025-08-21,31798,2025082103003841,LBBL,Aryatara Investment & Securities,Deevyaa Securities & Stock House Pvt. Ltd,50,538.0,26900.0,2025-08-21 13:23:19.848961
2025-08-21,31779,2025082103003844,LBBL,Neev Securities Pvt. Ltd.,Deevyaa Securities & Stock House Pvt. Ltd,100,538.0,53800.0,2025-08-21 13:23:28.488902
2025-08-21,30890,2025082103004043,LBBL,Ashutosh Brokerage & Securities (PVT) Ltd.,Siprabi Securities Pvt. Ltd.,87,537.0,46719.0,2025-08-21 13:28:35.369905
2025-08-21,30850,2025082103004059,LBBL,Malla & Malla Stock Broking Company Pvt. Limited,Naasa Securities Co. Ltd.,10,536.2,5362.0,2025-08-21 13:28:44.183589
2025-08-21,30849,2025082103004060,LBBL,Imperial Securities Company Pvt. Ltd.,Naasa Securities Co. Ltd.,50,536.2,26810.0,2025-08-21 13:28:44.183844
2025-08-21,30848,2025082103004061,LBBL,Sani Securities Company Ltd.,Naasa Securities Co. Ltd.,100,536.0,53600.0,2025-08-21 13:28:44.183928
2025-08-21,30847,2025082103004062,LBBL,ABC Securities Private Limited,Naasa Securities Co. Ltd.,2222,535.1,1188992.2,2025-08-21 13:28:44.184012
2025-08-21,30846,2025082103004063,LBBL,Aryatara Investment & Securities,Naasa Securities Co. Ltd.,938,535.0,501830.0,2025-08-21 13:28:44.184102
2025-08-21,30816,2025082103004068,LBBL,Prabhu Stock Market Limited,Deevyaa Securities & Stock House Pvt. Ltd,11,538.0,5918.0,2025-08-21 13:28:51.143381
2025-08-21,30731,2025082103004075,LBBL,Aryatara Investment & Securities,Nepal Investment And Securities Trading Private Limited,62,535.0,33170.0,2025-08-21 13:28:57.879725
2025-08-21,30730,2025082103004076,LBBL,Prabhu Stock Market Limited,Nepal Investment And Securities Trading Private Limited,350,535.0,187250.0,2025-08-21 13:28:57.879932
2025-08-21,30729,2025082103004077,LBBL,Creative Securities Pvt Ltd,Nepal Investment And Securities Trading Private Limited,500,535.0,267500.0,2025-08-21 13:28:57.880015
2025-08-21,30728,2025082103004078,LBBL,Sani Securities Company Ltd.,Nepal Investment And Securities Trading Private Limited,500,535.0,267500.0,2025-08-21 13:28:57.880144
2025-08-21,30727,2025082103004079,LBBL,Thrive Brokerage House Pvt. Ltd,Nepal Investment And Securities Trading Private Limited,20,535.0,10700.0,2025-08-21 13:28:57.880232
2025-08-21,30726,2025082103004080,LBBL,Arun Securities (PVT) Ltd.,Nepal Investment And Securities Trading Private Limited,50,535.0,26750.0,2025-08-21 13:28:57.880314
2025-08-21,30725,2025082103004081,LBBL,Trishakti Securities Public Limited,Nepal Investment And Securities Trading Private Limited,100,535.0,53500.0,2025-08-21 13:28:57.880402
2025-08-21,30724,2025082103004082,LBBL,Trisul Securities & Invt. Ltd.,Nepal Investment And Securities Trading Private Limited,50,535.0,26750.0,2025-08-21 13:28:57.880505
2025-08-21,30723,2025082103004083,LBBL,Dipshikha Dhitopatra Karobar Co. Pvt Ltd.,Nepal Investment And Securities Trading Private Limited,50,535.0,26750.0,2025-08-21 13:28:57.880585
2025-08-21,30722,2025082103004084,LBBL,Sweta Securities Private Limited,Nepal Investment And Securities Trading Private Limited,250,535.0,133750.0,2025-08-21 13:28:57.880664
2025-08-21,30721,2025082103004085,LBBL,Trishakti Securities Public Limited,Nepal Investment And Securities Trading Private Limited,150,535.0,80250.0,2025-08-21 13:28:57.880741
2025-08-21,30720,2025082103004086,LBBL,Imperial Securities Company Pvt. Ltd.,Nepal Investment And Securities Trading Private Limited,200,535.0,107000.0,2025-08-21 13:28:57.880831
2025-08-21,30719,2025082103004087,LBBL,Sewa Securities Pvt. Ltd.,Nepal Investment And Securities Trading Private Limited,150,535.0,80250.0,2025-08-21 13:28:57.880928
2025-08-21,30718,2025082103004088,LBBL,Miyo Securities Pvt Ltd,Nepal Investment And Securities Trading Private Limited,1000,534.1,534100.0,2025-08-21 13:28:57.881014
2025-08-21,30717,2025082103004089,LBBL,Vision Securities Pvt. Ltd,Nepal Investment And Securities Trading Private Limited,500,534.0,267000.0,2025-08-21 13:28:57.881104
2025-08-21,30716,2025082103004090,LBBL,Imperial Securities Company Pvt. Ltd.,Nepal Investment And Securities Trading Private Limited,68,533.0,36244.0,2025-08-21 13:28:57.881182
2025-08-21,30648,2025082103004108,LBBL,Prabhu Stock Market Limited,Deevyaa Securities & Stock House Pvt. Ltd,10,538.0,5380.0,2025-08-21 13:29:19.238527
2025-08-21,28470,2025082103004474,LBBL,Naasa Securities Co. Ltd.,BHOLE GANESH SECURITIES LTD,10,534.0,5340.0,2025-08-21 13:39:31.873405
2025-08-21,28412,2025082103004487,LBBL,Prabhu Stock Market Limited,Online Securities Pvt. Ltd.,10,536.0,5360.0,2025-08-21 13:39:57.726268
2025-08-21,27949,2025082103004602,LBBL,Neev Securities Pvt. Ltd.,Online Securities Pvt. Ltd.,90,536.0,48240.0,2025-08-21 13:42:30.771875
2025-08-21,27864,2025082103004607,LBBL,Neev Securities Pvt. Ltd.,Bhrikuti Stock Broking Co. Pvt. Ltd.,160,537.0,85920.0,2025-08-21 13:42:52.873652
2025-08-21,27648,2025082103004656,LBBL,Neev Securities Pvt. Ltd.,Bhrikuti Stock Broking Co. Pvt. Ltd.,100,537.0,53700.0,2025-08-21 13:43:53.088438
2025-08-21,26852,2025082103004772,LBBL,Imperial Securities Company Pvt. Ltd.,Bhrikuti Stock Broking Co. Pvt. Ltd.,140,537.0,75180.0,2025-08-21 13:48:12.943164
2025-08-21,26851,2025082103004773,LBBL,Imperial Securities Company Pvt. Ltd.,Malla & Malla Stock Broking Company Pvt. Limited,150,537.0,80550.0,2025-08-21 13:48:12.943408
2025-08-21,26850,2025082103004774,LBBL,Imperial Securities Company Pvt. Ltd.,Midas Stock Broking Company Private Limited,210,537.0,112770.0,2025-08-21 13:48:12.943496
2025-08-21,26771,2025082103004798,LBBL,Deevyaa Securities & Stock House Pvt. Ltd,Creative Securities Pvt Ltd,200,534.2,106840.0,2025-08-21 13:48:35.191594
2025-08-21,26770,2025082103004799,LBBL,Naasa Securities Co. Ltd.,Creative Securities Pvt Ltd,236,534.0,126024.0,2025-08-21 13:48:35.191839
2025-08-21,26550,2025082103004845,LBBL,N.M.B. SECURITIES LIMITED,Midas Stock Broking Company Private Limited,50,537.0,26850.0,2025-08-21 13:49:34.248858
2025-08-21,26457,2025082103004861,LBBL,Naasa Securities Co. Ltd.,ABC Securities Private Limited,73,534.0,38982.0,2025-08-21 13:49:55.334612
2025-08-21,26456,2025082103004862,LBBL,Sanima Securities Limited,ABC Securities Private Limited,90,533.4,48006.0,2025-08-21 13:49:55.335010
2025-08-21,26145,2025082103004933,LBBL,Sanima Securities Limited,Agrawal Securities (PVT) Ltd.,110,533.4,58674.0,2025-08-21 13:51:44.413366
2025-08-21,26144,2025082103004934,LBBL,Deevyaa Securities & Stock House Pvt. Ltd,Agrawal Securities (PVT) Ltd.,300,533.3,159990.0,2025-08-21 13:51:44.413580
2025-08-21,26143,2025082103004935,LBBL,Malla & Malla Stock Broking Company Pvt. Limited,Agrawal Securities (PVT) Ltd.,360,533.2,191952.0,2025-08-21 13:51:44.413709
2025-08-21,26010,2025082103004964,LBBL,Prabhu Stock Market Limited,Ashutosh Brokerage & Securities (PVT) Ltd.,10,536.0,5360.0,2025-08-21 13:52:27.948467
2025-08-21,24578,2025082103005213,LBBL,Thrive Brokerage House Pvt. Ltd,Himalayan Brokerage Company Limited,555,535.0,296925.0,2025-08-21 13:59:01.719904
2025-08-21,24397,2025082103005241,LBBL,Oxford Securities Pvt. Ltd.,ABC Securities Private Limited,100,534.0,53400.0,2025-08-21 14:00:06.240897
2025-08-21,24396,2025082103005242,LBBL,Oxford Securities Pvt. Ltd.,ABC Securities Private Limited,200,534.0,106800.0,2025-08-21 14:00:06.241299
2025-08-21,24395,2025082103005243,LBBL,Nagarik Stock Dealer ,ABC Securities Private Limited,640,534.0,341760.0,2025-08-21 14:00:06.241539
2025-08-21,24265,2025082103005256,LBBL,Prabhu Stock Market Limited,Himalayan Brokerage Company Limited,10,535.0,5350.0,2025-08-21 14:00:41.554193
2025-08-21,23896,2025082103005286,LBBL,SUN SECURITIES PVT LTD,Himalayan Brokerage Company Limited,1000,535.0,535000.0,2025-08-21 14:02:24.841695
2025-08-21,23805,2025082103005302,LBBL,Trisul Securities & Invt. Ltd.,Himalayan Brokerage Company Limited,935,535.0,500225.0,2025-08-21 14:02:56.569981
2025-08-21,23804,2025082103005303,LBBL,Trisul Securities & Invt. Ltd.,Cristal Kanchanjanga Securites Pvt. Ltd.,65,535.0,34775.0,2025-08-21 14:02:56.570388
2025-08-21,23801,2025082103005304,LBBL,Property Wiard Limited,SUN SECURITIES PVT LTD,400,534.1,213640.0,2025-08-21 14:02:59.955969
2025-08-21,23800,2025082103005305,LBBL,Nagarik Stock Dealer ,SUN SECURITIES PVT LTD,100,534.0,53400.0,2025-08-21 14:02:59.956232
2025-08-21,23701,2025082103005318,LBBL,Dipshikha Dhitopatra Karobar Co. Pvt Ltd.,Cristal Kanchanjanga Securites Pvt. Ltd.,50,535.0,26750.0,2025-08-21 14:03:45.101990
2025-08-21,23550,2025082103005330,LBBL,Malla & Malla Stock Broking Company Pvt. Limited,Cristal Kanchanjanga Securites Pvt. Ltd.,85,535.0,45475.0,2025-08-21 14:04:33.019649
2025-08-21,23530,2025082103005335,LBBL,Malla & Malla Stock Broking Company Pvt. Limited,Ashutosh Brokerage & Securities (PVT) Ltd.,15,536.0,8040.0,2025-08-21 14:04:45.061450
2025-08-21,23410,2025082103005364,LBBL,SUN SECURITIES PVT LTD,Ashutosh Brokerage & Securities (PVT) Ltd.,100,536.0,53600.0,2025-08-21 14:05:22.378320
2025-08-21,22956,2025082103005441,LBBL,Agrawal Securities (PVT) Ltd.,Ashutosh Brokerage & Securities (PVT) Ltd.,100,536.0,53600.0,2025-08-21 14:07:13.454651
2025-08-21,22911,2025082103005449,LBBL,Agrawal Securities (PVT) Ltd.,Ashutosh Brokerage & Securities (PVT) Ltd.,100,536.0,53600.0,2025-08-21 14:07:22.529384
2025-08-21,22830,2025082103005456,LBBL,Agrawal Securities (PVT) Ltd.,Ashutosh Brokerage & Securities (PVT) Ltd.,50,536.0,26800.0,2025-08-21 14:07:45.785354
2025-08-21,22786,2025082103005462,LBBL,Agrawal Securities (PVT) Ltd.,Ashutosh Brokerage & Securities (PVT) Ltd.,50,536.0,26800.0,2025-08-21 14:07:56.887085
2025-08-21,22617,2025082103005495,LBBL,Kalika Securities Pvt. Ltd.,Kalika Securities Pvt. Ltd.,100,535.0,53500.0,2025-08-21 14:08:36.597911
2025-08-21,22546,2025082103005499,LBBL,Cristal Kanchanjanga Securites Pvt. Ltd.,Ashutosh Brokerage & Securities (PVT) Ltd.,75,536.0,40200.0,2025-08-21 14:08:53.278807
2025-08-21,22545,2025082103005500,LBBL,Cristal Kanchanjanga Securites Pvt. Ltd.,Naasa Securities Co. Ltd.,125,536.0,67000.0,2025-08-21 14:08:53.279081
2025-08-21,22542,2025082103005501,LBBL,Prabhu Stock Market Limited,Naasa Securities Co. Ltd.,10,536.0,5360.0,2025-08-21 14:08:54.094535
2025-08-21,21015,2025082103005733,LBBL,Imperial Securities Company Pvt. Ltd.,Naasa Securities Co. Ltd.,1600,535.9,857440.0,2025-08-21 14:14:14.423685
2025-08-21,20926,2025082103005745,LBBL,Imperial Securities Company Pvt. Ltd.,Naasa Securities Co. Ltd.,865,536.0,463640.0,2025-08-21 14:14:38.871681
2025-08-21,20614,2025082103005802,LBBL,Prabhu Stock Market Limited,Ashutosh Brokerage & Securities (PVT) Ltd.,10,536.5,5365.0,2025-08-21 14:16:06.404168
2025-08-21,20110,2025082103005876,LBBL,Vision Securities Pvt. Ltd,Ashutosh Brokerage & Securities (PVT) Ltd.,230,536.5,123395.0,2025-08-21 14:18:08.596796
2025-08-21,19905,2025082103005902,LBBL,Midas Stock Broking Company Private Limited,Agrawal Securities (PVT) Ltd.,500,535.6,267800.0,2025-08-21 14:18:55.145717
2025-08-21,19836,2025082103005910,LBBL,Prabhu Stock Market Limited,Ashutosh Brokerage & Securities (PVT) Ltd.,10,536.6,5366.0,2025-08-21 14:19:14.972011
2025-08-21,19537,2025082103005944,LBBL,BHOLE GANESH SECURITIES LTD,J.F. Securites (PVT) Ltd.,1,530.0,530.0,2025-08-21 14:20:39.696730
2025-08-21,19474,2025082103005961,LBBL,Dynamic Money Managers Securities Pvt. Ltd.,Ashutosh Brokerage & Securities (PVT) Ltd.,200,536.6,107320.0,2025-08-21 14:20:55.217361
2025-08-21,19369,2025082103005971,LBBL,Dynamic Money Managers Securities Pvt. Ltd.,Ashutosh Brokerage & Securities (PVT) Ltd.,200,536.6,107320.0,2025-08-21 14:21:26.770397
2025-08-21,18723,2025082103006039,LBBL,Midas Stock Broking Company Private Limited,Sharepro Securities Private Limited,10,536.5,5365.0,2025-08-21 14:24:02.638259
2025-08-21,18722,2025082103006040,LBBL,Midas Stock Broking Company Private Limited,Ashutosh Brokerage & Securities (PVT) Ltd.,90,536.6,48294.0,2025-08-21 14:24:02.638680
2025-08-21,18721,2025082103006041,LBBL,Midas Stock Broking Company Private Limited,Ashutosh Brokerage & Securities (PVT) Ltd.,125,536.7,67087.5,2025-08-21 14:24:02.638946
2025-08-21,18619,2025082103006070,LBBL,Dipshikha Dhitopatra Karobar Co. Pvt Ltd.,Ashutosh Brokerage & Securities (PVT) Ltd.,50,536.7,26835.0,2025-08-21 14:24:32.662723
2025-08-21,18408,2025082103006103,LBBL,Aryatara Investment & Securities,Ashutosh Brokerage & Securities (PVT) Ltd.,325,536.7,174427.5,2025-08-21 14:25:30.022760
2025-08-21,18407,2025082103006104,LBBL,Aryatara Investment & Securities,Midas Stock Broking Company Private Limited,740,537.0,397380.0,2025-08-21 14:25:30.023258
2025-08-21,18406,2025082103006105,LBBL,Aryatara Investment & Securities,J.F. Securites (PVT) Ltd.,10,537.0,5370.0,2025-08-21 14:25:30.023548
2025-08-21,18405,2025082103006106,LBBL,Aryatara Investment & Securities,Bhrikuti Stock Broking Co. Pvt. Ltd.,425,537.0,228225.0,2025-08-21 14:25:30.023839
2025-08-21,18335,2025082103006108,LBBL,Prabhu Stock Market Limited,Bhrikuti Stock Broking Co. Pvt. Ltd.,75,537.0,40275.0,2025-08-21 14:25:44.133835
2025-08-21,18334,2025082103006109,LBBL,Prabhu Stock Market Limited,Deevyaa Securities & Stock House Pvt. Ltd,25,538.0,13450.0,2025-08-21 14:25:44.133918
2025-08-21,18137,2025082103006155,LBBL,Dynamic Money Managers Securities Pvt. Ltd.,Sharepro Securities Private Limited,10,537.0,5370.0,2025-08-21 14:26:39.976170
2025-08-21,18136,2025082103006156,LBBL,Primo Securities (PVT) Ltd.,Sharepro Securities Private Limited,100,536.1,53610.0,2025-08-21 14:26:39.976410
2025-08-21,18135,2025082103006157,LBBL,Dakshinkali Investment & Securities Pvt. Ltd.,Sharepro Securities Private Limited,597,536.0,319992.0,2025-08-21 14:26:39.976515
2025-08-21,18085,2025082103006161,LBBL,Prabhu Stock Market Limited,Deevyaa Securities & Stock House Pvt. Ltd,10,538.0,5380.0,2025-08-21 14:26:56.776577
2025-08-21,18074,2025082103006164,LBBL,Dynamic Money Managers Securities Pvt. Ltd.,Deevyaa Securities & Stock House Pvt. Ltd,10,538.0,5380.0,2025-08-21 14:27:02.917472
2025-08-21,17517,2025082103006258,LBBL,Prabhu Stock Market Limited,Sajilo Broker Limited,400,537.9,215160.0,2025-08-21 14:29:24.250343
2025-08-21,17516,2025082103006259,LBBL,Prabhu Stock Market Limited,Deevyaa Securities & Stock House Pvt. Ltd,784,538.0,421792.0,2025-08-21 14:29:24.250411
2025-08-21,17515,2025082103006260,LBBL,Prabhu Stock Market Limited,Bhrikuti Stock Broking Co. Pvt. Ltd.,100,538.0,53800.0,2025-08-21 14:29:24.250437
2025-08-21,17514,2025082103006261,LBBL,Prabhu Stock Market Limited,Sundhara Securities Limited,37,538.0,19906.0,2025-08-21 14:29:24.250459
2025-08-21,17513,2025082103006262,LBBL,Prabhu Stock Market Limited,ABC Securities Private Limited,100,538.0,53800.0,2025-08-21 14:29:24.250481
2025-08-21,17512,2025082103006263,LBBL,Prabhu Stock Market Limited,Malla & Malla Stock Broking Company Pvt. Limited,85,539.0,45815.0,2025-08-21 14:29:24.250503
2025-08-21,17511,2025082103006264,LBBL,Prabhu Stock Market Limited,Bhrikuti Stock Broking Co. Pvt. Ltd.,494,539.0,266266.0,2025-08-21 14:29:24.250525
2025-08-21,17443,2025082103006272,LBBL,Prabhu Stock Market Limited,Sundhara Securities Limited,100,539.9,53990.0,2025-08-21 14:29:36.295786
2025-08-21,17442,2025082103006273,LBBL,Prabhu Stock Market Limited,Trishakti Securities Public Limited,10,540.0,5400.0,2025-08-21 14:29:36.295951
2025-08-21,17195,2025082103006324,LBBL,Prabhu Stock Market Limited,Bhrikuti Stock Broking Co. Pvt. Ltd.,10,539.0,5390.0,2025-08-21 14:30:44.481271
2025-08-21,16847,2025082103006369,LBBL,Vision Securities Pvt. Ltd,Naasa Securities Co. Ltd.,100,539.8,53980.0,2025-08-21 14:32:02.883544
2025-08-21,15557,2025082103006601,LBBL,Dakshinkali Investment & Securities Pvt. Ltd.,Naasa Securities Co. Ltd.,403,539.0,217217.0,2025-08-21 14:36:13.128668
2025-08-21,15027,2025082103006675,LBBL,Nagarik Stock Dealer ,Sanima Securities Limited,500,536.5,268250.0,2025-08-21 14:37:28.688780
2025-08-21,14924,2025082103006724,LBBL,Imperial Securities Company Pvt. Ltd.,Online Securities Pvt. Ltd.,500,536.2,268100.0,2025-08-21 14:37:46.372102
2025-08-21,14916,2025082103006728,LBBL,Prabhu Stock Market Limited,Imperial Securities Company Pvt. Ltd.,10,538.0,5380.0,2025-08-21 14:37:47.738096
2025-08-21,14661,2025082103006768,LBBL,Imperial Securities Company Pvt. Ltd.,Asian Securities Private Ltd.,500,536.2,268100.0,2025-08-21 14:38:16.099767
2025-08-21,14660,2025082103006769,LBBL,J.F. Securites (PVT) Ltd.,Asian Securities Private Ltd.,11,536.1,5897.1,2025-08-21 14:38:16.099989
2025-08-21,14659,2025082103006770,LBBL,Sani Securities Company Ltd.,Asian Securities Private Ltd.,89,536.1,47712.9,2025-08-21 14:38:16.100095
2025-08-21,14592,2025082103006786,LBBL,Sani Securities Company Ltd.,Investment Management Nepal Pvt. Ltd.,781,536.1,418694.1,2025-08-21 14:38:22.092705
2025-08-21,14591,2025082103006787,LBBL,Imperial Securities Company Pvt. Ltd.,Investment Management Nepal Pvt. Ltd.,1000,536.1,536100.0,2025-08-21 14:38:22.092911
2025-08-21,14590,2025082103006788,LBBL,Sani Securities Company Ltd.,Investment Management Nepal Pvt. Ltd.,219,536.1,117405.9,2025-08-21 14:38:22.093002
2025-08-21,14512,2025082103006806,LBBL,Prabhu Stock Market Limited,Imperial Securities Company Pvt. Ltd.,10,538.0,5380.0,2025-08-21 14:38:31.887953
2025-08-21,13854,2025082103006938,LBBL,Thrive Brokerage House Pvt. Ltd,Naasa Securities Co. Ltd.,100,536.2,53620.0,2025-08-21 14:40:15.212751
2025-08-21,13853,2025082103006939,LBBL,Sani Securities Company Ltd.,Naasa Securities Co. Ltd.,462,536.1,247678.2,2025-08-21 14:40:15.213185
2025-08-21,13602,2025082103006978,LBBL,Sani Securities Company Ltd.,Vision Securities Pvt. Ltd,109,536.1,58434.9,2025-08-21 14:40:58.114795
2025-08-21,13601,2025082103006979,LBBL,Sani Securities Company Ltd.,Vision Securities Pvt. Ltd,91,536.1,48785.1,2025-08-21 14:40:58.115239
2025-08-21,13323,2025082103007011,LBBL,Ashutosh Brokerage & Securities (PVT) Ltd.,Imperial Securities Company Pvt. Ltd.,10,538.0,5380.0,2025-08-21 14:41:34.843967
2025-08-21,10764,2025082103007465,LBBL,Property Wiard Limited,Magnet Securities and Investment Company Private Limited,500,537.0,268500.0,2025-08-21 14:46:10.954418
2025-08-21,10568,2025082103007499,LBBL,Premier Securities Company Ltd.,Bhrikuti Stock Broking Co. Pvt. Ltd.,100,537.0,53700.0,2025-08-21 14:46:31.124283
2025-08-21,10274,2025082103007536,LBBL,Midas Stock Broking Company Private Limited,Bhrikuti Stock Broking Co. Pvt. Ltd.,48,537.0,25776.0,2025-08-21 14:47:11.825542
2025-08-21,9503,2025082103007687,LBBL,Sani Securities Company Ltd.,Asian Securities Private Ltd.,109,536.1,58434.9,2025-08-21 14:48:37.701584
2025-08-21,9502,2025082103007688,LBBL,Imperial Securities Company Pvt. Ltd.,Asian Securities Private Ltd.,50,536.0,26800.0,2025-08-21 14:48:37.701801
2025-08-21,9100,2025082103007804,LBBL,Trisul Securities & Invt. Ltd.,Asian Securities Private Ltd.,228,536.0,122208.0,2025-08-21 14:49:19.627254
2025-08-21,8849,2025082103007876,LBBL,Malla & Malla Stock Broking Company Pvt. Limited,Bhrikuti Stock Broking Co. Pvt. Ltd.,10,535.8,5358.0,2025-08-21 14:49:52.441674
2025-08-21,8848,2025082103007877,LBBL,Agrawal Securities (PVT) Ltd.,Bhrikuti Stock Broking Co. Pvt. Ltd.,90,535.1,48159.0,2025-08-21 14:49:52.441887
2025-08-21,8847,2025082103007878,LBBL,Kalika Securities Pvt. Ltd.,Bhrikuti Stock Broking Co. Pvt. Ltd.,400,535.0,214000.0,2025-08-21 14:49:52.441980
2025-08-21,8846,2025082103007879,LBBL,Capital Max Securities Ltd,Bhrikuti Stock Broking Co. Pvt. Ltd.,600,535.0,321000.0,2025-08-21 14:49:52.442078
2025-08-21,8836,2025082103007881,LBBL,Nepal Stock House (PVT) Ltd.,Asian Securities Private Ltd.,25,536.0,13400.0,2025-08-21 14:49:53.516157
2025-08-21,8722,2025082103007908,LBBL,Capital Max Securities Ltd,Sri Hari Securities Pvt. Ltd.,24,535.0,12840.0,2025-08-21 14:50:08.928660
2025-08-21,8686,2025082103007913,LBBL,Capital Max Securities Ltd,SUN SECURITIES PVT LTD,67,535.0,35845.0,2025-08-21 14:50:12.190851
2025-08-21,8685,2025082103007914,LBBL,Dipshikha Dhitopatra Karobar Co. Pvt Ltd.,SUN SECURITIES PVT LTD,50,535.0,26750.0,2025-08-21 14:50:12.191079
2025-08-21,8318,2025082103008005,LBBL,Oxford Securities Pvt. Ltd.,Sri Hari Securities Pvt. Ltd.,100,534.5,53450.0,2025-08-21 14:50:51.277140
2025-08-21,8305,2025082103008007,LBBL,Sundhara Securities Limited,SUN SECURITIES PVT LTD,28,535.0,14980.0,2025-08-21 14:50:53.284016
2025-08-21,8157,2025082103008028,LBBL,Opal Securities Investment (PVT) Ltd.,SUN SECURITIES PVT LTD,50,535.0,26750.0,2025-08-21 14:51:13.178678
2025-08-21,7916,2025082103008069,LBBL,Oxford Securities Pvt. Ltd.,Bhrikuti Stock Broking Co. Pvt. Ltd.,16,534.5,8552.0,2025-08-21 14:51:37.389761
2025-08-21,7469,2025082103008171,LBBL,Oxford Securities Pvt. Ltd.,Bhrikuti Stock Broking Co. Pvt. Ltd.,284,534.5,151798.0,2025-08-21 14:52:32.849151
2025-08-21,7468,2025082103008172,LBBL,Citizens Share Broker Limited,Bhrikuti Stock Broking Co. Pvt. Ltd.,216,534.4,115430.4,2025-08-21 14:52:32.849371
2025-08-21,7458,2025082103008175,LBBL,Market Securities & Exchange (PVT) Ltd.,SUN SECURITIES PVT LTD,200,535.0,107000.0,2025-08-21 14:52:34.663021
2025-08-21,7100,2025082103008237,LBBL,Citizens Share Broker Limited,Neev Securities Pvt. Ltd.,284,534.4,151769.6,2025-08-21 14:53:12.926501
2025-08-21,7099,2025082103008238,LBBL,Sumeru Securities Pvt. Ltd.,Neev Securities Pvt. Ltd.,416,534.3,222268.8,2025-08-21 14:53:12.926704
2025-08-21,7055,2025082103008250,LBBL,Siprabi Securities Pvt. Ltd.,SUN SECURITIES PVT LTD,500,535.0,267500.0,2025-08-21 14:53:16.382088
2025-08-21,7050,2025082103008252,LBBL,Market Securities & Exchange (PVT) Ltd.,SUN SECURITIES PVT LTD,100,535.0,53500.0,2025-08-21 14:53:17.006401
2025-08-21,6848,2025082103008286,LBBL,Siprabi Securities Pvt. Ltd.,Bhrikuti Stock Broking Co. Pvt. Ltd.,352,535.0,188320.0,2025-08-21 14:53:34.557098
2025-08-21,6847,2025082103008287,LBBL,Siprabi Securities Pvt. Ltd.,Himalayan Brokerage Company Limited,148,535.0,79180.0,2025-08-21 14:53:34.557316
2025-08-21,6523,2025082103008344,LBBL,Capital Max Securities Ltd,Himalayan Brokerage Company Limited,500,535.0,267500.0,2025-08-21 14:54:02.504962
2025-08-21,6359,2025082103008364,LBBL,Sumeru Securities Pvt. Ltd.,Opal Securities Investment (PVT) Ltd.,300,534.3,160290.0,2025-08-21 14:54:16.476049
2025-08-21,6356,2025082103008365,LBBL,Prabhu Stock Market Limited,Himalayan Brokerage Company Limited,52,535.0,27820.0,2025-08-21 14:54:17.194916
2025-08-21,6355,2025082103008366,LBBL,Prabhu Stock Market Limited,Asian Securities Private Ltd.,10,536.0,5360.0,2025-08-21 14:54:17.194960
2025-08-21,6241,2025082103008388,LBBL,Sumeru Securities Pvt. Ltd.,MILKY WAY SHARE BROKER COMPANY LTD ,500,534.3,267150.0,2025-08-21 14:54:30.776377
2025-08-21,6112,2025082103008430,LBBL,Prabhu Stock Market Limited,Bhrikuti Stock Broking Co. Pvt. Ltd.,10,535.0,5350.0,2025-08-21 14:54:43.281103
2025-08-21,5857,2025082103008494,LBBL,Naasa Securities Co. Ltd.,Magnet Securities and Investment Company Private Limited,300,534.5,160350.0,2025-08-21 14:55:07.332750
2025-08-21,5856,2025082103008495,LBBL,Sumeru Securities Pvt. Ltd.,Magnet Securities and Investment Company Private Limited,200,534.3,106860.0,2025-08-21 14:55:07.332982
2025-08-21,5753,2025082103008506,LBBL,Sumeru Securities Pvt. Ltd.,Aryatara Investment & Securities,584,534.3,312031.2,2025-08-21 14:55:15.164819
2025-08-21,5752,2025082103008507,LBBL,Cristal Kanchanjanga Securites Pvt. Ltd.,Aryatara Investment & Securities,200,534.2,106840.0,2025-08-21 14:55:15.165036
2025-08-21,5751,2025082103008508,LBBL,ABC Securities Private Limited,Aryatara Investment & Securities,555,534.2,296481.0,2025-08-21 14:55:15.165138
2025-08-21,5750,2025082103008509,LBBL,ABC Securities Private Limited,Aryatara Investment & Securities,161,534.1,85990.1,2025-08-21 14:55:15.165226
2025-08-21,5733,2025082103008510,LBBL,ABC Securities Private Limited,Asian Securities Private Ltd.,394,534.1,210435.4,2025-08-21 14:55:17.240519
2025-08-21,5732,2025082103008511,LBBL,Nagarik Stock Dealer ,Asian Securities Private Ltd.,60,534.0,32040.0,2025-08-21 14:55:17.240617
2025-08-21,5731,2025082103008512,LBBL,Nepal Investment And Securities Trading Private Limited,Asian Securities Private Ltd.,150,534.0,80100.0,2025-08-21 14:55:17.240695
2025-08-21,5730,2025082103008513,LBBL,Trisul Securities & Invt. Ltd.,Asian Securities Private Ltd.,50,534.0,26700.0,2025-08-21 14:55:17.240766
2025-08-21,5729,2025082103008514,LBBL,Property Wiard Limited,Asian Securities Private Ltd.,200,533.3,106660.0,2025-08-21 14:55:17.240834
2025-08-21,5728,2025082103008515,LBBL,ABC Securities Private Limited,Asian Securities Private Ltd.,724,533.1,385964.4,2025-08-21 14:55:17.240904
2025-08-21,5705,2025082103008521,LBBL,Prabhu Stock Market Limited,Bhrikuti Stock Broking Co. Pvt. Ltd.,90,535.0,48150.0,2025-08-21 14:55:19.386655
2025-08-21,5704,2025082103008522,LBBL,Prabhu Stock Market Limited,J.F. Securites (PVT) Ltd.,10,537.0,5370.0,2025-08-21 14:55:19.386764
2025-08-21,4764,2025082103008672,LBBL,Primo Securities (PVT) Ltd.,J.F. Securites (PVT) Ltd.,10,537.0,5370.0,2025-08-21 14:56:30.825313
2025-08-21,4365,2025082103008734,LBBL,Siprabi Securities Pvt. Ltd.,Naasa Securities Co. Ltd.,68,535.2,36393.6,2025-08-21 14:56:56.982322
2025-08-21,4364,2025082103008735,LBBL,Imperial Securities Company Pvt. Ltd.,Naasa Securities Co. Ltd.,200,535.1,107020.0,2025-08-21 14:56:56.982517
2025-08-21,4363,2025082103008736,LBBL,Dipshikha Dhitopatra Karobar Co. Pvt Ltd.,Naasa Securities Co. Ltd.,332,535.0,177620.0,2025-08-21 14:56:56.982604
2025-08-21,3714,2025082103008824,LBBL,Aryatara Investment & Securities,SUN SECURITIES PVT LTD,100,535.2,53520.0,2025-08-21 14:57:36.763717
2025-08-21,3713,2025082103008825,LBBL,Sumeru Securities Pvt. Ltd.,SUN SECURITIES PVT LTD,300,535.1,160530.0,2025-08-21 14:57:36.764112
2025-08-21,3712,2025082103008826,LBBL,Dipshikha Dhitopatra Karobar Co. Pvt Ltd.,SUN SECURITIES PVT LTD,2168,535.0,1159880.0,2025-08-21 14:57:36.764372
2025-08-21,3711,2025082103008827,LBBL,Premier Securities Company Ltd.,SUN SECURITIES PVT LTD,130,535.0,69550.0,2025-08-21 14:57:36.764622
2025-08-21,3710,2025082103008828,LBBL,Dipshikha Dhitopatra Karobar Co. Pvt Ltd.,SUN SECURITIES PVT LTD,50,535.0,26750.0,2025-08-21 14:57:36.764867
2025-08-21,3709,2025082103008829,LBBL,Midas Stock Broking Company Private Limited,SUN SECURITIES PVT LTD,20,535.0,10700.0,2025-08-21 14:57:36.765120
2025-08-21,3353,2025082103008920,LBBL,Sumeru Securities Pvt. Ltd.,SUN SECURITIES PVT LTD,200,535.0,107000.0,2025-08-21 14:57:57.217016
2025-08-21,3296,2025082103008933,LBBL,Aryatara Investment & Securities,SUN SECURITIES PVT LTD,32,535.0,17120.0,2025-08-21 14:58:00.794215
2025-08-21,3109,2025082103008984,LBBL,Prabhu Stock Market Limited,S.P.S.A. Securities Limited,2000,536.0,1072000.0,2025-08-21 14:58:11.563420
2025-08-21,2797,2025082103009047,LBBL,Prabhu Stock Market Limited,Linch Stock Market Ltd.,205,536.9,110064.5,2025-08-21 14:58:27.162122
2025-08-21,2796,2025082103009048,LBBL,Prabhu Stock Market Limited,J.F. Securites (PVT) Ltd.,295,537.0,158415.0,2025-08-21 14:58:27.162179
2025-08-21,2605,2025082103009075,LBBL,Prabhu Stock Market Limited,J.F. Securites (PVT) Ltd.,11,537.0,5907.0,2025-08-21 14:58:37.202167
2025-08-21,2509,2025082103009090,LBBL,Imperial Securities Company Pvt. Ltd.,Sumeru Securities Pvt. Ltd.,100,536.9,53690.0,2025-08-21 14:58:41.852523
2025-08-21,1626,2025082103009219,LBBL,Aryatara Investment & Securities,Siprabi Securities Pvt. Ltd.,68,535.0,36380.0,2025-08-21 14:59:17.780799
2025-08-21,1625,2025082103009220,LBBL,Primo Securities (PVT) Ltd.,Siprabi Securities Pvt. Ltd.,20,535.0,10700.0,2025-08-21 14:59:17.781003
2025-08-21,1624,2025082103009221,LBBL,Dynamic Money Managers Securities Pvt. Ltd.,Siprabi Securities Pvt. Ltd.,50,535.0,26750.0,2025-08-21 14:59:17.781099
2025-08-21,1623,2025082103009222,LBBL,J.F. Securites (PVT) Ltd.,Siprabi Securities Pvt. Ltd.,62,535.0,33170.0,2025-08-21 14:59:17.781185
2025-08-21,1300,2025082103009289,LBBL,J.F. Securites (PVT) Ltd.,Siprabi Securities Pvt. Ltd.,100,535.0,53500.0,2025-08-21 14:59:25.927045
2025-08-21,1010,2025082103009346,LBBL,J.F. Securites (PVT) Ltd.,Siprabi Securities Pvt. Ltd.,88,535.0,47080.0,2025-08-21 14:59:33.049434
2025-08-21,1009,2025082103009347,LBBL,Capital Max Securities Ltd,Siprabi Securities Pvt. Ltd.,12,535.0,6420.0,2025-08-21 14:59:33.049643
2025-08-21,856,2025082103009386,LBBL,Vision Securities Pvt. Ltd,Siprabi Securities Pvt. Ltd.,20,535.1,10702.0,2025-08-21 14:59:39.131958
2025-08-21,718,2025082103009428,LBBL,Imperial Securities Company Pvt. Ltd.,Investment Management Nepal Pvt. Ltd.,100,536.4,53640.0,2025-08-21 14:59:40.824773
2025-08-21,475,2025082103009481,LBBL,Prabhu Stock Market Limited,Investment Management Nepal Pvt. Ltd.,100,536.4,53640.0,2025-08-21 14:59:47.443931
2025-08-21,304,2025082103009536,LBBL,Kumari Securities Private Limited,Investment Management Nepal Pvt. Ltd.,500,536.4,268200.0,2025-08-21 14:59:53.062149
2025-08-21,75,2025082103009591,LBBL,Capital Max Securities Ltd,Investment Management Nepal Pvt. Ltd.,2300,536.4,1233720.0,2025-08-21 14:59:58.608221
2025-08-21,74,2025082103009592,LBBL,Capital Max Securities Ltd,Linch Stock Market Ltd.,82,536.5,43993.0,2025-08-21 14:59:58.608274
2025-08-21,73,2025082103009593,LBBL,Capital Max Securities Ltd,S.P.S.A. Securities Limited,500,536.5,268250.0,2025-08-21 14:59:58.608314
2025-08-21,72,2025082103009594,LBBL,Capital Max Securities Ltd,Sumeru Securities Pvt. Ltd.,600,536.6,321960.0,2025-08-21 14:59:58.608378
2025-08-21,71,2025082103009595,LBBL,Capital Max Securities Ltd,J.F. Securites (PVT) Ltd.,174,537.0,93438.0,2025-08-21 14:59:58.608421
2025-08-21,70,2025082103009596,LBBL,Capital Max Securities Ltd,Opal Securities Investment (PVT) Ltd.,350,537.0,187950.0,2025-08-21 14:59:58.608458
2025-08-21,69,2025082103009597,LBBL,Capital Max Securities Ltd,Citizens Share Broker Limited,595,537.0,319515.0,2025-08-21 14:59:58.608491
2025-08-21,68,2025082103009598,LBBL,Capital Max Securities Ltd,Aryatara Investment & Securities,50,537.0,26850.0,2025-08-21 14:59:58.608531
2025-08-21,67,2025082103009599,LBBL,Capital Max Securities Ltd,Investment Management Nepal Pvt. Ltd.,349,537.9,187727.1,2025-08-21 14:59:58.608569
