Date,S.N.,Contract ID,Symbol,Buyer Broker,Seller Broker,quantity,rate,amount,transaction_time
2025-08-21,56805,2025082104000011,PMHPL,Sharepro Securities Private Limited,Online Securities Pvt. Ltd.,100,408.1,40810.0,2025-08-21 10:46:00.046917
2025-08-21,56585,2025082104000080,PMHPL,Dakshinkali Investment & Securities Pvt. Ltd.,SUN SECURITIES PVT LTD,50,401.5,20075.0,2025-08-21 11:02:49.910934
2025-08-21,56584,2025082104000081,PMHPL,Vision Securities Pvt. Ltd,SUN SECURITIES PVT LTD,250,401.1,100275.0,2025-08-21 11:02:49.911000
2025-08-21,56551,2025082104000096,PMHPL,Vision Securities Pvt. Ltd,Miyo Securities Pvt Ltd,750,401.1,300825.0,2025-08-21 11:03:08.616389
2025-08-21,56550,2025082104000097,PMHPL,Malla & Malla Stock Broking Company Pvt. Limited,Miyo Securities Pvt Ltd,100,401.0,40100.0,2025-08-21 11:03:08.616465
2025-08-21,56549,2025082104000098,PMHPL,Property Wiard Limited,Miyo Securities Pvt Ltd,2000,401.0,802000.0,2025-08-21 11:03:08.616495
2025-08-21,56548,2025082104000099,PMHPL,Sharepro Securities Private Limited,Miyo Securities Pvt Ltd,200,400.7,80140.0,2025-08-21 11:03:08.616522
2025-08-21,56547,2025082104000100,PMHPL,Sani Securities Company Ltd.,Miyo Securities Pvt Ltd,50,400.6,20030.0,2025-08-21 11:03:08.616557
2025-08-21,56546,2025082104000101,PMHPL,Aryatara Investment & Securities,Miyo Securities Pvt Ltd,100,400.6,40060.0,2025-08-21 11:03:08.616587
2025-08-21,56545,2025082104000102,PMHPL,Agrawal Securities (PVT) Ltd.,Miyo Securities Pvt Ltd,10,400.6,4006.0,2025-08-21 11:03:08.616612
2025-08-21,56544,2025082104000103,PMHPL,Linch Stock Market Ltd.,Miyo Securities Pvt Ltd,1000,400.6,400600.0,2025-08-21 11:03:08.616636
2025-08-21,56543,2025082104000104,PMHPL,Sani Securities Company Ltd.,Miyo Securities Pvt Ltd,50,400.0,20000.0,2025-08-21 11:03:08.616660
2025-08-21,56542,2025082104000105,PMHPL,Nepal Stock House (PVT) Ltd.,Miyo Securities Pvt Ltd,25,400.0,10000.0,2025-08-21 11:03:08.616683
2025-08-21,56541,2025082104000106,PMHPL,Miyo Securities Pvt Ltd,Miyo Securities Pvt Ltd,100,400.0,40000.0,2025-08-21 11:03:09.739962
2025-08-21,56526,2025082104000113,PMHPL,Imperial Securities Company Pvt. Ltd.,Miyo Securities Pvt Ltd,100,400.0,40000.0,2025-08-21 11:03:19.976729
2025-08-21,56501,2025082104000124,PMHPL,Dynamic Money Managers Securities Pvt. Ltd.,Miyo Securities Pvt Ltd,10,400.0,4000.0,2025-08-21 11:03:30.068176
2025-08-21,56436,2025082104000149,PMHPL,SUN SECURITIES PVT LTD,Vision Securities Pvt. Ltd,50,401.1,20055.0,2025-08-21 11:04:04.008482
2025-08-21,56368,2025082104000173,PMHPL,Dynamic Money Managers Securities Pvt. Ltd.,Bhrikuti Stock Broking Co. Pvt. Ltd.,10,401.0,4010.0,2025-08-21 11:04:59.167940
2025-08-21,56367,2025082104000174,PMHPL,Dynamic Money Managers Securities Pvt. Ltd.,Bhrikuti Stock Broking Co. Pvt. Ltd.,10,400.0,4000.0,2025-08-21 11:04:59.168019
2025-08-21,56366,2025082104000175,PMHPL,SUN SECURITIES PVT LTD,Bhrikuti Stock Broking Co. Pvt. Ltd.,35,400.0,14000.0,2025-08-21 11:05:00.120389
2025-08-21,56264,2025082104000213,PMHPL,Dynamic Money Managers Securities Pvt. Ltd.,Dipshikha Dhitopatra Karobar Co. Pvt Ltd.,10,401.4,4014.0,2025-08-21 11:06:01.605305
2025-08-21,56106,2025082104000293,PMHPL,Vision Securities Pvt. Ltd,Sharepro Securities Private Limited,100,401.5,40150.0,2025-08-21 11:07:40.848412
2025-08-21,56048,2025082104000300,PMHPL,Dynamic Money Managers Securities Pvt. Ltd.,Agrawal Securities (PVT) Ltd.,10,401.4,4014.0,2025-08-21 11:08:03.453984
2025-08-21,56047,2025082104000301,PMHPL,Dynamic Money Managers Securities Pvt. Ltd.,Agrawal Securities (PVT) Ltd.,10,401.3,4013.0,2025-08-21 11:08:03.454092
2025-08-21,56046,2025082104000302,PMHPL,Dynamic Money Managers Securities Pvt. Ltd.,Agrawal Securities (PVT) Ltd.,10,401.2,4012.0,2025-08-21 11:08:03.454144
2025-08-21,56045,2025082104000303,PMHPL,Nepal Stock House (PVT) Ltd.,Agrawal Securities (PVT) Ltd.,90,401.2,36108.0,2025-08-21 11:08:03.454198
2025-08-21,55865,2025082104000360,PMHPL,Nepal Stock House (PVT) Ltd.,Sweta Securities Private Limited,410,401.2,164492.0,2025-08-21 11:09:48.280417
2025-08-21,55864,2025082104000361,PMHPL,Dynamic Money Managers Securities Pvt. Ltd.,Sweta Securities Private Limited,10,401.1,4011.0,2025-08-21 11:09:48.280519
2025-08-21,55863,2025082104000362,PMHPL,Linch Stock Market Ltd.,Sweta Securities Private Limited,80,401.1,32088.0,2025-08-21 11:09:48.280569
2025-08-21,55829,2025082104000370,PMHPL,Linch Stock Market Ltd.,Sweta Securities Private Limited,500,401.1,200550.0,2025-08-21 11:10:06.342970
2025-08-21,55758,2025082104000388,PMHPL,Creative Securities Pvt Ltd,SUN SECURITIES PVT LTD,1000,401.0,401000.0,2025-08-21 11:10:40.607624
2025-08-21,55757,2025082104000389,PMHPL,Dynamic Money Managers Securities Pvt. Ltd.,SUN SECURITIES PVT LTD,10,400.9,4009.0,2025-08-21 11:10:40.607796
2025-08-21,55756,2025082104000390,PMHPL,Dynamic Money Managers Securities Pvt. Ltd.,SUN SECURITIES PVT LTD,10,400.8,4008.0,2025-08-21 11:10:40.607912
2025-08-21,55755,2025082104000391,PMHPL,Dynamic Money Managers Securities Pvt. Ltd.,SUN SECURITIES PVT LTD,10,400.7,4007.0,2025-08-21 11:10:40.608020
2025-08-21,55754,2025082104000392,PMHPL,Dynamic Money Managers Securities Pvt. Ltd.,SUN SECURITIES PVT LTD,10,400.6,4006.0,2025-08-21 11:10:40.608127
2025-08-21,55753,2025082104000393,PMHPL,Dynamic Money Managers Securities Pvt. Ltd.,SUN SECURITIES PVT LTD,10,400.5,4005.0,2025-08-21 11:10:40.608268
2025-08-21,55752,2025082104000394,PMHPL,Dynamic Money Managers Securities Pvt. Ltd.,SUN SECURITIES PVT LTD,10,400.4,4004.0,2025-08-21 11:10:40.608383
2025-08-21,55751,2025082104000395,PMHPL,Dynamic Money Managers Securities Pvt. Ltd.,SUN SECURITIES PVT LTD,10,400.3,4003.0,2025-08-21 11:10:40.608484
2025-08-21,55750,2025082104000396,PMHPL,Dynamic Money Managers Securities Pvt. Ltd.,SUN SECURITIES PVT LTD,10,400.2,4002.0,2025-08-21 11:10:40.608591
2025-08-21,55749,2025082104000397,PMHPL,Nepal Stock House (PVT) Ltd.,SUN SECURITIES PVT LTD,100,400.1,40010.0,2025-08-21 11:10:40.608700
2025-08-21,55748,2025082104000398,PMHPL,SUN SECURITIES PVT LTD,SUN SECURITIES PVT LTD,15,400.0,6000.0,2025-08-21 11:10:40.608835
2025-08-21,55747,2025082104000399,PMHPL,Linch Stock Market Ltd.,SUN SECURITIES PVT LTD,1000,400.0,400000.0,2025-08-21 11:10:40.608940
2025-08-21,55746,2025082104000400,PMHPL,Miyo Securities Pvt Ltd,SUN SECURITIES PVT LTD,100,400.0,40000.0,2025-08-21 11:10:40.609045
2025-08-21,55745,2025082104000401,PMHPL,Dynamic Money Managers Securities Pvt. Ltd.,SUN SECURITIES PVT LTD,10,400.0,4000.0,2025-08-21 11:10:40.609149
2025-08-21,55744,2025082104000402,PMHPL,Kalika Securities Pvt. Ltd.,SUN SECURITIES PVT LTD,50,400.0,20000.0,2025-08-21 11:10:40.609249
2025-08-21,55734,2025082104000406,PMHPL,Pragyan Securities (PVT) Ltd.,SUN SECURITIES PVT LTD,150,400.0,60000.0,2025-08-21 11:10:45.338892
2025-08-21,55719,2025082104000412,PMHPL,S.P.S.A. Securities Limited,SUN SECURITIES PVT LTD,400,400.0,160000.0,2025-08-21 11:10:54.006380
2025-08-21,55629,2025082104000432,PMHPL,Dynamic Money Managers Securities Pvt. Ltd.,Sani Securities Company Ltd.,10,399.0,3990.0,2025-08-21 11:11:48.431508
2025-08-21,55628,2025082104000433,PMHPL,Dynamic Money Managers Securities Pvt. Ltd.,Sani Securities Company Ltd.,10,398.0,3980.0,2025-08-21 11:11:48.431675
2025-08-21,55627,2025082104000434,PMHPL,Dynamic Money Managers Securities Pvt. Ltd.,Sani Securities Company Ltd.,10,397.0,3970.0,2025-08-21 11:11:48.431773
2025-08-21,55626,2025082104000435,PMHPL,Dipshikha Dhitopatra Karobar Co. Pvt Ltd.,Sani Securities Company Ltd.,100,397.0,39700.0,2025-08-21 11:11:48.431872
2025-08-21,55625,2025082104000436,PMHPL,Dynamic Money Managers Securities Pvt. Ltd.,Sani Securities Company Ltd.,10,396.0,3960.0,2025-08-21 11:11:48.431991
2025-08-21,55624,2025082104000437,PMHPL,Sharepro Securities Private Limited,Sani Securities Company Ltd.,200,395.1,79020.0,2025-08-21 11:11:48.432094
2025-08-21,55623,2025082104000438,PMHPL,Dynamic Money Managers Securities Pvt. Ltd.,Sani Securities Company Ltd.,10,395.0,3950.0,2025-08-21 11:11:48.432193
2025-08-21,55622,2025082104000439,PMHPL,Garima Securities Limited,Sani Securities Company Ltd.,50,395.0,19750.0,2025-08-21 11:11:48.432287
2025-08-21,55621,2025082104000440,PMHPL,Nepal Investment And Securities Trading Private Limited,Sani Securities Company Ltd.,20,395.0,7900.0,2025-08-21 11:11:48.432401
2025-08-21,55620,2025082104000441,PMHPL,Malla & Malla Stock Broking Company Pvt. Limited,Sani Securities Company Ltd.,100,395.0,39500.0,2025-08-21 11:11:48.432491
2025-08-21,55619,2025082104000442,PMHPL,Vision Securities Pvt. Ltd,Sani Securities Company Ltd.,300,395.0,118500.0,2025-08-21 11:11:48.432589
2025-08-21,55618,2025082104000443,PMHPL,Sani Securities Company Ltd.,Sani Securities Company Ltd.,600,395.0,237000.0,2025-08-21 11:11:48.432687
2025-08-21,55599,2025082104000451,PMHPL,Dynamic Money Managers Securities Pvt. Ltd.,South Asian Bulls Pvt. Ltd.,10,394.0,3940.0,2025-08-21 11:11:55.863668
2025-08-21,55598,2025082104000452,PMHPL,Aakashbhairab Securities Ltd.,South Asian Bulls Pvt. Ltd.,50,394.0,19700.0,2025-08-21 11:11:55.863828
2025-08-21,55597,2025082104000453,PMHPL,Stoxkarts Securities Limited,South Asian Bulls Pvt. Ltd.,940,394.0,370360.0,2025-08-21 11:11:55.863946
2025-08-21,55584,2025082104000455,PMHPL,Linch Stock Market Ltd.,Sani Securities Company Ltd.,1000,395.0,395000.0,2025-08-21 11:12:01.838973
2025-08-21,55560,2025082104000457,PMHPL,Dynamic Money Managers Securities Pvt. Ltd.,Sani Securities Company Ltd.,1040,395.0,410800.0,2025-08-21 11:12:15.290601
2025-08-21,55557,2025082104000459,PMHPL,Stoxkarts Securities Limited,Imperial Securities Company Pvt. Ltd.,60,394.0,23640.0,2025-08-21 11:12:18.050891
2025-08-21,55556,2025082104000460,PMHPL,Dipshikha Dhitopatra Karobar Co. Pvt Ltd.,Imperial Securities Company Pvt. Ltd.,100,394.0,39400.0,2025-08-21 11:12:18.050952
2025-08-21,55555,2025082104000461,PMHPL,South Asian Bulls Pvt. Ltd.,Imperial Securities Company Pvt. Ltd.,540,394.0,212760.0,2025-08-21 11:12:18.050987
2025-08-21,55532,2025082104000473,PMHPL,Citizens Share Broker Limited,Sani Securities Company Ltd.,250,395.0,98750.0,2025-08-21 11:12:32.335918
2025-08-21,55518,2025082104000479,PMHPL,Thrive Brokerage House Pvt. Ltd,Sani Securities Company Ltd.,2000,395.0,790000.0,2025-08-21 11:12:40.444217
2025-08-21,55506,2025082104000483,PMHPL,South Asian Bulls Pvt. Ltd.,Sani Securities Company Ltd.,290,395.0,114550.0,2025-08-21 11:12:45.076981
2025-08-21,55223,2025082104000578,PMHPL,Vision Securities Pvt. Ltd,Sumeru Securities Pvt. Ltd.,100,400.0,40000.0,2025-08-21 11:15:04.086067
2025-08-21,55147,2025082104000608,PMHPL,South Asian Bulls Pvt. Ltd.,Secured Securities Ltd.,100,401.0,40100.0,2025-08-21 11:15:32.166862
2025-08-21,55146,2025082104000609,PMHPL,South Asian Bulls Pvt. Ltd.,Vision Securities Pvt. Ltd,100,401.0,40100.0,2025-08-21 11:15:32.167081
2025-08-21,55104,2025082104000618,PMHPL,Linch Stock Market Ltd.,Sri Hari Securities Pvt. Ltd.,1500,400.0,600000.0,2025-08-21 11:15:43.337737
2025-08-21,54846,2025082104000713,PMHPL,Shree Krishna Securities Ltd.,Sani Securities Company Ltd.,16,401.0,6416.0,2025-08-21 11:17:43.629790
2025-08-21,54845,2025082104000714,PMHPL,Deevyaa Securities & Stock House Pvt. Ltd,Sani Securities Company Ltd.,32,398.0,12736.0,2025-08-21 11:17:43.629940
2025-08-21,54844,2025082104000715,PMHPL,Opal Securities Investment (PVT) Ltd.,Sani Securities Company Ltd.,200,397.2,79440.0,2025-08-21 11:17:43.629996
2025-08-21,54843,2025082104000716,PMHPL,Hatemalo Financial Services Private Limited,Sani Securities Company Ltd.,100,397.0,39700.0,2025-08-21 11:17:43.630053
2025-08-21,54842,2025082104000717,PMHPL,South Asian Bulls Pvt. Ltd.,Sani Securities Company Ltd.,460,396.5,182390.0,2025-08-21 11:17:43.630144
2025-08-21,54841,2025082104000718,PMHPL,KALASH STOCK MARKET PVT. LTD.,Sani Securities Company Ltd.,200,396.2,79240.0,2025-08-21 11:17:43.630206
2025-08-21,54840,2025082104000719,PMHPL,South Asian Bulls Pvt. Ltd.,Sani Securities Company Ltd.,100,396.1,39610.0,2025-08-21 11:17:43.630254
2025-08-21,54839,2025082104000720,PMHPL,Deevyaa Securities & Stock House Pvt. Ltd,Sani Securities Company Ltd.,30,396.0,11880.0,2025-08-21 11:17:43.630301
2025-08-21,54838,2025082104000721,PMHPL,Dynamic Money Managers Securities Pvt. Ltd.,Sani Securities Company Ltd.,10,395.9,3959.0,2025-08-21 11:17:43.630371
2025-08-21,54837,2025082104000722,PMHPL,Dynamic Money Managers Securities Pvt. Ltd.,Sani Securities Company Ltd.,10,395.8,3958.0,2025-08-21 11:17:43.630417
2025-08-21,54836,2025082104000723,PMHPL,Dynamic Money Managers Securities Pvt. Ltd.,Sani Securities Company Ltd.,10,395.7,3957.0,2025-08-21 11:17:43.630462
2025-08-21,54835,2025082104000724,PMHPL,Dynamic Money Managers Securities Pvt. Ltd.,Sani Securities Company Ltd.,10,395.6,3956.0,2025-08-21 11:17:43.630508
2025-08-21,54834,2025082104000725,PMHPL,Linch Stock Market Ltd.,Sani Securities Company Ltd.,1000,395.5,395500.0,2025-08-21 11:17:43.630551
2025-08-21,54833,2025082104000726,PMHPL,Naasa Securities Co. Ltd.,Sani Securities Company Ltd.,10,395.4,3954.0,2025-08-21 11:17:43.630596
2025-08-21,54832,2025082104000727,PMHPL,Creative Securities Pvt Ltd,Sani Securities Company Ltd.,1000,395.4,395400.0,2025-08-21 11:17:43.630640
2025-08-21,54831,2025082104000728,PMHPL,Naasa Securities Co. Ltd.,Sani Securities Company Ltd.,10,395.3,3953.0,2025-08-21 11:17:43.630714
2025-08-21,54830,2025082104000729,PMHPL,Dynamic Money Managers Securities Pvt. Ltd.,Sani Securities Company Ltd.,802,395.3,317030.6,2025-08-21 11:17:43.630761
2025-08-21,54731,2025082104000749,PMHPL,Prabhu Stock Market Limited,Roadshow securities limited,500,401.0,200500.0,2025-08-21 11:18:29.765207
2025-08-21,54564,2025082104000801,PMHPL,Dynamic Money Managers Securities Pvt. Ltd.,Vision Securities Pvt. Ltd,10,401.1,4011.0,2025-08-21 11:19:45.985228
2025-08-21,54556,2025082104000806,PMHPL,South Asian Bulls Pvt. Ltd.,Sani Securities Company Ltd.,710,397.5,282225.0,2025-08-21 11:19:47.832357
2025-08-21,54555,2025082104000807,PMHPL,Himalayan Brokerage Company Limited,Sani Securities Company Ltd.,290,397.1,115159.0,2025-08-21 11:19:47.832634
2025-08-21,54394,2025082104000841,PMHPL,Dynamic Money Managers Securities Pvt. Ltd.,Miyo Securities Pvt Ltd,1198,397.3,475965.4,2025-08-21 11:20:53.008776
2025-08-21,54269,2025082104000864,PMHPL,BHOLE GANESH SECURITIES LTD,Sani Securities Company Ltd.,25,398.0,9950.0,2025-08-21 11:21:40.677195
2025-08-21,54268,2025082104000865,PMHPL,Prabhu Stock Market Limited,Sani Securities Company Ltd.,475,397.2,188670.0,2025-08-21 11:21:40.677454
2025-08-21,53728,2025082104000990,PMHPL,South Asian Bulls Pvt. Ltd.,Vision Securities Pvt. Ltd,16,398.0,6368.0,2025-08-21 11:25:35.815396
2025-08-21,53371,2025082104001119,PMHPL,Dipshikha Dhitopatra Karobar Co. Pvt Ltd.,Online Securities Pvt. Ltd.,10,399.0,3990.0,2025-08-21 11:27:54.935976
2025-08-21,53137,2025082104001216,PMHPL,Dipshikha Dhitopatra Karobar Co. Pvt Ltd.,Online Securities Pvt. Ltd.,100,399.0,39900.0,2025-08-21 11:29:15.851379
2025-08-21,53136,2025082104001217,PMHPL,South Asian Bulls Pvt. Ltd.,Online Securities Pvt. Ltd.,40,398.0,15920.0,2025-08-21 11:29:15.851506
2025-08-21,52603,2025082104001367,PMHPL,Dipshikha Dhitopatra Karobar Co. Pvt Ltd.,Kumari Securities Private Limited,20,399.1,7982.0,2025-08-21 11:32:13.679193
2025-08-21,52085,2025082104001511,PMHPL,Linch Stock Market Ltd.,Sani Securities Company Ltd.,100,400.0,40000.0,2025-08-21 11:34:58.872185
2025-08-21,51715,2025082104001676,PMHPL,Vision Securities Pvt. Ltd,Miyo Securities Pvt Ltd,100,403.9,40390.0,2025-08-21 11:37:13.961964
2025-08-21,51498,2025082104001760,PMHPL,Himalayan Brokerage Company Limited,Miyo Securities Pvt Ltd,600,403.9,242340.0,2025-08-21 11:38:45.339788
2025-08-21,51497,2025082104001761,PMHPL,Himalayan Brokerage Company Limited,Dipshikha Dhitopatra Karobar Co. Pvt Ltd.,100,404.0,40400.0,2025-08-21 11:38:45.339952
2025-08-21,51496,2025082104001762,PMHPL,Himalayan Brokerage Company Limited,Sundhara Securities Limited,10,404.0,4040.0,2025-08-21 11:38:45.340030
2025-08-21,51469,2025082104001765,PMHPL,Shree Krishna Securities Ltd.,Sundhara Securities Limited,90,404.0,36360.0,2025-08-21 11:38:55.770620
2025-08-21,51468,2025082104001766,PMHPL,Shree Krishna Securities Ltd.,Opal Securities Investment (PVT) Ltd.,10,404.0,4040.0,2025-08-21 11:38:55.770682
2025-08-21,51273,2025082104001842,PMHPL,Linch Stock Market Ltd.,Sani Securities Company Ltd.,500,405.0,202500.0,2025-08-21 11:40:09.896479
2025-08-21,51272,2025082104001843,PMHPL,Linch Stock Market Ltd.,Investment Management Nepal Pvt. Ltd.,90,405.0,36450.0,2025-08-21 11:40:09.896662
2025-08-21,51271,2025082104001844,PMHPL,Linch Stock Market Ltd.,Dipshikha Dhitopatra Karobar Co. Pvt Ltd.,300,405.0,121500.0,2025-08-21 11:40:09.896723
2025-08-21,51256,2025082104001848,PMHPL,Shree Krishna Securities Ltd.,Linch Stock Market Ltd.,200,405.9,81180.0,2025-08-21 11:40:20.084875
2025-08-21,51250,2025082104001852,PMHPL,Linch Stock Market Ltd.,Kalika Securities Pvt. Ltd.,50,405.0,20250.0,2025-08-21 11:40:24.336592
2025-08-21,51249,2025082104001853,PMHPL,Deevyaa Securities & Stock House Pvt. Ltd,Linch Stock Market Ltd.,155,405.9,62914.5,2025-08-21 11:40:25.402560
2025-08-21,51212,2025082104001864,PMHPL,Linch Stock Market Ltd.,Kalika Securities Pvt. Ltd.,50,405.0,20250.0,2025-08-21 11:40:43.750297
2025-08-21,51179,2025082104001878,PMHPL,Secured Securities Ltd.,Linch Stock Market Ltd.,545,405.9,221215.5,2025-08-21 11:40:55.689124
2025-08-21,51071,2025082104001916,PMHPL,Linch Stock Market Ltd.,Dipshikha Dhitopatra Karobar Co. Pvt Ltd.,230,406.8,93564.0,2025-08-21 11:41:35.271105
2025-08-21,51069,2025082104001918,PMHPL,Secured Securities Ltd.,Sweta Securities Private Limited,100,405.9,40590.0,2025-08-21 11:41:36.484144
2025-08-21,51032,2025082104001931,PMHPL,Capital Max Securities Ltd,Imperial Securities Company Pvt. Ltd.,300,406.9,122070.0,2025-08-21 11:41:57.290979
2025-08-21,50895,2025082104001961,PMHPL,Linch Stock Market Ltd.,Miyo Securities Pvt Ltd,500,408.0,204000.0,2025-08-21 11:42:46.566488
2025-08-21,50871,2025082104001968,PMHPL,Sanima Securities Limited,Sweta Securities Private Limited,100,407.0,40700.0,2025-08-21 11:42:57.780035
2025-08-21,50696,2025082104002021,PMHPL,Sanima Securities Limited,Roadshow securities limited,400,407.0,162800.0,2025-08-21 11:44:00.864633
2025-08-21,50558,2025082104002059,PMHPL,Sanima Securities Limited,Nepal Investment And Securities Trading Private Limited,40,407.0,16280.0,2025-08-21 11:44:54.329728
2025-08-21,50525,2025082104002068,PMHPL,Sanima Securities Limited,Kalika Securities Pvt. Ltd.,20,407.0,8140.0,2025-08-21 11:45:06.965100
2025-08-21,50498,2025082104002085,PMHPL,Nepal Stock House (PVT) Ltd.,Linch Stock Market Ltd.,30,407.9,12237.0,2025-08-21 11:45:11.630110
2025-08-21,50495,2025082104002087,PMHPL,Sanima Securities Limited,Sweta Securities Private Limited,60,407.0,24420.0,2025-08-21 11:45:12.204949
2025-08-21,50437,2025082104002095,PMHPL,Trishakti Securities Public Limited,Linch Stock Market Ltd.,160,407.9,65264.0,2025-08-21 11:45:34.889621
2025-08-21,50436,2025082104002096,PMHPL,Trishakti Securities Public Limited,Midas Stock Broking Company Private Limited,40,408.0,16320.0,2025-08-21 11:45:34.889666
2025-08-21,50435,2025082104002097,PMHPL,Trishakti Securities Public Limited,Malla & Malla Stock Broking Company Pvt. Limited,140,408.0,57120.0,2025-08-21 11:45:34.889694
2025-08-21,50434,2025082104002098,PMHPL,Trishakti Securities Public Limited,ABC Securities Private Limited,10,408.0,4080.0,2025-08-21 11:45:34.889719
2025-08-21,50433,2025082104002099,PMHPL,Trishakti Securities Public Limited,South Asian Bulls Pvt. Ltd.,50,408.0,20400.0,2025-08-21 11:45:34.889745
2025-08-21,50339,2025082104002120,PMHPL,Linch Stock Market Ltd.,South Asian Bulls Pvt. Ltd.,50,408.0,20400.0,2025-08-21 11:46:12.484234
2025-08-21,50338,2025082104002121,PMHPL,Linch Stock Market Ltd.,Imperial Securities Company Pvt. Ltd.,500,408.5,204250.0,2025-08-21 11:46:12.484403
2025-08-21,50312,2025082104002125,PMHPL,Sanima Securities Limited,Linch Stock Market Ltd.,10,407.0,4070.0,2025-08-21 11:46:27.560790
2025-08-21,50089,2025082104002175,PMHPL,Nepal Stock House (PVT) Ltd.,Imperial Securities Company Pvt. Ltd.,45,408.5,18382.5,2025-08-21 11:48:02.764110
2025-08-21,50042,2025082104002181,PMHPL,Sanima Securities Limited,SUN SECURITIES PVT LTD,270,407.0,109890.0,2025-08-21 11:48:26.787694
2025-08-21,50041,2025082104002182,PMHPL,Trishakti Securities Public Limited,SUN SECURITIES PVT LTD,600,405.2,243120.0,2025-08-21 11:48:26.787885
2025-08-21,50040,2025082104002183,PMHPL,Himalayan Brokerage Company Limited,SUN SECURITIES PVT LTD,200,405.1,81020.0,2025-08-21 11:48:26.787955
2025-08-21,50039,2025082104002184,PMHPL,Linch Stock Market Ltd.,SUN SECURITIES PVT LTD,10,405.0,4050.0,2025-08-21 11:48:26.788017
2025-08-21,50038,2025082104002185,PMHPL,Sharepro Securities Private Limited,SUN SECURITIES PVT LTD,500,405.0,202500.0,2025-08-21 11:48:26.788081
2025-08-21,50037,2025082104002186,PMHPL,Secured Securities Ltd.,SUN SECURITIES PVT LTD,355,405.0,143775.0,2025-08-21 11:48:26.788136
2025-08-21,49990,2025082104002220,PMHPL,Trishakti Securities Public Limited,SUN SECURITIES PVT LTD,65,405.0,26325.0,2025-08-21 11:48:41.723011
2025-08-21,49989,2025082104002221,PMHPL,Trishakti Securities Public Limited,Imperial Securities Company Pvt. Ltd.,75,408.5,30637.5,2025-08-21 11:48:41.723075
2025-08-21,49988,2025082104002222,PMHPL,Trishakti Securities Public Limited,Dipshikha Dhitopatra Karobar Co. Pvt Ltd.,10,409.9,4099.0,2025-08-21 11:48:41.723103
2025-08-21,49937,2025082104002235,PMHPL,Capital Max Securities Ltd,SUN SECURITIES PVT LTD,10,402.3,4023.0,2025-08-21 11:49:06.904527
2025-08-21,49899,2025082104002245,PMHPL,Sharepro Securities Private Limited,Dipshikha Dhitopatra Karobar Co. Pvt Ltd.,10,409.9,4099.0,2025-08-21 11:49:23.708644
2025-08-21,49868,2025082104002248,PMHPL,Trishakti Securities Public Limited,SUN SECURITIES PVT LTD,10,402.4,4024.0,2025-08-21 11:49:38.004579
2025-08-21,49549,2025082104002315,PMHPL,Trishakti Securities Public Limited,Nabil Stock Dealer Ltd.,200,402.6,80520.0,2025-08-21 11:51:53.492999
2025-08-21,49522,2025082104002322,PMHPL,Trishakti Securities Public Limited,Nabil Stock Dealer Ltd.,100,402.6,40260.0,2025-08-21 11:52:03.522332
2025-08-21,49520,2025082104002323,PMHPL,Trishakti Securities Public Limited,Trishakti Securities Public Limited,240,402.6,96624.0,2025-08-21 11:52:05.682589
2025-08-21,49519,2025082104002324,PMHPL,Naasa Securities Co. Ltd.,Trishakti Securities Public Limited,310,402.5,124775.0,2025-08-21 11:52:05.682635
2025-08-21,49455,2025082104002339,PMHPL,Naasa Securities Co. Ltd.,Nabil Stock Dealer Ltd.,70,402.5,28175.0,2025-08-21 11:52:31.605153
2025-08-21,48806,2025082104002492,PMHPL,Naasa Securities Co. Ltd.,Miyo Securities Pvt Ltd,620,402.5,249550.0,2025-08-21 11:56:04.704795
2025-08-21,48805,2025082104002493,PMHPL,Capital Max Securities Ltd,Miyo Securities Pvt Ltd,385,402.3,154885.5,2025-08-21 11:56:04.704995
2025-08-21,48674,2025082104002526,PMHPL,Capital Max Securities Ltd,Cristal Kanchanjanga Securites Pvt. Ltd.,10,402.3,4023.0,2025-08-21 11:57:06.034281
2025-08-21,48376,2025082104002636,PMHPL,KALASH STOCK MARKET PVT. LTD.,Sumeru Securities Pvt. Ltd.,100,402.4,40240.0,2025-08-21 11:59:01.061031
2025-08-21,48375,2025082104002637,PMHPL,Capital Max Securities Ltd,Sumeru Securities Pvt. Ltd.,95,402.3,38218.5,2025-08-21 11:59:01.061188
2025-08-21,48374,2025082104002638,PMHPL,Shree Krishna Securities Ltd.,Sumeru Securities Pvt. Ltd.,296,402.2,119051.2,2025-08-21 11:59:01.061267
2025-08-21,48178,2025082104002698,PMHPL,Shree Krishna Securities Ltd.,Roadshow securities limited,104,402.2,41828.8,2025-08-21 12:00:08.199585
2025-08-21,48177,2025082104002699,PMHPL,Shree Krishna Securities Ltd.,Roadshow securities limited,100,402.0,40200.0,2025-08-21 12:00:08.199694
2025-08-21,48176,2025082104002700,PMHPL,Swarna Laxmi Securities Pvt. Ltd.,Roadshow securities limited,50,402.0,20100.0,2025-08-21 12:00:08.199772
2025-08-21,48175,2025082104002701,PMHPL,Linch Stock Market Ltd.,Roadshow securities limited,1000,400.3,400300.0,2025-08-21 12:00:08.199845
2025-08-21,48174,2025082104002702,PMHPL,Linch Stock Market Ltd.,Roadshow securities limited,46,400.0,18400.0,2025-08-21 12:00:08.199921
2025-08-21,47598,2025082104002871,PMHPL,Swarna Laxmi Securities Pvt. Ltd.,Imperial Securities Company Pvt. Ltd.,10,400.0,4000.0,2025-08-21 12:03:10.961707
2025-08-21,47537,2025082104002887,PMHPL,Trishakti Securities Public Limited,Sani Securities Company Ltd.,500,400.1,200050.0,2025-08-21 12:03:34.881001
2025-08-21,47461,2025082104002911,PMHPL,J.F. Securites (PVT) Ltd.,Imperial Securities Company Pvt. Ltd.,100,400.0,40000.0,2025-08-21 12:04:02.373399
2025-08-21,47277,2025082104002988,PMHPL,Trishakti Securities Public Limited,Asian Securities Private Ltd.,180,400.1,72018.0,2025-08-21 12:04:51.591170
2025-08-21,47114,2025082104003049,PMHPL,South Asian Bulls Pvt. Ltd.,SUN SECURITIES PVT LTD,50,402.0,20100.0,2025-08-21 12:05:47.476708
2025-08-21,47098,2025082104003056,PMHPL,Ashutosh Brokerage & Securities (PVT) Ltd.,SUN SECURITIES PVT LTD,10,402.0,4020.0,2025-08-21 12:05:52.254413
2025-08-21,47003,2025082104003085,PMHPL,Kohinoor Investment & Securities Pvt. Ltd.,SUN SECURITIES PVT LTD,100,402.0,40200.0,2025-08-21 12:06:30.191074
2025-08-21,46921,2025082104003109,PMHPL,Nepal Investment And Securities Trading Private Limited,SUN SECURITIES PVT LTD,100,402.0,40200.0,2025-08-21 12:06:52.441500
2025-08-21,46879,2025082104003114,PMHPL,Trishakti Securities Public Limited,Malla & Malla Stock Broking Company Pvt. Limited,40,400.1,16004.0,2025-08-21 12:06:59.238546
2025-08-21,46837,2025082104003122,PMHPL,Kohinoor Investment & Securities Pvt. Ltd.,Malla & Malla Stock Broking Company Pvt. Limited,100,400.0,40000.0,2025-08-21 12:07:19.320556
2025-08-21,45158,2025082104003497,PMHPL,Sundhara Securities Limited,Miyo Securities Pvt Ltd,500,399.0,199500.0,2025-08-21 12:14:57.032979
2025-08-21,45157,2025082104003498,PMHPL,Himalayan Brokerage Company Limited,Miyo Securities Pvt Ltd,50,399.0,19950.0,2025-08-21 12:14:57.033286
2025-08-21,45156,2025082104003499,PMHPL,Ashutosh Brokerage & Securities (PVT) Ltd.,Miyo Securities Pvt Ltd,500,398.3,199150.0,2025-08-21 12:14:57.033516
2025-08-21,45155,2025082104003500,PMHPL,Linch Stock Market Ltd.,Miyo Securities Pvt Ltd,1500,398.2,597300.0,2025-08-21 12:14:57.033753
2025-08-21,45154,2025082104003501,PMHPL,Thrive Brokerage House Pvt. Ltd,Miyo Securities Pvt Ltd,100,398.1,39810.0,2025-08-21 12:14:57.033986
2025-08-21,45153,2025082104003502,PMHPL,Linch Stock Market Ltd.,Miyo Securities Pvt Ltd,1000,398.0,398000.0,2025-08-21 12:14:57.034178
2025-08-21,44874,2025082104003554,PMHPL,Creative Securities Pvt Ltd,Opal Securities Investment (PVT) Ltd.,100,397.6,39760.0,2025-08-21 12:16:35.010334
2025-08-21,44819,2025082104003565,PMHPL,Creative Securities Pvt Ltd,Sani Securities Company Ltd.,400,397.6,159040.0,2025-08-21 12:16:51.485095
2025-08-21,44818,2025082104003566,PMHPL,Linch Stock Market Ltd.,Sani Securities Company Ltd.,10,397.3,3973.0,2025-08-21 12:16:51.485425
2025-08-21,44817,2025082104003567,PMHPL,Online Securities Pvt. Ltd.,Sani Securities Company Ltd.,10,397.0,3970.0,2025-08-21 12:16:51.485612
2025-08-21,44816,2025082104003568,PMHPL,Linch Stock Market Ltd.,Sani Securities Company Ltd.,580,396.3,229854.0,2025-08-21 12:16:51.485818
2025-08-21,44683,2025082104003607,PMHPL,S.P.S.A. Securities Limited,Miyo Securities Pvt Ltd,144,396.4,57081.6,2025-08-21 12:17:30.633556
2025-08-21,44682,2025082104003608,PMHPL,Linch Stock Market Ltd.,Miyo Securities Pvt Ltd,420,396.3,166446.0,2025-08-21 12:17:30.633860
2025-08-21,44681,2025082104003609,PMHPL,Agrawal Securities (PVT) Ltd.,Miyo Securities Pvt Ltd,5000,396.1,1980500.0,2025-08-21 12:17:30.634060
2025-08-21,44680,2025082104003610,PMHPL,Kohinoor Investment & Securities Pvt. Ltd.,Miyo Securities Pvt Ltd,776,396.0,307296.0,2025-08-21 12:17:30.634239
2025-08-21,44513,2025082104003652,PMHPL,Sundhara Securities Limited,Sani Securities Company Ltd.,200,397.0,79400.0,2025-08-21 12:18:22.148073
2025-08-21,44491,2025082104003655,PMHPL,Sundhara Securities Limited,Sani Securities Company Ltd.,100,396.5,39650.0,2025-08-21 12:18:31.249249
2025-08-21,43942,2025082104003811,PMHPL,Infinity Securities Limited,Deevyaa Securities & Stock House Pvt. Ltd,750,396.3,297225.0,2025-08-21 12:22:02.737151
2025-08-21,43784,2025082104003850,PMHPL,Aakashbhairab Securities Ltd.,Online Securities Pvt. Ltd.,10,399.0,3990.0,2025-08-21 12:23:10.300673
2025-08-21,43379,2025082104003963,PMHPL,Online Securities Pvt. Ltd.,Cristal Kanchanjanga Securites Pvt. Ltd.,50,396.5,19825.0,2025-08-21 12:25:24.451482
2025-08-21,43271,2025082104003980,PMHPL,Sani Securities Company Ltd.,Cristal Kanchanjanga Securites Pvt. Ltd.,255,396.4,101082.0,2025-08-21 12:25:56.583677
2025-08-21,43270,2025082104003981,PMHPL,NIMB Stock Markets Limited,Cristal Kanchanjanga Securites Pvt. Ltd.,371,396.4,147064.4,2025-08-21 12:25:56.583935
2025-08-21,43124,2025082104004024,PMHPL,Secured Securities Ltd.,Premier Securities Company Ltd.,100,397.0,39700.0,2025-08-21 12:26:51.096639
2025-08-21,42400,2025082104004187,PMHPL,Secured Securities Ltd.,Online Securities Pvt. Ltd.,300,398.8,119640.0,2025-08-21 12:30:40.753095
2025-08-21,42399,2025082104004188,PMHPL,Secured Securities Ltd.,Online Securities Pvt. Ltd.,325,399.0,129675.0,2025-08-21 12:30:40.753443
2025-08-21,42398,2025082104004189,PMHPL,Secured Securities Ltd.,Vision Securities Pvt. Ltd,115,399.0,45885.0,2025-08-21 12:30:40.753657
2025-08-21,42397,2025082104004190,PMHPL,Secured Securities Ltd.,Sumeru Securities Pvt. Ltd.,160,399.0,63840.0,2025-08-21 12:30:40.753852
2025-08-21,42308,2025082104004210,PMHPL,Investment Management Nepal Pvt. Ltd.,Sumeru Securities Pvt. Ltd.,300,399.0,119700.0,2025-08-21 12:31:09.350519
2025-08-21,42209,2025082104004242,PMHPL,Roadshow securities limited,Sumeru Securities Pvt. Ltd.,100,399.0,39900.0,2025-08-21 12:31:40.945411
2025-08-21,42013,2025082104004289,PMHPL,Naasa Securities Co. Ltd.,Sumeru Securities Pvt. Ltd.,12,399.0,4788.0,2025-08-21 12:32:42.018628
2025-08-21,41835,2025082104004356,PMHPL,Sewa Securities Pvt. Ltd.,Sumeru Securities Pvt. Ltd.,28,399.0,11172.0,2025-08-21 12:33:48.519686
2025-08-21,41739,2025082104004381,PMHPL,Linch Stock Market Ltd.,Blue Chip Securities Ltd,15,399.0,5985.0,2025-08-21 12:34:40.595201
2025-08-21,41738,2025082104004382,PMHPL,Sharepro Securities Private Limited,Blue Chip Securities Ltd,100,397.8,39780.0,2025-08-21 12:34:40.595267
2025-08-21,41737,2025082104004383,PMHPL,Investment Management Nepal Pvt. Ltd.,Blue Chip Securities Ltd,200,397.8,79560.0,2025-08-21 12:34:40.595320
2025-08-21,41736,2025082104004384,PMHPL,Naasa Securities Co. Ltd.,Blue Chip Securities Ltd,30,397.8,11934.0,2025-08-21 12:34:40.595346
2025-08-21,41735,2025082104004385,PMHPL,Naasa Securities Co. Ltd.,Blue Chip Securities Ltd,19,397.8,7558.2,2025-08-21 12:34:40.595369
2025-08-21,41734,2025082104004386,PMHPL,Capital Max Securities Ltd,Blue Chip Securities Ltd,1000,397.7,397700.0,2025-08-21 12:34:40.595395
2025-08-21,41733,2025082104004387,PMHPL,Nepal Investment And Securities Trading Private Limited,Blue Chip Securities Ltd,10,397.5,3975.0,2025-08-21 12:34:40.595423
2025-08-21,41732,2025082104004388,PMHPL,Infinity Securities Limited,Blue Chip Securities Ltd,626,397.3,248709.8,2025-08-21 12:34:40.595451
2025-08-21,41670,2025082104004404,PMHPL,Opal Securities Investment (PVT) Ltd.,Sweta Securities Private Limited,25,399.5,9987.5,2025-08-21 12:34:54.860521
2025-08-21,41626,2025082104004410,PMHPL,Infinity Securities Limited,Blue Chip Securities Ltd,324,397.3,128725.2,2025-08-21 12:35:11.672536
2025-08-21,41625,2025082104004411,PMHPL,SHUBHAKAMANA SECURITIES PVT. LTD,Blue Chip Securities Ltd,300,397.0,119100.0,2025-08-21 12:35:11.672650
2025-08-21,41624,2025082104004412,PMHPL,Sundhara Securities Limited,Blue Chip Securities Ltd,500,396.5,198250.0,2025-08-21 12:35:11.672719
2025-08-21,41623,2025082104004413,PMHPL,NIMB Stock Markets Limited,Blue Chip Securities Ltd,129,396.4,51135.6,2025-08-21 12:35:11.672788
2025-08-21,41622,2025082104004414,PMHPL,Kohinoor Investment & Securities Pvt. Ltd.,Blue Chip Securities Ltd,47,396.3,18626.1,2025-08-21 12:35:11.672854
2025-08-21,41452,2025082104004439,PMHPL,Sewa Securities Pvt. Ltd.,Cristal Kanchanjanga Securites Pvt. Ltd.,80,397.0,31760.0,2025-08-21 12:36:15.738377
2025-08-21,41451,2025082104004440,PMHPL,Kohinoor Investment & Securities Pvt. Ltd.,Cristal Kanchanjanga Securites Pvt. Ltd.,20,396.3,7926.0,2025-08-21 12:36:15.738729
2025-08-21,41195,2025082104004505,PMHPL,Kohinoor Investment & Securities Pvt. Ltd.,Dipshikha Dhitopatra Karobar Co. Pvt Ltd.,33,396.3,13077.9,2025-08-21 12:37:44.825990
2025-08-21,41194,2025082104004506,PMHPL,Imperial Securities Company Pvt. Ltd.,Dipshikha Dhitopatra Karobar Co. Pvt Ltd.,100,396.3,39630.0,2025-08-21 12:37:44.826184
2025-08-21,41193,2025082104004507,PMHPL,Midas Stock Broking Company Private Limited,Dipshikha Dhitopatra Karobar Co. Pvt Ltd.,91,396.2,36054.2,2025-08-21 12:37:44.826252
2025-08-21,40732,2025082104004633,PMHPL,Midas Stock Broking Company Private Limited,Malla & Malla Stock Broking Company Pvt. Limited,40,396.2,15848.0,2025-08-21 12:40:03.756291
2025-08-21,40548,2025082104004681,PMHPL,Sewa Securities Pvt. Ltd.,Naasa Securities Co. Ltd.,20,397.0,7940.0,2025-08-21 12:40:42.848974
2025-08-21,40308,2025082104004756,PMHPL,Midas Stock Broking Company Private Limited,Capital Max Securities Ltd,55,396.2,21791.0,2025-08-21 12:41:43.536133
2025-08-21,40203,2025082104004783,PMHPL,Midas Stock Broking Company Private Limited,Naasa Securities Co. Ltd.,314,396.2,124406.8,2025-08-21 12:42:07.404834
2025-08-21,40202,2025082104004784,PMHPL,Asian Securities Private Ltd.,Naasa Securities Co. Ltd.,100,396.1,39610.0,2025-08-21 12:42:07.404938
2025-08-21,40201,2025082104004785,PMHPL,Secured Securities Ltd.,Naasa Securities Co. Ltd.,56,396.1,22181.6,2025-08-21 12:42:07.404999
2025-08-21,39987,2025082104004848,PMHPL,Secured Securities Ltd.,Nepal Investment And Securities Trading Private Limited,944,396.1,373918.4,2025-08-21 12:42:50.016603
2025-08-21,39986,2025082104004849,PMHPL,Kohinoor Investment & Securities Pvt. Ltd.,Nepal Investment And Securities Trading Private Limited,224,396.0,88704.0,2025-08-21 12:42:50.016792
2025-08-21,39985,2025082104004850,PMHPL,Siprabi Securities Pvt. Ltd.,Nepal Investment And Securities Trading Private Limited,332,396.0,131472.0,2025-08-21 12:42:50.016864
2025-08-21,39740,2025082104004899,PMHPL,Siprabi Securities Pvt. Ltd.,Dipshikha Dhitopatra Karobar Co. Pvt Ltd.,90,396.0,35640.0,2025-08-21 12:43:49.770291
2025-08-21,39629,2025082104004926,PMHPL,Siprabi Securities Pvt. Ltd.,Capital Max Securities Ltd,50,396.0,19800.0,2025-08-21 12:44:20.214647
2025-08-21,39290,2025082104005049,PMHPL,ABC Securities Private Limited,Trishakti Securities Public Limited,50,396.1,19805.0,2025-08-21 12:45:36.462700
2025-08-21,39289,2025082104005050,PMHPL,Siprabi Securities Pvt. Ltd.,Trishakti Securities Public Limited,28,396.0,11088.0,2025-08-21 12:45:36.463001
2025-08-21,39288,2025082104005051,PMHPL,Nepal Stock House (PVT) Ltd.,Trishakti Securities Public Limited,122,396.0,48312.0,2025-08-21 12:45:36.463072
2025-08-21,39211,2025082104005061,PMHPL,Nepal Stock House (PVT) Ltd.,Sharepro Securities Private Limited,878,396.0,347688.0,2025-08-21 12:45:57.276221
2025-08-21,38775,2025082104005183,PMHPL,Sipla Securities Private Limited,Aryatara Investment & Securities,100,395.5,39550.0,2025-08-21 12:47:26.863040
2025-08-21,37101,2025082104005529,PMHPL,Imperial Securities Company Pvt. Ltd.,Sumeru Securities Pvt. Ltd.,500,396.0,198000.0,2025-08-21 12:53:19.364275
2025-08-21,36971,2025082104005566,PMHPL,Imperial Securities Company Pvt. Ltd.,Sumeru Securities Pvt. Ltd.,256,396.0,101376.0,2025-08-21 12:54:03.049493
2025-08-21,36381,2025082104005671,PMHPL,Primo Securities (PVT) Ltd.,Premier Securities Company Ltd.,200,396.1,79220.0,2025-08-21 12:56:19.872705
2025-08-21,36066,2025082104005728,PMHPL,Dynamic Money Managers Securities Pvt. Ltd.,Premier Securities Company Ltd.,200,396.2,79240.0,2025-08-21 12:58:02.414586
2025-08-21,36023,2025082104005739,PMHPL,Imperial Securities Company Pvt. Ltd.,Sri Hari Securities Pvt. Ltd.,150,396.0,59400.0,2025-08-21 12:58:27.365690
2025-08-21,36020,2025082104005741,PMHPL,Imperial Securities Company Pvt. Ltd.,Sweta Securities Private Limited,94,396.0,37224.0,2025-08-21 12:58:29.858966
2025-08-21,36019,2025082104005742,PMHPL,Sundhara Securities Limited,Sweta Securities Private Limited,100,396.0,39600.0,2025-08-21 12:58:29.859162
2025-08-21,35807,2025082104005783,PMHPL,Dynamic Money Managers Securities Pvt. Ltd.,Premier Securities Company Ltd.,10,395.2,3952.0,2025-08-21 12:59:18.826120
2025-08-21,35806,2025082104005784,PMHPL,Prabhu Stock Market Limited,Premier Securities Company Ltd.,90,395.2,35568.0,2025-08-21 12:59:18.826341
2025-08-21,35351,2025082104005914,PMHPL,Sani Securities Company Ltd.,Nagarik Stock Dealer ,100,395.3,39530.0,2025-08-21 13:01:59.414612
2025-08-21,35350,2025082104005915,PMHPL,Aryatara Investment & Securities,Nagarik Stock Dealer ,50,395.2,19760.0,2025-08-21 13:01:59.414965
2025-08-21,35349,2025082104005916,PMHPL,Prabhu Stock Market Limited,Nagarik Stock Dealer ,50,395.2,19760.0,2025-08-21 13:01:59.415163
2025-08-21,34885,2025082104006021,PMHPL,Shree Krishna Securities Ltd.,Capital Max Securities Ltd,200,397.4,79480.0,2025-08-21 13:04:30.964592
2025-08-21,34654,2025082104006073,PMHPL,KALASH STOCK MARKET PVT. LTD.,Sweta Securities Private Limited,100,396.2,39620.0,2025-08-21 13:05:57.970084
2025-08-21,34529,2025082104006094,PMHPL,Prabhu Stock Market Limited,Nagarik Stock Dealer ,50,395.2,19760.0,2025-08-21 13:06:39.278473
2025-08-21,33310,2025082104006355,PMHPL,Capital Max Securities Ltd,Himalayan Brokerage Company Limited,200,395.3,79060.0,2025-08-21 13:13:55.236386
2025-08-21,33201,2025082104006375,PMHPL,Capital Max Securities Ltd,Trishakti Securities Public Limited,200,395.3,79060.0,2025-08-21 13:14:44.213873
2025-08-21,32604,2025082104006518,PMHPL,Online Securities Pvt. Ltd.,Sweta Securities Private Limited,250,396.0,99000.0,2025-08-21 13:19:13.481840
2025-08-21,32001,2025082104006665,PMHPL,Naasa Securities Co. Ltd.,Creative Securities Pvt Ltd,10,395.8,3958.0,2025-08-21 13:22:19.421026
2025-08-21,31947,2025082104006680,PMHPL,Sundhara Securities Limited,Sumeru Securities Pvt. Ltd.,200,397.0,79400.0,2025-08-21 13:22:36.014887
2025-08-21,31836,2025082104006719,PMHPL,Sharepro Securities Private Limited,SUN SECURITIES PVT LTD,100,395.7,39570.0,2025-08-21 13:23:11.828353
2025-08-21,31835,2025082104006720,PMHPL,Nagarik Stock Dealer ,SUN SECURITIES PVT LTD,850,395.7,336345.0,2025-08-21 13:23:11.828689
2025-08-21,31834,2025082104006721,PMHPL,Opal Securities Investment (PVT) Ltd.,SUN SECURITIES PVT LTD,500,395.5,197750.0,2025-08-21 13:23:11.828892
2025-08-21,31833,2025082104006722,PMHPL,Imperial Securities Company Pvt. Ltd.,SUN SECURITIES PVT LTD,100,395.5,39550.0,2025-08-21 13:23:11.829084
2025-08-21,31832,2025082104006723,PMHPL,Linch Stock Market Ltd.,SUN SECURITIES PVT LTD,1000,395.4,395400.0,2025-08-21 13:23:11.829308
2025-08-21,31831,2025082104006724,PMHPL,Capital Max Securities Ltd,SUN SECURITIES PVT LTD,100,395.3,39530.0,2025-08-21 13:23:11.829512
2025-08-21,31830,2025082104006725,PMHPL,Naasa Securities Co. Ltd.,SUN SECURITIES PVT LTD,50,395.0,19750.0,2025-08-21 13:23:11.829703
2025-08-21,31829,2025082104006726,PMHPL,Bhrikuti Stock Broking Co. Pvt. Ltd.,SUN SECURITIES PVT LTD,100,395.0,39500.0,2025-08-21 13:23:11.829902
2025-08-21,31828,2025082104006727,PMHPL,NIMB Stock Markets Limited,SUN SECURITIES PVT LTD,20,395.0,7900.0,2025-08-21 13:23:11.830094
2025-08-21,31827,2025082104006728,PMHPL,Nepal Stock House (PVT) Ltd.,SUN SECURITIES PVT LTD,180,395.0,71100.0,2025-08-21 13:23:11.830284
2025-08-21,31749,2025082104006740,PMHPL,Nepal Stock House (PVT) Ltd.,Sweta Securities Private Limited,20,395.0,7900.0,2025-08-21 13:23:41.752920
2025-08-21,31748,2025082104006741,PMHPL,Naasa Securities Co. Ltd.,Sweta Securities Private Limited,500,395.0,197500.0,2025-08-21 13:23:41.753111
2025-08-21,31747,2025082104006742,PMHPL,Swarna Laxmi Securities Pvt. Ltd.,Sweta Securities Private Limited,40,395.0,15800.0,2025-08-21 13:23:41.753184
2025-08-21,31746,2025082104006743,PMHPL,Sani Securities Company Ltd.,Sweta Securities Private Limited,93,395.0,36735.0,2025-08-21 13:23:41.753251
2025-08-21,31745,2025082104006744,PMHPL,Naasa Securities Co. Ltd.,Sweta Securities Private Limited,47,395.0,18565.0,2025-08-21 13:23:41.753323
2025-08-21,31639,2025082104006757,PMHPL,Naasa Securities Co. Ltd.,SUN SECURITIES PVT LTD,53,395.0,20935.0,2025-08-21 13:23:59.829583
2025-08-21,31543,2025082104006778,PMHPL,Dynamic Money Managers Securities Pvt. Ltd.,Sani Securities Company Ltd.,10,394.5,3945.0,2025-08-21 13:24:44.074829
2025-08-21,31542,2025082104006779,PMHPL,Linch Stock Market Ltd.,Sani Securities Company Ltd.,566,394.5,223287.0,2025-08-21 13:24:44.075023
2025-08-21,31449,2025082104006816,PMHPL,Linch Stock Market Ltd.,Deevyaa Securities & Stock House Pvt. Ltd,434,394.5,171213.0,2025-08-21 13:25:27.046553
2025-08-21,31329,2025082104006831,PMHPL,Dynamic Money Managers Securities Pvt. Ltd.,Capital Max Securities Ltd,10,394.4,3944.0,2025-08-21 13:26:19.854573
2025-08-21,31328,2025082104006832,PMHPL,Dynamic Money Managers Securities Pvt. Ltd.,Capital Max Securities Ltd,10,394.3,3943.0,2025-08-21 13:26:19.854644
2025-08-21,31327,2025082104006833,PMHPL,Dynamic Money Managers Securities Pvt. Ltd.,Capital Max Securities Ltd,10,394.2,3942.0,2025-08-21 13:26:19.854691
2025-08-21,31326,2025082104006834,PMHPL,Imperial Securities Company Pvt. Ltd.,Capital Max Securities Ltd,100,394.0,39400.0,2025-08-21 13:26:19.854717
2025-08-21,31325,2025082104006835,PMHPL,Sundhara Securities Limited,Capital Max Securities Ltd,500,394.0,197000.0,2025-08-21 13:26:19.854742
2025-08-21,31324,2025082104006836,PMHPL,Naasa Securities Co. Ltd.,Capital Max Securities Ltd,20,394.0,7880.0,2025-08-21 13:26:19.854764
2025-08-21,31323,2025082104006837,PMHPL,Kohinoor Investment & Securities Pvt. Ltd.,Capital Max Securities Ltd,1000,394.0,394000.0,2025-08-21 13:26:19.854787
2025-08-21,31322,2025082104006838,PMHPL,South Asian Bulls Pvt. Ltd.,Capital Max Securities Ltd,100,394.0,39400.0,2025-08-21 13:26:19.854810
2025-08-21,31321,2025082104006839,PMHPL,Dynamic Money Managers Securities Pvt. Ltd.,Capital Max Securities Ltd,10,393.9,3939.0,2025-08-21 13:26:19.854837
2025-08-21,31320,2025082104006840,PMHPL,Dynamic Money Managers Securities Pvt. Ltd.,Capital Max Securities Ltd,10,393.8,3938.0,2025-08-21 13:26:19.854872
2025-08-21,31319,2025082104006841,PMHPL,ABC Securities Private Limited,Capital Max Securities Ltd,30,393.1,11793.0,2025-08-21 13:26:19.854897
2025-08-21,31313,2025082104006843,PMHPL,Linch Stock Market Ltd.,Deevyaa Securities & Stock House Pvt. Ltd,566,394.5,223287.0,2025-08-21 13:26:21.741596
2025-08-21,31312,2025082104006844,PMHPL,Linch Stock Market Ltd.,SUN SECURITIES PVT LTD,10,395.0,3950.0,2025-08-21 13:26:21.741658
2025-08-21,30713,2025082104006957,PMHPL,Imperial Securities Company Pvt. Ltd.,South Asian Bulls Pvt. Ltd.,200,395.0,79000.0,2025-08-21 13:28:58.490002
2025-08-21,29187,2025082104007360,PMHPL,Sharepro Securities Private Limited,Secured Securities Ltd.,100,393.1,39310.0,2025-08-21 13:35:46.142507
2025-08-21,29186,2025082104007361,PMHPL,Siprabi Securities Pvt. Ltd.,Secured Securities Ltd.,100,393.1,39310.0,2025-08-21 13:35:46.142703
2025-08-21,29185,2025082104007362,PMHPL,Dynamic Money Managers Securities Pvt. Ltd.,Secured Securities Ltd.,10,393.0,3930.0,2025-08-21 13:35:46.142775
2025-08-21,29184,2025082104007363,PMHPL,Thrive Brokerage House Pvt. Ltd,Secured Securities Ltd.,40,393.0,15720.0,2025-08-21 13:35:46.142838
2025-08-21,29031,2025082104007412,PMHPL,Thrive Brokerage House Pvt. Ltd,Sweta Securities Private Limited,10,393.0,3930.0,2025-08-21 13:36:37.556376
2025-08-21,28660,2025082104007523,PMHPL,Sani Securities Company Ltd.,Secured Securities Ltd.,100,393.0,39300.0,2025-08-21 13:38:27.726238
2025-08-21,28659,2025082104007524,PMHPL,Midas Stock Broking Company Private Limited,Secured Securities Ltd.,20,393.0,7860.0,2025-08-21 13:38:27.726585
2025-08-21,28588,2025082104007536,PMHPL,Midas Stock Broking Company Private Limited,Primo Securities (PVT) Ltd.,10,396.0,3960.0,2025-08-21 13:38:51.818386
2025-08-21,27611,2025082104007772,PMHPL,Sri Hari Securities Pvt. Ltd.,Sweta Securities Private Limited,200,396.0,79200.0,2025-08-21 13:44:08.141226
2025-08-21,26994,2025082104007912,PMHPL,Capital Max Securities Ltd,Sweta Securities Private Limited,100,396.0,39600.0,2025-08-21 13:47:14.699431
2025-08-21,26897,2025082104007927,PMHPL,KALASH STOCK MARKET PVT. LTD.,Midas Stock Broking Company Private Limited,500,396.7,198350.0,2025-08-21 13:47:55.197385
2025-08-21,26478,2025082104008006,PMHPL,South Asian Bulls Pvt. Ltd.,Blue Chip Securities Ltd,500,394.5,197250.0,2025-08-21 13:49:51.039548
2025-08-21,26477,2025082104008007,PMHPL,Neev Securities Pvt. Ltd.,Blue Chip Securities Ltd,400,394.4,157760.0,2025-08-21 13:49:51.039631
2025-08-21,26476,2025082104008008,PMHPL,South Asian Bulls Pvt. Ltd.,Blue Chip Securities Ltd,500,393.1,196550.0,2025-08-21 13:49:51.039712
2025-08-21,26475,2025082104008009,PMHPL,Midas Stock Broking Company Private Limited,Blue Chip Securities Ltd,280,393.0,110040.0,2025-08-21 13:49:51.039789
2025-08-21,26474,2025082104008010,PMHPL,Deevyaa Securities & Stock House Pvt. Ltd,Blue Chip Securities Ltd,320,393.0,125760.0,2025-08-21 13:49:51.039862
2025-08-21,25561,2025082104008202,PMHPL,Agrawal Securities (PVT) Ltd.,Sumeru Securities Pvt. Ltd.,300,396.0,118800.0,2025-08-21 13:54:28.704570
2025-08-21,25498,2025082104008211,PMHPL,KALASH STOCK MARKET PVT. LTD.,Miyo Securities Pvt Ltd,550,396.0,217800.0,2025-08-21 13:54:47.533978
2025-08-21,24563,2025082104008432,PMHPL,Capital Max Securities Ltd,Agrawal Securities (PVT) Ltd.,100,394.5,39450.0,2025-08-21 13:59:07.196059
2025-08-21,24562,2025082104008433,PMHPL,KALASH STOCK MARKET PVT. LTD.,Agrawal Securities (PVT) Ltd.,850,394.4,335240.0,2025-08-21 13:59:07.196275
2025-08-21,24561,2025082104008434,PMHPL,Arun Securities (PVT) Ltd.,Agrawal Securities (PVT) Ltd.,200,394.3,78860.0,2025-08-21 13:59:07.196352
2025-08-21,24533,2025082104008439,PMHPL,Capital Max Securities Ltd,Miyo Securities Pvt Ltd,100,396.0,39600.0,2025-08-21 13:59:15.628676
2025-08-21,24357,2025082104008485,PMHPL,Sumeru Securities Pvt. Ltd.,Miyo Securities Pvt Ltd,50,396.0,19800.0,2025-08-21 14:00:17.980103
2025-08-21,24356,2025082104008486,PMHPL,Sumeru Securities Pvt. Ltd.,Sweta Securities Private Limited,100,396.0,39600.0,2025-08-21 14:00:17.980572
2025-08-21,22584,2025082104008991,PMHPL,Linch Stock Market Ltd.,Trishakti Securities Public Limited,70,396.0,27720.0,2025-08-21 14:08:44.967908
2025-08-21,22559,2025082104008996,PMHPL,Nepal Investment And Securities Trading Private Limited,Dynamic Money Managers Securities Pvt. Ltd.,80,395.1,31608.0,2025-08-21 14:08:48.258869
2025-08-21,22558,2025082104008997,PMHPL,Swarna Laxmi Securities Pvt. Ltd.,Dynamic Money Managers Securities Pvt. Ltd.,130,395.1,51363.0,2025-08-21 14:08:48.258951
2025-08-21,22557,2025082104008998,PMHPL,Nepal Investment And Securities Trading Private Limited,Dynamic Money Managers Securities Pvt. Ltd.,10,395.1,3951.0,2025-08-21 14:08:48.258977
2025-08-21,22556,2025082104008999,PMHPL,Agrawal Securities (PVT) Ltd.,Dynamic Money Managers Securities Pvt. Ltd.,700,395.0,276500.0,2025-08-21 14:08:48.259027
2025-08-21,22555,2025082104009000,PMHPL,Asian Securities Private Ltd.,Dynamic Money Managers Securities Pvt. Ltd.,500,395.0,197500.0,2025-08-21 14:08:48.259064
2025-08-21,22554,2025082104009001,PMHPL,Ashutosh Brokerage & Securities (PVT) Ltd.,Dynamic Money Managers Securities Pvt. Ltd.,80,394.6,31568.0,2025-08-21 14:08:48.259101
2025-08-21,22057,2025082104009118,PMHPL,Trishakti Securities Public Limited,J.F. Securites (PVT) Ltd.,85,395.4,33609.0,2025-08-21 14:10:53.927446
2025-08-21,20775,2025082104009421,PMHPL,Trishakti Securities Public Limited,Dipshikha Dhitopatra Karobar Co. Pvt Ltd.,100,395.1,39510.0,2025-08-21 14:15:21.666165
2025-08-21,20550,2025082104009464,PMHPL,Sani Securities Company Ltd.,Thrive Brokerage House Pvt. Ltd,20,396.0,7920.0,2025-08-21 14:16:26.557691
2025-08-21,20006,2025082104009588,PMHPL,Sumeru Securities Pvt. Ltd.,Thrive Brokerage House Pvt. Ltd,30,396.0,11880.0,2025-08-21 14:18:29.541041
2025-08-21,20005,2025082104009589,PMHPL,Sumeru Securities Pvt. Ltd.,Sharepro Securities Private Limited,120,396.2,47544.0,2025-08-21 14:18:29.541444
2025-08-21,19346,2025082104009757,PMHPL,Dakshinkali Investment & Securities Pvt. Ltd.,Sharepro Securities Private Limited,30,396.2,11886.0,2025-08-21 14:21:32.958463
2025-08-21,19345,2025082104009758,PMHPL,Dakshinkali Investment & Securities Pvt. Ltd.,Bhrikuti Stock Broking Co. Pvt. Ltd.,500,396.3,198150.0,2025-08-21 14:21:32.958800
2025-08-21,19344,2025082104009759,PMHPL,Dakshinkali Investment & Securities Pvt. Ltd.,Midas Stock Broking Company Private Limited,470,396.4,186308.0,2025-08-21 14:21:32.959008
2025-08-21,19289,2025082104009769,PMHPL,Capital Max Securities Ltd,Midas Stock Broking Company Private Limited,30,396.4,11892.0,2025-08-21 14:21:46.987000
2025-08-21,19288,2025082104009770,PMHPL,Capital Max Securities Ltd,Imperial Securities Company Pvt. Ltd.,40,396.5,15860.0,2025-08-21 14:21:46.987176
2025-08-21,19189,2025082104009803,PMHPL,Linch Stock Market Ltd.,Imperial Securities Company Pvt. Ltd.,15,396.5,5947.5,2025-08-21 14:22:15.375301
2025-08-21,19086,2025082104009817,PMHPL,Trishakti Securities Public Limited,Imperial Securities Company Pvt. Ltd.,245,396.5,97142.5,2025-08-21 14:22:45.850596
2025-08-21,19085,2025082104009818,PMHPL,Trishakti Securities Public Limited,Bhrikuti Stock Broking Co. Pvt. Ltd.,155,396.8,61504.0,2025-08-21 14:22:45.850681
2025-08-21,19042,2025082104009833,PMHPL,Trishakti Securities Public Limited,Bhrikuti Stock Broking Co. Pvt. Ltd.,95,396.8,37696.0,2025-08-21 14:22:56.014418
2025-08-21,19041,2025082104009834,PMHPL,Trishakti Securities Public Limited,Secured Securities Ltd.,455,397.0,180635.0,2025-08-21 14:22:56.014497
2025-08-21,18457,2025082104009958,PMHPL,Midas Stock Broking Company Private Limited,Secured Securities Ltd.,36,397.0,14292.0,2025-08-21 14:25:25.044588
2025-08-21,18327,2025082104009980,PMHPL,Trishakti Securities Public Limited,Trishakti Securities Public Limited,750,398.0,298500.0,2025-08-21 14:25:48.898497
2025-08-21,18326,2025082104009981,PMHPL,Trishakti Securities Public Limited,Secured Securities Ltd.,250,398.0,99500.0,2025-08-21 14:25:48.898595
2025-08-21,18154,2025082104010030,PMHPL,Midas Stock Broking Company Private Limited,Secured Securities Ltd.,241,398.0,95918.0,2025-08-21 14:26:32.429946
2025-08-21,17941,2025082104010075,PMHPL,Trishakti Securities Public Limited,Sumeru Securities Pvt. Ltd.,10,398.0,3980.0,2025-08-21 14:27:33.390288
2025-08-21,17939,2025082104010077,PMHPL,Citizens Share Broker Limited,Sweta Securities Private Limited,21,399.5,8389.5,2025-08-21 14:27:34.026745
2025-08-21,17922,2025082104010082,PMHPL,Trishakti Securities Public Limited,Sweta Securities Private Limited,54,399.5,21573.0,2025-08-21 14:27:39.421239
2025-08-21,17921,2025082104010083,PMHPL,Trishakti Securities Public Limited,Sharepro Securities Private Limited,12,399.8,4797.6,2025-08-21 14:27:39.421367
2025-08-21,17507,2025082104010172,PMHPL,Trishakti Securities Public Limited,Sharepro Securities Private Limited,38,399.8,15192.4,2025-08-21 14:29:24.962434
2025-08-21,16645,2025082104010418,PMHPL,Arun Securities (PVT) Ltd.,Midas Stock Broking Company Private Limited,375,396.3,148612.5,2025-08-21 14:32:44.276112
2025-08-21,16644,2025082104010419,PMHPL,Dipshikha Dhitopatra Karobar Co. Pvt Ltd.,Midas Stock Broking Company Private Limited,100,396.2,39620.0,2025-08-21 14:32:44.276173
2025-08-21,15032,2025082104010773,PMHPL,Kalika Securities Pvt. Ltd.,Trishakti Securities Public Limited,10,396.2,3962.0,2025-08-21 14:37:27.323878
2025-08-21,15031,2025082104010774,PMHPL,Midas Stock Broking Company Private Limited,Trishakti Securities Public Limited,110,395.5,43505.0,2025-08-21 14:37:27.324232
2025-08-21,14790,2025082104010841,PMHPL,Midas Stock Broking Company Private Limited,Trishakti Securities Public Limited,10,395.5,3955.0,2025-08-21 14:38:07.635872
2025-08-21,14128,2025082104011036,PMHPL,Midas Stock Broking Company Private Limited,Capital Max Securities Ltd,10,398.9,3989.0,2025-08-21 14:39:27.224110
2025-08-21,14094,2025082104011043,PMHPL,Linch Stock Market Ltd.,Midas Stock Broking Company Private Limited,21,399.0,8379.0,2025-08-21 14:39:34.628764
2025-08-21,13447,2025082104011203,PMHPL,Midas Stock Broking Company Private Limited,R.B.B. Securities Company Ltd,200,396.1,79220.0,2025-08-21 14:41:20.137533
2025-08-21,13255,2025082104011268,PMHPL,Sri Hari Securities Pvt. Ltd.,R.B.B. Securities Company Ltd,100,396.2,39620.0,2025-08-21 14:41:42.403892
2025-08-21,13201,2025082104011279,PMHPL,Midas Stock Broking Company Private Limited,Neev Securities Pvt. Ltd.,100,396.1,39610.0,2025-08-21 14:41:49.286858
2025-08-21,13143,2025082104011293,PMHPL,Midas Stock Broking Company Private Limited,Midas Stock Broking Company Private Limited,80,396.1,31688.0,2025-08-21 14:41:59.991988
2025-08-21,13142,2025082104011294,PMHPL,Pragyan Securities (PVT) Ltd.,Midas Stock Broking Company Private Limited,920,396.0,364320.0,2025-08-21 14:41:59.992356
2025-08-21,13082,2025082104011299,PMHPL,Property Wiard Limited,Kumari Securities Private Limited,200,398.9,79780.0,2025-08-21 14:42:05.244365
2025-08-21,13081,2025082104011300,PMHPL,Property Wiard Limited,Midas Stock Broking Company Private Limited,479,399.0,191121.0,2025-08-21 14:42:05.244485
2025-08-21,13080,2025082104011301,PMHPL,Property Wiard Limited,Kohinoor Investment & Securities Pvt. Ltd.,321,399.0,128079.0,2025-08-21 14:42:05.244571
2025-08-21,12590,2025082104011448,PMHPL,Pragyan Securities (PVT) Ltd.,Dipshikha Dhitopatra Karobar Co. Pvt Ltd.,20,396.0,7920.0,2025-08-21 14:42:58.283175
2025-08-21,12275,2025082104011499,PMHPL,Pragyan Securities (PVT) Ltd.,ABC Securities Private Limited,124,396.0,49104.0,2025-08-21 14:43:43.388493
2025-08-21,11155,2025082104011917,PMHPL,Linch Stock Market Ltd.,Kohinoor Investment & Securities Pvt. Ltd.,10,399.0,3990.0,2025-08-21 14:45:20.751084
2025-08-21,10128,2025082104012178,PMHPL,NIMB Stock Markets Limited,Naasa Securities Co. Ltd.,10,398.0,3980.0,2025-08-21 14:47:32.305607
2025-08-21,9545,2025082104012314,PMHPL,Linch Stock Market Ltd.,Kohinoor Investment & Securities Pvt. Ltd.,10,399.0,3990.0,2025-08-21 14:48:37.158349
2025-08-21,9093,2025082104012473,PMHPL,Secured Securities Ltd.,ABC Securities Private Limited,538,397.0,213586.0,2025-08-21 14:49:20.096650
2025-08-21,9092,2025082104012474,PMHPL,Thrive Brokerage House Pvt. Ltd,ABC Securities Private Limited,20,396.1,7922.0,2025-08-21 14:49:20.096691
2025-08-21,9091,2025082104012475,PMHPL,Pragyan Securities (PVT) Ltd.,ABC Securities Private Limited,316,396.0,125136.0,2025-08-21 14:49:20.096719
2025-08-21,9090,2025082104012476,PMHPL,Kalika Securities Pvt. Ltd.,ABC Securities Private Limited,10,396.0,3960.0,2025-08-21 14:49:20.096745
2025-08-21,9089,2025082104012477,PMHPL,R.B.B. Securities Company Ltd,ABC Securities Private Limited,100,396.0,39600.0,2025-08-21 14:49:20.096783
2025-08-21,9088,2025082104012478,PMHPL,Midas Stock Broking Company Private Limited,ABC Securities Private Limited,1000,395.9,395900.0,2025-08-21 14:49:20.096819
2025-08-21,9087,2025082104012479,PMHPL,ABC Securities Private Limited,ABC Securities Private Limited,1000,395.8,395800.0,2025-08-21 14:49:20.096846
2025-08-21,9086,2025082104012480,PMHPL,Garima Securities Limited,ABC Securities Private Limited,16,395.8,6332.8,2025-08-21 14:49:20.096869
2025-08-21,8834,2025082104012544,PMHPL,Linch Stock Market Ltd.,Nagarik Stock Dealer ,10,398.0,3980.0,2025-08-21 14:49:53.840922
2025-08-21,8115,2025082104012730,PMHPL,Thrive Brokerage House Pvt. Ltd,ABC Securities Private Limited,60,396.0,23760.0,2025-08-21 14:51:19.811892
2025-08-21,8114,2025082104012731,PMHPL,Garima Securities Limited,ABC Securities Private Limited,34,395.8,13457.2,2025-08-21 14:51:19.811996
2025-08-21,8113,2025082104012732,PMHPL,Secured Securities Ltd.,ABC Securities Private Limited,1000,395.8,395800.0,2025-08-21 14:51:19.812113
2025-08-21,8112,2025082104012733,PMHPL,Imperial Securities Company Pvt. Ltd.,ABC Securities Private Limited,100,395.7,39570.0,2025-08-21 14:51:19.812199
2025-08-21,8111,2025082104012734,PMHPL,ABC Securities Private Limited,ABC Securities Private Limited,1000,395.7,395700.0,2025-08-21 14:51:19.812273
2025-08-21,8110,2025082104012735,PMHPL,Sri Hari Securities Pvt. Ltd.,ABC Securities Private Limited,806,395.5,318773.0,2025-08-21 14:51:19.812387
2025-08-21,7913,2025082104012802,PMHPL,Premier Securities Company Ltd.,Midas Stock Broking Company Private Limited,500,397.8,198900.0,2025-08-21 14:51:38.148780
2025-08-21,7912,2025082104012803,PMHPL,Premier Securities Company Ltd.,Vision Securities Pvt. Ltd,100,397.9,39790.0,2025-08-21 14:51:38.148824
2025-08-21,7911,2025082104012804,PMHPL,Premier Securities Company Ltd.,Nagarik Stock Dealer ,400,398.0,159200.0,2025-08-21 14:51:38.148851
2025-08-21,7817,2025082104012828,PMHPL,Sri Hari Securities Pvt. Ltd.,Naasa Securities Co. Ltd.,1180,395.5,466690.0,2025-08-21 14:51:51.210986
2025-08-21,7522,2025082104012908,PMHPL,Secured Securities Ltd.,Thrive Brokerage House Pvt. Ltd,500,397.0,198500.0,2025-08-21 14:52:28.491574
2025-08-21,7163,2025082104012999,PMHPL,Premier Securities Company Ltd.,Thrive Brokerage House Pvt. Ltd,500,397.0,198500.0,2025-08-21 14:53:04.726489
2025-08-21,7162,2025082104013000,PMHPL,Premier Securities Company Ltd.,Nagarik Stock Dealer ,1500,398.0,597000.0,2025-08-21 14:53:04.726585
2025-08-21,6346,2025082104013236,PMHPL,Pragyan Securities (PVT) Ltd.,Vision Securities Pvt. Ltd,10,396.0,3960.0,2025-08-21 14:54:18.676665
2025-08-21,6227,2025082104013268,PMHPL,Pragyan Securities (PVT) Ltd.,Bhrikuti Stock Broking Co. Pvt. Ltd.,260,396.0,102960.0,2025-08-21 14:54:32.779051
2025-08-21,5895,2025082104013343,PMHPL,Sri Hari Securities Pvt. Ltd.,Sri Hari Securities Pvt. Ltd.,14,395.5,5537.0,2025-08-21 14:55:04.553304
2025-08-21,5894,2025082104013344,PMHPL,Dakshinkali Investment & Securities Pvt. Ltd.,Sri Hari Securities Pvt. Ltd.,60,395.5,23730.0,2025-08-21 14:55:04.553681
2025-08-21,5893,2025082104013345,PMHPL,Sri Hari Securities Pvt. Ltd.,Sri Hari Securities Pvt. Ltd.,500,395.3,197650.0,2025-08-21 14:55:04.553927
2025-08-21,5892,2025082104013346,PMHPL,Agrawal Securities (PVT) Ltd.,Sri Hari Securities Pvt. Ltd.,500,395.2,197600.0,2025-08-21 14:55:04.554158
2025-08-21,5891,2025082104013347,PMHPL,Midas Stock Broking Company Private Limited,Sri Hari Securities Pvt. Ltd.,326,395.1,128802.6,2025-08-21 14:55:04.554384
2025-08-21,5591,2025082104013410,PMHPL,Midas Stock Broking Company Private Limited,Online Securities Pvt. Ltd.,19,395.1,7506.9,2025-08-21 14:55:29.870241
2025-08-21,5214,2025082104013506,PMHPL,Midas Stock Broking Company Private Limited,Imperial Securities Company Pvt. Ltd.,655,395.1,258790.5,2025-08-21 14:55:56.401606
2025-08-21,5213,2025082104013507,PMHPL,Bhrikuti Stock Broking Co. Pvt. Ltd.,Imperial Securities Company Pvt. Ltd.,345,395.1,136309.5,2025-08-21 14:55:56.401769
2025-08-21,4016,2025082104013887,PMHPL,Midas Stock Broking Company Private Limited,Vision Securities Pvt. Ltd,100,395.9,39590.0,2025-08-21 14:57:17.471437
2025-08-21,3810,2025082104013965,PMHPL,Blue Chip Securities Ltd,Bhrikuti Stock Broking Co. Pvt. Ltd.,50,396.0,19800.0,2025-08-21 14:57:30.642692
2025-08-21,2927,2025082104014205,PMHPL,Magnet Securities and Investment Company Private Limited,Bhrikuti Stock Broking Co. Pvt. Ltd.,100,396.0,39600.0,2025-08-21 14:58:18.983184
2025-08-21,2837,2025082104014231,PMHPL,Sri Hari Securities Pvt. Ltd.,Capital Max Securities Ltd,11,395.2,4347.2,2025-08-21 14:58:25.059447
2025-08-21,2733,2025082104014261,PMHPL,J.F. Securites (PVT) Ltd.,Vision Securities Pvt. Ltd,140,395.9,55426.0,2025-08-21 14:58:31.772000
2025-08-21,2732,2025082104014262,PMHPL,J.F. Securites (PVT) Ltd.,Bhrikuti Stock Broking Co. Pvt. Ltd.,840,396.0,332640.0,2025-08-21 14:58:31.772424
2025-08-21,2600,2025082104014292,PMHPL,J.F. Securites (PVT) Ltd.,Dakshinkali Investment & Securities Pvt. Ltd.,20,396.0,7920.0,2025-08-21 14:58:37.324087
2025-08-21,2599,2025082104014293,PMHPL,Sri Hari Securities Pvt. Ltd.,Dakshinkali Investment & Securities Pvt. Ltd.,130,395.2,51376.0,2025-08-21 14:58:37.324480
2025-08-21,1708,2025082104014531,PMHPL,Sani Securities Company Ltd.,Naasa Securities Co. Ltd.,100,396.0,39600.0,2025-08-21 14:59:15.483373
2025-08-21,1707,2025082104014532,PMHPL,Aryatara Investment & Securities,Naasa Securities Co. Ltd.,100,395.4,39540.0,2025-08-21 14:59:15.483543
2025-08-21,1706,2025082104014533,PMHPL,Neev Securities Pvt. Ltd.,Naasa Securities Co. Ltd.,800,395.3,316240.0,2025-08-21 14:59:15.483613
2025-08-21,1610,2025082104014552,PMHPL,Oxford Securities Pvt. Ltd.,ABC Securities Private Limited,100,396.0,39600.0,2025-08-21 14:59:18.218856
2025-08-21,1147,2025082104014678,PMHPL,South Asian Bulls Pvt. Ltd.,ABC Securities Private Limited,200,396.0,79200.0,2025-08-21 14:59:29.542642
2025-08-21,1146,2025082104014679,PMHPL,South Asian Bulls Pvt. Ltd.,Online Securities Pvt. Ltd.,10,396.0,3960.0,2025-08-21 14:59:29.542809
2025-08-21,1072,2025082104014700,PMHPL,Sundhara Securities Limited,Sweta Securities Private Limited,140,397.8,55692.0,2025-08-21 14:59:31.287241
2025-08-21,120,2025082104015035,PMHPL,South Asian Bulls Pvt. Ltd.,Miyo Securities Pvt Ltd,290,396.0,114840.0,2025-08-21 14:59:57.645987
2025-08-21,119,2025082104015036,PMHPL,Sani Securities Company Ltd.,Miyo Securities Pvt Ltd,50,396.0,19800.0,2025-08-21 14:59:57.646183
2025-08-21,118,2025082104015037,PMHPL,Bhrikuti Stock Broking Co. Pvt. Ltd.,Miyo Securities Pvt Ltd,1655,396.0,655380.0,2025-08-21 14:59:57.646277
2025-08-21,117,2025082104015038,PMHPL,Imperial Securities Company Pvt. Ltd.,Miyo Securities Pvt Ltd,1005,395.5,397477.5,2025-08-21 14:59:57.646379
