Date,S.N.,Contract ID,Symbol,Buyer Broker,Seller Broker,volume,rate,amount,transaction_time
2025-07-23,170225,2025072304000024,AKJCL,Sweta Securities Private Limited,Sri Hari Securities Pvt. Ltd.,20,218.0,4360.0,2025-07-23 10:46:00.060802
2025-07-23,170224,2025072304000025,AKJCL,Sweta Securities Private Limited,Opal Securities Investment (PVT) Ltd.,20,218.0,4360.0,2025-07-23 10:46:00.060880
2025-07-23,170223,2025072304000026,AKJCL,Kohinoor Investment & Securities Pvt. Ltd.,Opal Securities Investment (PVT) Ltd.,230,218.0,50140.0,2025-07-23 10:46:00.060920
2025-07-23,170083,2025072304000066,AKJCL,Secured Securities Ltd.,Online Securities Pvt. Ltd.,1900,222.0,421800.0,2025-07-23 11:00:16.516247
2025-07-23,170082,2025072304000067,AKJCL,Secured Securities Ltd.,Trishakti Securities Public Limited,3687,222.0,818514.0,2025-07-23 11:00:16.516303
2025-07-23,170081,2025072304000068,AKJCL,Secured Securities Ltd.,Malla & Malla Stock Broking Company Pvt. Limited,500,222.0,111000.0,2025-07-23 11:00:16.516346
2025-07-23,170080,2025072304000069,AKJCL,Secured Securities Ltd.,Primo Securities (PVT) Ltd.,16,222.0,3552.0,2025-07-23 11:00:16.516382
2025-07-23,170079,2025072304000070,AKJCL,Secured Securities Ltd.,Sweta Securities Private Limited,897,222.0,199134.0,2025-07-23 11:00:16.516415
2025-07-23,169810,2025072304000173,AKJCL,Linch Stock Market Ltd.,Shree Krishna Securities Ltd.,100,221.6,22160.0,2025-07-23 11:00:55.215715
2025-07-23,169809,2025072304000174,AKJCL,Linch Stock Market Ltd.,Ashutosh Brokerage & Securities (PVT) Ltd.,100,221.7,22170.0,2025-07-23 11:00:55.215778
2025-07-23,169656,2025072304000236,AKJCL,Neev Securities Pvt. Ltd.,Ashutosh Brokerage & Securities (PVT) Ltd.,200,221.7,44340.0,2025-07-23 11:01:09.320715
2025-07-23,169554,2025072304000259,AKJCL,Capital Max Securities Ltd,Shree Krishna Securities Ltd.,100,221.6,22160.0,2025-07-23 11:01:22.020939
2025-07-23,169553,2025072304000260,AKJCL,Capital Max Securities Ltd,Ashutosh Brokerage & Securities (PVT) Ltd.,80,221.7,17736.0,2025-07-23 11:01:22.021069
2025-07-23,169370,2025072304000313,AKJCL,Online Securities Pvt. Ltd.,Aryatara Investment & Securities,400,221.5,88600.0,2025-07-23 11:01:36.862658
2025-07-23,169342,2025072304000325,AKJCL,Naasa Securities Co. Ltd.,Aryatara Investment & Securities,100,221.5,22150.0,2025-07-23 11:01:38.657474
2025-07-23,168510,2025072304000591,AKJCL,Investment Management Nepal Pvt. Ltd.,Sri Hari Securities Pvt. Ltd.,500,221.0,110500.0,2025-07-23 11:02:49.949524
2025-07-23,168379,2025072304000634,AKJCL,Prabhu Stock Market Limited,Aryatara Investment & Securities,1000,221.3,221300.0,2025-07-23 11:02:59.859214
2025-07-23,167873,2025072304000819,AKJCL,Agrawal Securities (PVT) Ltd.,Aryatara Investment & Securities,500,220.9,110450.0,2025-07-23 11:03:39.173417
2025-07-23,167577,2025072304000936,AKJCL,Vision Securities Pvt. Ltd,Naasa Securities Co. Ltd.,1000,220.1,220100.0,2025-07-23 11:04:01.883985
2025-07-23,167576,2025072304000937,AKJCL,Kumari Securities Private Limited,Naasa Securities Co. Ltd.,650,220.0,143000.0,2025-07-23 11:04:01.884132
2025-07-23,167575,2025072304000938,AKJCL,Kalika Securities Pvt. Ltd.,Naasa Securities Co. Ltd.,1800,220.0,396000.0,2025-07-23 11:04:01.884185
2025-07-23,167574,2025072304000939,AKJCL,Sundhara Securities Limited,Naasa Securities Co. Ltd.,250,220.0,55000.0,2025-07-23 11:04:01.884235
2025-07-23,167572,2025072304000941,AKJCL,Sundhara Securities Limited,Opal Securities Investment (PVT) Ltd.,50,220.0,11000.0,2025-07-23 11:04:02.041542
2025-07-23,167571,2025072304000942,AKJCL,Sri Hari Securities Pvt. Ltd.,Opal Securities Investment (PVT) Ltd.,20,220.0,4400.0,2025-07-23 11:04:02.041645
2025-07-23,167552,2025072304000950,AKJCL,Siprabi Securities Pvt. Ltd.,Opal Securities Investment (PVT) Ltd.,120,220.0,26400.0,2025-07-23 11:04:03.940327
2025-07-23,167551,2025072304000951,AKJCL,Siprabi Securities Pvt. Ltd.,Sweta Securities Private Limited,30,221.0,6630.0,2025-07-23 11:04:03.940435
2025-07-23,167537,2025072304000956,AKJCL,Nabil Stock Dealer Ltd.,Sweta Securities Private Limited,100,221.0,22100.0,2025-07-23 11:04:05.362244
2025-07-23,166855,2025072304001193,AKJCL,Prabhu Stock Market Limited,Online Securities Pvt. Ltd.,100,220.9,22090.0,2025-07-23 11:04:58.377910
2025-07-23,166854,2025072304001194,AKJCL,Prabhu Stock Market Limited,Sundhara Securities Limited,100,220.9,22090.0,2025-07-23 11:04:58.378031
2025-07-23,166853,2025072304001195,AKJCL,Prabhu Stock Market Limited,Vision Securities Pvt. Ltd,300,220.9,66270.0,2025-07-23 11:04:58.378097
2025-07-23,166269,2025072304001402,AKJCL,Online Securities Pvt. Ltd.,Shree Krishna Securities Ltd.,100,220.8,22080.0,2025-07-23 11:05:37.721812
2025-07-23,166267,2025072304001403,AKJCL,Linch Stock Market Ltd.,Vision Securities Pvt. Ltd,100,220.9,22090.0,2025-07-23 11:05:37.852301
2025-07-23,166266,2025072304001404,AKJCL,Linch Stock Market Ltd.,Sumeru Securities Pvt. Ltd.,145,220.9,32030.5,2025-07-23 11:05:37.852609
2025-07-23,166265,2025072304001405,AKJCL,Linch Stock Market Ltd.,Sweta Securities Private Limited,70,221.0,15470.0,2025-07-23 11:05:37.852800
2025-07-23,166264,2025072304001406,AKJCL,Linch Stock Market Ltd.,Nabil Stock Dealer Ltd.,20,221.0,4420.0,2025-07-23 11:05:37.852981
2025-07-23,166263,2025072304001407,AKJCL,Linch Stock Market Ltd.,Sri Hari Securities Pvt. Ltd.,500,221.0,110500.0,2025-07-23 11:05:37.853145
2025-07-23,166262,2025072304001408,AKJCL,Linch Stock Market Ltd.,Naasa Securities Co. Ltd.,500,221.0,110500.0,2025-07-23 11:05:37.853339
2025-07-23,166261,2025072304001409,AKJCL,Linch Stock Market Ltd.,Kumari Securities Private Limited,10,221.2,2212.0,2025-07-23 11:05:37.853516
2025-07-23,166260,2025072304001410,AKJCL,Linch Stock Market Ltd.,Shree Krishna Securities Ltd.,15,221.4,3321.0,2025-07-23 11:05:37.853694
2025-07-23,166259,2025072304001411,AKJCL,Linch Stock Market Ltd.,Ashutosh Brokerage & Securities (PVT) Ltd.,620,221.7,137454.0,2025-07-23 11:05:37.853912
2025-07-23,166258,2025072304001412,AKJCL,Linch Stock Market Ltd.,Naasa Securities Co. Ltd.,20,221.9,4438.0,2025-07-23 11:05:37.854088
2025-07-23,166250,2025072304001414,AKJCL,Creative Securities Pvt Ltd,Kohinoor Investment & Securities Pvt. Ltd.,500,220.0,110000.0,2025-07-23 11:05:38.117977
2025-07-23,165934,2025072304001533,AKJCL,Capital Max Securities Ltd,Ashutosh Brokerage & Securities (PVT) Ltd.,200,220.0,44000.0,2025-07-23 11:06:02.963930
2025-07-23,165820,2025072304001588,AKJCL,Dynamic Money Managers Securities Pvt. Ltd.,Deevyaa Securities & Stock House Pvt. Ltd,498,221.0,110058.0,2025-07-23 11:06:10.882553
2025-07-23,165691,2025072304001624,AKJCL,Dynamic Money Managers Securities Pvt. Ltd.,Kohinoor Investment & Securities Pvt. Ltd.,500,221.0,110500.0,2025-07-23 11:06:19.626294
2025-07-23,165419,2025072304001723,AKJCL,Naasa Securities Co. Ltd.,Ashutosh Brokerage & Securities (PVT) Ltd.,200,221.4,44280.0,2025-07-23 11:06:38.323364
2025-07-23,165353,2025072304001734,AKJCL,Nepal Investment And Securities Trading Private Limited,Ashutosh Brokerage & Securities (PVT) Ltd.,100,221.4,22140.0,2025-07-23 11:06:43.747935
2025-07-23,165121,2025072304001791,AKJCL,Nepal Investment And Securities Trading Private Limited,Primo Securities (PVT) Ltd.,20,221.4,4428.0,2025-07-23 11:06:59.519114
2025-07-23,165091,2025072304001803,AKJCL,Nepal Investment And Securities Trading Private Limited,Asian Securities Private Ltd.,180,221.4,39852.0,2025-07-23 11:07:02.257980
2025-07-23,165090,2025072304001804,AKJCL,Linch Stock Market Ltd.,Asian Securities Private Ltd.,20,221.4,4428.0,2025-07-23 11:07:02.305464
2025-07-23,165089,2025072304001805,AKJCL,Linch Stock Market Ltd.,Kumari Securities Private Limited,20,221.6,4432.0,2025-07-23 11:07:02.305589
2025-07-23,165088,2025072304001806,AKJCL,Linch Stock Market Ltd.,Naasa Securities Co. Ltd.,10,221.6,2216.0,2025-07-23 11:07:02.305654
2025-07-23,165022,2025072304001837,AKJCL,Thrive Brokerage House Pvt. Ltd,Sagarmatha Securities Private Limited,200,220.3,44060.0,2025-07-23 11:07:06.509083
2025-07-23,164736,2025072304001940,AKJCL,Thrive Brokerage House Pvt. Ltd,Shree Krishna Securities Ltd.,50,220.3,11015.0,2025-07-23 11:07:26.664457
2025-07-23,164735,2025072304001941,AKJCL,Kumari Securities Private Limited,Shree Krishna Securities Ltd.,250,220.3,55075.0,2025-07-23 11:07:26.664639
2025-07-23,164466,2025072304002035,AKJCL,Kumari Securities Private Limited,Opal Securities Investment (PVT) Ltd.,33,220.3,7269.9,2025-07-23 11:07:40.000203
2025-07-23,164443,2025072304002043,AKJCL,Nepal Stock House (PVT) Ltd.,South Asian Bulls Pvt. Ltd.,100,221.3,22130.0,2025-07-23 11:07:41.157232
2025-07-23,164442,2025072304002044,AKJCL,Nepal Stock House (PVT) Ltd.,Online Securities Pvt. Ltd.,400,221.5,88600.0,2025-07-23 11:07:41.157434
2025-07-23,164441,2025072304002045,AKJCL,Nepal Stock House (PVT) Ltd.,Naasa Securities Co. Ltd.,500,221.6,110800.0,2025-07-23 11:07:41.157508
2025-07-23,164388,2025072304002068,AKJCL,SUN SECURITIES PVT LTD,Linch Stock Market Ltd.,100,221.0,22100.0,2025-07-23 11:07:44.317553
2025-07-23,164332,2025072304002084,AKJCL,SUN SECURITIES PVT LTD,Trisul Securities & Invt. Ltd.,500,221.5,110750.0,2025-07-23 11:07:48.977575
2025-07-23,164264,2025072304002110,AKJCL,SUN SECURITIES PVT LTD,Sweta Securities Private Limited,500,221.5,110750.0,2025-07-23 11:07:55.320172
2025-07-23,164258,2025072304002112,AKJCL,SUN SECURITIES PVT LTD,Sani Securities Company Ltd.,400,221.5,88600.0,2025-07-23 11:07:55.944632
2025-07-23,164252,2025072304002113,AKJCL,Online Securities Pvt. Ltd.,Sani Securities Company Ltd.,100,221.0,22100.0,2025-07-23 11:07:56.124835
2025-07-23,164251,2025072304002114,AKJCL,Online Securities Pvt. Ltd.,Naasa Securities Co. Ltd.,35,221.6,7756.0,2025-07-23 11:07:56.125180
2025-07-23,164250,2025072304002115,AKJCL,Online Securities Pvt. Ltd.,Thrive Brokerage House Pvt. Ltd,865,221.6,191684.0,2025-07-23 11:07:56.125429
2025-07-23,164234,2025072304002123,AKJCL,Online Securities Pvt. Ltd.,Thrive Brokerage House Pvt. Ltd,135,221.6,29916.0,2025-07-23 11:07:57.381450
2025-07-23,164118,2025072304002159,AKJCL,Online Securities Pvt. Ltd.,Secured Securities Ltd.,365,221.6,80884.0,2025-07-23 11:08:04.756093
2025-07-23,164117,2025072304002160,AKJCL,Nagarik Stock Dealer ,Secured Securities Ltd.,285,221.6,63156.0,2025-07-23 11:08:04.756261
2025-07-23,163738,2025072304002270,AKJCL,Nagarik Stock Dealer ,Vision Securities Pvt. Ltd,300,221.6,66480.0,2025-07-23 11:08:29.883253
2025-07-23,163644,2025072304002298,AKJCL,Nagarik Stock Dealer ,Sweta Securities Private Limited,500,221.6,110800.0,2025-07-23 11:08:37.942486
2025-07-23,163446,2025072304002343,AKJCL,Sani Securities Company Ltd.,Kumari Securities Private Limited,10,221.7,2217.0,2025-07-23 11:08:55.366591
2025-07-23,163445,2025072304002344,AKJCL,Sani Securities Company Ltd.,Naasa Securities Co. Ltd.,50,221.7,11085.0,2025-07-23 11:08:55.366767
2025-07-23,163444,2025072304002345,AKJCL,Sani Securities Company Ltd.,Capital Max Securities Ltd,80,221.7,17736.0,2025-07-23 11:08:55.366850
2025-07-23,163194,2025072304002410,AKJCL,Creative Securities Pvt Ltd,Capital Max Securities Ltd,920,221.7,203964.0,2025-07-23 11:09:11.301518
2025-07-23,163193,2025072304002411,AKJCL,Creative Securities Pvt Ltd,Naasa Securities Co. Ltd.,50,221.8,11090.0,2025-07-23 11:09:11.301562
2025-07-23,163192,2025072304002412,AKJCL,Creative Securities Pvt Ltd,Naasa Securities Co. Ltd.,30,221.9,6657.0,2025-07-23 11:09:11.301589
2025-07-23,163191,2025072304002413,AKJCL,Creative Securities Pvt Ltd,Trishakti Securities Public Limited,100,221.9,22190.0,2025-07-23 11:09:11.301614
2025-07-23,163190,2025072304002414,AKJCL,Creative Securities Pvt Ltd,Agrawal Securities (PVT) Ltd.,900,221.9,199710.0,2025-07-23 11:09:11.301638
2025-07-23,163184,2025072304002416,AKJCL,Linch Stock Market Ltd.,Pragyan Securities (PVT) Ltd.,225,221.7,49882.5,2025-07-23 11:09:12.109187
2025-07-23,163183,2025072304002417,AKJCL,Nagarik Stock Dealer ,Pragyan Securities (PVT) Ltd.,25,221.6,5540.0,2025-07-23 11:09:12.109568
2025-07-23,162831,2025072304002509,AKJCL,SUN SECURITIES PVT LTD,Hatemalo Financial Services Private Limited,200,221.8,44360.0,2025-07-23 11:09:38.823650
2025-07-23,162801,2025072304002521,AKJCL,Nagarik Stock Dealer ,Midas Stock Broking Company Private Limited,65,221.6,14404.0,2025-07-23 11:09:40.774491
2025-07-23,162800,2025072304002522,AKJCL,Siprabi Securities Pvt. Ltd.,Midas Stock Broking Company Private Limited,100,221.1,22110.0,2025-07-23 11:09:40.774743
2025-07-23,162799,2025072304002523,AKJCL,Kohinoor Investment & Securities Pvt. Ltd.,Midas Stock Broking Company Private Limited,235,221.0,51935.0,2025-07-23 11:09:40.774843
2025-07-23,162709,2025072304002553,AKJCL,Kohinoor Investment & Securities Pvt. Ltd.,Imperial Securities Company Pvt. Ltd.,765,221.0,169065.0,2025-07-23 11:09:46.116034
2025-07-23,162708,2025072304002554,AKJCL,Aryatara Investment & Securities,Imperial Securities Company Pvt. Ltd.,100,221.0,22100.0,2025-07-23 11:09:46.116217
2025-07-23,162603,2025072304002582,AKJCL,Aryatara Investment & Securities,Imperial Securities Company Pvt. Ltd.,135,221.0,29835.0,2025-07-23 11:09:53.733489
2025-07-23,162602,2025072304002583,AKJCL,Aryatara Investment & Securities,Sundhara Securities Limited,16,221.7,3547.2,2025-07-23 11:09:53.733684
2025-07-23,162601,2025072304002584,AKJCL,Aryatara Investment & Securities,Hatemalo Financial Services Private Limited,800,221.8,177440.0,2025-07-23 11:09:53.733785
2025-07-23,162582,2025072304002589,AKJCL,Aryatara Investment & Securities,Imperial Securities Company Pvt. Ltd.,49,221.8,10868.2,2025-07-23 11:09:55.045069
2025-07-23,162581,2025072304002590,AKJCL,SUN SECURITIES PVT LTD,Imperial Securities Company Pvt. Ltd.,500,220.4,110200.0,2025-07-23 11:09:55.045247
2025-07-23,162580,2025072304002591,AKJCL,Kumari Securities Private Limited,Imperial Securities Company Pvt. Ltd.,717,220.3,157955.1,2025-07-23 11:09:55.045349
2025-07-23,162579,2025072304002592,AKJCL,Linch Stock Market Ltd.,Imperial Securities Company Pvt. Ltd.,234,220.3,51550.2,2025-07-23 11:09:55.045434
2025-07-23,162416,2025072304002649,AKJCL,Linch Stock Market Ltd.,Sani Securities Company Ltd.,100,220.3,22030.0,2025-07-23 11:10:04.876386
2025-07-23,162151,2025072304002716,AKJCL,SUN SECURITIES PVT LTD,Premier Securities Company Ltd.,30,221.0,6630.0,2025-07-23 11:10:20.815730
2025-07-23,162150,2025072304002717,AKJCL,Linch Stock Market Ltd.,Premier Securities Company Ltd.,2636,220.3,580710.8,2025-07-23 11:10:20.816116
2025-07-23,161606,2025072304002867,AKJCL,Creative Securities Pvt Ltd,Dynamic Money Managers Securities Pvt. Ltd.,30,220.4,6612.0,2025-07-23 11:10:57.462245
2025-07-23,161434,2025072304002911,AKJCL,Creative Securities Pvt Ltd,Opal Securities Investment (PVT) Ltd.,670,220.4,147668.0,2025-07-23 11:11:04.586058
2025-07-23,161294,2025072304002955,AKJCL,Creative Securities Pvt Ltd,Dynamic Money Managers Securities Pvt. Ltd.,300,220.4,66120.0,2025-07-23 11:11:12.792653
2025-07-23,161293,2025072304002956,AKJCL,Imperial Securities Company Pvt. Ltd.,Dynamic Money Managers Securities Pvt. Ltd.,50,220.4,11020.0,2025-07-23 11:11:12.792828
2025-07-23,161173,2025072304002982,AKJCL,Premier Securities Company Ltd.,Dynamic Money Managers Securities Pvt. Ltd.,20,220.4,4408.0,2025-07-23 11:11:20.467651
2025-07-23,161115,2025072304003003,AKJCL,Malla & Malla Stock Broking Company Pvt. Limited,Dynamic Money Managers Securities Pvt. Ltd.,500,220.4,110200.0,2025-07-23 11:11:23.378823
2025-07-23,160992,2025072304003045,AKJCL,Naasa Securities Co. Ltd.,Dynamic Money Managers Securities Pvt. Ltd.,30,220.4,6612.0,2025-07-23 11:11:28.668486
2025-07-23,160480,2025072304003185,AKJCL,Linch Stock Market Ltd.,Vision Securities Pvt. Ltd,30,220.3,6609.0,2025-07-23 11:12:02.646043
2025-07-23,160229,2025072304003256,AKJCL,Sani Securities Company Ltd.,Vision Securities Pvt. Ltd,270,220.1,59427.0,2025-07-23 11:12:19.207481
2025-07-23,160227,2025072304003257,AKJCL,Sani Securities Company Ltd.,Investment Management Nepal Pvt. Ltd.,550,220.1,121055.0,2025-07-23 11:12:19.549647
2025-07-23,160226,2025072304003258,AKJCL,Sumeru Securities Pvt. Ltd.,Investment Management Nepal Pvt. Ltd.,600,220.1,132060.0,2025-07-23 11:12:19.549860
2025-07-23,160225,2025072304003259,AKJCL,South Asian Bulls Pvt. Ltd.,Investment Management Nepal Pvt. Ltd.,2000,220.0,440000.0,2025-07-23 11:12:19.549957
2025-07-23,160224,2025072304003260,AKJCL,Sani Securities Company Ltd.,Investment Management Nepal Pvt. Ltd.,165,220.0,36300.0,2025-07-23 11:12:19.550048
2025-07-23,160110,2025072304003295,AKJCL,Sani Securities Company Ltd.,Bhrikuti Stock Broking Co. Pvt. Ltd.,290,220.0,63800.0,2025-07-23 11:12:27.180891
2025-07-23,160109,2025072304003296,AKJCL,Aryatara Investment & Securities,Bhrikuti Stock Broking Co. Pvt. Ltd.,200,220.0,44000.0,2025-07-23 11:12:27.181109
2025-07-23,160108,2025072304003297,AKJCL,Sumeru Securities Pvt. Ltd.,Bhrikuti Stock Broking Co. Pvt. Ltd.,159,220.0,34980.0,2025-07-23 11:12:27.181209
2025-07-23,160107,2025072304003298,AKJCL,Vision Securities Pvt. Ltd,Bhrikuti Stock Broking Co. Pvt. Ltd.,200,220.0,44000.0,2025-07-23 11:12:27.181306
2025-07-23,160106,2025072304003299,AKJCL,Kalika Securities Pvt. Ltd.,Bhrikuti Stock Broking Co. Pvt. Ltd.,200,220.0,44000.0,2025-07-23 11:12:27.181414
2025-07-23,160102,2025072304003303,AKJCL,Sani Securities Company Ltd.,Imperial Securities Company Pvt. Ltd.,500,219.6,109800.0,2025-07-23 11:12:27.228104
2025-07-23,159901,2025072304003371,AKJCL,Sani Securities Company Ltd.,Siprabi Securities Pvt. Ltd.,20,219.6,4392.0,2025-07-23 11:12:39.616170
2025-07-23,159900,2025072304003372,AKJCL,Sundhara Securities Limited,Siprabi Securities Pvt. Ltd.,600,219.1,131460.0,2025-07-23 11:12:39.616217
2025-07-23,159899,2025072304003373,AKJCL,Bhrikuti Stock Broking Co. Pvt. Ltd.,Siprabi Securities Pvt. Ltd.,380,219.0,83220.0,2025-07-23 11:12:39.616241
2025-07-23,159062,2025072304003595,AKJCL,Aryatara Investment & Securities,Primo Securities (PVT) Ltd.,100,219.1,21910.0,2025-07-23 11:13:25.933715
2025-07-23,159008,2025072304003605,AKJCL,Aryatara Investment & Securities,Naasa Securities Co. Ltd.,100,219.1,21910.0,2025-07-23 11:13:28.278441
2025-07-23,158717,2025072304003709,AKJCL,Bhrikuti Stock Broking Co. Pvt. Ltd.,Kumari Securities Private Limited,20,219.0,4380.0,2025-07-23 11:13:45.004307
2025-07-23,158634,2025072304003738,AKJCL,Bhrikuti Stock Broking Co. Pvt. Ltd.,Primo Securities (PVT) Ltd.,30,219.0,6570.0,2025-07-23 11:13:49.958571
2025-07-23,158587,2025072304003750,AKJCL,Bhrikuti Stock Broking Co. Pvt. Ltd.,Siprabi Securities Pvt. Ltd.,25,219.0,5475.0,2025-07-23 11:13:52.236077
2025-07-23,158474,2025072304003781,AKJCL,Bhrikuti Stock Broking Co. Pvt. Ltd.,Imperial Securities Company Pvt. Ltd.,545,219.0,119355.0,2025-07-23 11:13:57.176493
2025-07-23,158473,2025072304003782,AKJCL,Siprabi Securities Pvt. Ltd.,Imperial Securities Company Pvt. Ltd.,10,219.0,2190.0,2025-07-23 11:13:57.176687
2025-07-23,158472,2025072304003783,AKJCL,Imperial Securities Company Pvt. Ltd.,Imperial Securities Company Pvt. Ltd.,250,219.0,54750.0,2025-07-23 11:13:57.176788
2025-07-23,158471,2025072304003784,AKJCL,Naasa Securities Co. Ltd.,Imperial Securities Company Pvt. Ltd.,45,219.0,9855.0,2025-07-23 11:13:57.176888
2025-07-23,158407,2025072304003816,AKJCL,Naasa Securities Co. Ltd.,Aryatara Investment & Securities,255,219.0,55845.0,2025-07-23 11:14:00.067360
2025-07-23,158406,2025072304003817,AKJCL,J.F. Securites (PVT) Ltd.,Aryatara Investment & Securities,100,219.0,21900.0,2025-07-23 11:14:00.067581
2025-07-23,158405,2025072304003818,AKJCL,Vision Securities Pvt. Ltd,Aryatara Investment & Securities,800,219.0,175200.0,2025-07-23 11:14:00.067708
2025-07-23,158404,2025072304003819,AKJCL,Naasa Securities Co. Ltd.,Aryatara Investment & Securities,110,219.0,24090.0,2025-07-23 11:14:00.067811
2025-07-23,158403,2025072304003820,AKJCL,Investment Management Nepal Pvt. Ltd.,Aryatara Investment & Securities,500,219.0,109500.0,2025-07-23 11:14:00.067911
2025-07-23,157925,2025072304003957,AKJCL,Naasa Securities Co. Ltd.,Aryatara Investment & Securities,235,219.0,51465.0,2025-07-23 11:14:27.607484
2025-07-23,157924,2025072304003958,AKJCL,Naasa Securities Co. Ltd.,Cristal Kanchanjanga Securites Pvt. Ltd.,765,219.0,167535.0,2025-07-23 11:14:27.607678
2025-07-23,157785,2025072304003992,AKJCL,Aryatara Investment & Securities,Oxford Securities Pvt. Ltd.,250,218.8,54700.0,2025-07-23 11:14:33.671549
2025-07-23,157678,2025072304004027,AKJCL,Naasa Securities Co. Ltd.,Cristal Kanchanjanga Securites Pvt. Ltd.,100,219.0,21900.0,2025-07-23 11:14:39.796171
2025-07-23,157427,2025072304004084,AKJCL,Aryatara Investment & Securities,Naasa Securities Co. Ltd.,200,218.8,43760.0,2025-07-23 11:14:53.632369
2025-07-23,157303,2025072304004120,AKJCL,Aryatara Investment & Securities,Thrive Brokerage House Pvt. Ltd,70,218.8,15316.0,2025-07-23 11:15:00.771299
2025-07-23,157300,2025072304004121,AKJCL,Naasa Securities Co. Ltd.,Kumari Securities Private Limited,50,218.9,10945.0,2025-07-23 11:15:00.822994
2025-07-23,157299,2025072304004122,AKJCL,Naasa Securities Co. Ltd.,Cristal Kanchanjanga Securites Pvt. Ltd.,100,219.0,21900.0,2025-07-23 11:15:00.823467
2025-07-23,156964,2025072304004231,AKJCL,Sweta Securities Private Limited,Cristal Kanchanjanga Securites Pvt. Ltd.,735,219.0,160965.0,2025-07-23 11:15:17.458987
2025-07-23,156963,2025072304004232,AKJCL,Sweta Securities Private Limited,Naasa Securities Co. Ltd.,65,219.0,14235.0,2025-07-23 11:15:17.459187
2025-07-23,156726,2025072304004289,AKJCL,Sweta Securities Private Limited,Naasa Securities Co. Ltd.,35,219.0,7665.0,2025-07-23 11:15:30.477361
2025-07-23,156725,2025072304004290,AKJCL,Sweta Securities Private Limited,Premier Securities Company Ltd.,30,219.0,6570.0,2025-07-23 11:15:30.477567
2025-07-23,156724,2025072304004291,AKJCL,Sweta Securities Private Limited,Dynamic Money Managers Securities Pvt. Ltd.,291,219.0,63729.0,2025-07-23 11:15:30.477669
2025-07-23,156723,2025072304004292,AKJCL,Sweta Securities Private Limited,Aryatara Investment & Securities,39,219.0,8541.0,2025-07-23 11:15:30.477769
2025-07-23,156573,2025072304004354,AKJCL,Aryatara Investment & Securities,Primo Securities (PVT) Ltd.,100,218.8,21880.0,2025-07-23 11:15:36.177600
2025-07-23,156484,2025072304004378,AKJCL,Aryatara Investment & Securities,Online Securities Pvt. Ltd.,20,218.8,4376.0,2025-07-23 11:15:39.897859
2025-07-23,156457,2025072304004392,AKJCL,Aryatara Investment & Securities,Aryatara Investment & Securities,220,218.8,48136.0,2025-07-23 11:15:40.647178
2025-07-23,156411,2025072304004400,AKJCL,South Asian Bulls Pvt. Ltd.,Aryatara Investment & Securities,961,219.0,210459.0,2025-07-23 11:15:43.525739
2025-07-23,156410,2025072304004401,AKJCL,South Asian Bulls Pvt. Ltd.,Trishakti Securities Public Limited,100,219.0,21900.0,2025-07-23 11:15:43.525971
2025-07-23,156409,2025072304004402,AKJCL,South Asian Bulls Pvt. Ltd.,Prabhu Stock Market Limited,200,219.0,43800.0,2025-07-23 11:15:43.526098
2025-07-23,156408,2025072304004403,AKJCL,South Asian Bulls Pvt. Ltd.,Imperial Securities Company Pvt. Ltd.,1065,219.0,233235.0,2025-07-23 11:15:43.526196
2025-07-23,156259,2025072304004450,AKJCL,South Asian Bulls Pvt. Ltd.,KALASH STOCK MARKET PVT. LTD.,100,219.0,21900.0,2025-07-23 11:15:53.678110
2025-07-23,156040,2025072304004513,AKJCL,South Asian Bulls Pvt. Ltd.,Linch Stock Market Ltd.,480,219.0,105120.0,2025-07-23 11:16:05.686688
2025-07-23,156011,2025072304004530,AKJCL,Nepal Investment And Securities Trading Private Limited,Premier Securities Company Ltd.,100,219.1,21910.0,2025-07-23 11:16:06.825126
2025-07-23,156010,2025072304004531,AKJCL,South Asian Bulls Pvt. Ltd.,Premier Securities Company Ltd.,94,219.0,20586.0,2025-07-23 11:16:06.825337
2025-07-23,156009,2025072304004532,AKJCL,Aryatara Investment & Securities,Premier Securities Company Ltd.,285,218.8,62358.0,2025-07-23 11:16:06.825440
2025-07-23,156008,2025072304004533,AKJCL,Aryatara Investment & Securities,Premier Securities Company Ltd.,521,218.2,113682.2,2025-07-23 11:16:06.825545
2025-07-23,155082,2025072304004827,AKJCL,Aryatara Investment & Securities,Naasa Securities Co. Ltd.,15,218.2,3273.0,2025-07-23 11:16:57.464302
2025-07-23,154967,2025072304004864,AKJCL,Aryatara Investment & Securities,Swarna Laxmi Securities Pvt. Ltd.,110,218.2,24002.0,2025-07-23 11:17:03.971698
2025-07-23,154692,2025072304004936,AKJCL,Aryatara Investment & Securities,Aryatara Investment & Securities,244,218.2,53240.8,2025-07-23 11:17:19.146894
2025-07-23,154691,2025072304004937,AKJCL,Sundhara Securities Limited,Aryatara Investment & Securities,290,218.2,63278.0,2025-07-23 11:17:19.147114
2025-07-23,154690,2025072304004938,AKJCL,Aryatara Investment & Securities,Aryatara Investment & Securities,200,218.2,43640.0,2025-07-23 11:17:19.147219
2025-07-23,154689,2025072304004939,AKJCL,Premier Securities Company Ltd.,Aryatara Investment & Securities,266,218.2,58041.2,2025-07-23 11:17:19.147340
2025-07-23,154195,2025072304005071,AKJCL,Online Securities Pvt. Ltd.,ABC Securities Private Limited,200,218.4,43680.0,2025-07-23 11:17:46.616412
2025-07-23,154089,2025072304005087,AKJCL,Online Securities Pvt. Ltd.,Aryatara Investment & Securities,100,218.4,21840.0,2025-07-23 11:17:52.185422
2025-07-23,154088,2025072304005088,AKJCL,Sundhara Securities Limited,Aryatara Investment & Securities,150,218.4,32760.0,2025-07-23 11:17:52.185739
2025-07-23,154087,2025072304005089,AKJCL,Linch Stock Market Ltd.,Aryatara Investment & Securities,550,218.4,120120.0,2025-07-23 11:17:52.185890
2025-07-23,154086,2025072304005090,AKJCL,Naasa Securities Co. Ltd.,Aryatara Investment & Securities,200,218.3,43660.0,2025-07-23 11:17:52.186008
2025-07-23,153489,2025072304005235,AKJCL,Siprabi Securities Pvt. Ltd.,Neev Securities Pvt. Ltd.,100,218.9,21890.0,2025-07-23 11:18:26.757619
2025-07-23,153488,2025072304005236,AKJCL,Siprabi Securities Pvt. Ltd.,Deevyaa Securities & Stock House Pvt. Ltd,1000,219.0,219000.0,2025-07-23 11:18:26.757857
2025-07-23,153487,2025072304005237,AKJCL,Siprabi Securities Pvt. Ltd.,Kumari Securities Private Limited,10,219.0,2190.0,2025-07-23 11:18:26.757967
2025-07-23,153486,2025072304005238,AKJCL,Siprabi Securities Pvt. Ltd.,Kohinoor Investment & Securities Pvt. Ltd.,1040,219.0,227760.0,2025-07-23 11:18:26.758077
2025-07-23,153476,2025072304005241,AKJCL,Nagarik Stock Dealer ,Kumari Securities Private Limited,100,218.3,21830.0,2025-07-23 11:18:27.498494
2025-07-23,152939,2025072304005365,AKJCL,Sweta Securities Private Limited,Kumari Securities Private Limited,900,218.3,196470.0,2025-07-23 11:18:56.744388
2025-07-23,152932,2025072304005366,AKJCL,Premier Securities Company Ltd.,Investment Management Nepal Pvt. Ltd.,134,218.2,29238.8,2025-07-23 11:18:57.503433
2025-07-23,152931,2025072304005367,AKJCL,Naasa Securities Co. Ltd.,Investment Management Nepal Pvt. Ltd.,2800,218.2,610960.0,2025-07-23 11:18:57.503673
2025-07-23,152930,2025072304005368,AKJCL,South Asian Bulls Pvt. Ltd.,Investment Management Nepal Pvt. Ltd.,1000,218.1,218100.0,2025-07-23 11:18:57.503785
2025-07-23,152929,2025072304005369,AKJCL,Sri Hari Securities Pvt. Ltd.,Investment Management Nepal Pvt. Ltd.,66,218.1,14394.6,2025-07-23 11:18:57.503895
2025-07-23,152775,2025072304005410,AKJCL,Sri Hari Securities Pvt. Ltd.,Creative Securities Pvt Ltd,500,218.1,109050.0,2025-07-23 11:19:07.803219
2025-07-23,152431,2025072304005490,AKJCL,Sri Hari Securities Pvt. Ltd.,Dipshikha Dhitopatra Karobar Co. Pvt Ltd.,322,218.1,70228.2,2025-07-23 11:19:27.611170
2025-07-23,152364,2025072304005500,AKJCL,Nepal Stock House (PVT) Ltd.,Naasa Securities Co. Ltd.,20,218.2,4364.0,2025-07-23 11:19:30.964533
2025-07-23,152322,2025072304005511,AKJCL,Nepal Stock House (PVT) Ltd.,Dipshikha Dhitopatra Karobar Co. Pvt Ltd.,280,218.2,61096.0,2025-07-23 11:19:33.188938
2025-07-23,152321,2025072304005512,AKJCL,Sri Hari Securities Pvt. Ltd.,Dipshikha Dhitopatra Karobar Co. Pvt Ltd.,112,218.1,24427.2,2025-07-23 11:19:33.189229
2025-07-23,152277,2025072304005533,AKJCL,Nepal Investment And Securities Trading Private Limited,Dynamic Money Managers Securities Pvt. Ltd.,550,218.1,119955.0,2025-07-23 11:19:34.012615
2025-07-23,151904,2025072304005620,AKJCL,SUN SECURITIES PVT LTD,Sundhara Securities Limited,30,218.3,6549.0,2025-07-23 11:19:49.857039
2025-07-23,151630,2025072304005703,AKJCL,Nepal Investment And Securities Trading Private Limited,Ashutosh Brokerage & Securities (PVT) Ltd.,200,218.1,43620.0,2025-07-23 11:19:55.303786
2025-07-23,151622,2025072304005707,AKJCL,Nepal Investment And Securities Trading Private Limited,Imperial Securities Company Pvt. Ltd.,50,218.1,10905.0,2025-07-23 11:19:55.737859
2025-07-23,151556,2025072304005739,AKJCL,Nepal Investment And Securities Trading Private Limited,Dipshikha Dhitopatra Karobar Co. Pvt Ltd.,10,218.1,2181.0,2025-07-23 11:19:58.456822
2025-07-23,150769,2025072304006022,AKJCL,Kohinoor Investment & Securities Pvt. Ltd.,Sundhara Securities Limited,20,218.3,4366.0,2025-07-23 11:20:27.890478
2025-07-23,150502,2025072304006089,AKJCL,Midas Stock Broking Company Private Limited,Kohinoor Investment & Securities Pvt. Ltd.,100,219.0,21900.0,2025-07-23 11:20:37.473853
2025-07-23,150501,2025072304006090,AKJCL,Midas Stock Broking Company Private Limited,Imperial Securities Company Pvt. Ltd.,210,219.0,45990.0,2025-07-23 11:20:37.474102
2025-07-23,150500,2025072304006091,AKJCL,Midas Stock Broking Company Private Limited,Linch Stock Market Ltd.,90,219.0,19710.0,2025-07-23 11:20:37.474220
2025-07-23,150274,2025072304006155,AKJCL,Kohinoor Investment & Securities Pvt. Ltd.,Linch Stock Market Ltd.,182,219.0,39858.0,2025-07-23 11:20:46.912372
2025-07-23,150124,2025072304006186,AKJCL,Dynamic Money Managers Securities Pvt. Ltd.,Linch Stock Market Ltd.,28,219.0,6132.0,2025-07-23 11:20:51.516931
2025-07-23,149815,2025072304006297,AKJCL,Midas Stock Broking Company Private Limited,Kumari Securities Private Limited,20,219.4,4388.0,2025-07-23 11:21:04.032598
2025-07-23,149767,2025072304006320,AKJCL,Shree Krishna Securities Ltd.,Naasa Securities Co. Ltd.,50,219.6,10980.0,2025-07-23 11:21:06.525238
2025-07-23,149766,2025072304006321,AKJCL,Shree Krishna Securities Ltd.,Naasa Securities Co. Ltd.,50,219.7,10985.0,2025-07-23 11:21:06.525294
2025-07-23,149325,2025072304006468,AKJCL,Kohinoor Investment & Securities Pvt. Ltd.,Kumari Securities Private Limited,20,219.8,4396.0,2025-07-23 11:21:19.840630
2025-07-23,149324,2025072304006469,AKJCL,Kohinoor Investment & Securities Pvt. Ltd.,Deevyaa Securities & Stock House Pvt. Ltd,180,219.8,39564.0,2025-07-23 11:21:19.840886
2025-07-23,149118,2025072304006539,AKJCL,Neev Securities Pvt. Ltd.,Deevyaa Securities & Stock House Pvt. Ltd,200,219.8,43960.0,2025-07-23 11:21:27.255737
2025-07-23,148820,2025072304006636,AKJCL,Dynamic Money Managers Securities Pvt. Ltd.,Trisul Securities & Invt. Ltd.,200,219.7,43940.0,2025-07-23 11:21:36.761259
2025-07-23,148630,2025072304006752,AKJCL,South Asian Bulls Pvt. Ltd.,Trisul Securities & Invt. Ltd.,20,219.7,4394.0,2025-07-23 11:21:41.033157
2025-07-23,148629,2025072304006753,AKJCL,South Asian Bulls Pvt. Ltd.,Deevyaa Securities & Stock House Pvt. Ltd,55,219.8,12089.0,2025-07-23 11:21:41.033756
2025-07-23,148628,2025072304006754,AKJCL,South Asian Bulls Pvt. Ltd.,Sumeru Securities Pvt. Ltd.,100,219.9,21990.0,2025-07-23 11:21:41.034235
2025-07-23,148627,2025072304006755,AKJCL,South Asian Bulls Pvt. Ltd.,Dipshikha Dhitopatra Karobar Co. Pvt Ltd.,200,219.9,43980.0,2025-07-23 11:21:41.034700
2025-07-23,148626,2025072304006756,AKJCL,South Asian Bulls Pvt. Ltd.,Dipshikha Dhitopatra Karobar Co. Pvt Ltd.,615,219.9,135238.5,2025-07-23 11:21:41.035120
2025-07-23,148625,2025072304006757,AKJCL,South Asian Bulls Pvt. Ltd.,Sumeru Securities Pvt. Ltd.,10,219.9,2199.0,2025-07-23 11:21:41.035553
2025-07-23,148547,2025072304006771,AKJCL,Premier Securities Company Ltd.,Sumeru Securities Pvt. Ltd.,1490,219.9,327651.0,2025-07-23 11:21:43.681334
2025-07-23,148546,2025072304006772,AKJCL,Premier Securities Company Ltd.,Online Securities Pvt. Ltd.,200,220.0,44000.0,2025-07-23 11:21:43.681394
2025-07-23,148545,2025072304006773,AKJCL,Premier Securities Company Ltd.,Sri Hari Securities Pvt. Ltd.,100,220.0,22000.0,2025-07-23 11:21:43.681426
2025-07-23,148544,2025072304006774,AKJCL,Premier Securities Company Ltd.,Oxford Securities Pvt. Ltd.,200,220.0,44000.0,2025-07-23 11:21:43.681449
2025-07-23,148543,2025072304006775,AKJCL,Premier Securities Company Ltd.,Premier Securities Company Ltd.,1000,220.0,220000.0,2025-07-23 11:21:43.681488
2025-07-23,148542,2025072304006776,AKJCL,Premier Securities Company Ltd.,J.F. Securites (PVT) Ltd.,100,220.0,22000.0,2025-07-23 11:21:43.681515
2025-07-23,148541,2025072304006777,AKJCL,Premier Securities Company Ltd.,Kohinoor Investment & Securities Pvt. Ltd.,410,220.0,90200.0,2025-07-23 11:21:43.681541
2025-07-23,148224,2025072304006858,AKJCL,Sundhara Securities Limited,Kohinoor Investment & Securities Pvt. Ltd.,1670,220.0,367400.0,2025-07-23 11:21:58.913558
2025-07-23,148223,2025072304006859,AKJCL,Sundhara Securities Limited,ABC Securities Private Limited,30,220.0,6600.0,2025-07-23 11:21:58.913807
2025-07-23,148036,2025072304006875,AKJCL,Nepal Stock House (PVT) Ltd.,ABC Securities Private Limited,70,220.0,15400.0,2025-07-23 11:22:04.779465
2025-07-23,148035,2025072304006876,AKJCL,Nepal Stock House (PVT) Ltd.,Dakshinkali Investment & Securities Pvt. Ltd.,930,220.0,204600.0,2025-07-23 11:22:04.779729
2025-07-23,147982,2025072304006890,AKJCL,Dynamic Money Managers Securities Pvt. Ltd.,Dakshinkali Investment & Securities Pvt. Ltd.,70,220.0,15400.0,2025-07-23 11:22:07.727278
2025-07-23,147981,2025072304006891,AKJCL,Dynamic Money Managers Securities Pvt. Ltd.,Vision Securities Pvt. Ltd,103,220.0,22660.0,2025-07-23 11:22:07.727531
2025-07-23,147806,2025072304006944,AKJCL,Property Wiard Limited,Dynamic Money Managers Securities Pvt. Ltd.,70,220.4,15428.0,2025-07-23 11:22:15.162479
2025-07-23,147805,2025072304006945,AKJCL,Property Wiard Limited,Sani Securities Company Ltd.,458,220.4,100943.2,2025-07-23 11:22:15.162588
2025-07-23,147804,2025072304006946,AKJCL,Property Wiard Limited,Naasa Securities Co. Ltd.,50,220.8,11040.0,2025-07-23 11:22:15.162662
2025-07-23,147803,2025072304006947,AKJCL,Property Wiard Limited,Bhrikuti Stock Broking Co. Pvt. Ltd.,3951,220.9,872775.9,2025-07-23 11:22:15.162736
2025-07-23,147802,2025072304006948,AKJCL,Property Wiard Limited,Trishakti Securities Public Limited,1471,221.0,325091.0,2025-07-23 11:22:15.162809
2025-07-23,147584,2025072304006998,AKJCL,Sumeru Securities Pvt. Ltd.,Trishakti Securities Public Limited,1000,221.0,221000.0,2025-07-23 11:22:20.873492
2025-07-23,147491,2025072304007033,AKJCL,Dipshikha Dhitopatra Karobar Co. Pvt Ltd.,Trishakti Securities Public Limited,853,221.0,188513.0,2025-07-23 11:22:25.039710
2025-07-23,147490,2025072304007034,AKJCL,Dipshikha Dhitopatra Karobar Co. Pvt Ltd.,Shree Krishna Securities Ltd.,147,221.0,32487.0,2025-07-23 11:22:25.039984
2025-07-23,147356,2025072304007088,AKJCL,Swarna Laxmi Securities Pvt. Ltd.,Shree Krishna Securities Ltd.,853,221.0,188513.0,2025-07-23 11:22:29.407785
2025-07-23,147355,2025072304007089,AKJCL,Swarna Laxmi Securities Pvt. Ltd.,Dipshikha Dhitopatra Karobar Co. Pvt Ltd.,120,221.0,26520.0,2025-07-23 11:22:29.408088
2025-07-23,147354,2025072304007090,AKJCL,Swarna Laxmi Securities Pvt. Ltd.,Sri Hari Securities Pvt. Ltd.,500,221.0,110500.0,2025-07-23 11:22:29.408250
2025-07-23,147353,2025072304007091,AKJCL,Swarna Laxmi Securities Pvt. Ltd.,Dipshikha Dhitopatra Karobar Co. Pvt Ltd.,33,221.0,7293.0,2025-07-23 11:22:29.408409
2025-07-23,147352,2025072304007092,AKJCL,Swarna Laxmi Securities Pvt. Ltd.,Shree Krishna Securities Ltd.,200,221.0,44200.0,2025-07-23 11:22:29.408548
2025-07-23,147351,2025072304007093,AKJCL,Swarna Laxmi Securities Pvt. Ltd.,Sani Securities Company Ltd.,45,221.0,9945.0,2025-07-23 11:22:29.408668
2025-07-23,147350,2025072304007094,AKJCL,Swarna Laxmi Securities Pvt. Ltd.,Kohinoor Investment & Securities Pvt. Ltd.,249,221.0,55029.0,2025-07-23 11:22:29.408786
2025-07-23,147344,2025072304007098,AKJCL,Aryatara Investment & Securities,Kohinoor Investment & Securities Pvt. Ltd.,50,221.0,11050.0,2025-07-23 11:22:29.611022
2025-07-23,147278,2025072304007116,AKJCL,Dipshikha Dhitopatra Karobar Co. Pvt Ltd.,Kohinoor Investment & Securities Pvt. Ltd.,1000,221.0,221000.0,2025-07-23 11:22:33.459863
2025-07-23,147152,2025072304007144,AKJCL,Imperial Securities Company Pvt. Ltd.,Kohinoor Investment & Securities Pvt. Ltd.,651,221.0,143871.0,2025-07-23 11:22:38.580719
2025-07-23,147040,2025072304007190,AKJCL,Imperial Securities Company Pvt. Ltd.,ABC Securities Private Limited,10,221.0,2210.0,2025-07-23 11:22:42.588455
2025-07-23,146750,2025072304007267,AKJCL,R.B.B. Securities Company Ltd,Kumari Securities Private Limited,10,221.4,2214.0,2025-07-23 11:22:54.548551
2025-07-23,146749,2025072304007268,AKJCL,R.B.B. Securities Company Ltd,Aakashbhairab Securities Ltd.,10,221.5,2215.0,2025-07-23 11:22:54.548850
2025-07-23,146748,2025072304007269,AKJCL,R.B.B. Securities Company Ltd,Kumari Securities Private Limited,10,221.6,2216.0,2025-07-23 11:22:54.548978
2025-07-23,146747,2025072304007270,AKJCL,R.B.B. Securities Company Ltd,Dipshikha Dhitopatra Karobar Co. Pvt Ltd.,20,221.7,4434.0,2025-07-23 11:22:54.549097
2025-07-23,146746,2025072304007271,AKJCL,R.B.B. Securities Company Ltd,Naasa Securities Co. Ltd.,100,221.8,22180.0,2025-07-23 11:22:54.549488
2025-07-23,146745,2025072304007272,AKJCL,R.B.B. Securities Company Ltd,Roadshow securities limited,100,221.8,22180.0,2025-07-23 11:22:54.549613
2025-07-23,146744,2025072304007273,AKJCL,R.B.B. Securities Company Ltd,Sri Hari Securities Pvt. Ltd.,750,221.8,166350.0,2025-07-23 11:22:54.550124
2025-07-23,146707,2025072304007294,AKJCL,Imperial Securities Company Pvt. Ltd.,Nepal Stock House (PVT) Ltd.,1000,221.0,221000.0,2025-07-23 11:22:55.928011
2025-07-23,146454,2025072304007408,AKJCL,Kohinoor Investment & Securities Pvt. Ltd.,Sri Hari Securities Pvt. Ltd.,250,221.8,55450.0,2025-07-23 11:23:03.629254
2025-07-23,146453,2025072304007409,AKJCL,Kohinoor Investment & Securities Pvt. Ltd.,Agrawal Securities (PVT) Ltd.,1600,221.9,355040.0,2025-07-23 11:23:03.629487
2025-07-23,146452,2025072304007410,AKJCL,Kohinoor Investment & Securities Pvt. Ltd.,Hatemalo Financial Services Private Limited,3150,221.9,698985.0,2025-07-23 11:23:03.629604
2025-07-23,146309,2025072304007443,AKJCL,Naasa Securities Co. Ltd.,Hatemalo Financial Services Private Limited,28,221.9,6213.2,2025-07-23 11:23:10.361091
2025-07-23,146184,2025072304007477,AKJCL,Naasa Securities Co. Ltd.,Hatemalo Financial Services Private Limited,822,221.9,182401.8,2025-07-23 11:23:15.582763
2025-07-23,145818,2025072304007518,AKJCL,Premier Securities Company Ltd.,Sweta Securities Private Limited,363,222.0,80586.0,2025-07-23 11:23:23.788554
2025-07-23,145817,2025072304007519,AKJCL,Premier Securities Company Ltd.,Sweta Securities Private Limited,37,222.0,8214.0,2025-07-23 11:23:23.788802
2025-07-23,145791,2025072304007524,AKJCL,Dynamic Money Managers Securities Pvt. Ltd.,Sweta Securities Private Limited,63,222.0,13986.0,2025-07-23 11:23:25.421729
2025-07-23,145790,2025072304007525,AKJCL,Dynamic Money Managers Securities Pvt. Ltd.,Agrawal Securities (PVT) Ltd.,100,222.0,22200.0,2025-07-23 11:23:25.421967
2025-07-23,145789,2025072304007526,AKJCL,Dynamic Money Managers Securities Pvt. Ltd.,Hatemalo Financial Services Private Limited,4837,222.0,1073814.0,2025-07-23 11:23:25.422087
2025-07-23,145724,2025072304007559,AKJCL,Dipshikha Dhitopatra Karobar Co. Pvt Ltd.,Hatemalo Financial Services Private Limited,900,222.0,199800.0,2025-07-23 11:23:28.245141
2025-07-23,145718,2025072304007560,AKJCL,Trishakti Securities Public Limited,Hatemalo Financial Services Private Limited,1000,222.0,222000.0,2025-07-23 11:23:28.710046
2025-07-23,145641,2025072304007574,AKJCL,SUN SECURITIES PVT LTD,Hatemalo Financial Services Private Limited,100,222.0,22200.0,2025-07-23 11:23:34.093624
2025-07-23,145593,2025072304007587,AKJCL,Dakshinkali Investment & Securities Pvt. Ltd.,Hatemalo Financial Services Private Limited,163,222.0,36186.0,2025-07-23 11:23:35.308089
2025-07-23,145592,2025072304007588,AKJCL,Dakshinkali Investment & Securities Pvt. Ltd.,Imperial Securities Company Pvt. Ltd.,725,222.0,160950.0,2025-07-23 11:23:35.308602
2025-07-23,145591,2025072304007589,AKJCL,Dakshinkali Investment & Securities Pvt. Ltd.,Dipshikha Dhitopatra Karobar Co. Pvt Ltd.,792,222.0,175824.0,2025-07-23 11:23:35.308935
2025-07-23,145590,2025072304007590,AKJCL,Dakshinkali Investment & Securities Pvt. Ltd.,Kumari Securities Private Limited,10,222.0,2220.0,2025-07-23 11:23:35.309263
2025-07-23,145589,2025072304007591,AKJCL,Dakshinkali Investment & Securities Pvt. Ltd.,Siprabi Securities Pvt. Ltd.,50,222.0,11100.0,2025-07-23 11:23:35.309595
2025-07-23,145588,2025072304007592,AKJCL,Dakshinkali Investment & Securities Pvt. Ltd.,Sani Securities Company Ltd.,260,222.0,57720.0,2025-07-23 11:23:35.309917
2025-07-23,145452,2025072304007654,AKJCL,Dipshikha Dhitopatra Karobar Co. Pvt Ltd.,Sani Securities Company Ltd.,240,222.0,53280.0,2025-07-23 11:23:43.596685
2025-07-23,145451,2025072304007655,AKJCL,Dipshikha Dhitopatra Karobar Co. Pvt Ltd.,Naasa Securities Co. Ltd.,25,222.0,5550.0,2025-07-23 11:23:43.597171
2025-07-23,145450,2025072304007656,AKJCL,Dipshikha Dhitopatra Karobar Co. Pvt Ltd.,Deevyaa Securities & Stock House Pvt. Ltd,400,222.0,88800.0,2025-07-23 11:23:43.597521
2025-07-23,145449,2025072304007657,AKJCL,Dipshikha Dhitopatra Karobar Co. Pvt Ltd.,Dakshinkali Investment & Securities Pvt. Ltd.,100,222.0,22200.0,2025-07-23 11:23:43.597844
2025-07-23,145448,2025072304007658,AKJCL,Dipshikha Dhitopatra Karobar Co. Pvt Ltd.,Agrawal Securities (PVT) Ltd.,150,222.0,33300.0,2025-07-23 11:23:43.598150
2025-07-23,145447,2025072304007659,AKJCL,Dipshikha Dhitopatra Karobar Co. Pvt Ltd.,Aryatara Investment & Securities,15,222.0,3330.0,2025-07-23 11:23:43.598471
2025-07-23,145446,2025072304007660,AKJCL,Dipshikha Dhitopatra Karobar Co. Pvt Ltd.,Imperial Securities Company Pvt. Ltd.,400,222.0,88800.0,2025-07-23 11:23:43.598793
2025-07-23,145445,2025072304007661,AKJCL,Dipshikha Dhitopatra Karobar Co. Pvt Ltd.,Imperial Securities Company Pvt. Ltd.,10,222.0,2220.0,2025-07-23 11:23:43.599102
2025-07-23,145444,2025072304007662,AKJCL,Dipshikha Dhitopatra Karobar Co. Pvt Ltd.,Kalika Securities Pvt. Ltd.,100,222.0,22200.0,2025-07-23 11:23:43.599426
2025-07-23,145443,2025072304007663,AKJCL,Dipshikha Dhitopatra Karobar Co. Pvt Ltd.,Sharepro Securities Private Limited,50,222.0,11100.0,2025-07-23 11:23:43.599745
2025-07-23,145442,2025072304007664,AKJCL,Dipshikha Dhitopatra Karobar Co. Pvt Ltd.,Vision Securities Pvt. Ltd,50,222.0,11100.0,2025-07-23 11:23:43.600055
2025-07-23,145441,2025072304007665,AKJCL,Dipshikha Dhitopatra Karobar Co. Pvt Ltd.,Premier Securities Company Ltd.,460,222.0,102120.0,2025-07-23 11:23:43.600377
2025-07-23,145370,2025072304007692,AKJCL,SUN SECURITIES PVT LTD,Premier Securities Company Ltd.,540,222.0,119880.0,2025-07-23 11:23:48.272272
2025-07-23,145369,2025072304007693,AKJCL,SUN SECURITIES PVT LTD,Midas Stock Broking Company Private Limited,450,222.0,99900.0,2025-07-23 11:23:48.272532
2025-07-23,145368,2025072304007694,AKJCL,SUN SECURITIES PVT LTD,Ashutosh Brokerage & Securities (PVT) Ltd.,300,222.0,66600.0,2025-07-23 11:23:48.272644
2025-07-23,145367,2025072304007695,AKJCL,SUN SECURITIES PVT LTD,Online Securities Pvt. Ltd.,215,222.0,47730.0,2025-07-23 11:23:48.272757
2025-07-23,145366,2025072304007696,AKJCL,SUN SECURITIES PVT LTD,Capital Hub P. Ltd,40,222.0,8880.0,2025-07-23 11:23:48.272870
2025-07-23,145313,2025072304007715,AKJCL,SUN SECURITIES PVT LTD,Sharepro Securities Private Limited,30,222.0,6660.0,2025-07-23 11:23:52.207127
2025-07-23,145212,2025072304007741,AKJCL,J.F. Securites (PVT) Ltd.,Naasa Securities Co. Ltd.,50,222.4,11120.0,2025-07-23 11:23:56.566967
2025-07-23,145211,2025072304007742,AKJCL,J.F. Securites (PVT) Ltd.,Naasa Securities Co. Ltd.,150,222.4,33360.0,2025-07-23 11:23:56.567022
2025-07-23,145210,2025072304007743,AKJCL,J.F. Securites (PVT) Ltd.,Naasa Securities Co. Ltd.,50,222.5,11125.0,2025-07-23 11:23:56.567061
2025-07-23,145209,2025072304007744,AKJCL,J.F. Securites (PVT) Ltd.,Vision Securities Pvt. Ltd,100,222.5,22250.0,2025-07-23 11:23:56.567095
2025-07-23,145208,2025072304007745,AKJCL,J.F. Securites (PVT) Ltd.,Dynamic Money Managers Securities Pvt. Ltd.,150,222.6,33390.0,2025-07-23 11:23:56.567130
2025-07-23,145157,2025072304007765,AKJCL,Ashutosh Brokerage & Securities (PVT) Ltd.,Naasa Securities Co. Ltd.,600,222.4,133440.0,2025-07-23 11:23:59.262304
2025-07-23,144861,2025072304007898,AKJCL,Kohinoor Investment & Securities Pvt. Ltd.,Dynamic Money Managers Securities Pvt. Ltd.,350,222.6,77910.0,2025-07-23 11:24:15.400809
2025-07-23,144860,2025072304007899,AKJCL,Kohinoor Investment & Securities Pvt. Ltd.,Creative Securities Pvt Ltd,20,222.6,4452.0,2025-07-23 11:24:15.401504
2025-07-23,144859,2025072304007900,AKJCL,Kohinoor Investment & Securities Pvt. Ltd.,Naasa Securities Co. Ltd.,50,222.7,11135.0,2025-07-23 11:24:15.402095
2025-07-23,144858,2025072304007901,AKJCL,Kohinoor Investment & Securities Pvt. Ltd.,Dipshikha Dhitopatra Karobar Co. Pvt Ltd.,10,222.9,2229.0,2025-07-23 11:24:15.402628
2025-07-23,144857,2025072304007902,AKJCL,Kohinoor Investment & Securities Pvt. Ltd.,Dynamic Money Managers Securities Pvt. Ltd.,500,223.0,111500.0,2025-07-23 11:24:15.403151
2025-07-23,144856,2025072304007903,AKJCL,Kohinoor Investment & Securities Pvt. Ltd.,Sundhara Securities Limited,215,223.0,47945.0,2025-07-23 11:24:15.403680
2025-07-23,144855,2025072304007904,AKJCL,Kohinoor Investment & Securities Pvt. Ltd.,Ashutosh Brokerage & Securities (PVT) Ltd.,125,223.0,27875.0,2025-07-23 11:24:15.404264
2025-07-23,144854,2025072304007905,AKJCL,Kohinoor Investment & Securities Pvt. Ltd.,Dakshinkali Investment & Securities Pvt. Ltd.,200,223.0,44600.0,2025-07-23 11:24:15.404814
2025-07-23,144853,2025072304007906,AKJCL,Kohinoor Investment & Securities Pvt. Ltd.,Kalika Securities Pvt. Ltd.,200,223.0,44600.0,2025-07-23 11:24:15.405405
2025-07-23,144852,2025072304007907,AKJCL,Kohinoor Investment & Securities Pvt. Ltd.,Linch Stock Market Ltd.,480,223.0,107040.0,2025-07-23 11:24:15.405703
2025-07-23,144851,2025072304007908,AKJCL,Kohinoor Investment & Securities Pvt. Ltd.,Premier Securities Company Ltd.,850,223.0,189550.0,2025-07-23 11:24:15.405872
2025-07-23,144704,2025072304008003,AKJCL,Imperial Securities Company Pvt. Ltd.,Naasa Securities Co. Ltd.,50,222.9,11145.0,2025-07-23 11:24:20.882216
2025-07-23,144703,2025072304008004,AKJCL,Imperial Securities Company Pvt. Ltd.,Premier Securities Company Ltd.,289,223.0,64447.0,2025-07-23 11:24:20.882473
2025-07-23,144679,2025072304008017,AKJCL,Sweta Securities Private Limited,Online Securities Pvt. Ltd.,400,222.6,89040.0,2025-07-23 11:24:21.979801
2025-07-23,144678,2025072304008018,AKJCL,Nepal Stock House (PVT) Ltd.,Online Securities Pvt. Ltd.,600,222.6,133560.0,2025-07-23 11:24:21.980023
2025-07-23,144566,2025072304008061,AKJCL,Naasa Securities Co. Ltd.,Premier Securities Company Ltd.,161,223.0,35903.0,2025-07-23 11:24:28.868795
2025-07-23,144565,2025072304008062,AKJCL,Naasa Securities Co. Ltd.,Nepal Stock House (PVT) Ltd.,17,223.0,3791.0,2025-07-23 11:24:28.869103
2025-07-23,144547,2025072304008069,AKJCL,Nepal Stock House (PVT) Ltd.,Sani Securities Company Ltd.,16,222.6,3561.6,2025-07-23 11:24:29.593076
2025-07-23,144451,2025072304008102,AKJCL,Aryatara Investment & Securities,Nepal Stock House (PVT) Ltd.,50,223.0,11150.0,2025-07-23 11:24:33.030693
2025-07-23,144278,2025072304008139,AKJCL,Sani Securities Company Ltd.,Nepal Stock House (PVT) Ltd.,1000,223.0,223000.0,2025-07-23 11:24:41.053778
2025-07-23,144276,2025072304008140,AKJCL,Nepal Stock House (PVT) Ltd.,Primo Securities (PVT) Ltd.,384,222.6,85478.4,2025-07-23 11:24:41.155367
2025-07-23,144275,2025072304008141,AKJCL,Sumeru Securities Pvt. Ltd.,Primo Securities (PVT) Ltd.,116,222.6,25821.6,2025-07-23 11:24:41.155588
2025-07-23,144151,2025072304008194,AKJCL,Siprabi Securities Pvt. Ltd.,Nepal Stock House (PVT) Ltd.,100,223.0,22300.0,2025-07-23 11:24:48.377576
2025-07-23,143950,2025072304008277,AKJCL,KALASH STOCK MARKET PVT. LTD.,Nepal Stock House (PVT) Ltd.,183,223.0,40809.0,2025-07-23 11:25:01.423475
2025-07-23,143949,2025072304008278,AKJCL,KALASH STOCK MARKET PVT. LTD.,Vision Securities Pvt. Ltd,200,223.0,44600.0,2025-07-23 11:25:01.423697
2025-07-23,143948,2025072304008279,AKJCL,KALASH STOCK MARKET PVT. LTD.,Naasa Securities Co. Ltd.,82,223.0,18286.0,2025-07-23 11:25:01.423801
2025-07-23,143947,2025072304008280,AKJCL,KALASH STOCK MARKET PVT. LTD.,Nepal Investment And Securities Trading Private Limited,52,223.0,11596.0,2025-07-23 11:25:01.423904
2025-07-23,143507,2025072304008461,AKJCL,Sumeru Securities Pvt. Ltd.,Kumari Securities Private Limited,10,223.1,2231.0,2025-07-23 11:25:24.555174
2025-07-23,143506,2025072304008462,AKJCL,Sumeru Securities Pvt. Ltd.,Naasa Securities Co. Ltd.,100,223.2,22320.0,2025-07-23 11:25:24.555413
2025-07-23,143055,2025072304008645,AKJCL,Sumeru Securities Pvt. Ltd.,Dipshikha Dhitopatra Karobar Co. Pvt Ltd.,74,223.2,16516.8,2025-07-23 11:25:52.051268
2025-07-23,142972,2025072304008681,AKJCL,Dipshikha Dhitopatra Karobar Co. Pvt Ltd.,Dipshikha Dhitopatra Karobar Co. Pvt Ltd.,226,223.2,50443.2,2025-07-23 11:25:56.538329
2025-07-23,142971,2025072304008682,AKJCL,Dipshikha Dhitopatra Karobar Co. Pvt Ltd.,Trishakti Securities Public Limited,100,223.3,22330.0,2025-07-23 11:25:56.538636
2025-07-23,142970,2025072304008683,AKJCL,Dipshikha Dhitopatra Karobar Co. Pvt Ltd.,Dynamic Money Managers Securities Pvt. Ltd.,20,223.3,4466.0,2025-07-23 11:25:56.538752
2025-07-23,142969,2025072304008684,AKJCL,Dipshikha Dhitopatra Karobar Co. Pvt Ltd.,Agrawal Securities (PVT) Ltd.,25,223.3,5582.5,2025-07-23 11:25:56.538862
2025-07-23,142968,2025072304008685,AKJCL,Dipshikha Dhitopatra Karobar Co. Pvt Ltd.,ABC Securities Private Limited,25,223.3,5582.5,2025-07-23 11:25:56.538971
2025-07-23,142925,2025072304008702,AKJCL,Linch Stock Market Ltd.,Dipshikha Dhitopatra Karobar Co. Pvt Ltd.,830,223.5,185505.0,2025-07-23 11:26:00.014747
2025-07-23,142922,2025072304008703,AKJCL,Siprabi Securities Pvt. Ltd.,Naasa Securities Co. Ltd.,50,223.7,11185.0,2025-07-23 11:26:00.264100
2025-07-23,142921,2025072304008704,AKJCL,Siprabi Securities Pvt. Ltd.,Naasa Securities Co. Ltd.,50,223.8,11190.0,2025-07-23 11:26:00.264144
2025-07-23,142920,2025072304008705,AKJCL,Siprabi Securities Pvt. Ltd.,ABC Securities Private Limited,220,223.9,49258.0,2025-07-23 11:26:00.264176
2025-07-23,142919,2025072304008706,AKJCL,Siprabi Securities Pvt. Ltd.,Dipshikha Dhitopatra Karobar Co. Pvt Ltd.,180,224.0,40320.0,2025-07-23 11:26:00.264217
2025-07-23,142627,2025072304008860,AKJCL,ABC Securities Private Limited,Sajilo Broker Limited,50,223.9,11195.0,2025-07-23 11:26:12.652958
2025-07-23,142626,2025072304008861,AKJCL,ABC Securities Private Limited,Dipshikha Dhitopatra Karobar Co. Pvt Ltd.,320,224.0,71680.0,2025-07-23 11:26:12.653023
2025-07-23,142625,2025072304008862,AKJCL,ABC Securities Private Limited,Dipshikha Dhitopatra Karobar Co. Pvt Ltd.,600,224.0,134400.0,2025-07-23 11:26:12.653051
2025-07-23,142624,2025072304008863,AKJCL,ABC Securities Private Limited,Naasa Securities Co. Ltd.,9030,224.0,2022720.0,2025-07-23 11:26:12.653077
2025-07-23,142592,2025072304008873,AKJCL,Linch Stock Market Ltd.,Naasa Securities Co. Ltd.,970,224.0,217280.0,2025-07-23 11:26:15.350387
2025-07-23,142591,2025072304008874,AKJCL,Linch Stock Market Ltd.,Sweta Securities Private Limited,73,224.0,16352.0,2025-07-23 11:26:15.350634
2025-07-23,142590,2025072304008875,AKJCL,Linch Stock Market Ltd.,Shree Krishna Securities Ltd.,200,224.0,44800.0,2025-07-23 11:26:15.350734
2025-07-23,142589,2025072304008876,AKJCL,Linch Stock Market Ltd.,Aryatara Investment & Securities,100,224.0,22400.0,2025-07-23 11:26:15.350830
2025-07-23,142588,2025072304008877,AKJCL,Linch Stock Market Ltd.,Shree Krishna Securities Ltd.,1000,224.0,224000.0,2025-07-23 11:26:15.350930
2025-07-23,142587,2025072304008878,AKJCL,Linch Stock Market Ltd.,Naasa Securities Co. Ltd.,30,224.0,6720.0,2025-07-23 11:26:15.351027
2025-07-23,142586,2025072304008879,AKJCL,Linch Stock Market Ltd.,Trishakti Securities Public Limited,200,224.0,44800.0,2025-07-23 11:26:15.351118
2025-07-23,142585,2025072304008880,AKJCL,Linch Stock Market Ltd.,Agrawal Securities (PVT) Ltd.,700,224.0,156800.0,2025-07-23 11:26:15.351213
2025-07-23,142584,2025072304008881,AKJCL,Linch Stock Market Ltd.,J.F. Securites (PVT) Ltd.,25,224.0,5600.0,2025-07-23 11:26:15.351309
2025-07-23,142583,2025072304008882,AKJCL,Linch Stock Market Ltd.,Nepal Investment And Securities Trading Private Limited,10,224.0,2240.0,2025-07-23 11:26:15.351412
2025-07-23,142582,2025072304008883,AKJCL,Linch Stock Market Ltd.,Sweta Securities Private Limited,100,224.0,22400.0,2025-07-23 11:26:15.351513
2025-07-23,142581,2025072304008884,AKJCL,Linch Stock Market Ltd.,Malla & Malla Stock Broking Company Pvt. Limited,100,224.0,22400.0,2025-07-23 11:26:15.351611
2025-07-23,142580,2025072304008885,AKJCL,Linch Stock Market Ltd.,Shree Krishna Securities Ltd.,1000,224.0,224000.0,2025-07-23 11:26:15.351711
2025-07-23,142579,2025072304008886,AKJCL,Linch Stock Market Ltd.,Aryatara Investment & Securities,200,224.0,44800.0,2025-07-23 11:26:15.351807
2025-07-23,142358,2025072304009030,AKJCL,Himalayan Brokerage Company Limited,Kohinoor Investment & Securities Pvt. Ltd.,40,224.2,8968.0,2025-07-23 11:26:26.124002
2025-07-23,142357,2025072304009031,AKJCL,Himalayan Brokerage Company Limited,Naasa Securities Co. Ltd.,50,224.5,11225.0,2025-07-23 11:26:26.124228
2025-07-23,142356,2025072304009032,AKJCL,Himalayan Brokerage Company Limited,Naasa Securities Co. Ltd.,50,224.6,11230.0,2025-07-23 11:26:26.124340
2025-07-23,142355,2025072304009033,AKJCL,Himalayan Brokerage Company Limited,Naasa Securities Co. Ltd.,50,224.7,11235.0,2025-07-23 11:26:26.124442
2025-07-23,142354,2025072304009034,AKJCL,Himalayan Brokerage Company Limited,Naasa Securities Co. Ltd.,50,224.8,11240.0,2025-07-23 11:26:26.124559
2025-07-23,142353,2025072304009035,AKJCL,Himalayan Brokerage Company Limited,Kumari Securities Private Limited,260,224.9,58474.0,2025-07-23 11:26:26.124670
2025-07-23,142323,2025072304009047,AKJCL,Linch Stock Market Ltd.,Agrawal Securities (PVT) Ltd.,100,224.0,22400.0,2025-07-23 11:26:27.802194
2025-07-23,142193,2025072304009097,AKJCL,BHOLE GANESH SECURITIES LTD,Kumari Securities Private Limited,340,224.9,76466.0,2025-07-23 11:26:36.009470
2025-07-23,142192,2025072304009098,AKJCL,BHOLE GANESH SECURITIES LTD,Imperial Securities Company Pvt. Ltd.,660,224.9,148434.0,2025-07-23 11:26:36.009683
2025-07-23,142017,2025072304009155,AKJCL,Aryatara Investment & Securities,Imperial Securities Company Pvt. Ltd.,50,224.9,11245.0,2025-07-23 11:26:47.553413
2025-07-23,141986,2025072304009164,AKJCL,Dynamic Money Managers Securities Pvt. Ltd.,Imperial Securities Company Pvt. Ltd.,790,224.9,177671.0,2025-07-23 11:26:50.502908
2025-07-23,141985,2025072304009165,AKJCL,Dynamic Money Managers Securities Pvt. Ltd.,Sagarmatha Securities Private Limited,210,225.0,47250.0,2025-07-23 11:26:50.503155
2025-07-23,141882,2025072304009185,AKJCL,Naasa Securities Co. Ltd.,Dipshikha Dhitopatra Karobar Co. Pvt Ltd.,10,224.8,2248.0,2025-07-23 11:26:56.171254
2025-07-23,141825,2025072304009225,AKJCL,R.B.B. Securities Company Ltd,Sagarmatha Securities Private Limited,290,225.0,65250.0,2025-07-23 11:26:58.420944
2025-07-23,141824,2025072304009226,AKJCL,R.B.B. Securities Company Ltd,Himalayan Brokerage Company Limited,1000,225.0,225000.0,2025-07-23 11:26:58.421010
2025-07-23,141823,2025072304009227,AKJCL,R.B.B. Securities Company Ltd,J.F. Securites (PVT) Ltd.,225,225.0,50625.0,2025-07-23 11:26:58.421044
2025-07-23,141822,2025072304009228,AKJCL,R.B.B. Securities Company Ltd,Premier Securities Company Ltd.,500,225.0,112500.0,2025-07-23 11:26:58.421070
2025-07-23,141821,2025072304009229,AKJCL,R.B.B. Securities Company Ltd,Dynamic Money Managers Securities Pvt. Ltd.,985,225.0,221625.0,2025-07-23 11:26:58.421108
2025-07-23,141773,2025072304009244,AKJCL,Ashutosh Brokerage & Securities (PVT) Ltd.,Dynamic Money Managers Securities Pvt. Ltd.,15,225.0,3375.0,2025-07-23 11:27:01.767504
2025-07-23,141772,2025072304009245,AKJCL,Ashutosh Brokerage & Securities (PVT) Ltd.,Online Securities Pvt. Ltd.,235,225.0,52875.0,2025-07-23 11:27:01.767726
2025-07-23,141771,2025072304009246,AKJCL,Ashutosh Brokerage & Securities (PVT) Ltd.,Online Securities Pvt. Ltd.,1000,225.0,225000.0,2025-07-23 11:27:01.767823
2025-07-23,141770,2025072304009247,AKJCL,Ashutosh Brokerage & Securities (PVT) Ltd.,Sani Securities Company Ltd.,100,225.0,22500.0,2025-07-23 11:27:01.767920
2025-07-23,141769,2025072304009248,AKJCL,Ashutosh Brokerage & Securities (PVT) Ltd.,Dynamic Money Managers Securities Pvt. Ltd.,500,225.0,112500.0,2025-07-23 11:27:01.768013
2025-07-23,141768,2025072304009249,AKJCL,Ashutosh Brokerage & Securities (PVT) Ltd.,Aryatara Investment & Securities,150,225.0,33750.0,2025-07-23 11:27:01.768107
2025-07-23,141686,2025072304009269,AKJCL,ABC Securities Private Limited,Aryatara Investment & Securities,350,225.0,78750.0,2025-07-23 11:27:08.022640
2025-07-23,141685,2025072304009270,AKJCL,ABC Securities Private Limited,Naasa Securities Co. Ltd.,150,225.0,33750.0,2025-07-23 11:27:08.022688
2025-07-23,141657,2025072304009284,AKJCL,Linch Stock Market Ltd.,Naasa Securities Co. Ltd.,192,225.0,43200.0,2025-07-23 11:27:09.665208
2025-07-23,141637,2025072304009294,AKJCL,Kohinoor Investment & Securities Pvt. Ltd.,Naasa Securities Co. Ltd.,1858,225.0,418050.0,2025-07-23 11:27:11.907145
2025-07-23,141636,2025072304009295,AKJCL,Kohinoor Investment & Securities Pvt. Ltd.,Sweta Securities Private Limited,20,225.0,4500.0,2025-07-23 11:27:11.907406
2025-07-23,141635,2025072304009296,AKJCL,Kohinoor Investment & Securities Pvt. Ltd.,Online Securities Pvt. Ltd.,1000,225.0,225000.0,2025-07-23 11:27:11.907506
2025-07-23,141634,2025072304009297,AKJCL,Kohinoor Investment & Securities Pvt. Ltd.,Aryatara Investment & Securities,1000,225.0,225000.0,2025-07-23 11:27:11.907590
2025-07-23,141633,2025072304009298,AKJCL,Kohinoor Investment & Securities Pvt. Ltd.,Vision Securities Pvt. Ltd,50,225.0,11250.0,2025-07-23 11:27:11.907679
2025-07-23,141632,2025072304009299,AKJCL,Kohinoor Investment & Securities Pvt. Ltd.,Siprabi Securities Pvt. Ltd.,72,225.0,16200.0,2025-07-23 11:27:11.907764
2025-07-23,141625,2025072304009300,AKJCL,Nepal Investment And Securities Trading Private Limited,Siprabi Securities Pvt. Ltd.,78,225.0,17550.0,2025-07-23 11:27:12.141142
2025-07-23,141624,2025072304009301,AKJCL,Nepal Investment And Securities Trading Private Limited,Trishakti Securities Public Limited,300,225.0,67500.0,2025-07-23 11:27:12.141355
2025-07-23,141623,2025072304009302,AKJCL,Nepal Investment And Securities Trading Private Limited,Imperial Securities Company Pvt. Ltd.,20,225.0,4500.0,2025-07-23 11:27:12.141451
2025-07-23,141622,2025072304009303,AKJCL,Nepal Investment And Securities Trading Private Limited,Primo Securities (PVT) Ltd.,102,225.0,22950.0,2025-07-23 11:27:12.141568
2025-07-23,141621,2025072304009304,AKJCL,Kohinoor Investment & Securities Pvt. Ltd.,Primo Securities (PVT) Ltd.,398,225.0,89550.0,2025-07-23 11:27:12.302492
2025-07-23,141620,2025072304009305,AKJCL,Kohinoor Investment & Securities Pvt. Ltd.,Sundhara Securities Limited,502,225.0,112950.0,2025-07-23 11:27:12.302725
2025-07-23,141619,2025072304009306,AKJCL,Kohinoor Investment & Securities Pvt. Ltd.,Indira securities pvt. ltd,400,225.0,90000.0,2025-07-23 11:27:12.302820
2025-07-23,141618,2025072304009307,AKJCL,Kohinoor Investment & Securities Pvt. Ltd.,Agrawal Securities (PVT) Ltd.,200,225.0,45000.0,2025-07-23 11:27:12.302913
2025-07-23,141617,2025072304009308,AKJCL,Kohinoor Investment & Securities Pvt. Ltd.,Dipshikha Dhitopatra Karobar Co. Pvt Ltd.,500,225.0,112500.0,2025-07-23 11:27:12.303031
2025-07-23,141616,2025072304009309,AKJCL,Kohinoor Investment & Securities Pvt. Ltd.,K.B.L. Securities Limited ,500,225.0,112500.0,2025-07-23 11:27:12.303133
2025-07-23,141615,2025072304009310,AKJCL,Kohinoor Investment & Securities Pvt. Ltd.,Kohinoor Investment & Securities Pvt. Ltd.,50,225.0,11250.0,2025-07-23 11:27:12.303224
2025-07-23,141614,2025072304009311,AKJCL,Kohinoor Investment & Securities Pvt. Ltd.,Kumari Securities Private Limited,10,225.0,2250.0,2025-07-23 11:27:12.303334
2025-07-23,141613,2025072304009312,AKJCL,Kohinoor Investment & Securities Pvt. Ltd.,Naasa Securities Co. Ltd.,100,225.0,22500.0,2025-07-23 11:27:12.303425
2025-07-23,141612,2025072304009313,AKJCL,Kohinoor Investment & Securities Pvt. Ltd.,Imperial Securities Company Pvt. Ltd.,100,225.0,22500.0,2025-07-23 11:27:12.303529
2025-07-23,141445,2025072304009371,AKJCL,Naasa Securities Co. Ltd.,Pragyan Securities (PVT) Ltd.,50,225.1,11255.0,2025-07-23 11:27:20.971438
2025-07-23,141353,2025072304009409,AKJCL,Kohinoor Investment & Securities Pvt. Ltd.,Agrawal Securities (PVT) Ltd.,50,225.2,11260.0,2025-07-23 11:27:27.557204
2025-07-23,141352,2025072304009410,AKJCL,Kohinoor Investment & Securities Pvt. Ltd.,Online Securities Pvt. Ltd.,450,225.3,101385.0,2025-07-23 11:27:27.557433
2025-07-23,141351,2025072304009411,AKJCL,Kohinoor Investment & Securities Pvt. Ltd.,Aryatara Investment & Securities,300,225.3,67590.0,2025-07-23 11:27:27.557529
2025-07-23,141350,2025072304009412,AKJCL,Kohinoor Investment & Securities Pvt. Ltd.,Imperial Securities Company Pvt. Ltd.,530,225.3,119409.0,2025-07-23 11:27:27.557619
2025-07-23,141349,2025072304009413,AKJCL,Kohinoor Investment & Securities Pvt. Ltd.,Naasa Securities Co. Ltd.,910,225.4,205114.0,2025-07-23 11:27:27.557719
2025-07-23,141348,2025072304009414,AKJCL,Kohinoor Investment & Securities Pvt. Ltd.,Dakshinkali Investment & Securities Pvt. Ltd.,200,225.4,45080.0,2025-07-23 11:27:27.557803
2025-07-23,141347,2025072304009415,AKJCL,Kohinoor Investment & Securities Pvt. Ltd.,Aryatara Investment & Securities,100,225.4,22540.0,2025-07-23 11:27:27.557889
2025-07-23,141346,2025072304009416,AKJCL,Kohinoor Investment & Securities Pvt. Ltd.,Sweta Securities Private Limited,460,225.4,103684.0,2025-07-23 11:27:27.557973
2025-07-23,141299,2025072304009432,AKJCL,BHOLE GANESH SECURITIES LTD,Sweta Securities Private Limited,40,225.4,9016.0,2025-07-23 11:27:30.634528
2025-07-23,141298,2025072304009433,AKJCL,BHOLE GANESH SECURITIES LTD,Kumari Securities Private Limited,10,225.5,2255.0,2025-07-23 11:27:30.634586
2025-07-23,141297,2025072304009434,AKJCL,BHOLE GANESH SECURITIES LTD,Naasa Securities Co. Ltd.,50,225.7,11285.0,2025-07-23 11:27:30.634623
2025-07-23,141296,2025072304009435,AKJCL,BHOLE GANESH SECURITIES LTD,Neev Securities Pvt. Ltd.,400,225.8,90320.0,2025-07-23 11:27:30.634650
2025-07-23,141173,2025072304009490,AKJCL,Himalayan Brokerage Company Limited,Neev Securities Pvt. Ltd.,600,225.8,135480.0,2025-07-23 11:27:37.407343
2025-07-23,140998,2025072304009559,AKJCL,Sani Securities Company Ltd.,Secured Securities Ltd.,200,225.9,45180.0,2025-07-23 11:27:47.437686
2025-07-23,140997,2025072304009560,AKJCL,Sani Securities Company Ltd.,Imperial Securities Company Pvt. Ltd.,100,225.9,22590.0,2025-07-23 11:27:47.437872
2025-07-23,140996,2025072304009561,AKJCL,Sani Securities Company Ltd.,Dakshinkali Investment & Securities Pvt. Ltd.,500,226.0,113000.0,2025-07-23 11:27:47.437963
2025-07-23,140995,2025072304009562,AKJCL,Sani Securities Company Ltd.,Himalayan Brokerage Company Limited,200,226.0,45200.0,2025-07-23 11:27:47.438046
2025-07-23,140873,2025072304009615,AKJCL,Naasa Securities Co. Ltd.,Himalayan Brokerage Company Limited,150,226.0,33900.0,2025-07-23 11:27:55.771394
2025-07-23,140850,2025072304009621,AKJCL,SUN SECURITIES PVT LTD,Himalayan Brokerage Company Limited,23,226.0,5198.0,2025-07-23 11:27:56.825522
2025-07-23,140849,2025072304009622,AKJCL,SUN SECURITIES PVT LTD,Midas Stock Broking Company Private Limited,77,226.0,17402.0,2025-07-23 11:27:56.825763
2025-07-23,140816,2025072304009629,AKJCL,Himalayan Brokerage Company Limited,Midas Stock Broking Company Private Limited,23,226.0,5198.0,2025-07-23 11:27:58.563171
2025-07-23,140815,2025072304009630,AKJCL,Himalayan Brokerage Company Limited,Dipshikha Dhitopatra Karobar Co. Pvt Ltd.,350,226.0,79100.0,2025-07-23 11:27:58.563387
2025-07-23,140814,2025072304009631,AKJCL,Himalayan Brokerage Company Limited,Siprabi Securities Pvt. Ltd.,15,226.0,3390.0,2025-07-23 11:27:58.563476
2025-07-23,140813,2025072304009632,AKJCL,Himalayan Brokerage Company Limited,Ashutosh Brokerage & Securities (PVT) Ltd.,12,226.0,2712.0,2025-07-23 11:27:58.563564
2025-07-23,140782,2025072304009641,AKJCL,Neev Securities Pvt. Ltd.,Ashutosh Brokerage & Securities (PVT) Ltd.,113,226.0,25538.0,2025-07-23 11:27:59.476208
2025-07-23,140781,2025072304009642,AKJCL,Neev Securities Pvt. Ltd.,Premier Securities Company Ltd.,887,226.0,200462.0,2025-07-23 11:27:59.476460
2025-07-23,140764,2025072304009650,AKJCL,Shree Krishna Securities Ltd.,Kalika Securities Pvt. Ltd.,177,225.9,39984.3,2025-07-23 11:28:00.091786
2025-07-23,140698,2025072304009673,AKJCL,Kohinoor Investment & Securities Pvt. Ltd.,Trishakti Securities Public Limited,105,225.0,23625.0,2025-07-23 11:28:03.712449
2025-07-23,140653,2025072304009692,AKJCL,Linch Stock Market Ltd.,Kalika Securities Pvt. Ltd.,23,225.8,5193.4,2025-07-23 11:28:07.804127
2025-07-23,140652,2025072304009693,AKJCL,Linch Stock Market Ltd.,Premier Securities Company Ltd.,227,226.0,51302.0,2025-07-23 11:28:07.804336
2025-07-23,140528,2025072304009722,AKJCL,Vision Securities Pvt. Ltd,Premier Securities Company Ltd.,886,226.0,200236.0,2025-07-23 11:28:15.843108
2025-07-23,140527,2025072304009723,AKJCL,Vision Securities Pvt. Ltd,Online Securities Pvt. Ltd.,18,226.0,4068.0,2025-07-23 11:28:15.843364
2025-07-23,140526,2025072304009724,AKJCL,Vision Securities Pvt. Ltd,Oxford Securities Pvt. Ltd.,150,226.0,33900.0,2025-07-23 11:28:15.843462
2025-07-23,140525,2025072304009725,AKJCL,Vision Securities Pvt. Ltd,Siprabi Securities Pvt. Ltd.,50,226.0,11300.0,2025-07-23 11:28:15.843561
2025-07-23,140524,2025072304009726,AKJCL,Vision Securities Pvt. Ltd,Naasa Securities Co. Ltd.,100,226.0,22600.0,2025-07-23 11:28:15.843695
2025-07-23,140523,2025072304009727,AKJCL,Vision Securities Pvt. Ltd,Aryatara Investment & Securities,50,226.0,11300.0,2025-07-23 11:28:15.843802
2025-07-23,140522,2025072304009728,AKJCL,Vision Securities Pvt. Ltd,Market Securities & Exchange (PVT) Ltd.,25,226.0,5650.0,2025-07-23 11:28:15.843886
2025-07-23,140521,2025072304009729,AKJCL,Vision Securities Pvt. Ltd,Market Securities & Exchange (PVT) Ltd.,100,226.0,22600.0,2025-07-23 11:28:15.843977
2025-07-23,140520,2025072304009730,AKJCL,Vision Securities Pvt. Ltd,Primo Securities (PVT) Ltd.,200,226.0,45200.0,2025-07-23 11:28:15.844079
2025-07-23,140519,2025072304009731,AKJCL,Vision Securities Pvt. Ltd,Sani Securities Company Ltd.,20,226.0,4520.0,2025-07-23 11:28:15.844166
2025-07-23,140518,2025072304009732,AKJCL,Vision Securities Pvt. Ltd,Sagarmatha Securities Private Limited,1000,226.0,226000.0,2025-07-23 11:28:15.844256
2025-07-23,140517,2025072304009733,AKJCL,Vision Securities Pvt. Ltd,Trishakti Securities Public Limited,200,226.0,45200.0,2025-07-23 11:28:15.844346
2025-07-23,140516,2025072304009734,AKJCL,Vision Securities Pvt. Ltd,J.F. Securites (PVT) Ltd.,50,226.0,11300.0,2025-07-23 11:28:15.844440
2025-07-23,140515,2025072304009735,AKJCL,Vision Securities Pvt. Ltd,Sweta Securities Private Limited,100,226.0,22600.0,2025-07-23 11:28:15.844530
2025-07-23,140514,2025072304009736,AKJCL,Vision Securities Pvt. Ltd,Siprabi Securities Pvt. Ltd.,20,226.0,4520.0,2025-07-23 11:28:15.844613
2025-07-23,140492,2025072304009744,AKJCL,Aryatara Investment & Securities,Dipshikha Dhitopatra Karobar Co. Pvt Ltd.,700,226.4,158480.0,2025-07-23 11:28:17.677176
2025-07-23,140491,2025072304009745,AKJCL,Aryatara Investment & Securities,J.F. Securites (PVT) Ltd.,100,226.4,22640.0,2025-07-23 11:28:17.677247
2025-07-23,140490,2025072304009746,AKJCL,Aryatara Investment & Securities,Naasa Securities Co. Ltd.,33,226.4,7471.2,2025-07-23 11:28:17.677293
2025-07-23,140489,2025072304009747,AKJCL,Aryatara Investment & Securities,J.F. Securites (PVT) Ltd.,100,226.8,22680.0,2025-07-23 11:28:17.677334
2025-07-23,140488,2025072304009748,AKJCL,Aryatara Investment & Securities,Opal Securities Investment (PVT) Ltd.,50,226.8,11340.0,2025-07-23 11:28:17.677362
2025-07-23,140487,2025072304009749,AKJCL,Aryatara Investment & Securities,Sweta Securities Private Limited,427,227.0,96929.0,2025-07-23 11:28:17.677407
2025-07-23,140486,2025072304009750,AKJCL,Aryatara Investment & Securities,Shree Krishna Securities Ltd.,100,227.0,22700.0,2025-07-23 11:28:17.677436
2025-07-23,140485,2025072304009751,AKJCL,Aryatara Investment & Securities,Vision Securities Pvt. Ltd,40,227.0,9080.0,2025-07-23 11:28:17.677482
2025-07-23,140484,2025072304009752,AKJCL,Aryatara Investment & Securities,Deevyaa Securities & Stock House Pvt. Ltd,450,227.0,102150.0,2025-07-23 11:28:17.677510
2025-07-23,140408,2025072304009786,AKJCL,Vision Securities Pvt. Ltd,Oxford Securities Pvt. Ltd.,1000,226.0,226000.0,2025-07-23 11:28:22.827467
2025-07-23,140371,2025072304009804,AKJCL,Vision Securities Pvt. Ltd,Thrive Brokerage House Pvt. Ltd,80,226.0,18080.0,2025-07-23 11:28:25.748872
2025-07-23,140367,2025072304009805,AKJCL,Kumari Securities Private Limited,Deevyaa Securities & Stock House Pvt. Ltd,50,227.0,11350.0,2025-07-23 11:28:26.048503
2025-07-23,140366,2025072304009806,AKJCL,Kumari Securities Private Limited,Sharepro Securities Private Limited,100,227.0,22700.0,2025-07-23 11:28:26.048733
2025-07-23,140365,2025072304009807,AKJCL,Kumari Securities Private Limited,Online Securities Pvt. Ltd.,512,227.0,116224.0,2025-07-23 11:28:26.048836
2025-07-23,140364,2025072304009808,AKJCL,Kumari Securities Private Limited,Cristal Kanchanjanga Securites Pvt. Ltd.,120,227.0,27240.0,2025-07-23 11:28:26.048919
2025-07-23,140363,2025072304009809,AKJCL,Kumari Securities Private Limited,Prabhu Stock Market Limited,218,227.0,49486.0,2025-07-23 11:28:26.049029
2025-07-23,140327,2025072304009824,AKJCL,Shree Krishna Securities Ltd.,Prabhu Stock Market Limited,44,227.0,9988.0,2025-07-23 11:28:28.989067
2025-07-23,140203,2025072304009877,AKJCL,Trishakti Securities Public Limited,Prabhu Stock Market Limited,238,227.0,54026.0,2025-07-23 11:28:36.900609
2025-07-23,140202,2025072304009878,AKJCL,Trishakti Securities Public Limited,Dipshikha Dhitopatra Karobar Co. Pvt Ltd.,132,227.0,29964.0,2025-07-23 11:28:36.900788
2025-07-23,140195,2025072304009880,AKJCL,Vision Securities Pvt. Ltd,Sri Hari Securities Pvt. Ltd.,100,226.0,22600.0,2025-07-23 11:28:37.809993
2025-07-23,140170,2025072304009889,AKJCL,Ashutosh Brokerage & Securities (PVT) Ltd.,Dipshikha Dhitopatra Karobar Co. Pvt Ltd.,68,227.0,15436.0,2025-07-23 11:28:40.441630
2025-07-23,140169,2025072304009890,AKJCL,Ashutosh Brokerage & Securities (PVT) Ltd.,Naasa Securities Co. Ltd.,27,227.0,6129.0,2025-07-23 11:28:40.442023
2025-07-23,140168,2025072304009891,AKJCL,Ashutosh Brokerage & Securities (PVT) Ltd.,Secured Securities Ltd.,235,227.0,53345.0,2025-07-23 11:28:40.442253
2025-07-23,140115,2025072304009926,AKJCL,Naasa Securities Co. Ltd.,Secured Securities Ltd.,100,227.0,22700.0,2025-07-23 11:28:43.014576
2025-07-23,140092,2025072304009940,AKJCL,Vision Securities Pvt. Ltd,Primo Securities (PVT) Ltd.,100,226.0,22600.0,2025-07-23 11:28:44.119416
2025-07-23,140017,2025072304009986,AKJCL,ABC Securities Private Limited,Primo Securities (PVT) Ltd.,200,226.1,45220.0,2025-07-23 11:28:47.046148
2025-07-23,139967,2025072304010005,AKJCL,ABC Securities Private Limited,Capital Hub P. Ltd,300,226.1,67830.0,2025-07-23 11:28:49.261580
2025-07-23,139966,2025072304010006,AKJCL,Linch Stock Market Ltd.,Capital Hub P. Ltd,170,226.1,38437.0,2025-07-23 11:28:49.261788
2025-07-23,139876,2025072304010028,AKJCL,Aryatara Investment & Securities,Secured Securities Ltd.,500,227.0,113500.0,2025-07-23 11:28:55.274332
2025-07-23,139699,2025072304010095,AKJCL,Deevyaa Securities & Stock House Pvt. Ltd,Secured Securities Ltd.,1000,227.0,227000.0,2025-07-23 11:29:10.803601
2025-07-23,139686,2025072304010101,AKJCL,Secured Securities Ltd.,Secured Securities Ltd.,165,227.0,37455.0,2025-07-23 11:29:12.134123
2025-07-23,139685,2025072304010102,AKJCL,Secured Securities Ltd.,Sundhara Securities Limited,30,227.0,6810.0,2025-07-23 11:29:12.134563
2025-07-23,139684,2025072304010103,AKJCL,Secured Securities Ltd.,Siprabi Securities Pvt. Ltd.,30,227.0,6810.0,2025-07-23 11:29:12.134835
2025-07-23,139683,2025072304010104,AKJCL,Secured Securities Ltd.,Deevyaa Securities & Stock House Pvt. Ltd,775,227.0,175925.0,2025-07-23 11:29:12.135106
2025-07-23,139670,2025072304010107,AKJCL,ABC Securities Private Limited,Nepal Stock House (PVT) Ltd.,100,226.5,22650.0,2025-07-23 11:29:13.791350
2025-07-23,139663,2025072304010108,AKJCL,ABC Securities Private Limited,Opal Securities Investment (PVT) Ltd.,500,226.5,113250.0,2025-07-23 11:29:15.079156
2025-07-23,139642,2025072304010120,AKJCL,Vision Securities Pvt. Ltd,Deevyaa Securities & Stock House Pvt. Ltd,225,227.0,51075.0,2025-07-23 11:29:16.626537
2025-07-23,139641,2025072304010121,AKJCL,Vision Securities Pvt. Ltd,Sri Hari Securities Pvt. Ltd.,200,227.0,45400.0,2025-07-23 11:29:16.626734
2025-07-23,139640,2025072304010122,AKJCL,Vision Securities Pvt. Ltd,Investment Management Nepal Pvt. Ltd.,500,227.0,113500.0,2025-07-23 11:29:16.626827
2025-07-23,139639,2025072304010123,AKJCL,Vision Securities Pvt. Ltd,Kalika Securities Pvt. Ltd.,480,227.0,108960.0,2025-07-23 11:29:16.626912
2025-07-23,139638,2025072304010124,AKJCL,Vision Securities Pvt. Ltd,Vision Securities Pvt. Ltd,1000,227.0,227000.0,2025-07-23 11:29:16.627009
2025-07-23,139637,2025072304010125,AKJCL,Vision Securities Pvt. Ltd,Dakshinkali Investment & Securities Pvt. Ltd.,1000,227.0,227000.0,2025-07-23 11:29:16.627113
2025-07-23,139636,2025072304010126,AKJCL,Vision Securities Pvt. Ltd,Sundhara Securities Limited,100,227.0,22700.0,2025-07-23 11:29:16.627210
2025-07-23,139476,2025072304010176,AKJCL,Vision Securities Pvt. Ltd,Online Securities Pvt. Ltd.,79,227.0,17933.0,2025-07-23 11:29:25.992133
2025-07-23,139451,2025072304010191,AKJCL,Vision Securities Pvt. Ltd,Vision Securities Pvt. Ltd,500,227.0,113500.0,2025-07-23 11:29:27.978557
2025-07-23,139436,2025072304010193,AKJCL,Vision Securities Pvt. Ltd,Naasa Securities Co. Ltd.,200,227.0,45400.0,2025-07-23 11:29:29.910439
2025-07-23,139365,2025072304010215,AKJCL,Aryatara Investment & Securities,Nepal Investment And Securities Trading Private Limited,100,227.1,22710.0,2025-07-23 11:29:35.277139
2025-07-23,139278,2025072304010249,AKJCL,Premier Securities Company Ltd.,Aryatara Investment & Securities,500,227.4,113700.0,2025-07-23 11:29:39.593446
2025-07-23,139245,2025072304010270,AKJCL,J.F. Securites (PVT) Ltd.,Kumari Securities Private Limited,30,227.4,6822.0,2025-07-23 11:29:42.360513
2025-07-23,139199,2025072304010280,AKJCL,Naasa Securities Co. Ltd.,Naasa Securities Co. Ltd.,200,227.5,45500.0,2025-07-23 11:29:44.706198
2025-07-23,139177,2025072304010293,AKJCL,J.F. Securites (PVT) Ltd.,Naasa Securities Co. Ltd.,500,227.4,113700.0,2025-07-23 11:29:45.868638
2025-07-23,139176,2025072304010294,AKJCL,J.F. Securites (PVT) Ltd.,Premier Securities Company Ltd.,270,227.4,61398.0,2025-07-23 11:29:45.870278
2025-07-23,139175,2025072304010295,AKJCL,Aryatara Investment & Securities,Premier Securities Company Ltd.,400,227.1,90840.0,2025-07-23 11:29:45.870571
2025-07-23,139174,2025072304010296,AKJCL,Vision Securities Pvt. Ltd,Premier Securities Company Ltd.,467,227.0,106009.0,2025-07-23 11:29:45.870894
2025-07-23,139173,2025072304010297,AKJCL,Vision Securities Pvt. Ltd,Premier Securities Company Ltd.,250,227.0,56750.0,2025-07-23 11:29:45.871166
2025-07-23,139172,2025072304010298,AKJCL,Aryatara Investment & Securities,Premier Securities Company Ltd.,500,227.0,113500.0,2025-07-23 11:29:45.871457
2025-07-23,139095,2025072304010328,AKJCL,Kohinoor Investment & Securities Pvt. Ltd.,Premier Securities Company Ltd.,1613,227.0,366151.0,2025-07-23 11:29:51.691389
2025-07-23,138993,2025072304010354,AKJCL,Kohinoor Investment & Securities Pvt. Ltd.,Creative Securities Pvt Ltd,387,227.0,87849.0,2025-07-23 11:29:58.788981
2025-07-23,138992,2025072304010355,AKJCL,South Asian Bulls Pvt. Ltd.,Creative Securities Pvt Ltd,100,227.0,22700.0,2025-07-23 11:29:58.789205
2025-07-23,138984,2025072304010359,AKJCL,Online Securities Pvt. Ltd.,Creative Securities Pvt Ltd,100,227.0,22700.0,2025-07-23 11:29:59.662559
2025-07-23,138958,2025072304010370,AKJCL,BHOLE GANESH SECURITIES LTD,Creative Securities Pvt Ltd,763,227.0,173201.0,2025-07-23 11:30:01.377625
2025-07-23,138957,2025072304010371,AKJCL,BHOLE GANESH SECURITIES LTD,Agrawal Securities (PVT) Ltd.,50,227.0,11350.0,2025-07-23 11:30:01.377834
2025-07-23,138931,2025072304010384,AKJCL,BHOLE GANESH SECURITIES LTD,Nepal Stock House (PVT) Ltd.,100,227.0,22700.0,2025-07-23 11:30:03.746245
2025-07-23,138900,2025072304010391,AKJCL,BHOLE GANESH SECURITIES LTD,KALASH STOCK MARKET PVT. LTD.,87,227.0,19749.0,2025-07-23 11:30:05.836254
2025-07-23,138863,2025072304010395,AKJCL,Dakshinkali Investment & Securities Pvt. Ltd.,Naasa Securities Co. Ltd.,7,223.0,1561.0,2025-07-23 11:30:07.493680
2025-07-23,138741,2025072304010429,AKJCL,ABC Securities Private Limited,Online Securities Pvt. Ltd.,100,226.5,22650.0,2025-07-23 11:30:15.922668
2025-07-23,138581,2025072304010500,AKJCL,Dipshikha Dhitopatra Karobar Co. Pvt Ltd.,KALASH STOCK MARKET PVT. LTD.,40,227.0,9080.0,2025-07-23 11:30:26.534552
2025-07-23,138540,2025072304010517,AKJCL,Sani Securities Company Ltd.,KALASH STOCK MARKET PVT. LTD.,73,227.0,16571.0,2025-07-23 11:30:29.117508
2025-07-23,138539,2025072304010518,AKJCL,Sani Securities Company Ltd.,Vision Securities Pvt. Ltd,927,227.0,210429.0,2025-07-23 11:30:29.117752
2025-07-23,138536,2025072304010519,AKJCL,Midas Stock Broking Company Private Limited,Vision Securities Pvt. Ltd,30,227.0,6810.0,2025-07-23 11:30:30.106821
2025-07-23,138484,2025072304010545,AKJCL,ABC Securities Private Limited,Sweta Securities Private Limited,100,226.5,22650.0,2025-07-23 11:30:33.769250
2025-07-23,138421,2025072304010558,AKJCL,ABC Securities Private Limited,Sundhara Securities Limited,200,226.5,45300.0,2025-07-23 11:30:37.675089
2025-07-23,138348,2025072304010584,AKJCL,Online Securities Pvt. Ltd.,Sundhara Securities Limited,400,226.5,90600.0,2025-07-23 11:30:42.549647
2025-07-23,138242,2025072304010620,AKJCL,Sweta Securities Private Limited,Dipshikha Dhitopatra Karobar Co. Pvt Ltd.,10,226.9,2269.0,2025-07-23 11:30:51.776727
2025-07-23,138241,2025072304010621,AKJCL,Sweta Securities Private Limited,Sipla Securities Private Limited,200,226.9,45380.0,2025-07-23 11:30:51.776952
2025-07-23,138240,2025072304010622,AKJCL,Sweta Securities Private Limited,Vision Securities Pvt. Ltd,43,227.0,9761.0,2025-07-23 11:30:51.777058
2025-07-23,138239,2025072304010623,AKJCL,Sweta Securities Private Limited,Naasa Securities Co. Ltd.,635,227.0,144145.0,2025-07-23 11:30:51.777162
2025-07-23,138218,2025072304010633,AKJCL,Vision Securities Pvt. Ltd,Naasa Securities Co. Ltd.,50,227.0,11350.0,2025-07-23 11:30:53.718068
2025-07-23,138214,2025072304010636,AKJCL,Online Securities Pvt. Ltd.,Dynamic Money Managers Securities Pvt. Ltd.,68,226.5,15402.0,2025-07-23 11:30:54.278733
2025-07-23,138213,2025072304010637,AKJCL,Linch Stock Market Ltd.,Dynamic Money Managers Securities Pvt. Ltd.,132,226.1,29845.2,2025-07-23 11:30:54.279003
2025-07-23,137787,2025072304010785,AKJCL,Nepal Stock House (PVT) Ltd.,Naasa Securities Co. Ltd.,100,226.2,22620.0,2025-07-23 11:31:23.804522
2025-07-23,137786,2025072304010786,AKJCL,Linch Stock Market Ltd.,Naasa Securities Co. Ltd.,698,226.1,157817.8,2025-07-23 11:31:23.804751
2025-07-23,137632,2025072304010831,AKJCL,Kohinoor Investment & Securities Pvt. Ltd.,South Asian Bulls Pvt. Ltd.,2135,225.0,480375.0,2025-07-23 11:31:34.359305
2025-07-23,137631,2025072304010832,AKJCL,Aryatara Investment & Securities,South Asian Bulls Pvt. Ltd.,1000,225.0,225000.0,2025-07-23 11:31:34.359957
2025-07-23,137630,2025072304010833,AKJCL,Deevyaa Securities & Stock House Pvt. Ltd,South Asian Bulls Pvt. Ltd.,1000,225.0,225000.0,2025-07-23 11:31:34.360381
2025-07-23,137629,2025072304010834,AKJCL,KALASH STOCK MARKET PVT. LTD.,South Asian Bulls Pvt. Ltd.,666,225.0,149850.0,2025-07-23 11:31:34.360747
2025-07-23,137628,2025072304010835,AKJCL,Sani Securities Company Ltd.,South Asian Bulls Pvt. Ltd.,199,225.0,44775.0,2025-07-23 11:31:34.361101
2025-07-23,137430,2025072304010915,AKJCL,Sani Securities Company Ltd.,Primo Securities (PVT) Ltd.,50,225.0,11250.0,2025-07-23 11:31:46.365991
2025-07-23,137387,2025072304010942,AKJCL,Naasa Securities Co. Ltd.,Pragyan Securities (PVT) Ltd.,15,226.0,3390.0,2025-07-23 11:31:48.771670
2025-07-23,137269,2025072304010979,AKJCL,ABC Securities Private Limited,Pragyan Securities (PVT) Ltd.,85,226.0,19210.0,2025-07-23 11:31:57.899953
2025-07-23,137268,2025072304010980,AKJCL,ABC Securities Private Limited,Sundhara Securities Limited,100,226.1,22610.0,2025-07-23 11:31:57.900515
2025-07-23,137266,2025072304010981,AKJCL,ABC Securities Private Limited,Dipshikha Dhitopatra Karobar Co. Pvt Ltd.,300,226.1,67830.0,2025-07-23 11:31:58.276476
2025-07-23,137251,2025072304010988,AKJCL,ABC Securities Private Limited,Ashutosh Brokerage & Securities (PVT) Ltd.,17,226.1,3843.7,2025-07-23 11:31:59.888201
2025-07-23,137249,2025072304010990,AKJCL,ABC Securities Private Limited,Aryatara Investment & Securities,498,226.1,112597.8,2025-07-23 11:31:59.952868
2025-07-23,137248,2025072304010991,AKJCL,Sani Securities Company Ltd.,Aryatara Investment & Securities,251,225.0,56475.0,2025-07-23 11:31:59.953149
2025-07-23,137247,2025072304010992,AKJCL,Aryatara Investment & Securities,Aryatara Investment & Securities,200,225.0,45000.0,2025-07-23 11:31:59.953304
2025-07-23,137246,2025072304010993,AKJCL,Midas Stock Broking Company Private Limited,Aryatara Investment & Securities,1751,225.0,393975.0,2025-07-23 11:31:59.953438
2025-07-23,137222,2025072304011006,AKJCL,South Asian Bulls Pvt. Ltd.,Dynamic Money Managers Securities Pvt. Ltd.,100,226.2,22620.0,2025-07-23 11:32:01.621021
2025-07-23,137221,2025072304011007,AKJCL,South Asian Bulls Pvt. Ltd.,Aryatara Investment & Securities,400,226.7,90680.0,2025-07-23 11:32:01.621274
2025-07-23,137046,2025072304011064,AKJCL,Sundhara Securities Limited,Kalika Securities Pvt. Ltd.,100,226.0,22600.0,2025-07-23 11:32:14.093062
2025-07-23,137045,2025072304011065,AKJCL,Sundhara Securities Limited,Aryatara Investment & Securities,350,226.7,79345.0,2025-07-23 11:32:14.093348
2025-07-23,137044,2025072304011066,AKJCL,Sundhara Securities Limited,Trishakti Securities Public Limited,550,226.7,124685.0,2025-07-23 11:32:14.093492
2025-07-23,137007,2025072304011080,AKJCL,Naasa Securities Co. Ltd.,Linch Stock Market Ltd.,30,226.0,6780.0,2025-07-23 11:32:17.283719
2025-07-23,136799,2025072304011158,AKJCL,Naasa Securities Co. Ltd.,Linch Stock Market Ltd.,1000,226.0,226000.0,2025-07-23 11:32:29.008626
2025-07-23,136639,2025072304011208,AKJCL,Ashutosh Brokerage & Securities (PVT) Ltd.,Aryatara Investment & Securities,200,225.2,45040.0,2025-07-23 11:32:40.960263
2025-07-23,136460,2025072304011264,AKJCL,Ashutosh Brokerage & Securities (PVT) Ltd.,Capital Max Securities Ltd,300,225.2,67560.0,2025-07-23 11:32:54.515142
2025-07-23,136350,2025072304011294,AKJCL,Nepal Stock House (PVT) Ltd.,Capital Max Securities Ltd,50,225.2,11260.0,2025-07-23 11:33:03.003837
2025-07-23,136108,2025072304011372,AKJCL,Imperial Securities Company Pvt. Ltd.,Investment Management Nepal Pvt. Ltd.,200,225.1,45020.0,2025-07-23 11:33:19.512263
2025-07-23,136107,2025072304011373,AKJCL,Midas Stock Broking Company Private Limited,Investment Management Nepal Pvt. Ltd.,449,225.0,101025.0,2025-07-23 11:33:19.512422
2025-07-23,136106,2025072304011374,AKJCL,Imperial Securities Company Pvt. Ltd.,Investment Management Nepal Pvt. Ltd.,300,225.0,67500.0,2025-07-23 11:33:19.512500
2025-07-23,136105,2025072304011375,AKJCL,Nepal Stock House (PVT) Ltd.,Investment Management Nepal Pvt. Ltd.,51,225.0,11475.0,2025-07-23 11:33:19.512590
2025-07-23,135862,2025072304011438,AKJCL,Nepal Stock House (PVT) Ltd.,Market Securities & Exchange (PVT) Ltd.,49,225.0,11025.0,2025-07-23 11:33:33.832472
2025-07-23,135861,2025072304011439,AKJCL,Oxford Securities Pvt. Ltd.,Market Securities & Exchange (PVT) Ltd.,16,225.0,3600.0,2025-07-23 11:33:33.832774
2025-07-23,135731,2025072304011477,AKJCL,Dynamic Money Managers Securities Pvt. Ltd.,J.F. Securites (PVT) Ltd.,500,224.8,112400.0,2025-07-23 11:33:41.024919
2025-07-23,135657,2025072304011507,AKJCL,Dynamic Money Managers Securities Pvt. Ltd.,Malla & Malla Stock Broking Company Pvt. Limited,500,224.8,112400.0,2025-07-23 11:33:47.345007
2025-07-23,135590,2025072304011531,AKJCL,Dynamic Money Managers Securities Pvt. Ltd.,Kalika Securities Pvt. Ltd.,100,224.8,22480.0,2025-07-23 11:33:50.292555
2025-07-23,135492,2025072304011564,AKJCL,Dynamic Money Managers Securities Pvt. Ltd.,Dipshikha Dhitopatra Karobar Co. Pvt Ltd.,900,224.8,202320.0,2025-07-23 11:33:53.433261
2025-07-23,135469,2025072304011573,AKJCL,Online Securities Pvt. Ltd.,Dipshikha Dhitopatra Karobar Co. Pvt Ltd.,470,224.8,105656.0,2025-07-23 11:33:55.105684
2025-07-23,135468,2025072304011574,AKJCL,Online Securities Pvt. Ltd.,Market Securities & Exchange (PVT) Ltd.,530,225.0,119250.0,2025-07-23 11:33:55.106261
2025-07-23,135163,2025072304011664,AKJCL,Dynamic Money Managers Securities Pvt. Ltd.,Capital Max Securities Ltd,50,224.8,11240.0,2025-07-23 11:34:13.014445
2025-07-23,135162,2025072304011665,AKJCL,Dynamic Money Managers Securities Pvt. Ltd.,Market Securities & Exchange (PVT) Ltd.,255,225.0,57375.0,2025-07-23 11:34:13.015046
2025-07-23,135161,2025072304011666,AKJCL,Dynamic Money Managers Securities Pvt. Ltd.,Aryatara Investment & Securities,35,225.0,7875.0,2025-07-23 11:34:13.015497
2025-07-23,135160,2025072304011667,AKJCL,Dynamic Money Managers Securities Pvt. Ltd.,Malla & Malla Stock Broking Company Pvt. Limited,90,225.0,20250.0,2025-07-23 11:34:13.015938
2025-07-23,135159,2025072304011668,AKJCL,Dynamic Money Managers Securities Pvt. Ltd.,Dynamic Money Managers Securities Pvt. Ltd.,600,225.0,135000.0,2025-07-23 11:34:13.016340
2025-07-23,135158,2025072304011669,AKJCL,Dynamic Money Managers Securities Pvt. Ltd.,Dynamic Money Managers Securities Pvt. Ltd.,800,225.0,180000.0,2025-07-23 11:34:13.016772
2025-07-23,135157,2025072304011670,AKJCL,Dynamic Money Managers Securities Pvt. Ltd.,Nepal Stock House (PVT) Ltd.,170,225.0,38250.0,2025-07-23 11:34:13.017176
2025-07-23,134835,2025072304011809,AKJCL,Premier Securities Company Ltd.,Nepal Stock House (PVT) Ltd.,10,225.0,2250.0,2025-07-23 11:34:28.703208
2025-07-23,134801,2025072304011813,AKJCL,Elite Stock House Limited,Siprabi Securities Pvt. Ltd.,490,225.0,110250.0,2025-07-23 11:34:30.675754
2025-07-23,134800,2025072304011814,AKJCL,Elite Stock House Limited,Cristal Kanchanjanga Securites Pvt. Ltd.,10,225.0,2250.0,2025-07-23 11:34:30.676077
2025-07-23,134560,2025072304011915,AKJCL,Online Securities Pvt. Ltd.,Cristal Kanchanjanga Securites Pvt. Ltd.,190,225.0,42750.0,2025-07-23 11:34:43.254740
2025-07-23,134559,2025072304011916,AKJCL,Online Securities Pvt. Ltd.,Kumari Securities Private Limited,10,225.0,2250.0,2025-07-23 11:34:43.255364
2025-07-23,134558,2025072304011917,AKJCL,Online Securities Pvt. Ltd.,ABC Securities Private Limited,100,225.0,22500.0,2025-07-23 11:34:43.255789
2025-07-23,134525,2025072304011933,AKJCL,Online Securities Pvt. Ltd.,Trishakti Securities Public Limited,200,225.0,45000.0,2025-07-23 11:34:45.062746
2025-07-23,134466,2025072304011952,AKJCL,Online Securities Pvt. Ltd.,Kalika Securities Pvt. Ltd.,500,225.0,112500.0,2025-07-23 11:34:48.244001
2025-07-23,134345,2025072304012014,AKJCL,Naasa Securities Co. Ltd.,Oxford Securities Pvt. Ltd.,20,224.9,4498.0,2025-07-23 11:34:56.272552
2025-07-23,134344,2025072304012015,AKJCL,Sri Hari Securities Pvt. Ltd.,Oxford Securities Pvt. Ltd.,80,224.5,17960.0,2025-07-23 11:34:56.273135
2025-07-23,134314,2025072304012025,AKJCL,Sri Hari Securities Pvt. Ltd.,Asian Securities Private Ltd.,920,224.5,206540.0,2025-07-23 11:34:58.191055
2025-07-23,134313,2025072304012026,AKJCL,BHOLE GANESH SECURITIES LTD,Asian Securities Private Ltd.,500,224.1,112050.0,2025-07-23 11:34:58.191710
2025-07-23,134312,2025072304012027,AKJCL,Opal Securities Investment (PVT) Ltd.,Asian Securities Private Ltd.,580,224.1,129978.0,2025-07-23 11:34:58.192173
2025-07-23,134311,2025072304012028,AKJCL,Premier Securities Company Ltd.,Asian Securities Private Ltd.,1075,224.0,240800.0,2025-07-23 11:34:58.192629
2025-07-23,134306,2025072304012029,AKJCL,Trisul Securities & Invt. Ltd.,Kalika Securities Pvt. Ltd.,100,225.0,22500.0,2025-07-23 11:34:58.513391
2025-07-23,134305,2025072304012030,AKJCL,Trisul Securities & Invt. Ltd.,Naasa Securities Co. Ltd.,300,225.0,67500.0,2025-07-23 11:34:58.514009
2025-07-23,134304,2025072304012031,AKJCL,Trisul Securities & Invt. Ltd.,Sumeru Securities Pvt. Ltd.,220,225.0,49500.0,2025-07-23 11:34:58.514469
2025-07-23,134247,2025072304012062,AKJCL,Trisul Securities & Invt. Ltd.,Malla & Malla Stock Broking Company Pvt. Limited,260,225.0,58500.0,2025-07-23 11:35:00.907669
2025-07-23,134246,2025072304012063,AKJCL,Nepal Stock House (PVT) Ltd.,Malla & Malla Stock Broking Company Pvt. Limited,100,225.0,22500.0,2025-07-23 11:35:00.908281
2025-07-23,134229,2025072304012068,AKJCL,Premier Securities Company Ltd.,Imperial Securities Company Pvt. Ltd.,400,224.0,89600.0,2025-07-23 11:35:02.212640
2025-07-23,134091,2025072304012113,AKJCL,Kumari Securities Private Limited,Malla & Malla Stock Broking Company Pvt. Limited,50,225.0,11250.0,2025-07-23 11:35:10.622877
2025-07-23,133860,2025072304012190,AKJCL,Premier Securities Company Ltd.,Investment Management Nepal Pvt. Ltd.,525,224.0,117600.0,2025-07-23 11:35:22.643931
2025-07-23,133859,2025072304012191,AKJCL,Sewa Securities Pvt. Ltd.,Investment Management Nepal Pvt. Ltd.,500,224.0,112000.0,2025-07-23 11:35:22.644237
2025-07-23,133858,2025072304012192,AKJCL,Kumari Securities Private Limited,Investment Management Nepal Pvt. Ltd.,210,224.0,47040.0,2025-07-23 11:35:22.644403
2025-07-23,133857,2025072304012193,AKJCL,Naasa Securities Co. Ltd.,Investment Management Nepal Pvt. Ltd.,10,224.0,2240.0,2025-07-23 11:35:22.644543
2025-07-23,133597,2025072304012283,AKJCL,Naasa Securities Co. Ltd.,Investment Management Nepal Pvt. Ltd.,755,224.0,169120.0,2025-07-23 11:35:37.891927
2025-07-23,133379,2025072304012350,AKJCL,Nepal Stock House (PVT) Ltd.,Sri Hari Securities Pvt. Ltd.,3000,224.0,672000.0,2025-07-23 11:35:49.712209
2025-07-23,133103,2025072304012443,AKJCL,Trisul Securities & Invt. Ltd.,Kumari Securities Private Limited,10,224.9,2249.0,2025-07-23 11:36:04.165618
2025-07-23,133069,2025072304012454,AKJCL,Trisul Securities & Invt. Ltd.,Online Securities Pvt. Ltd.,10,224.9,2249.0,2025-07-23 11:36:06.994072
2025-07-23,133068,2025072304012455,AKJCL,Nepal Stock House (PVT) Ltd.,Online Securities Pvt. Ltd.,90,224.1,20169.0,2025-07-23 11:36:06.994770
2025-07-23,132910,2025072304012521,AKJCL,Nepal Stock House (PVT) Ltd.,Naasa Securities Co. Ltd.,1500,224.1,336150.0,2025-07-23 11:36:18.758933
2025-07-23,132856,2025072304012538,AKJCL,Nepal Stock House (PVT) Ltd.,J.F. Securites (PVT) Ltd.,20,224.1,4482.0,2025-07-23 11:36:21.916544
2025-07-23,132804,2025072304012560,AKJCL,Dipshikha Dhitopatra Karobar Co. Pvt Ltd.,ABC Securities Private Limited,200,224.9,44980.0,2025-07-23 11:36:24.705806
2025-07-23,132803,2025072304012561,AKJCL,Dipshikha Dhitopatra Karobar Co. Pvt Ltd.,Malla & Malla Stock Broking Company Pvt. Limited,40,225.0,9000.0,2025-07-23 11:36:24.706229
2025-07-23,132802,2025072304012562,AKJCL,Dipshikha Dhitopatra Karobar Co. Pvt Ltd.,Agrawal Securities (PVT) Ltd.,50,225.0,11250.0,2025-07-23 11:36:24.706512
2025-07-23,132801,2025072304012563,AKJCL,Dipshikha Dhitopatra Karobar Co. Pvt Ltd.,Naasa Securities Co. Ltd.,200,225.0,45000.0,2025-07-23 11:36:24.706764
2025-07-23,132800,2025072304012564,AKJCL,Dipshikha Dhitopatra Karobar Co. Pvt Ltd.,Sani Securities Company Ltd.,140,225.0,31500.0,2025-07-23 11:36:24.707004
2025-07-23,132799,2025072304012565,AKJCL,Dipshikha Dhitopatra Karobar Co. Pvt Ltd.,Malla & Malla Stock Broking Company Pvt. Limited,1000,225.0,225000.0,2025-07-23 11:36:24.707244
2025-07-23,132798,2025072304012566,AKJCL,Dipshikha Dhitopatra Karobar Co. Pvt Ltd.,Investment Management Nepal Pvt. Ltd.,370,225.0,83250.0,2025-07-23 11:36:24.707470
2025-07-23,132372,2025072304012707,AKJCL,Premier Securities Company Ltd.,Sani Securities Company Ltd.,25,224.2,5605.0,2025-07-23 11:36:52.589620
2025-07-23,132221,2025072304012762,AKJCL,Premier Securities Company Ltd.,Agrawal Securities (PVT) Ltd.,75,224.2,16815.0,2025-07-23 11:37:03.703624
2025-07-23,132220,2025072304012763,AKJCL,Nepal Stock House (PVT) Ltd.,Agrawal Securities (PVT) Ltd.,25,224.1,5602.5,2025-07-23 11:37:03.704346
2025-07-23,132177,2025072304012772,AKJCL,Nepal Stock House (PVT) Ltd.,South Asian Bulls Pvt. Ltd.,365,224.1,81796.5,2025-07-23 11:37:07.602866
2025-07-23,132176,2025072304012773,AKJCL,SUN SECURITIES PVT LTD,South Asian Bulls Pvt. Ltd.,2000,224.1,448200.0,2025-07-23 11:37:07.603198
2025-07-23,132175,2025072304012774,AKJCL,Nepal Stock House (PVT) Ltd.,South Asian Bulls Pvt. Ltd.,2000,224.0,448000.0,2025-07-23 11:37:07.603364
2025-07-23,132152,2025072304012782,AKJCL,Online Securities Pvt. Ltd.,South Asian Bulls Pvt. Ltd.,175,224.0,39200.0,2025-07-23 11:37:10.042165
2025-07-23,132106,2025072304012803,AKJCL,Vision Securities Pvt. Ltd,South Asian Bulls Pvt. Ltd.,400,224.0,89600.0,2025-07-23 11:37:12.807948
2025-07-23,132039,2025072304012820,AKJCL,Linch Stock Market Ltd.,Premier Securities Company Ltd.,170,223.5,37995.0,2025-07-23 11:37:17.282937
2025-07-23,132038,2025072304012821,AKJCL,Dipshikha Dhitopatra Karobar Co. Pvt Ltd.,Premier Securities Company Ltd.,530,223.3,118349.0,2025-07-23 11:37:17.283040
2025-07-23,131668,2025072304012948,AKJCL,Dipshikha Dhitopatra Karobar Co. Pvt Ltd.,Premier Securities Company Ltd.,74,223.3,16524.2,2025-07-23 11:37:41.091147
2025-07-23,131667,2025072304012949,AKJCL,KALASH STOCK MARKET PVT. LTD.,Premier Securities Company Ltd.,426,223.0,94998.0,2025-07-23 11:37:41.091221
2025-07-23,131597,2025072304012971,AKJCL,KALASH STOCK MARKET PVT. LTD.,Dipshikha Dhitopatra Karobar Co. Pvt Ltd.,57,223.0,12711.0,2025-07-23 11:37:47.189861
2025-07-23,131596,2025072304012972,AKJCL,Indira securities pvt. ltd,Dipshikha Dhitopatra Karobar Co. Pvt Ltd.,13,223.0,2899.0,2025-07-23 11:37:47.190196
2025-07-23,131427,2025072304013034,AKJCL,Indira securities pvt. ltd,Secured Securities Ltd.,287,223.0,64001.0,2025-07-23 11:38:01.123032
2025-07-23,131426,2025072304013035,AKJCL,Kohinoor Investment & Securities Pvt. Ltd.,Secured Securities Ltd.,2000,223.0,446000.0,2025-07-23 11:38:01.123370
2025-07-23,131283,2025072304013074,AKJCL,Kohinoor Investment & Securities Pvt. Ltd.,Trishakti Securities Public Limited,146,222.5,32485.0,2025-07-23 11:38:12.925758
2025-07-23,131141,2025072304013113,AKJCL,Naasa Securities Co. Ltd.,Secured Securities Ltd.,620,223.0,138260.0,2025-07-23 11:38:23.474431
2025-07-23,131134,2025072304013119,AKJCL,Kohinoor Investment & Securities Pvt. Ltd.,Investment Management Nepal Pvt. Ltd.,600,222.5,133500.0,2025-07-23 11:38:24.195416
2025-07-23,131054,2025072304013143,AKJCL,Kohinoor Investment & Securities Pvt. Ltd.,Linch Stock Market Ltd.,100,222.5,22250.0,2025-07-23 11:38:30.651678
2025-07-23,130972,2025072304013175,AKJCL,Kohinoor Investment & Securities Pvt. Ltd.,ABC Securities Private Limited,50,222.5,11125.0,2025-07-23 11:38:37.484092
2025-07-23,130794,2025072304013231,AKJCL,Kohinoor Investment & Securities Pvt. Ltd.,Linch Stock Market Ltd.,104,222.5,23140.0,2025-07-23 11:38:53.688878
2025-07-23,130793,2025072304013232,AKJCL,Linch Stock Market Ltd.,Linch Stock Market Ltd.,100,222.5,22250.0,2025-07-23 11:38:53.689540
2025-07-23,130683,2025072304013264,AKJCL,Siprabi Securities Pvt. Ltd.,Secured Securities Ltd.,812,223.0,181076.0,2025-07-23 11:39:02.981049
2025-07-23,130682,2025072304013265,AKJCL,Siprabi Securities Pvt. Ltd.,Creative Securities Pvt Ltd,500,223.0,111500.0,2025-07-23 11:39:02.981480
2025-07-23,130681,2025072304013266,AKJCL,Siprabi Securities Pvt. Ltd.,Thrive Brokerage House Pvt. Ltd,792,223.0,176616.0,2025-07-23 11:39:02.981656
2025-07-23,130680,2025072304013267,AKJCL,Siprabi Securities Pvt. Ltd.,Sri Hari Securities Pvt. Ltd.,500,223.0,111500.0,2025-07-23 11:39:02.981824
2025-07-23,130679,2025072304013268,AKJCL,Siprabi Securities Pvt. Ltd.,Sri Hari Securities Pvt. Ltd.,200,223.0,44600.0,2025-07-23 11:39:02.981986
2025-07-23,130537,2025072304013315,AKJCL,Capital Max Securities Ltd,South Asian Bulls Pvt. Ltd.,12,224.0,2688.0,2025-07-23 11:39:15.550144
2025-07-23,130482,2025072304013334,AKJCL,Sewa Securities Pvt. Ltd.,Imperial Securities Company Pvt. Ltd.,300,223.0,66900.0,2025-07-23 11:39:18.687686
2025-07-23,130325,2025072304013397,AKJCL,Naasa Securities Co. Ltd.,South Asian Bulls Pvt. Ltd.,20,224.0,4480.0,2025-07-23 11:39:30.602203
2025-07-23,130320,2025072304013400,AKJCL,Sewa Securities Pvt. Ltd.,Dipshikha Dhitopatra Karobar Co. Pvt Ltd.,200,223.0,44600.0,2025-07-23 11:39:30.854948
2025-07-23,130144,2025072304013449,AKJCL,Sewa Securities Pvt. Ltd.,Naasa Securities Co. Ltd.,100,223.0,22300.0,2025-07-23 11:39:44.564127
2025-07-23,130001,2025072304013486,AKJCL,Trishakti Securities Public Limited,Nepal Stock House (PVT) Ltd.,200,223.9,44780.0,2025-07-23 11:39:55.137792
2025-07-23,130000,2025072304013487,AKJCL,Trishakti Securities Public Limited,Investment Management Nepal Pvt. Ltd.,300,223.9,67170.0,2025-07-23 11:39:55.138115
2025-07-23,129999,2025072304013488,AKJCL,Trishakti Securities Public Limited,South Asian Bulls Pvt. Ltd.,500,224.0,112000.0,2025-07-23 11:39:55.138269
2025-07-23,129775,2025072304013561,AKJCL,Siprabi Securities Pvt. Ltd.,Capital Max Securities Ltd,294,223.5,65709.0,2025-07-23 11:40:13.969210
2025-07-23,129774,2025072304013562,AKJCL,Siprabi Securities Pvt. Ltd.,South Asian Bulls Pvt. Ltd.,86,224.0,19264.0,2025-07-23 11:40:13.969594
2025-07-23,129773,2025072304013563,AKJCL,Siprabi Securities Pvt. Ltd.,Dakshinkali Investment & Securities Pvt. Ltd.,50,224.0,11200.0,2025-07-23 11:40:13.969751
2025-07-23,129772,2025072304013564,AKJCL,Siprabi Securities Pvt. Ltd.,Dipshikha Dhitopatra Karobar Co. Pvt Ltd.,706,224.0,158144.0,2025-07-23 11:40:13.969908
2025-07-23,129570,2025072304013634,AKJCL,Naasa Securities Co. Ltd.,Dipshikha Dhitopatra Karobar Co. Pvt Ltd.,100,224.0,22400.0,2025-07-23 11:40:31.447701
2025-07-23,129460,2025072304013652,AKJCL,Siprabi Securities Pvt. Ltd.,Sweta Securities Private Limited,100,223.9,22390.0,2025-07-23 11:40:43.014776
2025-07-23,129459,2025072304013653,AKJCL,Siprabi Securities Pvt. Ltd.,Dipshikha Dhitopatra Karobar Co. Pvt Ltd.,194,224.0,43456.0,2025-07-23 11:40:43.015131
2025-07-23,129458,2025072304013654,AKJCL,Siprabi Securities Pvt. Ltd.,Secured Securities Ltd.,2000,224.0,448000.0,2025-07-23 11:40:43.015303
2025-07-23,129457,2025072304013655,AKJCL,Siprabi Securities Pvt. Ltd.,J.F. Securites (PVT) Ltd.,20,224.0,4480.0,2025-07-23 11:40:43.015500
2025-07-23,129456,2025072304013656,AKJCL,Siprabi Securities Pvt. Ltd.,Sharepro Securities Private Limited,1500,224.0,336000.0,2025-07-23 11:40:43.015663
2025-07-23,129417,2025072304013662,AKJCL,Sewa Securities Pvt. Ltd.,Linch Stock Market Ltd.,400,223.0,89200.0,2025-07-23 11:40:47.051229
2025-07-23,129416,2025072304013663,AKJCL,Imperial Securities Company Pvt. Ltd.,Linch Stock Market Ltd.,100,223.0,22300.0,2025-07-23 11:40:47.051590
2025-07-23,129264,2025072304013711,AKJCL,Imperial Securities Company Pvt. Ltd.,Aryatara Investment & Securities,150,223.0,33450.0,2025-07-23 11:41:01.771994
2025-07-23,129186,2025072304013748,AKJCL,Siprabi Securities Pvt. Ltd.,Aryatara Investment & Securities,950,224.0,212800.0,2025-07-23 11:41:09.623605
