Date,S.N.,Contract ID,Symbol,Buyer Broker,Seller Broker,quantity,rate,amount,transaction_time
2025-07-23,169208,2025072303000140,ALICL,Hatemalo Financial Services Private Limited,Imperial Securities Company Pvt. Ltd.,285,549.8,156693.0,2025-07-23 11:01:49.761857
2025-07-23,169207,2025072303000141,ALICL,Hatemalo Financial Services Private Limited,Siprabi Securities Pvt. Ltd.,200,549.9,109980.0,2025-07-23 11:01:49.761902
2025-07-23,169206,2025072303000142,ALICL,Hatemalo Financial Services Private Limited,Cristal Kanchanjanga Securites Pvt. Ltd.,165,549.9,90733.5,2025-07-23 11:01:49.761925
2025-07-23,168801,2025072303000215,ALICL,Dipshikha Dhitopatra Karobar Co. Pvt Ltd.,Trishakti Securities Public Limited,50,549.9,27495.0,2025-07-23 11:02:27.975643
2025-07-23,168800,2025072303000216,ALICL,Dipshikha Dhitopatra Karobar Co. Pvt Ltd.,Kalika Securities Pvt. Ltd.,44,550.0,24200.0,2025-07-23 11:02:27.975698
2025-07-23,168354,2025072303000282,ALICL,Pragyan Securities (PVT) Ltd.,Deevyaa Securities & Stock House Pvt. Ltd,1000,545.1,545100.0,2025-07-23 11:03:02.458917
2025-07-23,167332,2025072303000471,ALICL,Deevyaa Securities & Stock House Pvt. Ltd,Nagarik Stock Dealer ,190,543.8,103322.0,2025-07-23 11:04:24.480986
2025-07-23,167331,2025072303000472,ALICL,Kalika Securities Pvt. Ltd.,Nagarik Stock Dealer ,100,542.0,54200.0,2025-07-23 11:04:24.481047
2025-07-23,167330,2025072303000473,ALICL,South Asian Bulls Pvt. Ltd.,Nagarik Stock Dealer ,100,542.0,54200.0,2025-07-23 11:04:24.481076
2025-07-23,167329,2025072303000474,ALICL,Kumari Securities Private Limited,Nagarik Stock Dealer ,1620,542.0,878040.0,2025-07-23 11:04:24.481105
2025-07-23,166775,2025072303000586,ALICL,Sani Securities Company Ltd.,ABC Securities Private Limited,100,548.9,54890.0,2025-07-23 11:05:03.140202
2025-07-23,166774,2025072303000587,ALICL,Sani Securities Company Ltd.,Deevyaa Securities & Stock House Pvt. Ltd,100,549.0,54900.0,2025-07-23 11:05:03.140260
2025-07-23,166235,2025072303000670,ALICL,Naasa Securities Co. Ltd.,Naasa Securities Co. Ltd.,30,548.0,16440.0,2025-07-23 11:05:39.434567
2025-07-23,166214,2025072303000674,ALICL,Kalika Securities Pvt. Ltd.,Naasa Securities Co. Ltd.,27,548.0,14796.0,2025-07-23 11:05:41.200312
2025-07-23,165845,2025072303000752,ALICL,Kumari Securities Private Limited,Ashutosh Brokerage & Securities (PVT) Ltd.,25,543.0,13575.0,2025-07-23 11:06:08.616544
2025-07-23,165844,2025072303000753,ALICL,Sani Securities Company Ltd.,Ashutosh Brokerage & Securities (PVT) Ltd.,75,543.0,40725.0,2025-07-23 11:06:08.616618
2025-07-23,165777,2025072303000764,ALICL,Sani Securities Company Ltd.,Linch Stock Market Ltd.,25,543.0,13575.0,2025-07-23 11:06:14.369861
2025-07-23,165776,2025072303000765,ALICL,Dipshikha Dhitopatra Karobar Co. Pvt Ltd.,Linch Stock Market Ltd.,300,542.1,162630.0,2025-07-23 11:06:14.369923
2025-07-23,165775,2025072303000766,ALICL,MILKY WAY SHARE BROKER COMPANY LTD ,Linch Stock Market Ltd.,174,542.1,94325.4,2025-07-23 11:06:14.369954
2025-07-23,165206,2025072303000893,ALICL,Imperial Securities Company Pvt. Ltd.,Market Securities & Exchange (PVT) Ltd.,200,547.7,109540.0,2025-07-23 11:06:53.832641
2025-07-23,164862,2025072303000962,ALICL,Shree Krishna Securities Ltd.,Market Securities & Exchange (PVT) Ltd.,100,547.7,54770.0,2025-07-23 11:07:17.016127
2025-07-23,164813,2025072303000971,ALICL,Trishakti Securities Public Limited,Opal Securities Investment (PVT) Ltd.,220,543.0,119460.0,2025-07-23 11:07:19.978911
2025-07-23,164812,2025072303000972,ALICL,MILKY WAY SHARE BROKER COMPANY LTD ,Opal Securities Investment (PVT) Ltd.,350,542.3,189805.0,2025-07-23 11:07:19.978979
2025-07-23,164346,2025072303001046,ALICL,Pragyan Securities (PVT) Ltd.,Dipshikha Dhitopatra Karobar Co. Pvt Ltd.,2000,545.0,1090000.0,2025-07-23 11:07:47.519617
2025-07-23,163285,2025072303001265,ALICL,Nepal Stock House (PVT) Ltd.,Sumeru Securities Pvt. Ltd.,100,543.0,54300.0,2025-07-23 11:09:06.025619
2025-07-23,163043,2025072303001307,ALICL,Sharepro Securities Private Limited,Capital Max Securities Ltd,100,543.1,54310.0,2025-07-23 11:09:21.233206
2025-07-23,163042,2025072303001308,ALICL,MILKY WAY SHARE BROKER COMPANY LTD ,Capital Max Securities Ltd,400,542.3,216920.0,2025-07-23 11:09:21.233356
2025-07-23,161970,2025072303001525,ALICL,MILKY WAY SHARE BROKER COMPANY LTD ,Primo Securities (PVT) Ltd.,76,542.3,41214.8,2025-07-23 11:10:32.214167
2025-07-23,161969,2025072303001526,ALICL,Kumari Securities Private Limited,Primo Securities (PVT) Ltd.,91,542.2,49340.2,2025-07-23 11:10:32.214367
2025-07-23,161582,2025072303001612,ALICL,Kumari Securities Private Limited,Sajilo Broker Limited,55,542.2,29821.0,2025-07-23 11:10:58.660604
2025-07-23,160677,2025072303001761,ALICL,Sharepro Securities Private Limited,Aryatara Investment & Securities,100,542.4,54240.0,2025-07-23 11:11:47.871948
2025-07-23,160676,2025072303001762,ALICL,Sharepro Securities Private Limited,Aryatara Investment & Securities,100,542.3,54230.0,2025-07-23 11:11:47.872046
2025-07-23,160338,2025072303001832,ALICL,Kumari Securities Private Limited,Deevyaa Securities & Stock House Pvt. Ltd,1234,542.2,669074.8,2025-07-23 11:12:12.790388
2025-07-23,160337,2025072303001833,ALICL,Siprabi Securities Pvt. Ltd.,Deevyaa Securities & Stock House Pvt. Ltd,100,542.1,54210.0,2025-07-23 11:12:12.790486
2025-07-23,160336,2025072303001834,ALICL,Kumari Securities Private Limited,Deevyaa Securities & Stock House Pvt. Ltd,500,542.0,271000.0,2025-07-23 11:12:12.790526
2025-07-23,160335,2025072303001835,ALICL,Opal Securities Investment (PVT) Ltd.,Deevyaa Securities & Stock House Pvt. Ltd,166,542.0,89972.0,2025-07-23 11:12:12.790570
2025-07-23,160140,2025072303001878,ALICL,Opal Securities Investment (PVT) Ltd.,Imperial Securities Company Pvt. Ltd.,34,542.0,18428.0,2025-07-23 11:12:25.335059
2025-07-23,160041,2025072303001891,ALICL,Pragyan Securities (PVT) Ltd.,Deevyaa Securities & Stock House Pvt. Ltd,1000,541.7,541700.0,2025-07-23 11:12:31.250842
2025-07-23,159449,2025072303002034,ALICL,Sundhara Securities Limited,South Asian Bulls Pvt. Ltd.,100,540.0,54000.0,2025-07-23 11:13:08.244413
2025-07-23,159448,2025072303002035,ALICL,Dynamic Money Managers Securities Pvt. Ltd.,South Asian Bulls Pvt. Ltd.,100,540.0,54000.0,2025-07-23 11:13:08.244470
2025-07-23,159447,2025072303002036,ALICL,Shree Krishna Securities Ltd.,South Asian Bulls Pvt. Ltd.,100,540.0,54000.0,2025-07-23 11:13:08.244492
2025-07-23,159298,2025072303002079,ALICL,Opal Securities Investment (PVT) Ltd.,Market Securities & Exchange (PVT) Ltd.,15,541.6,8124.0,2025-07-23 11:13:15.577846
2025-07-23,159234,2025072303002087,ALICL,Nabil Stock Dealer Ltd.,Imperial Securities Company Pvt. Ltd.,100,540.0,54000.0,2025-07-23 11:13:18.626690
2025-07-23,159233,2025072303002088,ALICL,ABC Securities Private Limited,Imperial Securities Company Pvt. Ltd.,400,540.0,216000.0,2025-07-23 11:13:18.626772
2025-07-23,158936,2025072303002154,ALICL,ABC Securities Private Limited,Market Securities & Exchange (PVT) Ltd.,100,540.0,54000.0,2025-07-23 11:13:32.237659
2025-07-23,158028,2025072303002329,ALICL,Naasa Securities Co. Ltd.,Imperial Securities Company Pvt. Ltd.,20,539.0,10780.0,2025-07-23 11:14:21.165853
2025-07-23,155051,2025072303002949,ALICL,Pragyan Securities (PVT) Ltd.,Opal Securities Investment (PVT) Ltd.,100,534.0,53400.0,2025-07-23 11:16:59.867245
2025-07-23,154390,2025072303003103,ALICL,Asian Securities Private Ltd.,Trishakti Securities Public Limited,500,535.0,267500.0,2025-07-23 11:17:36.502235
2025-07-23,153545,2025072303003260,ALICL,Sharepro Securities Private Limited,Neev Securities Pvt. Ltd.,100,534.1,53410.0,2025-07-23 11:18:22.662656
2025-07-23,153544,2025072303003261,ALICL,Sundhara Securities Limited,Neev Securities Pvt. Ltd.,100,534.1,53410.0,2025-07-23 11:18:22.662817
2025-07-23,153543,2025072303003262,ALICL,Pragyan Securities (PVT) Ltd.,Neev Securities Pvt. Ltd.,1800,534.0,961200.0,2025-07-23 11:18:22.662927
2025-07-23,153231,2025072303003304,ALICL,Pragyan Securities (PVT) Ltd.,Naasa Securities Co. Ltd.,100,534.0,53400.0,2025-07-23 11:18:40.006511
2025-07-23,152848,2025072303003379,ALICL,Aryatara Investment & Securities,Swarna Laxmi Securities Pvt. Ltd.,25,533.1,13327.5,2025-07-23 11:19:03.885877
2025-07-23,152847,2025072303003380,ALICL,Sundhara Securities Limited,Swarna Laxmi Securities Pvt. Ltd.,500,533.1,266550.0,2025-07-23 11:19:03.885979
2025-07-23,152846,2025072303003381,ALICL,Sajilo Broker Limited,Swarna Laxmi Securities Pvt. Ltd.,475,533.0,253175.0,2025-07-23 11:19:03.886034
2025-07-23,152634,2025072303003444,ALICL,Sajilo Broker Limited,Naasa Securities Co. Ltd.,10,533.0,5330.0,2025-07-23 11:19:17.781257
2025-07-23,148638,2025072303004140,ALICL,Dipshikha Dhitopatra Karobar Co. Pvt Ltd.,Imperial Securities Company Pvt. Ltd.,166,538.0,89308.0,2025-07-23 11:21:40.719326
2025-07-23,148637,2025072303004141,ALICL,Dipshikha Dhitopatra Karobar Co. Pvt Ltd.,Dynamic Money Managers Securities Pvt. Ltd.,200,539.8,107960.0,2025-07-23 11:21:40.719412
2025-07-23,148636,2025072303004142,ALICL,Dipshikha Dhitopatra Karobar Co. Pvt Ltd.,Online Securities Pvt. Ltd.,134,540.0,72360.0,2025-07-23 11:21:40.719461
2025-07-23,146975,2025072303004446,ALICL,Oxford Securities Pvt. Ltd.,Online Securities Pvt. Ltd.,50,540.0,27000.0,2025-07-23 11:22:46.441344
2025-07-23,146883,2025072303004469,ALICL,Malla & Malla Stock Broking Company Pvt. Limited,Online Securities Pvt. Ltd.,90,540.0,48600.0,2025-07-23 11:22:51.019015
2025-07-23,146279,2025072303004562,ALICL,Sewa Securities Pvt. Ltd.,Online Securities Pvt. Ltd.,126,540.0,68040.0,2025-07-23 11:23:12.366925
2025-07-23,146278,2025072303004563,ALICL,Sewa Securities Pvt. Ltd.,Vision Securities Pvt. Ltd,10,540.0,5400.0,2025-07-23 11:23:12.367122
2025-07-23,144655,2025072303004746,ALICL,Sewa Securities Pvt. Ltd.,Opal Securities Investment (PVT) Ltd.,64,540.0,34560.0,2025-07-23 11:24:24.019002
2025-07-23,142636,2025072303005000,ALICL,MILKY WAY SHARE BROKER COMPANY LTD ,Opal Securities Investment (PVT) Ltd.,36,540.0,19440.0,2025-07-23 11:26:12.023000
2025-07-23,142635,2025072303005001,ALICL,MILKY WAY SHARE BROKER COMPANY LTD ,Siprabi Securities Pvt. Ltd.,49,540.0,26460.0,2025-07-23 11:26:12.023118
2025-07-23,141048,2025072303005233,ALICL,MILKY WAY SHARE BROKER COMPANY LTD ,Aryatara Investment & Securities,300,543.0,162900.0,2025-07-23 11:27:44.471059
2025-07-23,141047,2025072303005234,ALICL,MILKY WAY SHARE BROKER COMPANY LTD ,Linch Stock Market Ltd.,62,543.0,33666.0,2025-07-23 11:27:44.471156
2025-07-23,140183,2025072303005401,ALICL,Sajilo Broker Limited,Citizens Share Broker Limited,15,543.6,8154.0,2025-07-23 11:28:38.943088
2025-07-23,139735,2025072303005481,ALICL,Dakshinkali Investment & Securities Pvt. Ltd.,Citizens Share Broker Limited,10,543.6,5436.0,2025-07-23 11:29:08.183270
2025-07-23,139734,2025072303005482,ALICL,Dakshinkali Investment & Securities Pvt. Ltd.,Sumeru Securities Pvt. Ltd.,90,544.0,48960.0,2025-07-23 11:29:08.183411
2025-07-23,139203,2025072303005574,ALICL,Pragyan Securities (PVT) Ltd.,Sumeru Securities Pvt. Ltd.,110,544.0,59840.0,2025-07-23 11:29:44.601556
2025-07-23,139202,2025072303005575,ALICL,Pragyan Securities (PVT) Ltd.,Market Securities & Exchange (PVT) Ltd.,85,544.6,46291.0,2025-07-23 11:29:44.601661
2025-07-23,139201,2025072303005576,ALICL,Pragyan Securities (PVT) Ltd.,Garima Securities Limited,305,544.8,166164.0,2025-07-23 11:29:44.601706
2025-07-23,139073,2025072303005596,ALICL,Pragyan Securities (PVT) Ltd.,Garima Securities Limited,500,544.8,272400.0,2025-07-23 11:29:54.341261
2025-07-23,138975,2025072303005602,ALICL,Oxford Securities Pvt. Ltd.,Sumeru Securities Pvt. Ltd.,20,544.7,10894.0,2025-07-23 11:29:59.896224
2025-07-23,138387,2025072303005687,ALICL,Naasa Securities Co. Ltd.,Sumeru Securities Pvt. Ltd.,20,544.7,10894.0,2025-07-23 11:30:40.705753
2025-07-23,137526,2025072303005855,ALICL,Nepal Investment And Securities Trading Private Limited,Sumeru Securities Pvt. Ltd.,150,544.7,81705.0,2025-07-23 11:31:40.872081
2025-07-23,137439,2025072303005870,ALICL,Oxford Securities Pvt. Ltd.,Sumeru Securities Pvt. Ltd.,10,544.7,5447.0,2025-07-23 11:31:46.053205
2025-07-23,136985,2025072303005930,ALICL,Pragyan Securities (PVT) Ltd.,Garima Securities Limited,10,544.8,5448.0,2025-07-23 11:32:18.548344
2025-07-23,136984,2025072303005931,ALICL,Pragyan Securities (PVT) Ltd.,Online Securities Pvt. Ltd.,10,544.8,5448.0,2025-07-23 11:32:18.548470
2025-07-23,136983,2025072303005932,ALICL,Pragyan Securities (PVT) Ltd.,Sumeru Securities Pvt. Ltd.,100,544.9,54490.0,2025-07-23 11:32:18.548523
2025-07-23,136982,2025072303005933,ALICL,Pragyan Securities (PVT) Ltd.,Dipshikha Dhitopatra Karobar Co. Pvt Ltd.,50,545.0,27250.0,2025-07-23 11:32:18.548589
2025-07-23,136981,2025072303005934,ALICL,Pragyan Securities (PVT) Ltd.,Siprabi Securities Pvt. Ltd.,100,545.0,54500.0,2025-07-23 11:32:18.548644
2025-07-23,136980,2025072303005935,ALICL,Pragyan Securities (PVT) Ltd.,Sri Hari Securities Pvt. Ltd.,30,545.0,16350.0,2025-07-23 11:32:18.548683
2025-07-23,136979,2025072303005936,ALICL,Pragyan Securities (PVT) Ltd.,Vision Securities Pvt. Ltd,200,546.0,109200.0,2025-07-23 11:32:18.548727
2025-07-23,136890,2025072303005950,ALICL,Pragyan Securities (PVT) Ltd.,Vision Securities Pvt. Ltd,224,546.0,122304.0,2025-07-23 11:32:23.324113
2025-07-23,136377,2025072303006038,ALICL,Pragyan Securities (PVT) Ltd.,Sumeru Securities Pvt. Ltd.,276,547.5,151110.0,2025-07-23 11:32:59.912921
2025-07-23,136122,2025072303006096,ALICL,Oxford Securities Pvt. Ltd.,Sumeru Securities Pvt. Ltd.,10,544.7,5447.0,2025-07-23 11:33:18.153969
2025-07-23,136121,2025072303006097,ALICL,Imperial Securities Company Pvt. Ltd.,Sumeru Securities Pvt. Ltd.,190,544.7,103493.0,2025-07-23 11:33:18.154073
2025-07-23,135332,2025072303006287,ALICL,Imperial Securities Company Pvt. Ltd.,Siprabi Securities Pvt. Ltd.,635,544.7,345884.5,2025-07-23 11:34:02.346619
2025-07-23,135331,2025072303006288,ALICL,South Asian Bulls Pvt. Ltd.,Siprabi Securities Pvt. Ltd.,180,543.5,97830.0,2025-07-23 11:34:02.346841
2025-07-23,135330,2025072303006289,ALICL,MILKY WAY SHARE BROKER COMPANY LTD ,Siprabi Securities Pvt. Ltd.,38,543.0,20634.0,2025-07-23 11:34:02.346988
2025-07-23,135329,2025072303006290,ALICL,Sani Securities Company Ltd.,Siprabi Securities Pvt. Ltd.,147,543.0,79821.0,2025-07-23 11:34:02.347166
2025-07-23,135169,2025072303006323,ALICL,Sani Securities Company Ltd.,Dipshikha Dhitopatra Karobar Co. Pvt Ltd.,800,543.0,434400.0,2025-07-23 11:34:12.708447
2025-07-23,134839,2025072303006377,ALICL,Sani Securities Company Ltd.,Imperial Securities Company Pvt. Ltd.,53,543.0,28779.0,2025-07-23 11:34:28.409681
2025-07-23,134417,2025072303006437,ALICL,MILKY WAY SHARE BROKER COMPANY LTD ,Sipla Securities Private Limited,300,542.1,162630.0,2025-07-23 11:34:52.662310
2025-07-23,134416,2025072303006438,ALICL,Vision Securities Pvt. Ltd,Sipla Securities Private Limited,700,542.1,379470.0,2025-07-23 11:34:52.662467
2025-07-23,134107,2025072303006485,ALICL,Vision Securities Pvt. Ltd,Dipshikha Dhitopatra Karobar Co. Pvt Ltd.,100,542.1,54210.0,2025-07-23 11:35:09.741425
2025-07-23,134106,2025072303006486,ALICL,MILKY WAY SHARE BROKER COMPANY LTD ,Dipshikha Dhitopatra Karobar Co. Pvt Ltd.,15,540.0,8100.0,2025-07-23 11:35:09.741551
2025-07-23,134105,2025072303006487,ALICL,Vision Securities Pvt. Ltd,Dipshikha Dhitopatra Karobar Co. Pvt Ltd.,50,540.0,27000.0,2025-07-23 11:35:09.741606
2025-07-23,134104,2025072303006488,ALICL,Imperial Securities Company Pvt. Ltd.,Dipshikha Dhitopatra Karobar Co. Pvt Ltd.,1000,540.0,540000.0,2025-07-23 11:35:09.741647
2025-07-23,134103,2025072303006489,ALICL,Sani Securities Company Ltd.,Dipshikha Dhitopatra Karobar Co. Pvt Ltd.,835,540.0,450900.0,2025-07-23 11:35:09.741687
2025-07-23,133945,2025072303006516,ALICL,Sani Securities Company Ltd.,Imperial Securities Company Pvt. Ltd.,165,540.0,89100.0,2025-07-23 11:35:19.136159
2025-07-23,133842,2025072303006533,ALICL,Sewa Securities Pvt. Ltd.,Imperial Securities Company Pvt. Ltd.,350,540.0,189000.0,2025-07-23 11:35:23.876977
2025-07-23,133751,2025072303006547,ALICL,MILKY WAY SHARE BROKER COMPANY LTD ,Imperial Securities Company Pvt. Ltd.,43,540.0,23220.0,2025-07-23 11:35:28.556560
2025-07-23,133470,2025072303006607,ALICL,MILKY WAY SHARE BROKER COMPANY LTD ,Bhrikuti Stock Broking Co. Pvt. Ltd.,200,540.0,108000.0,2025-07-23 11:35:44.824620
2025-07-23,133028,2025072303006686,ALICL,MILKY WAY SHARE BROKER COMPANY LTD ,Trishakti Securities Public Limited,57,540.0,30780.0,2025-07-23 11:36:11.801427
2025-07-23,133027,2025072303006687,ALICL,Citizens Share Broker Limited,Trishakti Securities Public Limited,150,539.1,80865.0,2025-07-23 11:36:11.801544
2025-07-23,133026,2025072303006688,ALICL,Linch Stock Market Ltd.,Trishakti Securities Public Limited,300,539.1,161730.0,2025-07-23 11:36:11.801589
2025-07-23,133025,2025072303006689,ALICL,Sani Securities Company Ltd.,Trishakti Securities Public Limited,293,539.0,157927.0,2025-07-23 11:36:11.801633
2025-07-23,129901,2025072303007366,ALICL,Pragyan Securities (PVT) Ltd.,Trishakti Securities Public Limited,1000,537.0,537000.0,2025-07-23 11:40:02.270020
2025-07-23,129630,2025072303007410,ALICL,Kumari Securities Private Limited,Imperial Securities Company Pvt. Ltd.,300,536.3,160890.0,2025-07-23 11:40:26.340330
2025-07-23,129629,2025072303007411,ALICL,MILKY WAY SHARE BROKER COMPANY LTD ,Imperial Securities Company Pvt. Ltd.,500,536.2,268100.0,2025-07-23 11:40:26.340430
2025-07-23,128541,2025072303007562,ALICL,Imperial Securities Company Pvt. Ltd.,Sani Securities Company Ltd.,50,543.0,27150.0,2025-07-23 11:42:05.678012
2025-07-23,128064,2025072303007663,ALICL,Pragyan Securities (PVT) Ltd.,Trishakti Securities Public Limited,200,537.0,107400.0,2025-07-23 11:42:46.143622
2025-07-23,126322,2025072303008008,ALICL,Pragyan Securities (PVT) Ltd.,Sani Securities Company Ltd.,10,537.0,5370.0,2025-07-23 11:45:20.072373
2025-07-23,123906,2025072303008420,ALICL,Agrawal Securities (PVT) Ltd.,Imperial Securities Company Pvt. Ltd.,50,540.0,27000.0,2025-07-23 11:48:23.736624
2025-07-23,122622,2025072303008569,ALICL,Kumari Securities Private Limited,Imperial Securities Company Pvt. Ltd.,25,540.0,13500.0,2025-07-23 11:50:11.127158
2025-07-23,121295,2025072303008755,ALICL,Sundhara Securities Limited,Trisul Securities & Invt. Ltd.,100,539.9,53990.0,2025-07-23 11:52:03.561998
2025-07-23,121294,2025072303008756,ALICL,Sundhara Securities Limited,Imperial Securities Company Pvt. Ltd.,100,540.0,54000.0,2025-07-23 11:52:03.562132
2025-07-23,121108,2025072303008795,ALICL,MILKY WAY SHARE BROKER COMPANY LTD ,Imperial Securities Company Pvt. Ltd.,125,540.0,67500.0,2025-07-23 11:52:18.702187
2025-07-23,120300,2025072303008904,ALICL,Pragyan Securities (PVT) Ltd.,Imperial Securities Company Pvt. Ltd.,294,541.0,159054.0,2025-07-23 11:53:29.606213
2025-07-23,120299,2025072303008905,ALICL,Pragyan Securities (PVT) Ltd.,Agrawal Securities (PVT) Ltd.,206,542.0,111652.0,2025-07-23 11:53:29.606338
2025-07-23,120244,2025072303008913,ALICL,Pragyan Securities (PVT) Ltd.,Agrawal Securities (PVT) Ltd.,297,542.0,160974.0,2025-07-23 11:53:34.185524
2025-07-23,120243,2025072303008914,ALICL,Pragyan Securities (PVT) Ltd.,Sweta Securities Private Limited,103,542.0,55826.0,2025-07-23 11:53:34.185672
2025-07-23,120105,2025072303008939,ALICL,Investment Management Nepal Pvt. Ltd.,Sweta Securities Private Limited,250,542.0,135500.0,2025-07-23 11:53:44.858089
2025-07-23,120056,2025072303008941,ALICL,Pragyan Securities (PVT) Ltd.,Sweta Securities Private Limited,20,542.0,10840.0,2025-07-23 11:53:50.427499
2025-07-23,118680,2025072303009137,ALICL,MILKY WAY SHARE BROKER COMPANY LTD ,Sweta Securities Private Limited,997,542.0,540374.0,2025-07-23 11:55:33.123246
2025-07-23,118292,2025072303009176,ALICL,MILKY WAY SHARE BROKER COMPANY LTD ,Opal Securities Investment (PVT) Ltd.,10,543.0,5430.0,2025-07-23 11:55:56.701079
2025-07-23,118291,2025072303009177,ALICL,MILKY WAY SHARE BROKER COMPANY LTD ,South Asian Bulls Pvt. Ltd.,10,543.9,5439.0,2025-07-23 11:55:56.701210
2025-07-23,117814,2025072303009244,ALICL,Asian Securities Private Ltd.,South Asian Bulls Pvt. Ltd.,190,543.9,103341.0,2025-07-23 11:56:29.594265
2025-07-23,114965,2025072303009711,ALICL,Premier Securities Company Ltd.,Sumeru Securities Pvt. Ltd.,300,544.0,163200.0,2025-07-23 12:00:38.129238
2025-07-23,112658,2025072303010098,ALICL,Dipshikha Dhitopatra Karobar Co. Pvt Ltd.,Cristal Kanchanjanga Securites Pvt. Ltd.,100,543.0,54300.0,2025-07-23 12:04:19.092519
2025-07-23,112619,2025072303010106,ALICL,Aryatara Investment & Securities,Cristal Kanchanjanga Securites Pvt. Ltd.,100,543.0,54300.0,2025-07-23 12:04:24.110850
2025-07-23,110414,2025072303010505,ALICL,Kalika Securities Pvt. Ltd.,Aryatara Investment & Securities,21,542.1,11384.1,2025-07-23 12:08:02.154929
2025-07-23,109822,2025072303010637,ALICL,Trishakti Securities Public Limited,Siprabi Securities Pvt. Ltd.,125,542.2,67775.0,2025-07-23 12:09:06.080988
2025-07-23,109821,2025072303010638,ALICL,Kalika Securities Pvt. Ltd.,Siprabi Securities Pvt. Ltd.,512,542.1,277555.2,2025-07-23 12:09:06.081142
2025-07-23,109820,2025072303010639,ALICL,Kohinoor Investment & Securities Pvt. Ltd.,Siprabi Securities Pvt. Ltd.,100,542.0,54200.0,2025-07-23 12:09:06.081217
2025-07-23,109819,2025072303010640,ALICL,Trishakti Securities Public Limited,Siprabi Securities Pvt. Ltd.,80,542.0,43360.0,2025-07-23 12:09:06.081272
2025-07-23,109818,2025072303010641,ALICL,Kohinoor Investment & Securities Pvt. Ltd.,Siprabi Securities Pvt. Ltd.,100,542.0,54200.0,2025-07-23 12:09:06.081324
2025-07-23,109817,2025072303010642,ALICL,Kohinoor Investment & Securities Pvt. Ltd.,Siprabi Securities Pvt. Ltd.,83,542.0,44986.0,2025-07-23 12:09:06.081376
2025-07-23,109284,2025072303010769,ALICL,Imperial Securities Company Pvt. Ltd.,Cristal Kanchanjanga Securites Pvt. Ltd.,500,543.0,271500.0,2025-07-23 12:09:53.656633
2025-07-23,108711,2025072303010883,ALICL,Kohinoor Investment & Securities Pvt. Ltd.,Sweta Securities Private Limited,17,542.0,9214.0,2025-07-23 12:10:39.790383
2025-07-23,108710,2025072303010884,ALICL,Kohinoor Investment & Securities Pvt. Ltd.,Sweta Securities Private Limited,100,542.0,54200.0,2025-07-23 12:10:39.790581
2025-07-23,108709,2025072303010885,ALICL,Pragyan Securities (PVT) Ltd.,Sweta Securities Private Limited,115,541.0,62215.0,2025-07-23 12:10:39.790644
2025-07-23,108526,2025072303010915,ALICL,Trishakti Securities Public Limited,Opal Securities Investment (PVT) Ltd.,10,542.1,5421.0,2025-07-23 12:10:59.044293
2025-07-23,108525,2025072303010916,ALICL,Pragyan Securities (PVT) Ltd.,Opal Securities Investment (PVT) Ltd.,50,541.0,27050.0,2025-07-23 12:10:59.044329
2025-07-23,108429,2025072303010943,ALICL,Pragyan Securities (PVT) Ltd.,Siprabi Securities Pvt. Ltd.,15,541.0,8115.0,2025-07-23 12:11:07.655607
2025-07-23,108428,2025072303010944,ALICL,Sundhara Securities Limited,Siprabi Securities Pvt. Ltd.,340,541.0,183940.0,2025-07-23 12:11:07.655649
2025-07-23,108427,2025072303010945,ALICL,Sewa Securities Pvt. Ltd.,Siprabi Securities Pvt. Ltd.,50,540.0,27000.0,2025-07-23 12:11:07.655679
2025-07-23,108426,2025072303010946,ALICL,Imperial Securities Company Pvt. Ltd.,Siprabi Securities Pvt. Ltd.,150,539.0,80850.0,2025-07-23 12:11:07.655712
2025-07-23,108425,2025072303010947,ALICL,Sewa Securities Pvt. Ltd.,Siprabi Securities Pvt. Ltd.,30,539.0,16170.0,2025-07-23 12:11:07.655736
2025-07-23,108424,2025072303010948,ALICL,Premier Securities Company Ltd.,Siprabi Securities Pvt. Ltd.,250,539.0,134750.0,2025-07-23 12:11:07.655760
2025-07-23,108423,2025072303010949,ALICL,Capital Hub P. Ltd,Siprabi Securities Pvt. Ltd.,160,539.0,86240.0,2025-07-23 12:11:07.655787
2025-07-23,108415,2025072303010950,ALICL,Capital Hub P. Ltd,Opal Securities Investment (PVT) Ltd.,50,539.0,26950.0,2025-07-23 12:11:08.632057
2025-07-23,107748,2025072303011121,ALICL,Vision Securities Pvt. Ltd,Creative Securities Pvt Ltd,50,540.0,27000.0,2025-07-23 12:11:52.709000
2025-07-23,106702,2025072303011339,ALICL,Vision Securities Pvt. Ltd,J.F. Securites (PVT) Ltd.,250,540.0,135000.0,2025-07-23 12:13:15.678049
2025-07-23,106682,2025072303011341,ALICL,Imperial Securities Company Pvt. Ltd.,J.F. Securites (PVT) Ltd.,490,540.0,264600.0,2025-07-23 12:13:17.865759
2025-07-23,106124,2025072303011453,ALICL,Imperial Securities Company Pvt. Ltd.,Agrawal Securities (PVT) Ltd.,46,540.0,24840.0,2025-07-23 12:14:05.759946
2025-07-23,105611,2025072303011567,ALICL,Imperial Securities Company Pvt. Ltd.,Primo Securities (PVT) Ltd.,354,540.0,191160.0,2025-07-23 12:14:50.782117
2025-07-23,105610,2025072303011568,ALICL,Thrive Brokerage House Pvt. Ltd,Primo Securities (PVT) Ltd.,11,539.0,5929.0,2025-07-23 12:14:50.782288
2025-07-23,103576,2025072303012050,ALICL,Naasa Securities Co. Ltd.,Linch Stock Market Ltd.,50,538.0,26900.0,2025-07-23 12:17:39.095970
2025-07-23,102215,2025072303012349,ALICL,Kumari Securities Private Limited,Primo Securities (PVT) Ltd.,25,537.3,13432.5,2025-07-23 12:19:32.222232
2025-07-23,102214,2025072303012350,ALICL,Pragyan Securities (PVT) Ltd.,Primo Securities (PVT) Ltd.,1000,537.1,537100.0,2025-07-23 12:19:32.222515
2025-07-23,102213,2025072303012351,ALICL,Pragyan Securities (PVT) Ltd.,Primo Securities (PVT) Ltd.,190,537.0,102030.0,2025-07-23 12:19:32.222687
2025-07-23,102212,2025072303012352,ALICL,Pragyan Securities (PVT) Ltd.,Primo Securities (PVT) Ltd.,50,537.0,26850.0,2025-07-23 12:19:32.222849
2025-07-23,102211,2025072303012353,ALICL,Pragyan Securities (PVT) Ltd.,Primo Securities (PVT) Ltd.,10,537.0,5370.0,2025-07-23 12:19:32.222990
2025-07-23,102210,2025072303012354,ALICL,Sewa Securities Pvt. Ltd.,Primo Securities (PVT) Ltd.,250,537.0,134250.0,2025-07-23 12:19:32.223161
2025-07-23,102209,2025072303012355,ALICL,Imperial Securities Company Pvt. Ltd.,Primo Securities (PVT) Ltd.,20,537.0,10740.0,2025-07-23 12:19:32.223314
2025-07-23,102208,2025072303012356,ALICL,Naasa Securities Co. Ltd.,Primo Securities (PVT) Ltd.,190,537.0,102030.0,2025-07-23 12:19:32.223467
2025-07-23,100029,2025072303012913,ALICL,Sweta Securities Private Limited,Oxford Securities Pvt. Ltd.,10,536.0,5360.0,2025-07-23 12:22:42.950314
2025-07-23,100028,2025072303012914,ALICL,Sewa Securities Pvt. Ltd.,Oxford Securities Pvt. Ltd.,190,536.0,101840.0,2025-07-23 12:22:42.950485
2025-07-23,97746,2025072303013576,ALICL,Sewa Securities Pvt. Ltd.,Aryatara Investment & Securities,10,536.0,5360.0,2025-07-23 12:25:45.547803
2025-07-23,97745,2025072303013577,ALICL,Cristal Kanchanjanga Securites Pvt. Ltd.,Aryatara Investment & Securities,10,536.0,5360.0,2025-07-23 12:25:45.547914
2025-07-23,96030,2025072303013959,ALICL,Sundhara Securities Limited,Primo Securities (PVT) Ltd.,1000,536.6,536600.0,2025-07-23 12:28:38.850751
2025-07-23,96029,2025072303013960,ALICL,Pragyan Securities (PVT) Ltd.,Primo Securities (PVT) Ltd.,2100,536.5,1126650.0,2025-07-23 12:28:38.850942
2025-07-23,95176,2025072303014182,ALICL,Magnet Securities and Investment Company Private Limited,Secured Securities Ltd.,10,538.5,5385.0,2025-07-23 12:30:08.105385
2025-07-23,95033,2025072303014231,ALICL,Naasa Securities Co. Ltd.,Primo Securities (PVT) Ltd.,510,537.0,273870.0,2025-07-23 12:30:24.787494
2025-07-23,95032,2025072303014232,ALICL,Sundhara Securities Limited,Primo Securities (PVT) Ltd.,290,536.6,155614.0,2025-07-23 12:30:24.787652
2025-07-23,94889,2025072303014274,ALICL,Sundhara Securities Limited,Primo Securities (PVT) Ltd.,710,536.6,380986.0,2025-07-23 12:30:42.216713
2025-07-23,94888,2025072303014275,ALICL,Pragyan Securities (PVT) Ltd.,Primo Securities (PVT) Ltd.,90,536.5,48285.0,2025-07-23 12:30:42.216894
2025-07-23,94745,2025072303014308,ALICL,Pragyan Securities (PVT) Ltd.,Primo Securities (PVT) Ltd.,800,536.5,429200.0,2025-07-23 12:30:59.281504
2025-07-23,94583,2025072303014338,ALICL,Pragyan Securities (PVT) Ltd.,Primo Securities (PVT) Ltd.,800,536.5,429200.0,2025-07-23 12:31:14.949201
2025-07-23,94383,2025072303014383,ALICL,Pragyan Securities (PVT) Ltd.,Primo Securities (PVT) Ltd.,800,536.5,429200.0,2025-07-23 12:31:37.592354
2025-07-23,94200,2025072303014437,ALICL,Pragyan Securities (PVT) Ltd.,Primo Securities (PVT) Ltd.,410,536.5,219965.0,2025-07-23 12:31:58.298524
2025-07-23,94199,2025072303014438,ALICL,Pragyan Securities (PVT) Ltd.,Primo Securities (PVT) Ltd.,390,536.1,209079.0,2025-07-23 12:31:58.298722
2025-07-23,93673,2025072303014546,ALICL,Dakshinkali Investment & Securities Pvt. Ltd.,Primo Securities (PVT) Ltd.,100,537.0,53700.0,2025-07-23 12:32:46.382273
2025-07-23,93672,2025072303014547,ALICL,Pragyan Securities (PVT) Ltd.,Primo Securities (PVT) Ltd.,200,536.1,107220.0,2025-07-23 12:32:46.382435
2025-07-23,93156,2025072303014658,ALICL,Pragyan Securities (PVT) Ltd.,Secured Securities Ltd.,188,538.5,101238.0,2025-07-23 12:33:46.711863
2025-07-23,92921,2025072303014718,ALICL,Sri Hari Securities Pvt. Ltd.,Secured Securities Ltd.,300,538.5,161550.0,2025-07-23 12:34:15.681359
2025-07-23,90861,2025072303015103,ALICL,Sri Hari Securities Pvt. Ltd.,Naasa Securities Co. Ltd.,70,539.0,37730.0,2025-07-23 12:38:16.594833
2025-07-23,90332,2025072303015205,ALICL,Online Securities Pvt. Ltd.,Naasa Securities Co. Ltd.,72,539.0,38808.0,2025-07-23 12:39:07.698601
2025-07-23,90331,2025072303015206,ALICL,Online Securities Pvt. Ltd.,Naasa Securities Co. Ltd.,100,539.0,53900.0,2025-07-23 12:39:07.698893
2025-07-23,89451,2025072303015382,ALICL,Naasa Securities Co. Ltd.,Creative Securities Pvt Ltd,40,539.0,21560.0,2025-07-23 12:40:32.079534
2025-07-23,88920,2025072303015459,ALICL,Pragyan Securities (PVT) Ltd.,Opal Securities Investment (PVT) Ltd.,300,541.0,162300.0,2025-07-23 12:41:32.924236
2025-07-23,88202,2025072303015607,ALICL,Dynamic Money Managers Securities Pvt. Ltd.,ABC Securities Private Limited,234,542.0,126828.0,2025-07-23 12:42:53.225270
2025-07-23,88201,2025072303015608,ALICL,Dynamic Money Managers Securities Pvt. Ltd.,Online Securities Pvt. Ltd.,10,542.9,5429.0,2025-07-23 12:42:53.225315
2025-07-23,88200,2025072303015609,ALICL,Dynamic Money Managers Securities Pvt. Ltd.,Cristal Kanchanjanga Securites Pvt. Ltd.,300,543.0,162900.0,2025-07-23 12:42:53.225344
2025-07-23,88199,2025072303015610,ALICL,Dynamic Money Managers Securities Pvt. Ltd.,Naasa Securities Co. Ltd.,456,543.0,247608.0,2025-07-23 12:42:53.225368
2025-07-23,88035,2025072303015644,ALICL,Online Securities Pvt. Ltd.,Naasa Securities Co. Ltd.,103,543.0,55929.0,2025-07-23 12:43:16.507584
2025-07-23,88034,2025072303015645,ALICL,Online Securities Pvt. Ltd.,Vision Securities Pvt. Ltd,120,543.0,65160.0,2025-07-23 12:43:16.507776
2025-07-23,87990,2025072303015660,ALICL,Pragyan Securities (PVT) Ltd.,Dynamic Money Managers Securities Pvt. Ltd.,10,540.0,5400.0,2025-07-23 12:43:22.722338
2025-07-23,87290,2025072303015821,ALICL,Pragyan Securities (PVT) Ltd.,Kalika Securities Pvt. Ltd.,18,540.0,9720.0,2025-07-23 12:44:56.892703
2025-07-23,86967,2025072303015903,ALICL,Pragyan Securities (PVT) Ltd.,ABC Securities Private Limited,100,543.8,54380.0,2025-07-23 12:45:35.688740
2025-07-23,86966,2025072303015904,ALICL,Pragyan Securities (PVT) Ltd.,Online Securities Pvt. Ltd.,10,543.9,5439.0,2025-07-23 12:45:35.688886
2025-07-23,86965,2025072303015905,ALICL,Pragyan Securities (PVT) Ltd.,Sri Hari Securities Pvt. Ltd.,1000,543.9,543900.0,2025-07-23 12:45:35.688945
2025-07-23,86964,2025072303015906,ALICL,Pragyan Securities (PVT) Ltd.,Sumeru Securities Pvt. Ltd.,1700,544.0,924800.0,2025-07-23 12:45:35.689004
2025-07-23,86963,2025072303015907,ALICL,Pragyan Securities (PVT) Ltd.,Midas Stock Broking Company Private Limited,480,544.0,261120.0,2025-07-23 12:45:35.689067
2025-07-23,86962,2025072303015908,ALICL,Pragyan Securities (PVT) Ltd.,Online Securities Pvt. Ltd.,400,545.0,218000.0,2025-07-23 12:45:35.689126
2025-07-23,86961,2025072303015909,ALICL,Pragyan Securities (PVT) Ltd.,ABC Securities Private Limited,250,545.0,136250.0,2025-07-23 12:45:35.689181
2025-07-23,86960,2025072303015910,ALICL,Pragyan Securities (PVT) Ltd.,Imperial Securities Company Pvt. Ltd.,10,545.0,5450.0,2025-07-23 12:45:35.689236
2025-07-23,86959,2025072303015911,ALICL,Pragyan Securities (PVT) Ltd.,Kohinoor Investment & Securities Pvt. Ltd.,196,545.0,106820.0,2025-07-23 12:45:35.689291
2025-07-23,86958,2025072303015912,ALICL,Pragyan Securities (PVT) Ltd.,Deevyaa Securities & Stock House Pvt. Ltd,20,545.0,10900.0,2025-07-23 12:45:35.689347
2025-07-23,86957,2025072303015913,ALICL,Pragyan Securities (PVT) Ltd.,Malla & Malla Stock Broking Company Pvt. Limited,500,545.0,272500.0,2025-07-23 12:45:35.689399
2025-07-23,86956,2025072303015914,ALICL,Pragyan Securities (PVT) Ltd.,Vision Securities Pvt. Ltd,40,545.0,21800.0,2025-07-23 12:45:35.689452
2025-07-23,86955,2025072303015915,ALICL,Pragyan Securities (PVT) Ltd.,Naasa Securities Co. Ltd.,294,545.0,160230.0,2025-07-23 12:45:35.689509
2025-07-23,86902,2025072303015922,ALICL,Pragyan Securities (PVT) Ltd.,Naasa Securities Co. Ltd.,1706,545.0,929770.0,2025-07-23 12:45:44.886976
2025-07-23,86901,2025072303015923,ALICL,Pragyan Securities (PVT) Ltd.,Vision Securities Pvt. Ltd,500,545.0,272500.0,2025-07-23 12:45:44.887144
2025-07-23,86900,2025072303015924,ALICL,Pragyan Securities (PVT) Ltd.,Investment Management Nepal Pvt. Ltd.,200,545.0,109000.0,2025-07-23 12:45:44.887230
2025-07-23,86725,2025072303015965,ALICL,Vision Securities Pvt. Ltd,Dynamic Money Managers Securities Pvt. Ltd.,200,546.7,109340.0,2025-07-23 12:46:10.284849
2025-07-23,86724,2025072303015966,ALICL,Vision Securities Pvt. Ltd,Naasa Securities Co. Ltd.,183,546.7,100046.1,2025-07-23 12:46:10.285165
2025-07-23,86723,2025072303015967,ALICL,Vision Securities Pvt. Ltd,Garima Securities Limited,117,546.9,63987.3,2025-07-23 12:46:10.285396
2025-07-23,86701,2025072303015974,ALICL,Pragyan Securities (PVT) Ltd.,Garima Securities Limited,883,546.9,482912.7,2025-07-23 12:46:13.490514
2025-07-23,86700,2025072303015975,ALICL,Pragyan Securities (PVT) Ltd.,Sani Securities Company Ltd.,150,547.0,82050.0,2025-07-23 12:46:13.490657
2025-07-23,86699,2025072303015976,ALICL,Pragyan Securities (PVT) Ltd.,Siprabi Securities Pvt. Ltd.,12,547.0,6564.0,2025-07-23 12:46:13.490716
2025-07-23,86698,2025072303015977,ALICL,Pragyan Securities (PVT) Ltd.,Linch Stock Market Ltd.,500,547.0,273500.0,2025-07-23 12:46:13.490769
2025-07-23,86697,2025072303015978,ALICL,Pragyan Securities (PVT) Ltd.,Sumeru Securities Pvt. Ltd.,24,547.5,13140.0,2025-07-23 12:46:13.490823
2025-07-23,86696,2025072303015979,ALICL,Pragyan Securities (PVT) Ltd.,Trisul Securities & Invt. Ltd.,300,547.5,164250.0,2025-07-23 12:46:13.490877
2025-07-23,86695,2025072303015980,ALICL,Pragyan Securities (PVT) Ltd.,Vision Securities Pvt. Ltd,135,548.0,73980.0,2025-07-23 12:46:13.490924
2025-07-23,81983,2025072303016770,ALICL,Indira securities pvt. ltd,Vision Securities Pvt. Ltd,60,545.0,32700.0,2025-07-23 12:55:41.205765
2025-07-23,81496,2025072303016905,ALICL,Indira securities pvt. ltd,Infinity Securities Limited,190,545.0,103550.0,2025-07-23 12:56:43.804941
2025-07-23,79434,2025072303017306,ALICL,Pragyan Securities (PVT) Ltd.,Online Securities Pvt. Ltd.,150,544.5,81675.0,2025-07-23 13:01:22.239042
2025-07-23,78062,2025072303017500,ALICL,Trisul Securities & Invt. Ltd.,Naasa Securities Co. Ltd.,436,545.0,237620.0,2025-07-23 13:04:16.168656
2025-07-23,77349,2025072303017693,ALICL,Trisul Securities & Invt. Ltd.,Midas Stock Broking Company Private Limited,355,545.0,193475.0,2025-07-23 13:05:38.148635
2025-07-23,76050,2025072303017957,ALICL,Trisul Securities & Invt. Ltd.,Secured Securities Ltd.,100,545.0,54500.0,2025-07-23 13:08:04.728446
2025-07-23,75819,2025072303018000,ALICL,Creative Securities Pvt Ltd,Secured Securities Ltd.,23,545.0,12535.0,2025-07-23 13:08:31.132019
2025-07-23,74594,2025072303018296,ALICL,Trisul Securities & Invt. Ltd.,Sundhara Securities Limited,10,546.0,5460.0,2025-07-23 13:11:05.515671
2025-07-23,73529,2025072303018526,ALICL,Aryatara Investment & Securities,Vision Securities Pvt. Ltd,100,541.5,54150.0,2025-07-23 13:13:07.480844
2025-07-23,73528,2025072303018527,ALICL,Dipshikha Dhitopatra Karobar Co. Pvt Ltd.,Vision Securities Pvt. Ltd,10,541.1,5411.0,2025-07-23 13:13:07.481010
2025-07-23,69942,2025072303019439,ALICL,Dynamic Money Managers Securities Pvt. Ltd.,Deevyaa Securities & Stock House Pvt. Ltd,100,541.0,54100.0,2025-07-23 13:20:11.702671
2025-07-23,69941,2025072303019440,ALICL,R.B.B. Securities Company Ltd,Deevyaa Securities & Stock House Pvt. Ltd,500,541.0,270500.0,2025-07-23 13:20:11.702989
2025-07-23,69757,2025072303019485,ALICL,Naasa Securities Co. Ltd.,Deevyaa Securities & Stock House Pvt. Ltd,139,541.0,75199.0,2025-07-23 13:20:39.010563
2025-07-23,68087,2025072303019938,ALICL,Roadshow securities limited,Secured Securities Ltd.,100,540.4,54040.0,2025-07-23 13:24:10.755007
2025-07-23,68086,2025072303019939,ALICL,Dipshikha Dhitopatra Karobar Co. Pvt Ltd.,Secured Securities Ltd.,40,540.3,21612.0,2025-07-23 13:24:10.755235
2025-07-23,68085,2025072303019940,ALICL,Online Securities Pvt. Ltd.,Secured Securities Ltd.,360,540.2,194472.0,2025-07-23 13:24:10.755298
2025-07-23,68064,2025072303019944,ALICL,Roadshow securities limited,Naasa Securities Co. Ltd.,70,540.9,37863.0,2025-07-23 13:24:17.384627
2025-07-23,68028,2025072303019947,ALICL,Online Securities Pvt. Ltd.,Secured Securities Ltd.,500,540.2,270100.0,2025-07-23 13:24:23.667571
2025-07-23,67952,2025072303019963,ALICL,Online Securities Pvt. Ltd.,Naasa Securities Co. Ltd.,31,540.2,16746.2,2025-07-23 13:24:40.929061
2025-07-23,67651,2025072303020029,ALICL,Online Securities Pvt. Ltd.,Secured Securities Ltd.,109,540.2,58881.8,2025-07-23 13:25:22.423880
2025-07-23,67650,2025072303020030,ALICL,Blue Chip Securities Ltd,Secured Securities Ltd.,291,540.1,157169.1,2025-07-23 13:25:22.424058
2025-07-23,67064,2025072303020173,ALICL,Blue Chip Securities Ltd,ABC Securities Private Limited,73,540.1,39427.3,2025-07-23 13:26:24.077719
2025-07-23,67063,2025072303020174,ALICL,Pragyan Securities (PVT) Ltd.,ABC Securities Private Limited,27,540.0,14580.0,2025-07-23 13:26:24.077923
2025-07-23,65744,2025072303020553,ALICL,Nepal Stock House (PVT) Ltd.,Deevyaa Securities & Stock House Pvt. Ltd,60,541.0,32460.0,2025-07-23 13:29:16.447317
2025-07-23,65153,2025072303020712,ALICL,Naasa Securities Co. Ltd.,Dynamic Money Managers Securities Pvt. Ltd.,20,540.5,10810.0,2025-07-23 13:30:26.370405
2025-07-23,65152,2025072303020713,ALICL,Pragyan Securities (PVT) Ltd.,Dynamic Money Managers Securities Pvt. Ltd.,173,540.0,93420.0,2025-07-23 13:30:26.370574
2025-07-23,65151,2025072303020714,ALICL,Siprabi Securities Pvt. Ltd.,Dynamic Money Managers Securities Pvt. Ltd.,100,540.0,54000.0,2025-07-23 13:30:26.370642
2025-07-23,65150,2025072303020715,ALICL,Thrive Brokerage House Pvt. Ltd,Dynamic Money Managers Securities Pvt. Ltd.,15,540.0,8100.0,2025-07-23 13:30:26.370710
2025-07-23,64549,2025072303020824,ALICL,INDEX SECURITIES LIMITED,Capital Max Securities Ltd,50,539.1,26955.0,2025-07-23 13:31:22.329959
2025-07-23,64287,2025072303020908,ALICL,Siprabi Securities Pvt. Ltd.,Premier Securities Company Ltd.,91,538.2,48976.2,2025-07-23 13:31:55.557426
2025-07-23,64286,2025072303020909,ALICL,INDEX SECURITIES LIMITED,Premier Securities Company Ltd.,850,538.1,457385.0,2025-07-23 13:31:55.557518
2025-07-23,64285,2025072303020910,ALICL,Trishakti Securities Public Limited,Premier Securities Company Ltd.,10,538.0,5380.0,2025-07-23 13:31:55.557594
2025-07-23,64284,2025072303020911,ALICL,Dakshinkali Investment & Securities Pvt. Ltd.,Premier Securities Company Ltd.,1000,538.0,538000.0,2025-07-23 13:31:55.557666
2025-07-23,64283,2025072303020912,ALICL,Malla & Malla Stock Broking Company Pvt. Limited,Premier Securities Company Ltd.,150,538.0,80700.0,2025-07-23 13:31:55.557735
2025-07-23,64282,2025072303020913,ALICL,Imperial Securities Company Pvt. Ltd.,Premier Securities Company Ltd.,899,537.6,483302.4,2025-07-23 13:31:55.557806
2025-07-23,63956,2025072303021029,ALICL,Imperial Securities Company Pvt. Ltd.,Imperial Securities Company Pvt. Ltd.,50,537.6,26880.0,2025-07-23 13:32:30.398264
2025-07-23,61631,2025072303021789,ALICL,Imperial Securities Company Pvt. Ltd.,Nabil Stock Dealer Ltd.,40,537.6,21504.0,2025-07-23 13:36:15.708094
2025-07-23,60262,2025072303022293,ALICL,Imperial Securities Company Pvt. Ltd.,Nagarik Stock Dealer ,11,537.6,5913.6,2025-07-23 13:38:25.255415
2025-07-23,60261,2025072303022294,ALICL,Thrive Brokerage House Pvt. Ltd,Nagarik Stock Dealer ,30,536.5,16095.0,2025-07-23 13:38:25.255585
2025-07-23,60260,2025072303022295,ALICL,Pragyan Securities (PVT) Ltd.,Nagarik Stock Dealer ,500,536.5,268250.0,2025-07-23 13:38:25.255658
2025-07-23,60259,2025072303022296,ALICL,Sipla Securities Private Limited,Nagarik Stock Dealer ,186,536.1,99714.6,2025-07-23 13:38:25.255720
2025-07-23,60258,2025072303022297,ALICL,INDEX SECURITIES LIMITED,Nagarik Stock Dealer ,273,536.1,146355.3,2025-07-23 13:38:25.255783
2025-07-23,57961,2025072303023167,ALICL,INDEX SECURITIES LIMITED,Online Securities Pvt. Ltd.,327,536.1,175304.7,2025-07-23 13:42:46.656476
2025-07-23,57960,2025072303023168,ALICL,Oxford Securities Pvt. Ltd.,Online Securities Pvt. Ltd.,573,536.1,307185.3,2025-07-23 13:42:46.656690
2025-07-23,55758,2025072303023922,ALICL,Oxford Securities Pvt. Ltd.,Dipshikha Dhitopatra Karobar Co. Pvt Ltd.,400,536.1,214440.0,2025-07-23 13:46:20.333969
2025-07-23,53732,2025072303024504,ALICL,Sweta Securities Private Limited,Aryatara Investment & Securities,2,526.0,1052.0,2025-07-23 13:49:09.141569
2025-07-23,53571,2025072303024539,ALICL,Oxford Securities Pvt. Ltd.,Sani Securities Company Ltd.,10,536.1,5361.0,2025-07-23 13:49:24.721763
2025-07-23,51920,2025072303024991,ALICL,Cristal Kanchanjanga Securites Pvt. Ltd.,Dynamic Money Managers Securities Pvt. Ltd.,400,536.2,214480.0,2025-07-23 13:51:45.382273
2025-07-23,51919,2025072303024992,ALICL,Oxford Securities Pvt. Ltd.,Dynamic Money Managers Securities Pvt. Ltd.,600,536.1,321660.0,2025-07-23 13:51:45.382590
2025-07-23,50504,2025072303025375,ALICL,Oxford Securities Pvt. Ltd.,Imperial Securities Company Pvt. Ltd.,114,536.1,61115.4,2025-07-23 13:53:35.254181
2025-07-23,50362,2025072303025406,ALICL,Oxford Securities Pvt. Ltd.,Primo Securities (PVT) Ltd.,100,536.1,53610.0,2025-07-23 13:53:50.635567
2025-07-23,50274,2025072303025437,ALICL,Oxford Securities Pvt. Ltd.,ABC Securities Private Limited,200,536.1,107220.0,2025-07-23 13:53:55.979204
2025-07-23,47284,2025072303026184,ALICL,Siprabi Securities Pvt. Ltd.,South Asian Bulls Pvt. Ltd.,10,538.9,5389.0,2025-07-23 13:58:07.848557
2025-07-23,45274,2025072303026624,ALICL,Nepal Investment And Securities Trading Private Limited,Sani Securities Company Ltd.,20,536.1,10722.0,2025-07-23 14:01:17.327419
2025-07-23,45273,2025072303026625,ALICL,Cristal Kanchanjanga Securites Pvt. Ltd.,Sani Securities Company Ltd.,15,536.0,8040.0,2025-07-23 14:01:17.327588
2025-07-23,45272,2025072303026626,ALICL,Imperial Securities Company Pvt. Ltd.,Sani Securities Company Ltd.,110,536.0,58960.0,2025-07-23 14:01:17.327689
2025-07-23,45271,2025072303026627,ALICL,Online Securities Pvt. Ltd.,Sani Securities Company Ltd.,100,536.0,53600.0,2025-07-23 14:01:17.327751
2025-07-23,45270,2025072303026628,ALICL,Nepal Investment And Securities Trading Private Limited,Sani Securities Company Ltd.,50,536.0,26800.0,2025-07-23 14:01:17.327814
2025-07-23,44143,2025072303026878,ALICL,Thrive Brokerage House Pvt. Ltd,Dipshikha Dhitopatra Karobar Co. Pvt Ltd.,30,536.0,16080.0,2025-07-23 14:03:06.414706
2025-07-23,44142,2025072303026879,ALICL,Opal Securities Investment (PVT) Ltd.,Dipshikha Dhitopatra Karobar Co. Pvt Ltd.,50,536.0,26800.0,2025-07-23 14:03:06.414868
2025-07-23,44141,2025072303026880,ALICL,Sani Securities Company Ltd.,Dipshikha Dhitopatra Karobar Co. Pvt Ltd.,200,536.0,107200.0,2025-07-23 14:03:06.414931
2025-07-23,44140,2025072303026881,ALICL,Trishakti Securities Public Limited,Dipshikha Dhitopatra Karobar Co. Pvt Ltd.,220,535.1,117722.0,2025-07-23 14:03:06.414994
2025-07-23,41746,2025072303027491,ALICL,Sumeru Securities Pvt. Ltd.,Opal Securities Investment (PVT) Ltd.,57,535.2,30506.4,2025-07-23 14:07:42.259188
2025-07-23,41445,2025072303027567,ALICL,Sumeru Securities Pvt. Ltd.,Pragyan Securities (PVT) Ltd.,143,535.2,76533.6,2025-07-23 14:08:19.542478
2025-07-23,41444,2025072303027568,ALICL,Trishakti Securities Public Limited,Pragyan Securities (PVT) Ltd.,230,535.1,123073.0,2025-07-23 14:08:19.542798
2025-07-23,41443,2025072303027569,ALICL,Online Securities Pvt. Ltd.,Pragyan Securities (PVT) Ltd.,100,535.1,53510.0,2025-07-23 14:08:19.543009
2025-07-23,41442,2025072303027570,ALICL,South Asian Bulls Pvt. Ltd.,Pragyan Securities (PVT) Ltd.,100,535.1,53510.0,2025-07-23 14:08:19.543237
2025-07-23,41441,2025072303027571,ALICL,Aryatara Investment & Securities,Pragyan Securities (PVT) Ltd.,27,535.0,14445.0,2025-07-23 14:08:19.543439
2025-07-23,41215,2025072303027615,ALICL,Aryatara Investment & Securities,Opal Securities Investment (PVT) Ltd.,41,535.0,21935.0,2025-07-23 14:08:42.205863
2025-07-23,41115,2025072303027643,ALICL,Aryatara Investment & Securities,Imperial Securities Company Pvt. Ltd.,32,535.0,17120.0,2025-07-23 14:08:50.553140
2025-07-23,41114,2025072303027644,ALICL,Cristal Kanchanjanga Securites Pvt. Ltd.,Imperial Securities Company Pvt. Ltd.,100,535.0,53500.0,2025-07-23 14:08:50.553176
2025-07-23,41113,2025072303027645,ALICL,Naasa Securities Co. Ltd.,Imperial Securities Company Pvt. Ltd.,20,535.0,10700.0,2025-07-23 14:08:50.553200
2025-07-23,41112,2025072303027646,ALICL,Deevyaa Securities & Stock House Pvt. Ltd,Imperial Securities Company Pvt. Ltd.,10,535.0,5350.0,2025-07-23 14:08:50.553226
2025-07-23,41111,2025072303027647,ALICL,Sundhara Securities Limited,Imperial Securities Company Pvt. Ltd.,100,535.0,53500.0,2025-07-23 14:08:50.553248
2025-07-23,41110,2025072303027648,ALICL,Sweta Securities Private Limited,Imperial Securities Company Pvt. Ltd.,500,535.0,267500.0,2025-07-23 14:08:50.553307
2025-07-23,41109,2025072303027649,ALICL,South Asian Bulls Pvt. Ltd.,Imperial Securities Company Pvt. Ltd.,200,535.0,107000.0,2025-07-23 14:08:50.553353
2025-07-23,41108,2025072303027650,ALICL,Cristal Kanchanjanga Securites Pvt. Ltd.,Imperial Securities Company Pvt. Ltd.,54,534.5,28863.0,2025-07-23 14:08:50.553376
2025-07-23,41107,2025072303027651,ALICL,Sewa Securities Pvt. Ltd.,Imperial Securities Company Pvt. Ltd.,200,534.3,106860.0,2025-07-23 14:08:50.553399
2025-07-23,41106,2025072303027652,ALICL,Neev Securities Pvt. Ltd.,Imperial Securities Company Pvt. Ltd.,50,534.1,26705.0,2025-07-23 14:08:50.553423
2025-07-23,41105,2025072303027653,ALICL,Cristal Kanchanjanga Securites Pvt. Ltd.,Imperial Securities Company Pvt. Ltd.,411,533.0,219063.0,2025-07-23 14:08:50.553448
2025-07-23,40106,2025072303027858,ALICL,Cristal Kanchanjanga Securites Pvt. Ltd.,Opal Securities Investment (PVT) Ltd.,26,533.0,13858.0,2025-07-23 14:10:43.343160
2025-07-23,37702,2025072303028517,ALICL,Trisul Securities & Invt. Ltd.,Market Securities & Exchange (PVT) Ltd.,15,537.0,8055.0,2025-07-23 14:14:35.594250
2025-07-23,37701,2025072303028518,ALICL,Shree Krishna Securities Ltd.,Market Securities & Exchange (PVT) Ltd.,16,535.0,8560.0,2025-07-23 14:14:35.594417
2025-07-23,37700,2025072303028519,ALICL,Malla & Malla Stock Broking Company Pvt. Limited,Market Securities & Exchange (PVT) Ltd.,50,534.0,26700.0,2025-07-23 14:14:35.594480
2025-07-23,37699,2025072303028520,ALICL,Sumeru Securities Pvt. Ltd.,Market Securities & Exchange (PVT) Ltd.,200,533.1,106620.0,2025-07-23 14:14:35.594544
2025-07-23,37698,2025072303028521,ALICL,Neev Securities Pvt. Ltd.,Market Securities & Exchange (PVT) Ltd.,19,533.1,10128.9,2025-07-23 14:14:35.594603
2025-07-23,36321,2025072303028841,ALICL,Creative Securities Pvt Ltd,ABC Securities Private Limited,10,537.8,5378.0,2025-07-23 14:16:15.758011
2025-07-23,36159,2025072303028881,ALICL,Indira securities pvt. ltd,ABC Securities Private Limited,190,537.8,102182.0,2025-07-23 14:16:28.444477
2025-07-23,35760,2025072303028940,ALICL,Sumeru Securities Pvt. Ltd.,Online Securities Pvt. Ltd.,130,537.9,69927.0,2025-07-23 14:16:53.071403
2025-07-23,35759,2025072303028941,ALICL,Sumeru Securities Pvt. Ltd.,Naasa Securities Co. Ltd.,50,538.1,26905.0,2025-07-23 14:16:53.071566
2025-07-23,35502,2025072303029002,ALICL,INDEX SECURITIES LIMITED,South Asian Bulls Pvt. Ltd.,40,538.9,21556.0,2025-07-23 14:17:12.970830
2025-07-23,35501,2025072303029003,ALICL,INDEX SECURITIES LIMITED,Sri Hari Securities Pvt. Ltd.,100,539.0,53900.0,2025-07-23 14:17:12.971007
2025-07-23,35500,2025072303029004,ALICL,INDEX SECURITIES LIMITED,Aryatara Investment & Securities,360,539.0,194040.0,2025-07-23 14:17:12.971088
2025-07-23,35134,2025072303029093,ALICL,Indira securities pvt. ltd,Aryatara Investment & Securities,110,539.0,59290.0,2025-07-23 14:17:36.395269
2025-07-23,34804,2025072303029159,ALICL,Nepal Stock House (PVT) Ltd.,Aryatara Investment & Securities,40,539.0,21560.0,2025-07-23 14:18:00.371218
2025-07-23,33327,2025072303029532,ALICL,Sumeru Securities Pvt. Ltd.,ABC Securities Private Limited,320,538.1,172192.0,2025-07-23 14:19:59.358426
2025-07-23,32662,2025072303029659,ALICL,Deevyaa Securities & Stock House Pvt. Ltd,Aryatara Investment & Securities,498,539.0,268422.0,2025-07-23 14:20:58.414377
2025-07-23,32347,2025072303029717,ALICL,Deevyaa Securities & Stock House Pvt. Ltd,Secured Securities Ltd.,20,539.0,10780.0,2025-07-23 14:21:29.291932
2025-07-23,31765,2025072303029840,ALICL,Deevyaa Securities & Stock House Pvt. Ltd,Sipla Securities Private Limited,30,539.0,16170.0,2025-07-23 14:22:23.000636
2025-07-23,31069,2025072303030007,ALICL,Deevyaa Securities & Stock House Pvt. Ltd,Dipshikha Dhitopatra Karobar Co. Pvt Ltd.,52,539.0,28028.0,2025-07-23 14:23:35.170073
2025-07-23,30632,2025072303030066,ALICL,Nepal Investment And Securities Trading Private Limited,Dipshikha Dhitopatra Karobar Co. Pvt Ltd.,50,538.0,26900.0,2025-07-23 14:24:03.071624
2025-07-23,30388,2025072303030136,ALICL,Deevyaa Securities & Stock House Pvt. Ltd,Dipshikha Dhitopatra Karobar Co. Pvt Ltd.,408,537.0,219096.0,2025-07-23 14:24:32.199588
2025-07-23,27622,2025072303030873,ALICL,Sani Securities Company Ltd.,Thrive Brokerage House Pvt. Ltd,10,539.9,5399.0,2025-07-23 14:28:36.553000
2025-07-23,26600,2025072303031165,ALICL,South Asian Bulls Pvt. Ltd.,Dynamic Money Managers Securities Pvt. Ltd.,500,540.0,270000.0,2025-07-23 14:30:24.580587
2025-07-23,26468,2025072303031178,ALICL,Deevyaa Securities & Stock House Pvt. Ltd,Dynamic Money Managers Securities Pvt. Ltd.,1592,540.0,859680.0,2025-07-23 14:30:33.139469
2025-07-23,26459,2025072303031182,ALICL,Sani Securities Company Ltd.,Dynamic Money Managers Securities Pvt. Ltd.,10,540.0,5400.0,2025-07-23 14:30:34.022870
2025-07-23,26186,2025072303031258,ALICL,Oxford Securities Pvt. Ltd.,Dynamic Money Managers Securities Pvt. Ltd.,1000,540.0,540000.0,2025-07-23 14:31:03.581098
2025-07-23,25482,2025072303031394,ALICL,Sani Securities Company Ltd.,Imperial Securities Company Pvt. Ltd.,100,539.9,53990.0,2025-07-23 14:32:07.777521
2025-07-23,25323,2025072303031428,ALICL,Midas Stock Broking Company Private Limited,Imperial Securities Company Pvt. Ltd.,10,539.9,5399.0,2025-07-23 14:32:29.090603
2025-07-23,24339,2025072303031637,ALICL,Agrawal Securities (PVT) Ltd.,Imperial Securities Company Pvt. Ltd.,390,539.9,210561.0,2025-07-23 14:34:05.150084
2025-07-23,24338,2025072303031638,ALICL,Agrawal Securities (PVT) Ltd.,Dynamic Money Managers Securities Pvt. Ltd.,1590,540.0,858600.0,2025-07-23 14:34:05.150433
2025-07-23,24337,2025072303031639,ALICL,Agrawal Securities (PVT) Ltd.,Pragyan Securities (PVT) Ltd.,1000,540.0,540000.0,2025-07-23 14:34:05.150722
2025-07-23,24336,2025072303031640,ALICL,Agrawal Securities (PVT) Ltd.,Naasa Securities Co. Ltd.,20,540.0,10800.0,2025-07-23 14:34:05.150960
2025-07-23,23141,2025072303031889,ALICL,South Asian Bulls Pvt. Ltd.,Naasa Securities Co. Ltd.,21,540.0,11340.0,2025-07-23 14:36:01.598702
2025-07-23,22154,2025072303032088,ALICL,Kumari Securities Private Limited,Naasa Securities Co. Ltd.,41,540.0,22140.0,2025-07-23 14:37:22.628557
2025-07-23,19825,2025072303032521,ALICL,Sani Securities Company Ltd.,Naasa Securities Co. Ltd.,70,540.0,37800.0,2025-07-23 14:39:54.906785
2025-07-23,19824,2025072303032522,ALICL,Sani Securities Company Ltd.,Cristal Kanchanjanga Securites Pvt. Ltd.,100,540.0,54000.0,2025-07-23 14:39:54.906958
2025-07-23,18801,2025072303032751,ALICL,Agrawal Securities (PVT) Ltd.,Infinity Securities Limited,10,540.9,5409.0,2025-07-23 14:41:14.495808
2025-07-23,18447,2025072303032823,ALICL,Sani Securities Company Ltd.,Dipshikha Dhitopatra Karobar Co. Pvt Ltd.,10,540.0,5400.0,2025-07-23 14:41:48.606493
2025-07-23,18446,2025072303032824,ALICL,Agrawal Securities (PVT) Ltd.,Dipshikha Dhitopatra Karobar Co. Pvt Ltd.,190,538.3,102277.0,2025-07-23 14:41:48.606686
2025-07-23,16414,2025072303033280,ALICL,Agrawal Securities (PVT) Ltd.,Vision Securities Pvt. Ltd,310,538.3,166873.0,2025-07-23 14:44:33.786299
2025-07-23,15726,2025072303033425,ALICL,Vision Securities Pvt. Ltd,Trisul Securities & Invt. Ltd.,116,538.2,62431.2,2025-07-23 14:45:35.046109
2025-07-23,15725,2025072303033426,ALICL,South Asian Bulls Pvt. Ltd.,Trisul Securities & Invt. Ltd.,740,538.1,398194.0,2025-07-23 14:45:35.046272
2025-07-23,15724,2025072303033427,ALICL,Dipshikha Dhitopatra Karobar Co. Pvt Ltd.,Trisul Securities & Invt. Ltd.,100,538.0,53800.0,2025-07-23 14:45:35.046339
2025-07-23,15379,2025072303033489,ALICL,Secured Securities Ltd.,Trisul Securities & Invt. Ltd.,44,538.0,23672.0,2025-07-23 14:46:07.384424
2025-07-23,12315,2025072303034130,ALICL,Sani Securities Company Ltd.,Vision Securities Pvt. Ltd,20,538.3,10766.0,2025-07-23 14:50:34.469517
2025-07-23,9784,2025072303034681,ALICL,Aryatara Investment & Securities,Vision Securities Pvt. Ltd,35,538.3,18840.5,2025-07-23 14:53:48.439743
2025-07-23,9137,2025072303034867,ALICL,Aryatara Investment & Securities,Cristal Kanchanjanga Securites Pvt. Ltd.,100,540.0,54000.0,2025-07-23 14:54:29.135741
2025-07-23,7588,2025072303035245,ALICL,Aryatara Investment & Securities,Secured Securities Ltd.,55,540.0,29700.0,2025-07-23 14:55:50.282898
2025-07-23,7300,2025072303035327,ALICL,Sani Securities Company Ltd.,Secured Securities Ltd.,95,540.0,51300.0,2025-07-23 14:56:02.950926
2025-07-23,7299,2025072303035328,ALICL,Sani Securities Company Ltd.,Himalayan Brokerage Company Limited,160,540.0,86400.0,2025-07-23 14:56:02.951105
2025-07-23,4837,2025072303035765,ALICL,Online Securities Pvt. Ltd.,Himalayan Brokerage Company Limited,195,539.0,105105.0,2025-07-23 14:57:44.324772
2025-07-23,4836,2025072303035766,ALICL,Secured Securities Ltd.,Himalayan Brokerage Company Limited,145,538.0,78010.0,2025-07-23 14:57:44.325118
2025-07-23,3774,2025072303035965,ALICL,Secured Securities Ltd.,Nepal Stock House (PVT) Ltd.,11,538.0,5918.0,2025-07-23 14:58:23.504072
2025-07-23,3773,2025072303035966,ALICL,Imperial Securities Company Pvt. Ltd.,Nepal Stock House (PVT) Ltd.,30,538.0,16140.0,2025-07-23 14:58:23.504233
2025-07-23,3772,2025072303035967,ALICL,APPLE SECURITIES PRIVATE LIMITED,Nepal Stock House (PVT) Ltd.,60,538.0,32280.0,2025-07-23 14:58:23.504306
2025-07-23,3771,2025072303035968,ALICL,Capital Max Securities Ltd,Nepal Stock House (PVT) Ltd.,400,538.0,215200.0,2025-07-23 14:58:23.504371
2025-07-23,3770,2025072303035969,ALICL,Asian Securities Private Ltd.,Nepal Stock House (PVT) Ltd.,210,537.1,112791.0,2025-07-23 14:58:23.504433
2025-07-23,2796,2025072303036230,ALICL,Garima Securities Limited,Nepal Stock House (PVT) Ltd.,289,536.4,155019.6,2025-07-23 14:58:58.612148
2025-07-23,1796,2025072303036398,ALICL,ABC Securities Private Limited,Aryatara Investment & Securities,160,538.0,86080.0,2025-07-23 14:59:25.116343
2025-07-23,1573,2025072303036460,ALICL,ABC Securities Private Limited,Imperial Securities Company Pvt. Ltd.,24,538.0,12912.0,2025-07-23 14:59:30.248585
2025-07-23,1039,2025072303036598,ALICL,MILKY WAY SHARE BROKER COMPANY LTD ,Infinity Securities Limited,200,539.9,107980.0,2025-07-23 14:59:41.198976
