Date,S.N.,Contract ID,Symbol,Buyer Broker,Seller Broker,volume,rate,amount,transaction_time
2025-07-23,170196,2025072304000047,CGH,Asian Securities Private Ltd.,Elite Stock House Limited,10,1118.0,11180.0,2025-07-23 10:46:00.085570
2025-07-23,170010,2025072304000095,CGH,Midas Stock Broking Company Private Limited,Sumeru Securities Pvt. Ltd.,15,1100.0,16500.0,2025-07-23 11:00:32.635090
2025-07-23,169653,2025072304000237,CGH,Asian Securities Private Ltd.,ABC Securities Private Limited,100,1100.0,110000.0,2025-07-23 11:01:09.482390
2025-07-23,169020,2025072304000434,CGH,Oxford Securities Pvt. Ltd.,Sundhara Securities Limited,100,1098.0,109800.0,2025-07-23 11:02:04.690246
2025-07-23,168056,2025072304000749,CGH,Nepal Investment And Securities Trading Private Limited,Elite Stock House Limited,290,1097.9,318391.0,2025-07-23 11:03:24.843664
2025-07-23,168055,2025072304000750,CGH,Nepal Investment And Securities Trading Private Limited,Sundhara Securities Limited,150,1098.0,164700.0,2025-07-23 11:03:24.843782
2025-07-23,168054,2025072304000751,CGH,Nepal Investment And Securities Trading Private Limited,Online Securities Pvt. Ltd.,60,1099.9,65994.0,2025-07-23 11:03:24.843828
2025-07-23,168047,2025072304000752,CGH,Agrawal Securities (PVT) Ltd.,Market Securities & Exchange (PVT) Ltd.,200,1095.0,219000.0,2025-07-23 11:03:25.778745
2025-07-23,167915,2025072304000804,CGH,Dipshikha Dhitopatra Karobar Co. Pvt Ltd.,Deevyaa Securities & Stock House Pvt. Ltd,500,1090.0,545000.0,2025-07-23 11:03:35.907955
2025-07-23,167914,2025072304000805,CGH,Sumeru Securities Pvt. Ltd.,Deevyaa Securities & Stock House Pvt. Ltd,45,1090.0,49050.0,2025-07-23 11:03:35.908031
2025-07-23,167338,2025072304001029,CGH,Online Securities Pvt. Ltd.,Sani Securities Company Ltd.,991,1081.1,1071370.1,2025-07-23 11:04:24.100484
2025-07-23,166998,2025072304001133,CGH,Premier Securities Company Ltd.,Deevyaa Securities & Stock House Pvt. Ltd,50,1090.0,54500.0,2025-07-23 11:04:47.582627
2025-07-23,166978,2025072304001138,CGH,Nepal Investment And Securities Trading Private Limited,Citizens Share Broker Limited,35,1081.0,37835.0,2025-07-23 11:04:49.070181
2025-07-23,166891,2025072304001180,CGH,Nepal Investment And Securities Trading Private Limited,Sri Hari Securities Pvt. Ltd.,50,1081.0,54050.0,2025-07-23 11:04:55.320463
2025-07-23,166797,2025072304001219,CGH,Nepal Investment And Securities Trading Private Limited,Citizens Share Broker Limited,35,1081.0,37835.0,2025-07-23 11:05:02.135044
2025-07-23,166616,2025072304001293,CGH,Neev Securities Pvt. Ltd.,Citizens Share Broker Limited,35,1082.0,37870.0,2025-07-23 11:05:14.247818
2025-07-23,165444,2025072304001717,CGH,Asian Securities Private Ltd.,Online Securities Pvt. Ltd.,20,1084.0,21680.0,2025-07-23 11:06:36.621997
2025-07-23,165070,2025072304001813,CGH,J.F. Securites (PVT) Ltd.,Sumeru Securities Pvt. Ltd.,20,1085.0,21700.0,2025-07-23 11:07:02.630414
2025-07-23,165069,2025072304001814,CGH,Investment Management Nepal Pvt. Ltd.,Sumeru Securities Pvt. Ltd.,10,1085.0,10850.0,2025-07-23 11:07:02.630634
2025-07-23,164682,2025072304001956,CGH,Investment Management Nepal Pvt. Ltd.,Sagarmatha Securities Private Limited,40,1085.0,43400.0,2025-07-23 11:07:30.519618
2025-07-23,164291,2025072304002099,CGH,Neev Securities Pvt. Ltd.,Oxford Securities Pvt. Ltd.,50,1085.0,54250.0,2025-07-23 11:07:52.801129
2025-07-23,164290,2025072304002100,CGH,Asian Securities Private Ltd.,Oxford Securities Pvt. Ltd.,10,1084.1,10841.0,2025-07-23 11:07:52.801403
2025-07-23,164289,2025072304002101,CGH,Asian Securities Private Ltd.,Oxford Securities Pvt. Ltd.,140,1084.0,151760.0,2025-07-23 11:07:52.801573
2025-07-23,164288,2025072304002102,CGH,Nepal Investment And Securities Trading Private Limited,Dynamic Money Managers Securities Pvt. Ltd.,50,1089.0,54450.0,2025-07-23 11:07:52.845831
2025-07-23,164287,2025072304002103,CGH,Nepal Investment And Securities Trading Private Limited,Deevyaa Securities & Stock House Pvt. Ltd,295,1090.0,321550.0,2025-07-23 11:07:52.845935
2025-07-23,164286,2025072304002104,CGH,Nepal Investment And Securities Trading Private Limited,Deevyaa Securities & Stock House Pvt. Ltd,655,1090.0,713950.0,2025-07-23 11:07:52.846018
2025-07-23,164111,2025072304002163,CGH,Premier Securities Company Ltd.,Dynamic Money Managers Securities Pvt. Ltd.,10,1089.0,10890.0,2025-07-23 11:08:05.717608
2025-07-23,163979,2025072304002188,CGH,Nepal Investment And Securities Trading Private Limited,Deevyaa Securities & Stock House Pvt. Ltd,845,1090.0,921050.0,2025-07-23 11:08:17.961543
2025-07-23,163978,2025072304002189,CGH,Nepal Investment And Securities Trading Private Limited,Sri Hari Securities Pvt. Ltd.,55,1090.0,59950.0,2025-07-23 11:08:17.961757
2025-07-23,163878,2025072304002231,CGH,Premier Securities Company Ltd.,Sagarmatha Securities Private Limited,40,1089.0,43560.0,2025-07-23 11:08:22.301104
2025-07-23,163359,2025072304002370,CGH,Sri Hari Securities Pvt. Ltd.,ABC Securities Private Limited,350,1088.0,380800.0,2025-07-23 11:09:01.665859
2025-07-23,163313,2025072304002385,CGH,Nabil Stock Dealer Ltd.,Nabil Stock Dealer Ltd.,200,1084.1,216820.0,2025-07-23 11:09:04.735024
2025-07-23,163312,2025072304002386,CGH,Asian Securities Private Ltd.,Nabil Stock Dealer Ltd.,40,1084.0,43360.0,2025-07-23 11:09:04.735267
2025-07-23,163311,2025072304002387,CGH,Cristal Kanchanjanga Securites Pvt. Ltd.,Nabil Stock Dealer Ltd.,500,1084.0,542000.0,2025-07-23 11:09:04.735441
2025-07-23,163310,2025072304002388,CGH,Trademow Securities Private Limited,Nabil Stock Dealer Ltd.,100,1084.0,108400.0,2025-07-23 11:09:04.735589
2025-07-23,163309,2025072304002389,CGH,Sani Securities Company Ltd.,Nabil Stock Dealer Ltd.,160,1084.0,173440.0,2025-07-23 11:09:04.735732
2025-07-23,163197,2025072304002409,CGH,Sani Securities Company Ltd.,Nabil Stock Dealer Ltd.,140,1084.0,151760.0,2025-07-23 11:09:11.009232
2025-07-23,162912,2025072304002488,CGH,Nepal Investment And Securities Trading Private Limited,Nabil Stock Dealer Ltd.,380,1083.0,411540.0,2025-07-23 11:09:32.613234
2025-07-23,162911,2025072304002489,CGH,Neev Securities Pvt. Ltd.,Nabil Stock Dealer Ltd.,465,1082.0,503130.0,2025-07-23 11:09:32.613358
2025-07-23,162910,2025072304002490,CGH,SHUBHAKAMANA SECURITIES PVT. LTD,Nabil Stock Dealer Ltd.,15,1082.0,16230.0,2025-07-23 11:09:32.613420
2025-07-23,162819,2025072304002513,CGH,SHUBHAKAMANA SECURITIES PVT. LTD,Nabil Stock Dealer Ltd.,35,1082.0,37870.0,2025-07-23 11:09:40.247926
2025-07-23,162818,2025072304002514,CGH,Sani Securities Company Ltd.,Nabil Stock Dealer Ltd.,50,1080.0,54000.0,2025-07-23 11:09:40.248158
2025-07-23,162817,2025072304002515,CGH,Sani Securities Company Ltd.,Nabil Stock Dealer Ltd.,462,1080.0,498960.0,2025-07-23 11:09:40.248224
2025-07-23,162816,2025072304002516,CGH,Imperial Securities Company Pvt. Ltd.,Nabil Stock Dealer Ltd.,200,1080.0,216000.0,2025-07-23 11:09:40.248271
2025-07-23,162815,2025072304002517,CGH,Online Securities Pvt. Ltd.,Nabil Stock Dealer Ltd.,105,1080.0,113400.0,2025-07-23 11:09:40.248325
2025-07-23,162814,2025072304002518,CGH,Sani Securities Company Ltd.,Nabil Stock Dealer Ltd.,148,1079.0,159692.0,2025-07-23 11:09:40.248389
2025-07-23,162804,2025072304002520,CGH,Nepal Investment And Securities Trading Private Limited,Oxford Securities Pvt. Ltd.,200,1084.0,216800.0,2025-07-23 11:09:40.578968
2025-07-23,162781,2025072304002526,CGH,Nepal Investment And Securities Trading Private Limited,Sagarmatha Securities Private Limited,40,1084.0,43360.0,2025-07-23 11:09:41.778777
2025-07-23,162768,2025072304002529,CGH,Nepal Investment And Securities Trading Private Limited,Trishakti Securities Public Limited,10,1084.0,10840.0,2025-07-23 11:09:42.425865
2025-07-23,162688,2025072304002562,CGH,Nepal Investment And Securities Trading Private Limited,Nabil Stock Dealer Ltd.,750,1084.0,813000.0,2025-07-23 11:09:48.104774
2025-07-23,162207,2025072304002700,CGH,Premier Securities Company Ltd.,Imperial Securities Company Pvt. Ltd.,50,1083.0,54150.0,2025-07-23 11:10:16.623772
2025-07-23,162206,2025072304002701,CGH,Naasa Securities Co. Ltd.,Imperial Securities Company Pvt. Ltd.,40,1083.0,43320.0,2025-07-23 11:10:16.623891
2025-07-23,162184,2025072304002707,CGH,Naasa Securities Co. Ltd.,Nabil Stock Dealer Ltd.,40,1083.0,43320.0,2025-07-23 11:10:18.156872
2025-07-23,162183,2025072304002708,CGH,Online Securities Pvt. Ltd.,Nabil Stock Dealer Ltd.,100,1081.0,108100.0,2025-07-23 11:10:18.156990
2025-07-23,162182,2025072304002709,CGH,Dipshikha Dhitopatra Karobar Co. Pvt Ltd.,Nabil Stock Dealer Ltd.,110,1080.1,118811.0,2025-07-23 11:10:18.157051
2025-07-23,162102,2025072304002730,CGH,Dipshikha Dhitopatra Karobar Co. Pvt Ltd.,Nabil Stock Dealer Ltd.,140,1080.1,151214.0,2025-07-23 11:10:24.295386
2025-07-23,162101,2025072304002731,CGH,Sundhara Securities Limited,Nabil Stock Dealer Ltd.,100,1080.0,108000.0,2025-07-23 11:10:24.295501
2025-07-23,162100,2025072304002732,CGH,Hatemalo Financial Services Private Limited,Nabil Stock Dealer Ltd.,80,1080.0,86400.0,2025-07-23 11:10:24.295566
2025-07-23,162099,2025072304002733,CGH,Hatemalo Financial Services Private Limited,Nabil Stock Dealer Ltd.,20,1080.0,21600.0,2025-07-23 11:10:24.295618
2025-07-23,162098,2025072304002734,CGH,Sani Securities Company Ltd.,Nabil Stock Dealer Ltd.,72,1079.0,77688.0,2025-07-23 11:10:24.295668
2025-07-23,162097,2025072304002735,CGH,Aryatara Investment & Securities,Nabil Stock Dealer Ltd.,50,1079.0,53950.0,2025-07-23 11:10:24.295721
2025-07-23,162096,2025072304002736,CGH,Agrawal Securities (PVT) Ltd.,Nabil Stock Dealer Ltd.,100,1078.1,107810.0,2025-07-23 11:10:24.295771
2025-07-23,162095,2025072304002737,CGH,Online Securities Pvt. Ltd.,Nabil Stock Dealer Ltd.,20,1078.0,21560.0,2025-07-23 11:10:24.295825
2025-07-23,162094,2025072304002738,CGH,Elite Stock House Limited,Nabil Stock Dealer Ltd.,100,1078.0,107800.0,2025-07-23 11:10:24.295876
2025-07-23,161828,2025072304002798,CGH,Sani Securities Company Ltd.,Nabil Stock Dealer Ltd.,318,1078.0,342804.0,2025-07-23 11:10:42.170372
2025-07-23,161157,2025072304002986,CGH,Sani Securities Company Ltd.,Nepal Stock House (PVT) Ltd.,182,1078.0,196196.0,2025-07-23 11:11:21.344397
2025-07-23,161139,2025072304002993,CGH,Asian Securities Private Ltd.,Nepal Stock House (PVT) Ltd.,18,1078.0,19404.0,2025-07-23 11:11:21.916034
2025-07-23,160778,2025072304003101,CGH,Sani Securities Company Ltd.,Naasa Securities Co. Ltd.,250,1082.0,270500.0,2025-07-23 11:11:42.488772
2025-07-23,160599,2025072304003150,CGH,Sani Securities Company Ltd.,Naasa Securities Co. Ltd.,50,1082.0,54100.0,2025-07-23 11:11:54.696856
2025-07-23,160598,2025072304003151,CGH,Sani Securities Company Ltd.,Midas Stock Broking Company Private Limited,10,1082.0,10820.0,2025-07-23 11:11:54.697013
2025-07-23,160597,2025072304003152,CGH,Sani Securities Company Ltd.,ABC Securities Private Limited,113,1083.0,122379.0,2025-07-23 11:11:54.697079
2025-07-23,160334,2025072304003227,CGH,Sani Securities Company Ltd.,Imperial Securities Company Pvt. Ltd.,50,1083.0,54150.0,2025-07-23 11:12:12.978441
2025-07-23,160324,2025072304003228,CGH,Sani Securities Company Ltd.,Cristal Kanchanjanga Securites Pvt. Ltd.,27,1083.0,29241.0,2025-07-23 11:12:13.580402
2025-07-23,160306,2025072304003230,CGH,Sani Securities Company Ltd.,Cristal Kanchanjanga Securites Pvt. Ltd.,48,1083.0,51984.0,2025-07-23 11:12:15.100263
2025-07-23,160120,2025072304003290,CGH,Sani Securities Company Ltd.,Arun Securities (PVT) Ltd.,100,1083.0,108300.0,2025-07-23 11:12:26.037494
2025-07-23,160105,2025072304003300,CGH,Neev Securities Pvt. Ltd.,Naasa Securities Co. Ltd.,15,1084.0,16260.0,2025-07-23 11:12:27.184856
2025-07-23,160104,2025072304003301,CGH,Neev Securities Pvt. Ltd.,Naasa Securities Co. Ltd.,100,1084.0,108400.0,2025-07-23 11:12:27.184965
2025-07-23,160103,2025072304003302,CGH,Neev Securities Pvt. Ltd.,Investment Management Nepal Pvt. Ltd.,85,1084.0,92140.0,2025-07-23 11:12:27.185023
2025-07-23,160100,2025072304003305,CGH,Sani Securities Company Ltd.,Imperial Securities Company Pvt. Ltd.,52,1083.0,56316.0,2025-07-23 11:12:27.359285
2025-07-23,159715,2025072304003404,CGH,Infinity Securities Limited,Imperial Securities Company Pvt. Ltd.,98,1080.0,105840.0,2025-07-23 11:12:50.599083
2025-07-23,159590,2025072304003436,CGH,Infinity Securities Limited,Vision Securities Pvt. Ltd,200,1080.0,216000.0,2025-07-23 11:12:58.080475
2025-07-23,159520,2025072304003468,CGH,Sani Securities Company Ltd.,Premier Securities Company Ltd.,10,1080.0,10800.0,2025-07-23 11:13:02.992697
2025-07-23,159519,2025072304003469,CGH,Sani Securities Company Ltd.,Investment Management Nepal Pvt. Ltd.,15,1084.0,16260.0,2025-07-23 11:13:02.992935
2025-07-23,159518,2025072304003470,CGH,Sani Securities Company Ltd.,Trishakti Securities Public Limited,30,1084.0,32520.0,2025-07-23 11:13:02.993101
2025-07-23,159517,2025072304003471,CGH,Sani Securities Company Ltd.,Naasa Securities Co. Ltd.,40,1084.0,43360.0,2025-07-23 11:13:02.993263
2025-07-23,159041,2025072304003599,CGH,Sani Securities Company Ltd.,Imperial Securities Company Pvt. Ltd.,70,1084.0,75880.0,2025-07-23 11:13:26.886857
2025-07-23,159013,2025072304003602,CGH,Sani Securities Company Ltd.,Investment Management Nepal Pvt. Ltd.,30,1084.0,32520.0,2025-07-23 11:13:28.084045
2025-07-23,158805,2025072304003677,CGH,Nepal Stock House (PVT) Ltd.,Opal Securities Investment (PVT) Ltd.,10,1085.0,10850.0,2025-07-23 11:13:40.808304
2025-07-23,158804,2025072304003678,CGH,Nepal Stock House (PVT) Ltd.,Market Securities & Exchange (PVT) Ltd.,200,1085.0,217000.0,2025-07-23 11:13:40.808476
2025-07-23,158523,2025072304003767,CGH,Sani Securities Company Ltd.,South Asian Bulls Pvt. Ltd.,30,1084.0,32520.0,2025-07-23 11:13:55.344794
2025-07-23,158482,2025072304003778,CGH,Nepal Stock House (PVT) Ltd.,Sewa Securities Pvt. Ltd.,350,1088.0,380800.0,2025-07-23 11:13:56.832644
2025-07-23,158481,2025072304003779,CGH,Nepal Stock House (PVT) Ltd.,Ashutosh Brokerage & Securities (PVT) Ltd.,300,1088.0,326400.0,2025-07-23 11:13:56.832755
2025-07-23,158480,2025072304003780,CGH,Nepal Stock House (PVT) Ltd.,Asian Securities Private Ltd.,270,1088.0,293760.0,2025-07-23 11:13:56.832815
2025-07-23,158157,2025072304003891,CGH,Nepal Stock House (PVT) Ltd.,Nepal Stock House (PVT) Ltd.,155,1085.0,168175.0,2025-07-23 11:14:13.611365
2025-07-23,158123,2025072304003900,CGH,Sani Securities Company Ltd.,Nepal Stock House (PVT) Ltd.,25,1084.0,27100.0,2025-07-23 11:14:15.532392
2025-07-23,157857,2025072304003976,CGH,Nepal Stock House (PVT) Ltd.,Dipshikha Dhitopatra Karobar Co. Pvt Ltd.,100,1084.0,108400.0,2025-07-23 11:14:30.930230
2025-07-23,157839,2025072304003979,CGH,Premier Securities Company Ltd.,Siprabi Securities Pvt. Ltd.,40,1083.0,43320.0,2025-07-23 11:14:31.345002
2025-07-23,157805,2025072304003988,CGH,Premier Securities Company Ltd.,KALASH STOCK MARKET PVT. LTD.,10,1083.0,10830.0,2025-07-23 11:14:32.793014
2025-07-23,157750,2025072304004000,CGH,Imperial Securities Company Pvt. Ltd.,Sumeru Securities Pvt. Ltd.,200,1081.0,216200.0,2025-07-23 11:14:35.470625
2025-07-23,157749,2025072304004001,CGH,Trisul Securities & Invt. Ltd.,Sumeru Securities Pvt. Ltd.,300,1080.0,324000.0,2025-07-23 11:14:35.470865
2025-07-23,157526,2025072304004060,CGH,Nepal Investment And Securities Trading Private Limited,Sumeru Securities Pvt. Ltd.,100,1080.0,108000.0,2025-07-23 11:14:47.962195
2025-07-23,157430,2025072304004083,CGH,Aryatara Investment & Securities,KALASH STOCK MARKET PVT. LTD.,100,1079.9,107990.0,2025-07-23 11:14:53.402546
2025-07-23,157284,2025072304004125,CGH,Asian Securities Private Ltd.,Bhrikuti Stock Broking Co. Pvt. Ltd.,10,1078.0,10780.0,2025-07-23 11:15:01.316712
2025-07-23,157211,2025072304004141,CGH,Imperial Securities Company Pvt. Ltd.,Sumeru Securities Pvt. Ltd.,75,1080.0,81000.0,2025-07-23 11:15:05.563579
2025-07-23,157054,2025072304004199,CGH,Nepal Stock House (PVT) Ltd.,Vision Securities Pvt. Ltd,100,1079.9,107990.0,2025-07-23 11:15:12.820135
2025-07-23,157053,2025072304004200,CGH,Nepal Stock House (PVT) Ltd.,Sumeru Securities Pvt. Ltd.,200,1080.0,216000.0,2025-07-23 11:15:12.820275
2025-07-23,156997,2025072304004214,CGH,Agrawal Securities (PVT) Ltd.,Sumeru Securities Pvt. Ltd.,125,1080.0,135000.0,2025-07-23 11:15:15.865620
2025-07-23,156996,2025072304004215,CGH,Agrawal Securities (PVT) Ltd.,Naasa Securities Co. Ltd.,50,1080.0,54000.0,2025-07-23 11:15:15.865923
2025-07-23,156995,2025072304004216,CGH,Agrawal Securities (PVT) Ltd.,KALASH STOCK MARKET PVT. LTD.,40,1083.0,43320.0,2025-07-23 11:15:15.865992
2025-07-23,156994,2025072304004217,CGH,Agrawal Securities (PVT) Ltd.,Dynamic Money Managers Securities Pvt. Ltd.,20,1084.0,21680.0,2025-07-23 11:15:15.866052
2025-07-23,156770,2025072304004278,CGH,Agrawal Securities (PVT) Ltd.,Nepal Stock House (PVT) Ltd.,101,1084.1,109494.1,2025-07-23 11:15:28.080700
2025-07-23,156716,2025072304004296,CGH,Nepal Stock House (PVT) Ltd.,Sipla Securities Private Limited,100,1085.0,108500.0,2025-07-23 11:15:30.910240
2025-07-23,156715,2025072304004297,CGH,Nepal Stock House (PVT) Ltd.,Kohinoor Investment & Securities Pvt. Ltd.,500,1085.0,542500.0,2025-07-23 11:15:30.910507
2025-07-23,156671,2025072304004319,CGH,Agrawal Securities (PVT) Ltd.,Nepal Stock House (PVT) Ltd.,400,1084.1,433640.0,2025-07-23 11:15:32.915571
2025-07-23,156495,2025072304004371,CGH,Nepal Stock House (PVT) Ltd.,Premier Securities Company Ltd.,20,1085.0,21700.0,2025-07-23 11:15:39.585145
2025-07-23,156494,2025072304004372,CGH,Nepal Stock House (PVT) Ltd.,Investment Management Nepal Pvt. Ltd.,180,1085.0,195300.0,2025-07-23 11:15:39.678349
2025-07-23,156493,2025072304004373,CGH,Agrawal Securities (PVT) Ltd.,Investment Management Nepal Pvt. Ltd.,20,1084.1,21682.0,2025-07-23 11:15:39.678571
2025-07-23,156487,2025072304004377,CGH,Agrawal Securities (PVT) Ltd.,Aryatara Investment & Securities,100,1084.1,108410.0,2025-07-23 11:15:39.828255
2025-07-23,156379,2025072304004410,CGH,Agrawal Securities (PVT) Ltd.,Nepal Stock House (PVT) Ltd.,144,1084.1,156110.4,2025-07-23 11:15:45.798508
2025-07-23,156156,2025072304004486,CGH,Neev Securities Pvt. Ltd.,Nepal Stock House (PVT) Ltd.,200,1080.0,216000.0,2025-07-23 11:15:59.445328
2025-07-23,156155,2025072304004487,CGH,Neev Securities Pvt. Ltd.,Investment Management Nepal Pvt. Ltd.,200,1080.0,216000.0,2025-07-23 11:15:59.471202
2025-07-23,156107,2025072304004497,CGH,Nepal Stock House (PVT) Ltd.,Investment Management Nepal Pvt. Ltd.,10,1080.0,10800.0,2025-07-23 11:16:00.507411
2025-07-23,156091,2025072304004502,CGH,Nepal Stock House (PVT) Ltd.,Nepal Stock House (PVT) Ltd.,50,1084.1,54205.0,2025-07-23 11:16:01.452249
2025-07-23,156041,2025072304004512,CGH,Nepal Stock House (PVT) Ltd.,Aryatara Investment & Securities,90,1081.0,97290.0,2025-07-23 11:16:05.528496
2025-07-23,155794,2025072304004605,CGH,Nepal Stock House (PVT) Ltd.,Aryatara Investment & Securities,10,1080.1,10801.0,2025-07-23 11:16:19.187494
2025-07-23,155793,2025072304004606,CGH,Nepal Stock House (PVT) Ltd.,Nepal Stock House (PVT) Ltd.,40,1084.1,43364.0,2025-07-23 11:16:19.187613
2025-07-23,155532,2025072304004695,CGH,Market Securities & Exchange (PVT) Ltd.,Imperial Securities Company Pvt. Ltd.,10,1080.0,10800.0,2025-07-23 11:16:32.603387
2025-07-23,155221,2025072304004783,CGH,Market Securities & Exchange (PVT) Ltd.,Naasa Securities Co. Ltd.,10,1080.0,10800.0,2025-07-23 11:16:49.662944
2025-07-23,154695,2025072304004935,CGH,Market Securities & Exchange (PVT) Ltd.,Naasa Securities Co. Ltd.,50,1080.0,54000.0,2025-07-23 11:17:18.599606
2025-07-23,154512,2025072304004984,CGH,Market Securities & Exchange (PVT) Ltd.,Midas Stock Broking Company Private Limited,30,1080.0,32400.0,2025-07-23 11:17:28.783402
2025-07-23,154511,2025072304004985,CGH,Magnet Securities and Investment Company Private Limited,Midas Stock Broking Company Private Limited,70,1080.0,75600.0,2025-07-23 11:17:28.783536
2025-07-23,153935,2025072304005136,CGH,Magnet Securities and Investment Company Private Limited,Sani Securities Company Ltd.,130,1080.0,140400.0,2025-07-23 11:18:01.698711
2025-07-23,153934,2025072304005137,CGH,Elite Stock House Limited,Sani Securities Company Ltd.,100,1080.0,108000.0,2025-07-23 11:18:01.698877
2025-07-23,153289,2025072304005291,CGH,Ashutosh Brokerage & Securities (PVT) Ltd.,Imperial Securities Company Pvt. Ltd.,100,1079.9,107990.0,2025-07-23 11:18:36.839881
2025-07-23,153223,2025072304005311,CGH,Premier Securities Company Ltd.,Sani Securities Company Ltd.,50,1080.0,54000.0,2025-07-23 11:18:40.458272
2025-07-23,153123,2025072304005330,CGH,BHOLE GANESH SECURITIES LTD,Sani Securities Company Ltd.,10,1080.0,10800.0,2025-07-23 11:18:45.372495
2025-07-23,152921,2025072304005372,CGH,Premier Securities Company Ltd.,Vision Securities Pvt. Ltd,50,1079.0,53950.0,2025-07-23 11:18:58.145185
2025-07-23,152920,2025072304005373,CGH,SHUBHAKAMANA SECURITIES PVT. LTD,Vision Securities Pvt. Ltd,50,1079.0,53950.0,2025-07-23 11:18:58.145368
2025-07-23,152835,2025072304005399,CGH,BHOLE GANESH SECURITIES LTD,Sani Securities Company Ltd.,10,1080.0,10800.0,2025-07-23 11:19:04.207556
2025-07-23,152706,2025072304005422,CGH,Online Securities Pvt. Ltd.,Imperial Securities Company Pvt. Ltd.,100,1078.0,107800.0,2025-07-23 11:19:12.788116
2025-07-23,152622,2025072304005439,CGH,BHOLE GANESH SECURITIES LTD,Sani Securities Company Ltd.,20,1079.0,21580.0,2025-07-23 11:19:18.568779
2025-07-23,152571,2025072304005451,CGH,Online Securities Pvt. Ltd.,Property Wiard Limited,10,1077.0,10770.0,2025-07-23 11:19:21.190742
2025-07-23,152570,2025072304005452,CGH,Magnet Securities and Investment Company Private Limited,Property Wiard Limited,40,1077.0,43080.0,2025-07-23 11:19:21.190888
2025-07-23,152553,2025072304005454,CGH,Magnet Securities and Investment Company Private Limited,Sweta Securities Private Limited,50,1077.0,53850.0,2025-07-23 11:19:22.859763
2025-07-23,152543,2025072304005459,CGH,Neev Securities Pvt. Ltd.,Sani Securities Company Ltd.,80,1079.0,86320.0,2025-07-23 11:19:23.255246
2025-07-23,152417,2025072304005495,CGH,Neev Securities Pvt. Ltd.,Sani Securities Company Ltd.,20,1079.0,21580.0,2025-07-23 11:19:28.453010
2025-07-23,151973,2025072304005593,CGH,Magnet Securities and Investment Company Private Limited,Imperial Securities Company Pvt. Ltd.,10,1077.0,10770.0,2025-07-23 11:19:46.447915
2025-07-23,151972,2025072304005594,CGH,Aryatara Investment & Securities,Imperial Securities Company Pvt. Ltd.,60,1077.0,64620.0,2025-07-23 11:19:46.448061
2025-07-23,151971,2025072304005595,CGH,Nepal Investment And Securities Trading Private Limited,Imperial Securities Company Pvt. Ltd.,30,1076.1,32283.0,2025-07-23 11:19:46.448129
2025-07-23,151739,2025072304005635,CGH,Agrawal Securities (PVT) Ltd.,Sani Securities Company Ltd.,680,1078.0,733040.0,2025-07-23 11:19:52.398046
2025-07-23,151606,2025072304005710,CGH,Agrawal Securities (PVT) Ltd.,Sri Hari Securities Pvt. Ltd.,45,1078.0,48510.0,2025-07-23 11:19:56.490679
2025-07-23,151453,2025072304005797,CGH,Linch Stock Market Ltd.,Vision Securities Pvt. Ltd,20,1079.0,21580.0,2025-07-23 11:20:02.509208
2025-07-23,151452,2025072304005798,CGH,Linch Stock Market Ltd.,Aryatara Investment & Securities,46,1080.0,49680.0,2025-07-23 11:20:02.509395
2025-07-23,151451,2025072304005799,CGH,Linch Stock Market Ltd.,Sweta Securities Private Limited,100,1080.0,108000.0,2025-07-23 11:20:02.509463
2025-07-23,151450,2025072304005800,CGH,Linch Stock Market Ltd.,Agrawal Securities (PVT) Ltd.,34,1080.0,36720.0,2025-07-23 11:20:02.509531
2025-07-23,151302,2025072304005833,CGH,Dipshikha Dhitopatra Karobar Co. Pvt Ltd.,Agrawal Securities (PVT) Ltd.,113,1080.0,122040.0,2025-07-23 11:20:09.117639
2025-07-23,151301,2025072304005834,CGH,Dipshikha Dhitopatra Karobar Co. Pvt Ltd.,Aryatara Investment & Securities,15,1080.0,16200.0,2025-07-23 11:20:09.117918
2025-07-23,151300,2025072304005835,CGH,Dipshikha Dhitopatra Karobar Co. Pvt Ltd.,Kalika Securities Pvt. Ltd.,122,1080.0,131760.0,2025-07-23 11:20:09.118113
2025-07-23,151217,2025072304005875,CGH,Sani Securities Company Ltd.,Neev Securities Pvt. Ltd.,50,1079.0,53950.0,2025-07-23 11:20:11.613728
2025-07-23,151216,2025072304005876,CGH,Sagarmatha Securities Private Limited,Neev Securities Pvt. Ltd.,100,1079.0,107900.0,2025-07-23 11:20:11.613877
2025-07-23,151215,2025072304005877,CGH,Agrawal Securities (PVT) Ltd.,Neev Securities Pvt. Ltd.,150,1078.0,161700.0,2025-07-23 11:20:11.613942
2025-07-23,151070,2025072304005921,CGH,Neev Securities Pvt. Ltd.,Imperial Securities Company Pvt. Ltd.,190,1079.0,205010.0,2025-07-23 11:20:17.048601
2025-07-23,150806,2025072304006012,CGH,Neev Securities Pvt. Ltd.,Imperial Securities Company Pvt. Ltd.,200,1079.0,215800.0,2025-07-23 11:20:25.580373
2025-07-23,150789,2025072304006020,CGH,Cristal Kanchanjanga Securites Pvt. Ltd.,Investment Management Nepal Pvt. Ltd.,30,1079.9,32397.0,2025-07-23 11:20:26.936932
2025-07-23,150788,2025072304006021,CGH,Cristal Kanchanjanga Securites Pvt. Ltd.,Kalika Securities Pvt. Ltd.,163,1080.0,176040.0,2025-07-23 11:20:26.937088
2025-07-23,150343,2025072304006124,CGH,Thrive Brokerage House Pvt. Ltd,Naasa Securities Co. Ltd.,100,1080.0,108000.0,2025-07-23 11:20:45.146467
2025-07-23,150342,2025072304006125,CGH,Market Securities & Exchange (PVT) Ltd.,Naasa Securities Co. Ltd.,35,1080.0,37800.0,2025-07-23 11:20:45.146618
2025-07-23,150235,2025072304006166,CGH,Kohinoor Investment & Securities Pvt. Ltd.,R.B.B. Securities Company Ltd,300,1082.0,324600.0,2025-07-23 11:20:48.382412
2025-07-23,150234,2025072304006167,CGH,Kohinoor Investment & Securities Pvt. Ltd.,ABC Securities Private Limited,10,1083.0,10830.0,2025-07-23 11:20:48.382450
2025-07-23,150038,2025072304006219,CGH,Dynamic Money Managers Securities Pvt. Ltd.,Nepal Stock House (PVT) Ltd.,100,1082.0,108200.0,2025-07-23 11:20:55.081272
2025-07-23,150037,2025072304006220,CGH,Sani Securities Company Ltd.,Nepal Stock House (PVT) Ltd.,100,1082.0,108200.0,2025-07-23 11:20:55.081443
2025-07-23,150036,2025072304006221,CGH,Market Securities & Exchange (PVT) Ltd.,Nepal Stock House (PVT) Ltd.,65,1080.0,70200.0,2025-07-23 11:20:55.081516
2025-07-23,150035,2025072304006222,CGH,Sweta Securities Private Limited,Nepal Stock House (PVT) Ltd.,100,1080.0,108000.0,2025-07-23 11:20:55.081582
2025-07-23,150021,2025072304006225,CGH,Imperial Securities Company Pvt. Ltd.,Nepal Stock House (PVT) Ltd.,35,1080.0,37800.0,2025-07-23 11:20:55.722886
2025-07-23,149447,2025072304006423,CGH,Imperial Securities Company Pvt. Ltd.,Trishakti Securities Public Limited,67,1080.0,72360.0,2025-07-23 11:21:14.687879
2025-07-23,149293,2025072304006472,CGH,Online Securities Pvt. Ltd.,ABC Securities Private Limited,100,1083.0,108300.0,2025-07-23 11:21:20.914793
2025-07-23,149111,2025072304006543,CGH,Deevyaa Securities & Stock House Pvt. Ltd,ABC Securities Private Limited,70,1083.0,75810.0,2025-07-23 11:21:27.569606
2025-07-23,149110,2025072304006544,CGH,Deevyaa Securities & Stock House Pvt. Ltd,ABC Securities Private Limited,20,1083.0,21660.0,2025-07-23 11:21:27.569770
2025-07-23,149059,2025072304006570,CGH,Online Securities Pvt. Ltd.,ABC Securities Private Limited,90,1083.0,97470.0,2025-07-23 11:21:28.897024
2025-07-23,149058,2025072304006571,CGH,Online Securities Pvt. Ltd.,Sani Securities Company Ltd.,110,1084.0,119240.0,2025-07-23 11:21:28.897058
2025-07-23,148354,2025072304006825,CGH,Vision Securities Pvt. Ltd,Sani Securities Company Ltd.,25,1084.0,27100.0,2025-07-23 11:21:52.161103
2025-07-23,148353,2025072304006826,CGH,Vision Securities Pvt. Ltd,Nepal Stock House (PVT) Ltd.,166,1084.1,179960.6,2025-07-23 11:21:52.161286
2025-07-23,148352,2025072304006827,CGH,Vision Securities Pvt. Ltd,Aryatara Investment & Securities,100,1085.0,108500.0,2025-07-23 11:21:52.161399
2025-07-23,148351,2025072304006828,CGH,Vision Securities Pvt. Ltd,J.F. Securites (PVT) Ltd.,102,1085.0,110670.0,2025-07-23 11:21:52.161500
2025-07-23,148350,2025072304006829,CGH,Vision Securities Pvt. Ltd,Dipshikha Dhitopatra Karobar Co. Pvt Ltd.,10,1085.0,10850.0,2025-07-23 11:21:52.161608
2025-07-23,148122,2025072304006868,CGH,Agrawal Securities (PVT) Ltd.,Property Wiard Limited,125,1086.0,135750.0,2025-07-23 11:22:01.674406
2025-07-23,147917,2025072304006903,CGH,Vision Securities Pvt. Ltd,Neev Securities Pvt. Ltd.,97,1085.0,105245.0,2025-07-23 11:22:10.576194
2025-07-23,147369,2025072304007087,CGH,Siprabi Securities Pvt. Ltd.,Property Wiard Limited,200,1086.0,217200.0,2025-07-23 11:22:29.385188
2025-07-23,147337,2025072304007099,CGH,Himalayan Brokerage Company Limited,Property Wiard Limited,175,1086.0,190050.0,2025-07-23 11:22:30.213482
2025-07-23,147336,2025072304007100,CGH,Himalayan Brokerage Company Limited,Nepal Stock House (PVT) Ltd.,500,1086.0,543000.0,2025-07-23 11:22:30.213644
2025-07-23,147335,2025072304007101,CGH,Himalayan Brokerage Company Limited,Linch Stock Market Ltd.,100,1087.0,108700.0,2025-07-23 11:22:30.213720
2025-07-23,147334,2025072304007102,CGH,Himalayan Brokerage Company Limited,Investment Management Nepal Pvt. Ltd.,30,1089.9,32697.0,2025-07-23 11:22:30.213793
2025-07-23,147333,2025072304007103,CGH,Himalayan Brokerage Company Limited,Sri Hari Securities Pvt. Ltd.,55,1090.0,59950.0,2025-07-23 11:22:30.213862
2025-07-23,147332,2025072304007104,CGH,Himalayan Brokerage Company Limited,Capital Max Securities Ltd,140,1090.0,152600.0,2025-07-23 11:22:30.213931
2025-07-23,146914,2025072304007223,CGH,Naasa Securities Co. Ltd.,Naasa Securities Co. Ltd.,10,1084.0,10840.0,2025-07-23 11:22:49.526142
2025-07-23,146718,2025072304007287,CGH,Imperial Securities Company Pvt. Ltd.,Capital Max Securities Ltd,261,1090.0,284490.0,2025-07-23 11:22:55.643555
2025-07-23,146717,2025072304007288,CGH,Imperial Securities Company Pvt. Ltd.,Imperial Securities Company Pvt. Ltd.,10,1090.0,10900.0,2025-07-23 11:22:55.643618
2025-07-23,146716,2025072304007289,CGH,Imperial Securities Company Pvt. Ltd.,Trishakti Securities Public Limited,500,1091.0,545500.0,2025-07-23 11:22:55.643654
2025-07-23,146715,2025072304007290,CGH,Imperial Securities Company Pvt. Ltd.,Arun Securities (PVT) Ltd.,150,1095.0,164250.0,2025-07-23 11:22:55.643684
2025-07-23,146714,2025072304007291,CGH,Imperial Securities Company Pvt. Ltd.,Naasa Securities Co. Ltd.,25,1095.0,27375.0,2025-07-23 11:22:55.643728
2025-07-23,146713,2025072304007292,CGH,Imperial Securities Company Pvt. Ltd.,Nepal Stock House (PVT) Ltd.,54,1095.0,59130.0,2025-07-23 11:22:55.643756
2025-07-23,146291,2025072304007446,CGH,Imperial Securities Company Pvt. Ltd.,J.F. Securites (PVT) Ltd.,50,1095.0,54750.0,2025-07-23 11:23:11.318823
2025-07-23,146290,2025072304007447,CGH,Imperial Securities Company Pvt. Ltd.,Deevyaa Securities & Stock House Pvt. Ltd,50,1097.0,54850.0,2025-07-23 11:23:11.318867
2025-07-23,145304,2025072304007717,CGH,Secured Securities Ltd.,Deevyaa Securities & Stock House Pvt. Ltd,340,1097.0,372980.0,2025-07-23 11:23:52.993376
2025-07-23,145303,2025072304007718,CGH,Secured Securities Ltd.,Dipshikha Dhitopatra Karobar Co. Pvt Ltd.,50,1097.0,54850.0,2025-07-23 11:23:52.993526
2025-07-23,145302,2025072304007719,CGH,Secured Securities Ltd.,Naasa Securities Co. Ltd.,10,1097.0,10970.0,2025-07-23 11:23:52.993597
2025-07-23,145168,2025072304007761,CGH,Dipshikha Dhitopatra Karobar Co. Pvt Ltd.,Neev Securities Pvt. Ltd.,101,1095.0,110595.0,2025-07-23 11:23:58.049574
2025-07-23,144830,2025072304007917,CGH,Kohinoor Investment & Securities Pvt. Ltd.,Dipshikha Dhitopatra Karobar Co. Pvt Ltd.,10,1098.0,10980.0,2025-07-23 11:24:16.502681
2025-07-23,144829,2025072304007918,CGH,Kohinoor Investment & Securities Pvt. Ltd.,Oxford Securities Pvt. Ltd.,10,1098.5,10985.0,2025-07-23 11:24:16.502846
2025-07-23,144828,2025072304007919,CGH,Kohinoor Investment & Securities Pvt. Ltd.,K.B.L. Securities Limited ,10,1099.0,10990.0,2025-07-23 11:24:16.502919
2025-07-23,143250,2025072304008575,CGH,Dipshikha Dhitopatra Karobar Co. Pvt Ltd.,Elite Stock House Limited,49,1095.0,53655.0,2025-07-23 11:25:41.301218
2025-07-23,141700,2025072304009264,CGH,Premier Securities Company Ltd.,Vision Securities Pvt. Ltd,55,1090.0,59950.0,2025-07-23 11:27:07.145376
2025-07-23,141699,2025072304009265,CGH,Sani Securities Company Ltd.,Vision Securities Pvt. Ltd,150,1090.0,163500.0,2025-07-23 11:27:07.145709
2025-07-23,141698,2025072304009266,CGH,Secured Securities Ltd.,Vision Securities Pvt. Ltd,43,1090.0,46870.0,2025-07-23 11:27:07.145914
2025-07-23,141655,2025072304009285,CGH,Infinity Securities Limited,Sundhara Securities Limited,2,1080.0,2160.0,2025-07-23 11:27:09.843152
2025-07-23,141357,2025072304009408,CGH,Secured Securities Ltd.,Vision Securities Pvt. Ltd,57,1090.0,62130.0,2025-07-23 11:27:27.486965
2025-07-23,140771,2025072304009644,CGH,Siprabi Securities Pvt. Ltd.,Secured Securities Ltd.,340,1085.0,368900.0,2025-07-23 11:27:59.890174
2025-07-23,140770,2025072304009645,CGH,Secured Securities Ltd.,Secured Securities Ltd.,475,1084.1,514947.5,2025-07-23 11:27:59.890360
2025-07-23,140769,2025072304009646,CGH,Naasa Securities Co. Ltd.,Secured Securities Ltd.,40,1084.0,43360.0,2025-07-23 11:27:59.890434
2025-07-23,140768,2025072304009647,CGH,Neev Securities Pvt. Ltd.,Secured Securities Ltd.,145,1084.0,157180.0,2025-07-23 11:27:59.890509
2025-07-23,140058,2025072304009969,CGH,Neev Securities Pvt. Ltd.,K.B.L. Securities Limited ,10,1084.0,10840.0,2025-07-23 11:28:44.718439
2025-07-23,138691,2025072304010452,CGH,Imperial Securities Company Pvt. Ltd.,Himalayan Brokerage Company Limited,50,1085.0,54250.0,2025-07-23 11:30:19.873900
2025-07-23,138458,2025072304010553,CGH,Neev Securities Pvt. Ltd.,Himalayan Brokerage Company Limited,150,1084.0,162600.0,2025-07-23 11:30:35.910966
2025-07-23,138446,2025072304010557,CGH,Online Securities Pvt. Ltd.,Dynamic Money Managers Securities Pvt. Ltd.,300,1088.9,326670.0,2025-07-23 11:30:36.749512
2025-07-23,137154,2025072304011021,CGH,Aryatara Investment & Securities,Investment Management Nepal Pvt. Ltd.,30,1088.0,32640.0,2025-07-23 11:32:07.523591
2025-07-23,137153,2025072304011022,CGH,Aryatara Investment & Securities,Dynamic Money Managers Securities Pvt. Ltd.,20,1088.9,21778.0,2025-07-23 11:32:07.523989
2025-07-23,135979,2025072304011412,CGH,Ashutosh Brokerage & Securities (PVT) Ltd.,Sani Securities Company Ltd.,100,1088.0,108800.0,2025-07-23 11:33:28.309330
2025-07-23,135978,2025072304011413,CGH,Ashutosh Brokerage & Securities (PVT) Ltd.,Dynamic Money Managers Securities Pvt. Ltd.,80,1088.9,87112.0,2025-07-23 11:33:28.309690
2025-07-23,135638,2025072304011518,CGH,Midas Stock Broking Company Private Limited,Elite Stock House Limited,40,1086.0,43440.0,2025-07-23 11:33:48.047383
2025-07-23,135637,2025072304011519,CGH,Opal Securities Investment (PVT) Ltd.,Elite Stock House Limited,111,1086.0,120546.0,2025-07-23 11:33:48.047645
2025-07-23,135403,2025072304011590,CGH,Sundhara Securities Limited,Dynamic Money Managers Securities Pvt. Ltd.,100,1088.9,108890.0,2025-07-23 11:33:59.134639
2025-07-23,135295,2025072304011629,CGH,Opal Securities Investment (PVT) Ltd.,Online Securities Pvt. Ltd.,100,1086.0,108600.0,2025-07-23 11:34:04.245954
2025-07-23,134116,2025072304012109,CGH,Sweta Securities Private Limited,Investment Management Nepal Pvt. Ltd.,20,1087.0,21740.0,2025-07-23 11:35:09.356514
2025-07-23,134036,2025072304012132,CGH,Bhrikuti Stock Broking Co. Pvt. Ltd.,Aryatara Investment & Securities,100,1086.1,108610.0,2025-07-23 11:35:14.893760
2025-07-23,133879,2025072304012180,CGH,Bhrikuti Stock Broking Co. Pvt. Ltd.,Siprabi Securities Pvt. Ltd.,100,1086.1,108610.0,2025-07-23 11:35:21.225999
2025-07-23,133866,2025072304012188,CGH,Bhrikuti Stock Broking Co. Pvt. Ltd.,Vision Securities Pvt. Ltd,10,1086.1,10861.0,2025-07-23 11:35:22.335633
2025-07-23,133865,2025072304012189,CGH,Opal Securities Investment (PVT) Ltd.,Vision Securities Pvt. Ltd,83,1086.0,90138.0,2025-07-23 11:35:22.335835
2025-07-23,133374,2025072304012351,CGH,Opal Securities Investment (PVT) Ltd.,Investment Management Nepal Pvt. Ltd.,30,1086.0,32580.0,2025-07-23 11:35:50.282704
2025-07-23,133215,2025072304012409,CGH,BHOLE GANESH SECURITIES LTD,Trisul Securities & Invt. Ltd.,15,1087.0,16305.0,2025-07-23 11:35:59.550351
2025-07-23,132990,2025072304012488,CGH,Opal Securities Investment (PVT) Ltd.,Naasa Securities Co. Ltd.,20,1086.0,21720.0,2025-07-23 11:36:13.287302
2025-07-23,132919,2025072304012519,CGH,Opal Securities Investment (PVT) Ltd.,South Asian Bulls Pvt. Ltd.,50,1086.0,54300.0,2025-07-23 11:36:18.003409
2025-07-23,132897,2025072304012525,CGH,Indira securities pvt. ltd,Secured Securities Ltd.,400,1085.1,434040.0,2025-07-23 11:36:19.933108
2025-07-23,132896,2025072304012526,CGH,Linch Stock Market Ltd.,Secured Securities Ltd.,40,1085.0,43400.0,2025-07-23 11:36:19.933308
2025-07-23,132895,2025072304012527,CGH,Secured Securities Ltd.,Secured Securities Ltd.,100,1085.0,108500.0,2025-07-23 11:36:19.933400
2025-07-23,132894,2025072304012528,CGH,Sewa Securities Pvt. Ltd.,Secured Securities Ltd.,85,1085.0,92225.0,2025-07-23 11:36:19.933477
2025-07-23,132893,2025072304012529,CGH,Online Securities Pvt. Ltd.,Secured Securities Ltd.,50,1085.0,54250.0,2025-07-23 11:36:19.933553
2025-07-23,132892,2025072304012530,CGH,Premier Securities Company Ltd.,Secured Securities Ltd.,50,1085.0,54250.0,2025-07-23 11:36:19.933629
2025-07-23,132702,2025072304012601,CGH,Neev Securities Pvt. Ltd.,Secured Securities Ltd.,195,1084.0,211380.0,2025-07-23 11:36:30.733985
2025-07-23,132701,2025072304012602,CGH,Online Securities Pvt. Ltd.,Secured Securities Ltd.,70,1084.0,75880.0,2025-07-23 11:36:30.734406
2025-07-23,132528,2025072304012659,CGH,Online Securities Pvt. Ltd.,J.F. Securites (PVT) Ltd.,100,1084.0,108400.0,2025-07-23 11:36:42.585067
2025-07-23,132404,2025072304012702,CGH,Online Securities Pvt. Ltd.,Secured Securities Ltd.,10,1084.0,10840.0,2025-07-23 11:36:51.255884
2025-07-23,131695,2025072304012938,CGH,Online Securities Pvt. Ltd.,Investment Management Nepal Pvt. Ltd.,50,1084.0,54200.0,2025-07-23 11:37:37.987705
2025-07-23,131576,2025072304012979,CGH,Online Securities Pvt. Ltd.,Investment Management Nepal Pvt. Ltd.,70,1084.0,75880.0,2025-07-23 11:37:48.474973
2025-07-23,131300,2025072304013069,CGH,Opal Securities Investment (PVT) Ltd.,Nepal Stock House (PVT) Ltd.,26,1084.0,28184.0,2025-07-23 11:38:11.449104
2025-07-23,131236,2025072304013084,CGH,Asian Securities Private Ltd.,Linch Stock Market Ltd.,10,1081.1,10811.0,2025-07-23 11:38:16.134140
2025-07-23,131235,2025072304013085,CGH,ABC Securities Private Limited,Linch Stock Market Ltd.,10,1081.0,10810.0,2025-07-23 11:38:16.134362
2025-07-23,131234,2025072304013086,CGH,Sweta Securities Private Limited,Linch Stock Market Ltd.,50,1080.2,54010.0,2025-07-23 11:38:16.134441
2025-07-23,131233,2025072304013087,CGH,Dakshinkali Investment & Securities Pvt. Ltd.,Linch Stock Market Ltd.,100,1080.1,108010.0,2025-07-23 11:38:16.134522
2025-07-23,131232,2025072304013088,CGH,Secured Securities Ltd.,Linch Stock Market Ltd.,130,1080.0,140400.0,2025-07-23 11:38:16.134599
2025-07-23,131028,2025072304013155,CGH,Secured Securities Ltd.,Sumeru Securities Pvt. Ltd.,70,1080.0,75600.0,2025-07-23 11:38:32.779172
2025-07-23,131027,2025072304013156,CGH,Aryatara Investment & Securities,Sumeru Securities Pvt. Ltd.,300,1080.0,324000.0,2025-07-23 11:38:32.779283
2025-07-23,131026,2025072304013157,CGH,Sani Securities Company Ltd.,Sumeru Securities Pvt. Ltd.,30,1080.0,32400.0,2025-07-23 11:38:32.779372
2025-07-23,130814,2025072304013224,CGH,Sani Securities Company Ltd.,Linch Stock Market Ltd.,20,1080.0,21600.0,2025-07-23 11:38:52.482454
2025-07-23,130813,2025072304013225,CGH,Dipshikha Dhitopatra Karobar Co. Pvt Ltd.,Linch Stock Market Ltd.,30,1080.0,32400.0,2025-07-23 11:38:52.482655
2025-07-23,130627,2025072304013291,CGH,Agrawal Securities (PVT) Ltd.,Malla & Malla Stock Broking Company Pvt. Limited,20,1080.1,21602.0,2025-07-23 11:39:05.645828
2025-07-23,130381,2025072304013365,CGH,Dipshikha Dhitopatra Karobar Co. Pvt Ltd.,Investment Management Nepal Pvt. Ltd.,70,1080.0,75600.0,2025-07-23 11:39:26.333279
2025-07-23,130380,2025072304013366,CGH,Investment Management Nepal Pvt. Ltd.,Investment Management Nepal Pvt. Ltd.,50,1080.0,54000.0,2025-07-23 11:39:26.333487
2025-07-23,130379,2025072304013367,CGH,Nepal Stock House (PVT) Ltd.,Investment Management Nepal Pvt. Ltd.,100,1080.0,108000.0,2025-07-23 11:39:26.333609
2025-07-23,130378,2025072304013368,CGH,Deevyaa Securities & Stock House Pvt. Ltd,Investment Management Nepal Pvt. Ltd.,130,1080.0,140400.0,2025-07-23 11:39:26.333730
2025-07-23,130282,2025072304013411,CGH,Deevyaa Securities & Stock House Pvt. Ltd,Investment Management Nepal Pvt. Ltd.,30,1080.0,32400.0,2025-07-23 11:39:33.128404
2025-07-23,129827,2025072304013545,CGH,Deevyaa Securities & Stock House Pvt. Ltd,Sumeru Securities Pvt. Ltd.,100,1080.0,108000.0,2025-07-23 11:40:05.689718
2025-07-23,129676,2025072304013608,CGH,Naasa Securities Co. Ltd.,KALASH STOCK MARKET PVT. LTD.,90,1081.0,97290.0,2025-07-23 11:40:21.448219
2025-07-23,129254,2025072304013716,CGH,Naasa Securities Co. Ltd.,Nepal Stock House (PVT) Ltd.,10,1081.0,10810.0,2025-07-23 11:41:02.952556
2025-07-23,129253,2025072304013717,CGH,Deevyaa Securities & Stock House Pvt. Ltd,Nepal Stock House (PVT) Ltd.,40,1080.0,43200.0,2025-07-23 11:41:02.952772
2025-07-23,129252,2025072304013718,CGH,Kalika Securities Pvt. Ltd.,Nepal Stock House (PVT) Ltd.,230,1080.0,248400.0,2025-07-23 11:41:02.952868
2025-07-23,129251,2025072304013719,CGH,Online Securities Pvt. Ltd.,Nepal Stock House (PVT) Ltd.,344,1080.0,371520.0,2025-07-23 11:41:02.952957
2025-07-23,129228,2025072304013731,CGH,Online Securities Pvt. Ltd.,Investment Management Nepal Pvt. Ltd.,30,1083.0,32490.0,2025-07-23 11:41:05.969554
2025-07-23,129227,2025072304013732,CGH,Online Securities Pvt. Ltd.,Himalayan Securities Limited,10,1083.0,10830.0,2025-07-23 11:41:05.969769
2025-07-23,129226,2025072304013733,CGH,Online Securities Pvt. Ltd.,Ashutosh Brokerage & Securities (PVT) Ltd.,50,1083.0,54150.0,2025-07-23 11:41:05.969858
2025-07-23,129062,2025072304013800,CGH,Online Securities Pvt. Ltd.,Investment Management Nepal Pvt. Ltd.,10,1081.0,10810.0,2025-07-23 11:41:22.507811
2025-07-23,129061,2025072304013801,CGH,Online Securities Pvt. Ltd.,Investment Management Nepal Pvt. Ltd.,40,1080.0,43200.0,2025-07-23 11:41:22.508276
2025-07-23,128917,2025072304013858,CGH,Online Securities Pvt. Ltd.,Sani Securities Company Ltd.,20,1081.0,21620.0,2025-07-23 11:41:36.325363
2025-07-23,128916,2025072304013859,CGH,Online Securities Pvt. Ltd.,Sani Securities Company Ltd.,16,1080.0,17280.0,2025-07-23 11:41:36.325565
2025-07-23,128915,2025072304013860,CGH,Dakshinkali Investment & Securities Pvt. Ltd.,Sani Securities Company Ltd.,121,1080.0,130680.0,2025-07-23 11:41:36.325655
2025-07-23,128848,2025072304013874,CGH,Dakshinkali Investment & Securities Pvt. Ltd.,Shree Krishna Securities Ltd.,55,1080.0,59400.0,2025-07-23 11:41:43.403482
2025-07-23,128734,2025072304013915,CGH,Dakshinkali Investment & Securities Pvt. Ltd.,Agrawal Securities (PVT) Ltd.,24,1080.0,25920.0,2025-07-23 11:41:51.758815
2025-07-23,127360,2025072304014340,CGH,Sani Securities Company Ltd.,Premier Securities Company Ltd.,50,1080.2,54010.0,2025-07-23 11:43:49.367191
2025-07-23,127008,2025072304014441,CGH,Online Securities Pvt. Ltd.,J.F. Securites (PVT) Ltd.,10,1081.0,10810.0,2025-07-23 11:44:21.169948
2025-07-23,126980,2025072304014450,CGH,Agrawal Securities (PVT) Ltd.,J.F. Securites (PVT) Ltd.,20,1081.0,21620.0,2025-07-23 11:44:23.659951
2025-07-23,125885,2025072304014833,CGH,Capital Max Securities Ltd,Pragyan Securities (PVT) Ltd.,40,1082.0,43280.0,2025-07-23 11:45:57.380924
2025-07-23,125877,2025072304014834,CGH,Capital Max Securities Ltd,Thrive Brokerage House Pvt. Ltd,50,1082.0,54100.0,2025-07-23 11:45:57.956524
2025-07-23,125863,2025072304014841,CGH,Capital Max Securities Ltd,Sundhara Securities Limited,10,1082.0,10820.0,2025-07-23 11:45:59.080185
2025-07-23,125548,2025072304014961,CGH,Primo Securities (PVT) Ltd.,Investment Management Nepal Pvt. Ltd.,30,1083.0,32490.0,2025-07-23 11:46:22.001758
2025-07-23,125384,2025072304015015,CGH,Primo Securities (PVT) Ltd.,Investment Management Nepal Pvt. Ltd.,100,1084.0,108400.0,2025-07-23 11:46:33.618609
2025-07-23,125383,2025072304015016,CGH,Primo Securities (PVT) Ltd.,ABC Securities Private Limited,98,1084.9,106320.2,2025-07-23 11:46:33.618828
2025-07-23,125058,2025072304015121,CGH,Naasa Securities Co. Ltd.,Dipshikha Dhitopatra Karobar Co. Pvt Ltd.,100,1084.0,108400.0,2025-07-23 11:47:00.596700
2025-07-23,125016,2025072304015133,CGH,Primo Securities (PVT) Ltd.,Secured Securities Ltd.,100,1085.0,108500.0,2025-07-23 11:47:03.967239
2025-07-23,124957,2025072304015166,CGH,Midas Stock Broking Company Private Limited,Arun Securities (PVT) Ltd.,62,1082.0,67084.0,2025-07-23 11:47:07.678999
2025-07-23,124956,2025072304015167,CGH,Agrawal Securities (PVT) Ltd.,Arun Securities (PVT) Ltd.,89,1081.0,96209.0,2025-07-23 11:47:07.679468
2025-07-23,124803,2025072304015225,CGH,Primo Securities (PVT) Ltd.,Sani Securities Company Ltd.,81,1084.0,87804.0,2025-07-23 11:47:19.009660
2025-07-23,124524,2025072304015348,CGH,Aryatara Investment & Securities,Oxford Securities Pvt. Ltd.,10,1086.0,10860.0,2025-07-23 11:47:40.662609
2025-07-23,124523,2025072304015349,CGH,Aryatara Investment & Securities,Sani Securities Company Ltd.,10,1086.0,10860.0,2025-07-23 11:47:40.662868
2025-07-23,124522,2025072304015350,CGH,Aryatara Investment & Securities,Kohinoor Investment & Securities Pvt. Ltd.,180,1086.0,195480.0,2025-07-23 11:47:40.662973
2025-07-23,123578,2025072304015807,CGH,Vision Securities Pvt. Ltd,Dynamic Money Managers Securities Pvt. Ltd.,10,1085.9,10859.0,2025-07-23 11:48:54.762776
2025-07-23,123577,2025072304015808,CGH,Vision Securities Pvt. Ltd,Kohinoor Investment & Securities Pvt. Ltd.,120,1086.0,130320.0,2025-07-23 11:48:54.763008
2025-07-23,123255,2025072304015968,CGH,Aryatara Investment & Securities,KALASH STOCK MARKET PVT. LTD.,10,1088.0,10880.0,2025-07-23 11:49:21.891686
2025-07-23,123254,2025072304015969,CGH,Aryatara Investment & Securities,Sundhara Securities Limited,100,1088.0,108800.0,2025-07-23 11:49:21.891903
2025-07-23,123253,2025072304015970,CGH,Aryatara Investment & Securities,Investment Management Nepal Pvt. Ltd.,30,1088.9,32667.0,2025-07-23 11:49:21.891999
2025-07-23,123252,2025072304015971,CGH,Aryatara Investment & Securities,Sanima Securities Limited,160,1089.0,174240.0,2025-07-23 11:49:21.892098
2025-07-23,121918,2025072304016413,CGH,Online Securities Pvt. Ltd.,Sanima Securities Limited,200,1089.0,217800.0,2025-07-23 11:51:12.580283
2025-07-23,121880,2025072304016426,CGH,Imperial Securities Company Pvt. Ltd.,Sanima Securities Limited,200,1089.0,217800.0,2025-07-23 11:51:15.201698
2025-07-23,121788,2025072304016455,CGH,Vision Securities Pvt. Ltd,Thrive Brokerage House Pvt. Ltd,150,1086.0,162900.0,2025-07-23 11:51:26.258829
2025-07-23,121787,2025072304016456,CGH,Pragyan Securities (PVT) Ltd.,Thrive Brokerage House Pvt. Ltd,100,1083.1,108310.0,2025-07-23 11:51:26.258872
2025-07-23,121786,2025072304016457,CGH,Sri Hari Securities Pvt. Ltd.,Thrive Brokerage House Pvt. Ltd,90,1083.0,97470.0,2025-07-23 11:51:26.258898
2025-07-23,121785,2025072304016458,CGH,Premier Securities Company Ltd.,Thrive Brokerage House Pvt. Ltd,50,1083.0,54150.0,2025-07-23 11:51:26.258920
2025-07-23,121784,2025072304016459,CGH,Nepal Stock House (PVT) Ltd.,Thrive Brokerage House Pvt. Ltd,10,1081.1,10811.0,2025-07-23 11:51:26.258945
2025-07-23,121495,2025072304016595,CGH,Nepal Stock House (PVT) Ltd.,Thrive Brokerage House Pvt. Ltd,100,1081.1,108110.0,2025-07-23 11:51:50.063548
2025-07-23,121375,2025072304016665,CGH,Imperial Securities Company Pvt. Ltd.,Siprabi Securities Pvt. Ltd.,20,1088.9,21778.0,2025-07-23 11:51:56.982437
2025-07-23,121374,2025072304016666,CGH,Imperial Securities Company Pvt. Ltd.,Sanima Securities Limited,80,1089.0,87120.0,2025-07-23 11:51:56.982649
2025-07-23,120527,2025072304016983,CGH,Vision Securities Pvt. Ltd,Nepal Stock House (PVT) Ltd.,10,1085.0,10850.0,2025-07-23 11:53:11.730538
2025-07-23,120526,2025072304016984,CGH,Asian Securities Private Ltd.,Trishakti Securities Public Limited,2,1081.0,2162.0,2025-07-23 11:53:11.975232
2025-07-23,120344,2025072304017033,CGH,Primo Securities (PVT) Ltd.,Trishakti Securities Public Limited,2,1085.0,2170.0,2025-07-23 11:53:25.093889
2025-07-23,119719,2025072304017272,CGH,Nepal Stock House (PVT) Ltd.,Thrive Brokerage House Pvt. Ltd,40,1087.5,43500.0,2025-07-23 11:54:20.246198
2025-07-23,119718,2025072304017273,CGH,Nepal Stock House (PVT) Ltd.,Dakshinkali Investment & Securities Pvt. Ltd.,60,1088.0,65280.0,2025-07-23 11:54:20.246460
2025-07-23,117636,2025072304018090,CGH,Bhrikuti Stock Broking Co. Pvt. Ltd.,Market Securities & Exchange (PVT) Ltd.,300,1087.0,326100.0,2025-07-23 11:56:48.048262
2025-07-23,117635,2025072304018091,CGH,Bhrikuti Stock Broking Co. Pvt. Ltd.,Dakshinkali Investment & Securities Pvt. Ltd.,50,1088.0,54400.0,2025-07-23 11:56:48.048520
2025-07-23,117634,2025072304018092,CGH,Bhrikuti Stock Broking Co. Pvt. Ltd.,Deevyaa Securities & Stock House Pvt. Ltd,150,1088.0,163200.0,2025-07-23 11:56:48.048627
2025-07-23,117101,2025072304018294,CGH,Himalayan Brokerage Company Limited,Sanima Securities Limited,100,1089.0,108900.0,2025-07-23 11:57:26.803764
2025-07-23,116427,2025072304018552,CGH,SHUBHAKAMANA SECURITIES PVT. LTD,Sanima Securities Limited,260,1089.0,283140.0,2025-07-23 11:58:24.055676
2025-07-23,116426,2025072304018553,CGH,SHUBHAKAMANA SECURITIES PVT. LTD,Nepal Investment And Securities Trading Private Limited,10,1090.0,10900.0,2025-07-23 11:58:24.056151
2025-07-23,116425,2025072304018554,CGH,SHUBHAKAMANA SECURITIES PVT. LTD,Online Securities Pvt. Ltd.,50,1090.0,54500.0,2025-07-23 11:58:24.056469
2025-07-23,116424,2025072304018555,CGH,SHUBHAKAMANA SECURITIES PVT. LTD,Asian Securities Private Ltd.,10,1090.0,10900.0,2025-07-23 11:58:24.056765
2025-07-23,116423,2025072304018556,CGH,SHUBHAKAMANA SECURITIES PVT. LTD,Naasa Securities Co. Ltd.,10,1090.0,10900.0,2025-07-23 11:58:24.057062
2025-07-23,116422,2025072304018557,CGH,SHUBHAKAMANA SECURITIES PVT. LTD,Nepal Stock House (PVT) Ltd.,100,1090.0,109000.0,2025-07-23 11:58:24.057365
2025-07-23,116421,2025072304018558,CGH,SHUBHAKAMANA SECURITIES PVT. LTD,Bhrikuti Stock Broking Co. Pvt. Ltd.,30,1090.0,32700.0,2025-07-23 11:58:24.057693
2025-07-23,116420,2025072304018559,CGH,SHUBHAKAMANA SECURITIES PVT. LTD,Agrawal Securities (PVT) Ltd.,500,1092.0,546000.0,2025-07-23 11:58:24.058144
2025-07-23,116419,2025072304018560,CGH,SHUBHAKAMANA SECURITIES PVT. LTD,Malla & Malla Stock Broking Company Pvt. Limited,10,1092.0,10920.0,2025-07-23 11:58:24.058537
2025-07-23,116195,2025072304018612,CGH,SHUBHAKAMANA SECURITIES PVT. LTD,Investment Management Nepal Pvt. Ltd.,30,1094.8,32844.0,2025-07-23 11:58:49.294191
2025-07-23,116194,2025072304018613,CGH,SHUBHAKAMANA SECURITIES PVT. LTD,Swarna Laxmi Securities Pvt. Ltd.,100,1094.9,109490.0,2025-07-23 11:58:49.294439
2025-07-23,116193,2025072304018614,CGH,SHUBHAKAMANA SECURITIES PVT. LTD,Trisul Securities & Invt. Ltd.,100,1095.0,109500.0,2025-07-23 11:58:49.294536
2025-07-23,116192,2025072304018615,CGH,SHUBHAKAMANA SECURITIES PVT. LTD,Naasa Securities Co. Ltd.,10,1095.0,10950.0,2025-07-23 11:58:49.294632
2025-07-23,116191,2025072304018616,CGH,SHUBHAKAMANA SECURITIES PVT. LTD,ABC Securities Private Limited,50,1095.0,54750.0,2025-07-23 11:58:49.294727
2025-07-23,116190,2025072304018617,CGH,SHUBHAKAMANA SECURITIES PVT. LTD,Sundhara Securities Limited,110,1095.0,120450.0,2025-07-23 11:58:49.294833
2025-07-23,116188,2025072304018618,CGH,SHUBHAKAMANA SECURITIES PVT. LTD,Investment Management Nepal Pvt. Ltd.,20,1092.0,21840.0,2025-07-23 11:58:49.884726
2025-07-23,116170,2025072304018627,CGH,SHUBHAKAMANA SECURITIES PVT. LTD,Sundhara Securities Limited,890,1095.0,974550.0,2025-07-23 11:58:52.814113
2025-07-23,114512,2025072304019161,CGH,Nepal Stock House (PVT) Ltd.,ABC Securities Private Limited,100,1095.9,109590.0,2025-07-23 12:01:16.971524
2025-07-23,114334,2025072304019230,CGH,Nepal Stock House (PVT) Ltd.,Sani Securities Company Ltd.,10,1095.0,10950.0,2025-07-23 12:01:32.010492
2025-07-23,114333,2025072304019231,CGH,Nepal Stock House (PVT) Ltd.,ABC Securities Private Limited,50,1095.8,54790.0,2025-07-23 12:01:32.010749
2025-07-23,114332,2025072304019232,CGH,Nepal Stock House (PVT) Ltd.,Nepal Stock House (PVT) Ltd.,40,1096.0,43840.0,2025-07-23 12:01:32.010857
2025-07-23,114218,2025072304019265,CGH,SHUBHAKAMANA SECURITIES PVT. LTD,Nepal Stock House (PVT) Ltd.,60,1096.0,65760.0,2025-07-23 12:01:44.925079
2025-07-23,114217,2025072304019266,CGH,SHUBHAKAMANA SECURITIES PVT. LTD,Bhrikuti Stock Broking Co. Pvt. Ltd.,758,1097.0,831526.0,2025-07-23 12:01:44.925141
2025-07-23,114216,2025072304019267,CGH,SHUBHAKAMANA SECURITIES PVT. LTD,Premier Securities Company Ltd.,10,1097.0,10970.0,2025-07-23 12:01:44.925171
2025-07-23,114215,2025072304019268,CGH,SHUBHAKAMANA SECURITIES PVT. LTD,Himalayan Brokerage Company Limited,140,1098.9,153846.0,2025-07-23 12:01:44.925196
2025-07-23,114214,2025072304019269,CGH,SHUBHAKAMANA SECURITIES PVT. LTD,Agrawal Securities (PVT) Ltd.,10,1098.9,10989.0,2025-07-23 12:01:44.925218
2025-07-23,114213,2025072304019270,CGH,SHUBHAKAMANA SECURITIES PVT. LTD,K.B.L. Securities Limited ,22,1099.0,24178.0,2025-07-23 12:01:44.925240
2025-07-23,114131,2025072304019299,CGH,SHUBHAKAMANA SECURITIES PVT. LTD,K.B.L. Securities Limited ,68,1099.0,74732.0,2025-07-23 12:01:52.657806
2025-07-23,114130,2025072304019300,CGH,SHUBHAKAMANA SECURITIES PVT. LTD,Nepal Investment And Securities Trading Private Limited,42,1099.0,46158.0,2025-07-23 12:01:52.658058
2025-07-23,114075,2025072304019327,CGH,SHUBHAKAMANA SECURITIES PVT. LTD,Nepal Investment And Securities Trading Private Limited,400,1099.0,439600.0,2025-07-23 12:01:59.325962
2025-07-23,113993,2025072304019362,CGH,SHUBHAKAMANA SECURITIES PVT. LTD,Nepal Investment And Securities Trading Private Limited,128,1099.0,140672.0,2025-07-23 12:02:06.499399
2025-07-23,113992,2025072304019363,CGH,SHUBHAKAMANA SECURITIES PVT. LTD,Sani Securities Company Ltd.,118,1099.0,129682.0,2025-07-23 12:02:06.499648
2025-07-23,113991,2025072304019364,CGH,SHUBHAKAMANA SECURITIES PVT. LTD,Kohinoor Investment & Securities Pvt. Ltd.,150,1099.0,164850.0,2025-07-23 12:02:06.499752
2025-07-23,113747,2025072304019440,CGH,Sani Securities Company Ltd.,Linch Stock Market Ltd.,20,1095.0,21900.0,2025-07-23 12:02:33.302001
2025-07-23,113746,2025072304019441,CGH,Sani Securities Company Ltd.,R.B.B. Securities Company Ltd,300,1099.0,329700.0,2025-07-23 12:02:33.302252
2025-07-23,113745,2025072304019442,CGH,Sani Securities Company Ltd.,Online Securities Pvt. Ltd.,40,1099.9,43996.0,2025-07-23 12:02:33.302361
2025-07-23,113744,2025072304019443,CGH,Sani Securities Company Ltd.,Sipla Securities Private Limited,70,1099.9,76993.0,2025-07-23 12:02:33.302461
2025-07-23,113743,2025072304019444,CGH,Sani Securities Company Ltd.,S.P.S.A. Securities Limited,15,1100.0,16500.0,2025-07-23 12:02:33.302577
2025-07-23,113742,2025072304019445,CGH,Sani Securities Company Ltd.,Aryatara Investment & Securities,10,1100.0,11000.0,2025-07-23 12:02:33.302712
2025-07-23,113741,2025072304019446,CGH,Sani Securities Company Ltd.,Aryatara Investment & Securities,30,1100.0,33000.0,2025-07-23 12:02:33.302813
2025-07-23,113740,2025072304019447,CGH,Sani Securities Company Ltd.,Nepal Investment And Securities Trading Private Limited,15,1100.0,16500.0,2025-07-23 12:02:33.302914
2025-07-23,113575,2025072304019513,CGH,SHUBHAKAMANA SECURITIES PVT. LTD,Nepal Investment And Securities Trading Private Limited,15,1100.0,16500.0,2025-07-23 12:02:52.660586
2025-07-23,113574,2025072304019514,CGH,SHUBHAKAMANA SECURITIES PVT. LTD,Nepal Investment And Securities Trading Private Limited,30,1100.0,33000.0,2025-07-23 12:02:52.660812
2025-07-23,113573,2025072304019515,CGH,SHUBHAKAMANA SECURITIES PVT. LTD,Aryatara Investment & Securities,200,1100.0,220000.0,2025-07-23 12:02:52.660905
2025-07-23,113572,2025072304019516,CGH,SHUBHAKAMANA SECURITIES PVT. LTD,Naasa Securities Co. Ltd.,10,1100.0,11000.0,2025-07-23 12:02:52.661000
2025-07-23,113571,2025072304019517,CGH,SHUBHAKAMANA SECURITIES PVT. LTD,J.F. Securites (PVT) Ltd.,50,1100.0,55000.0,2025-07-23 12:02:52.661086
2025-07-23,113570,2025072304019518,CGH,SHUBHAKAMANA SECURITIES PVT. LTD,Vision Securities Pvt. Ltd,95,1100.0,104500.0,2025-07-23 12:02:52.661174
2025-07-23,113501,2025072304019540,CGH,SHUBHAKAMANA SECURITIES PVT. LTD,Vision Securities Pvt. Ltd,155,1100.0,170500.0,2025-07-23 12:03:00.513897
2025-07-23,113500,2025072304019541,CGH,SHUBHAKAMANA SECURITIES PVT. LTD,Siprabi Securities Pvt. Ltd.,196,1100.0,215600.0,2025-07-23 12:03:00.514145
2025-07-23,113499,2025072304019542,CGH,SHUBHAKAMANA SECURITIES PVT. LTD,Online Securities Pvt. Ltd.,49,1100.0,53900.0,2025-07-23 12:03:00.514237
2025-07-23,112967,2025072304019723,CGH,Online Securities Pvt. Ltd.,Investment Management Nepal Pvt. Ltd.,30,1099.9,32997.0,2025-07-23 12:03:48.873401
2025-07-23,112611,2025072304019882,CGH,SHUBHAKAMANA SECURITIES PVT. LTD,Online Securities Pvt. Ltd.,51,1100.0,56100.0,2025-07-23 12:04:25.122349
2025-07-23,112610,2025072304019883,CGH,SHUBHAKAMANA SECURITIES PVT. LTD,Aryatara Investment & Securities,250,1100.0,275000.0,2025-07-23 12:04:25.122744
2025-07-23,112609,2025072304019884,CGH,SHUBHAKAMANA SECURITIES PVT. LTD,Siprabi Securities Pvt. Ltd.,50,1100.0,55000.0,2025-07-23 12:04:25.123028
2025-07-23,112608,2025072304019885,CGH,SHUBHAKAMANA SECURITIES PVT. LTD,Opal Securities Investment (PVT) Ltd.,20,1100.0,22000.0,2025-07-23 12:04:25.123460
2025-07-23,112607,2025072304019886,CGH,SHUBHAKAMANA SECURITIES PVT. LTD,Infinity Securities Limited,629,1100.0,691900.0,2025-07-23 12:04:25.123857
2025-07-23,112084,2025072304020080,CGH,Himalayan Brokerage Company Limited,Agrawal Securities (PVT) Ltd.,10,1099.9,10999.0,2025-07-23 12:05:17.132415
2025-07-23,112083,2025072304020081,CGH,Himalayan Brokerage Company Limited,Infinity Securities Limited,371,1100.0,408100.0,2025-07-23 12:05:17.132672
2025-07-23,112082,2025072304020082,CGH,Himalayan Brokerage Company Limited,Nepal Investment And Securities Trading Private Limited,10,1100.0,11000.0,2025-07-23 12:05:17.132777
2025-07-23,112081,2025072304020083,CGH,Himalayan Brokerage Company Limited,Oxford Securities Pvt. Ltd.,14,1100.0,15400.0,2025-07-23 12:05:17.132868
2025-07-23,112080,2025072304020084,CGH,Himalayan Brokerage Company Limited,Midas Stock Broking Company Private Limited,10,1100.0,11000.0,2025-07-23 12:05:17.132959
2025-07-23,112079,2025072304020085,CGH,Himalayan Brokerage Company Limited,Aryatara Investment & Securities,100,1100.0,110000.0,2025-07-23 12:05:17.133046
2025-07-23,112078,2025072304020086,CGH,Himalayan Brokerage Company Limited,Market Securities & Exchange (PVT) Ltd.,10,1100.0,11000.0,2025-07-23 12:05:17.133133
2025-07-23,112077,2025072304020087,CGH,Himalayan Brokerage Company Limited,Vision Securities Pvt. Ltd,410,1100.0,451000.0,2025-07-23 12:05:17.133217
2025-07-23,112076,2025072304020088,CGH,Himalayan Brokerage Company Limited,Siprabi Securities Pvt. Ltd.,46,1100.0,50600.0,2025-07-23 12:05:17.133303
2025-07-23,112075,2025072304020089,CGH,Himalayan Brokerage Company Limited,Vision Securities Pvt. Ltd,19,1100.0,20900.0,2025-07-23 12:05:17.133396
2025-07-23,112037,2025072304020104,CGH,Stoxkarts Securities Limited,Vision Securities Pvt. Ltd,11,1100.0,12100.0,2025-07-23 12:05:20.781353
2025-07-23,112036,2025072304020105,CGH,Stoxkarts Securities Limited,ABC Securities Private Limited,150,1100.0,165000.0,2025-07-23 12:05:20.781575
2025-07-23,112035,2025072304020106,CGH,Stoxkarts Securities Limited,ABC Securities Private Limited,10,1100.0,11000.0,2025-07-23 12:05:20.781670
2025-07-23,112034,2025072304020107,CGH,Stoxkarts Securities Limited,Vision Securities Pvt. Ltd,10,1100.0,11000.0,2025-07-23 12:05:20.781757
2025-07-23,112033,2025072304020108,CGH,Stoxkarts Securities Limited,Capital Hub P. Ltd,207,1100.0,227700.0,2025-07-23 12:05:20.781840
2025-07-23,112032,2025072304020109,CGH,Stoxkarts Securities Limited,Sweta Securities Private Limited,10,1100.0,11000.0,2025-07-23 12:05:20.781924
2025-07-23,112031,2025072304020110,CGH,Stoxkarts Securities Limited,Sani Securities Company Ltd.,80,1100.0,88000.0,2025-07-23 12:05:20.782009
2025-07-23,112030,2025072304020111,CGH,Stoxkarts Securities Limited,Investment Management Nepal Pvt. Ltd.,75,1100.0,82500.0,2025-07-23 12:05:20.782108
2025-07-23,112029,2025072304020112,CGH,Stoxkarts Securities Limited,Opal Securities Investment (PVT) Ltd.,170,1100.0,187000.0,2025-07-23 12:05:20.782192
2025-07-23,112028,2025072304020113,CGH,Stoxkarts Securities Limited,Thrive Brokerage House Pvt. Ltd,50,1100.0,55000.0,2025-07-23 12:05:20.782275
2025-07-23,112027,2025072304020114,CGH,Stoxkarts Securities Limited,Nepal Stock House (PVT) Ltd.,20,1100.0,22000.0,2025-07-23 12:05:20.782363
2025-07-23,112026,2025072304020115,CGH,Stoxkarts Securities Limited,Naasa Securities Co. Ltd.,22,1100.0,24200.0,2025-07-23 12:05:20.782466
2025-07-23,112025,2025072304020116,CGH,Stoxkarts Securities Limited,Opal Securities Investment (PVT) Ltd.,70,1100.0,77000.0,2025-07-23 12:05:20.782562
2025-07-23,112024,2025072304020117,CGH,Stoxkarts Securities Limited,S.P.S.A. Securities Limited,11,1100.0,12100.0,2025-07-23 12:05:20.782658
2025-07-23,112023,2025072304020118,CGH,Stoxkarts Securities Limited,Linch Stock Market Ltd.,62,1100.0,68200.0,2025-07-23 12:05:20.782737
2025-07-23,112022,2025072304020119,CGH,Stoxkarts Securities Limited,Dynamic Money Managers Securities Pvt. Ltd.,42,1100.0,46200.0,2025-07-23 12:05:20.782816
2025-07-23,111795,2025072304020179,CGH,Online Securities Pvt. Ltd.,Naasa Securities Co. Ltd.,10,1099.0,10990.0,2025-07-23 12:05:46.427011
2025-07-23,111592,2025072304020243,CGH,Sani Securities Company Ltd.,Naasa Securities Co. Ltd.,81,1099.0,89019.0,2025-07-23 12:06:03.830680
2025-07-23,111369,2025072304020328,CGH,Online Securities Pvt. Ltd.,Elite Stock House Limited,10,1095.5,10955.0,2025-07-23 12:06:26.594826
2025-07-23,111368,2025072304020329,CGH,Premier Securities Company Ltd.,Elite Stock House Limited,100,1095.0,109500.0,2025-07-23 12:06:26.595039
2025-07-23,111367,2025072304020330,CGH,Nepal Stock House (PVT) Ltd.,Elite Stock House Limited,400,1093.0,437200.0,2025-07-23 12:06:26.595155
2025-07-23,111366,2025072304020331,CGH,Naasa Securities Co. Ltd.,Elite Stock House Limited,20,1092.2,21844.0,2025-07-23 12:06:26.595257
2025-07-23,111365,2025072304020332,CGH,Trishakti Securities Public Limited,Elite Stock House Limited,410,1092.2,447802.0,2025-07-23 12:06:26.595357
2025-07-23,110736,2025072304020501,CGH,Online Securities Pvt. Ltd.,Sani Securities Company Ltd.,10,1097.0,10970.0,2025-07-23 12:07:29.817362
2025-07-23,109857,2025072304020779,CGH,Capital Max Securities Ltd,Naasa Securities Co. Ltd.,10,1098.8,10988.0,2025-07-23 12:09:01.500947
2025-07-23,109339,2025072304020923,CGH,Online Securities Pvt. Ltd.,Naasa Securities Co. Ltd.,10,1098.8,10988.0,2025-07-23 12:09:46.945658
2025-07-23,107949,2025072304021349,CGH,Nepal Stock House (PVT) Ltd.,BHOLE GANESH SECURITIES LTD,25,1097.9,27447.5,2025-07-23 12:11:38.631535
2025-07-23,107948,2025072304021350,CGH,Nepal Stock House (PVT) Ltd.,Sani Securities Company Ltd.,175,1098.0,192150.0,2025-07-23 12:11:38.631778
2025-07-23,106830,2025072304021744,CGH,Sweta Securities Private Limited,Kumari Securities Private Limited,10,1097.9,10979.0,2025-07-23 12:13:03.423416
2025-07-23,106684,2025072304021805,CGH,Nepal Stock House (PVT) Ltd.,Kalika Securities Pvt. Ltd.,80,1095.0,87600.0,2025-07-23 12:13:17.621613
2025-07-23,106495,2025072304021865,CGH,Nepal Stock House (PVT) Ltd.,Siprabi Securities Pvt. Ltd.,20,1095.0,21900.0,2025-07-23 12:13:32.385218
2025-07-23,106323,2025072304021919,CGH,Naasa Securities Co. Ltd.,South Asian Bulls Pvt. Ltd.,100,1094.0,109400.0,2025-07-23 12:13:48.561517
2025-07-23,106255,2025072304021937,CGH,Naasa Securities Co. Ltd.,Linch Stock Market Ltd.,10,1094.0,10940.0,2025-07-23 12:13:55.713752
2025-07-23,105932,2025072304022013,CGH,Naasa Securities Co. Ltd.,Vision Securities Pvt. Ltd,40,1094.0,43760.0,2025-07-23 12:14:20.543813
2025-07-23,105931,2025072304022014,CGH,Premier Securities Company Ltd.,Vision Securities Pvt. Ltd,50,1093.0,54650.0,2025-07-23 12:14:20.544112
2025-07-23,105930,2025072304022015,CGH,Midas Stock Broking Company Private Limited,Vision Securities Pvt. Ltd,90,1093.0,98370.0,2025-07-23 12:14:20.544216
2025-07-23,105533,2025072304022139,CGH,Trishakti Securities Public Limited,Siprabi Securities Pvt. Ltd.,10,1092.2,10922.0,2025-07-23 12:14:56.569996
2025-07-23,104736,2025072304022372,CGH,Sipla Securities Private Limited,Dipshikha Dhitopatra Karobar Co. Pvt Ltd.,180,1093.0,196740.0,2025-07-23 12:16:04.959967
2025-07-23,104375,2025072304022498,CGH,Sipla Securities Private Limited,Vision Securities Pvt. Ltd,150,1093.0,163950.0,2025-07-23 12:16:36.015567
2025-07-23,104187,2025072304022554,CGH,Sipla Securities Private Limited,Aryatara Investment & Securities,20,1093.0,21860.0,2025-07-23 12:16:52.077046
2025-07-23,103851,2025072304022635,CGH,Sipla Securities Private Limited,Dakshinkali Investment & Securities Pvt. Ltd.,10,1093.0,10930.0,2025-07-23 12:17:18.991800
2025-07-23,103513,2025072304022722,CGH,Sipla Securities Private Limited,Sani Securities Company Ltd.,100,1093.0,109300.0,2025-07-23 12:17:46.705775
2025-07-23,103164,2025072304022845,CGH,Sipla Securities Private Limited,Sani Securities Company Ltd.,400,1093.0,437200.0,2025-07-23 12:18:14.514199
2025-07-23,102931,2025072304022924,CGH,Sipla Securities Private Limited,Vision Securities Pvt. Ltd,140,1093.0,153020.0,2025-07-23 12:18:33.760259
2025-07-23,102930,2025072304022925,CGH,Vision Securities Pvt. Ltd,Vision Securities Pvt. Ltd,10,1093.0,10930.0,2025-07-23 12:18:33.760541
2025-07-23,102820,2025072304022948,CGH,Vision Securities Pvt. Ltd,Dakshinkali Investment & Securities Pvt. Ltd.,30,1093.0,32790.0,2025-07-23 12:18:41.376468
2025-07-23,102536,2025072304023000,CGH,Trishakti Securities Public Limited,Investment Management Nepal Pvt. Ltd.,50,1092.2,54610.0,2025-07-23 12:19:03.426782
2025-07-23,102514,2025072304023007,CGH,Trishakti Securities Public Limited,Linch Stock Market Ltd.,30,1092.2,32766.0,2025-07-23 12:19:06.314719
2025-07-23,102513,2025072304023008,CGH,Sani Securities Company Ltd.,Linch Stock Market Ltd.,50,1092.0,54600.0,2025-07-23 12:19:06.315016
2025-07-23,102512,2025072304023009,CGH,Linch Stock Market Ltd.,Linch Stock Market Ltd.,10,1092.0,10920.0,2025-07-23 12:19:06.315134
2025-07-23,102319,2025072304023068,CGH,Premier Securities Company Ltd.,Linch Stock Market Ltd.,10,1091.0,10910.0,2025-07-23 12:19:19.014208
2025-07-23,102137,2025072304023109,CGH,Premier Securities Company Ltd.,Dakshinkali Investment & Securities Pvt. Ltd.,20,1091.0,21820.0,2025-07-23 12:19:36.206250
2025-07-23,102132,2025072304023110,CGH,Premier Securities Company Ltd.,Trishakti Securities Public Limited,20,1091.0,21820.0,2025-07-23 12:19:36.549595
2025-07-23,102131,2025072304023111,CGH,Kohinoor Investment & Securities Pvt. Ltd.,Trishakti Securities Public Limited,30,1090.0,32700.0,2025-07-23 12:19:36.549919
2025-07-23,101993,2025072304023157,CGH,Sani Securities Company Ltd.,Creative Securities Pvt Ltd,300,1093.0,327900.0,2025-07-23 12:19:49.754171
2025-07-23,101992,2025072304023158,CGH,Sani Securities Company Ltd.,Sani Securities Company Ltd.,200,1093.0,218600.0,2025-07-23 12:19:49.754439
2025-07-23,101991,2025072304023159,CGH,Sani Securities Company Ltd.,Sewa Securities Pvt. Ltd.,15,1093.0,16395.0,2025-07-23 12:19:49.754549
2025-07-23,101990,2025072304023160,CGH,Sani Securities Company Ltd.,Sundhara Securities Limited,300,1094.0,328200.0,2025-07-23 12:19:49.754653
2025-07-23,101744,2025072304023238,CGH,Sani Securities Company Ltd.,Nepal Stock House (PVT) Ltd.,6504,1094.0,7115376.0,2025-07-23 12:20:11.386273
2025-07-23,101718,2025072304023240,CGH,Sani Securities Company Ltd.,ABC Securities Private Limited,140,1094.0,153160.0,2025-07-23 12:20:12.057455
2025-07-23,101704,2025072304023243,CGH,Sipla Securities Private Limited,Vision Securities Pvt. Ltd,340,1095.0,372300.0,2025-07-23 12:20:14.175870
2025-07-23,101703,2025072304023244,CGH,Sipla Securities Private Limited,Creative Securities Pvt Ltd,200,1095.0,219000.0,2025-07-23 12:20:14.176391
2025-07-23,101702,2025072304023245,CGH,Sipla Securities Private Limited,Naasa Securities Co. Ltd.,360,1095.0,394200.0,2025-07-23 12:20:14.176718
2025-07-23,101701,2025072304023246,CGH,Sipla Securities Private Limited,Opal Securities Investment (PVT) Ltd.,70,1095.0,76650.0,2025-07-23 12:20:14.177034
2025-07-23,100851,2025072304023467,CGH,Sipla Securities Private Limited,Shree Krishna Securities Ltd.,10,1095.0,10950.0,2025-07-23 12:21:24.019979
2025-07-23,100825,2025072304023478,CGH,Sipla Securities Private Limited,Property Wiard Limited,20,1095.0,21900.0,2025-07-23 12:21:26.994022
2025-07-23,100824,2025072304023479,CGH,Sipla Securities Private Limited,Property Wiard Limited,420,1095.0,459900.0,2025-07-23 12:21:26.994284
2025-07-23,100690,2025072304023508,CGH,Sipla Securities Private Limited,Investment Management Nepal Pvt. Ltd.,30,1095.0,32850.0,2025-07-23 12:21:41.642640
2025-07-23,100687,2025072304023509,CGH,Sipla Securities Private Limited,Linch Stock Market Ltd.,100,1095.0,109500.0,2025-07-23 12:21:42.265594
2025-07-23,100535,2025072304023560,CGH,Sipla Securities Private Limited,Dynamic Money Managers Securities Pvt. Ltd.,200,1095.0,219000.0,2025-07-23 12:21:57.638524
2025-07-23,100531,2025072304023564,CGH,Sipla Securities Private Limited,Naasa Securities Co. Ltd.,20,1095.0,21900.0,2025-07-23 12:21:57.741506
2025-07-23,100440,2025072304023590,CGH,Sipla Securities Private Limited,Neev Securities Pvt. Ltd.,200,1095.0,219000.0,2025-07-23 12:22:07.809974
2025-07-23,100352,2025072304023614,CGH,Sipla Securities Private Limited,Dynamic Money Managers Securities Pvt. Ltd.,30,1095.0,32850.0,2025-07-23 12:22:15.487862
2025-07-23,100309,2025072304023621,CGH,Sani Securities Company Ltd.,KALASH STOCK MARKET PVT. LTD.,210,1094.0,229740.0,2025-07-23 12:22:19.396764
2025-07-23,100225,2025072304023654,CGH,Sani Securities Company Ltd.,Sri Hari Securities Pvt. Ltd.,2331,1094.0,2550114.0,2025-07-23 12:22:26.052141
2025-07-23,100221,2025072304023656,CGH,Kohinoor Investment & Securities Pvt. Ltd.,Deevyaa Securities & Stock House Pvt. Ltd,70,1090.0,76300.0,2025-07-23 12:22:26.505379
2025-07-23,100220,2025072304023657,CGH,Nepal Stock House (PVT) Ltd.,Deevyaa Securities & Stock House Pvt. Ltd,100,1090.0,109000.0,2025-07-23 12:22:26.505503
2025-07-23,100219,2025072304023658,CGH,Sani Securities Company Ltd.,Deevyaa Securities & Stock House Pvt. Ltd,120,1085.0,130200.0,2025-07-23 12:22:26.505581
2025-07-23,99810,2025072304023793,CGH,Sewa Securities Pvt. Ltd.,Agrawal Securities (PVT) Ltd.,65,1093.0,71045.0,2025-07-23 12:22:58.859073
2025-07-23,98184,2025072304024194,CGH,Online Securities Pvt. Ltd.,Nabil Stock Dealer Ltd.,10,1086.0,10860.0,2025-07-23 12:25:08.496488
2025-07-23,96956,2025072304024528,CGH,Siprabi Securities Pvt. Ltd.,Siprabi Securities Pvt. Ltd.,10,1086.0,10860.0,2025-07-23 12:27:00.658160
2025-07-23,96647,2025072304024588,CGH,Siprabi Securities Pvt. Ltd.,KALASH STOCK MARKET PVT. LTD.,210,1086.0,228060.0,2025-07-23 12:27:31.760968
2025-07-23,96039,2025072304024725,CGH,Siprabi Securities Pvt. Ltd.,Premier Securities Company Ltd.,20,1086.0,21720.0,2025-07-23 12:28:37.927486
2025-07-23,95977,2025072304024761,CGH,South Asian Bulls Pvt. Ltd.,Dipshikha Dhitopatra Karobar Co. Pvt Ltd.,40,1090.0,43600.0,2025-07-23 12:28:46.294920
2025-07-23,95786,2025072304024817,CGH,Online Securities Pvt. Ltd.,Bhrikuti Stock Broking Co. Pvt. Ltd.,10,1086.1,10861.0,2025-07-23 12:29:03.516033
2025-07-23,95785,2025072304024818,CGH,Siprabi Securities Pvt. Ltd.,Bhrikuti Stock Broking Co. Pvt. Ltd.,30,1086.0,32580.0,2025-07-23 12:29:03.516368
2025-07-23,95369,2025072304024948,CGH,Online Securities Pvt. Ltd.,Sri Hari Securities Pvt. Ltd.,10,1086.1,10861.0,2025-07-23 12:29:45.889922
2025-07-23,95368,2025072304024949,CGH,Siprabi Securities Pvt. Ltd.,Sri Hari Securities Pvt. Ltd.,99,1086.0,107514.0,2025-07-23 12:29:45.890199
2025-07-23,94933,2025072304025064,CGH,Online Securities Pvt. Ltd.,Naasa Securities Co. Ltd.,50,1086.1,54305.0,2025-07-23 12:30:35.298267
2025-07-23,94447,2025072304025182,CGH,Siprabi Securities Pvt. Ltd.,Dynamic Money Managers Securities Pvt. Ltd.,31,1086.0,33666.0,2025-07-23 12:31:30.366670
2025-07-23,94446,2025072304025183,CGH,Online Securities Pvt. Ltd.,Dynamic Money Managers Securities Pvt. Ltd.,10,1085.5,10855.0,2025-07-23 12:31:30.366960
2025-07-23,94445,2025072304025184,CGH,Sani Securities Company Ltd.,Dynamic Money Managers Securities Pvt. Ltd.,80,1085.0,86800.0,2025-07-23 12:31:30.367075
2025-07-23,94444,2025072304025185,CGH,Imperial Securities Company Pvt. Ltd.,Dynamic Money Managers Securities Pvt. Ltd.,100,1085.0,108500.0,2025-07-23 12:31:30.367187
2025-07-23,94443,2025072304025186,CGH,Nepal Stock House (PVT) Ltd.,Dynamic Money Managers Securities Pvt. Ltd.,100,1085.0,108500.0,2025-07-23 12:31:30.367296
2025-07-23,94442,2025072304025187,CGH,Nepal Stock House (PVT) Ltd.,Dynamic Money Managers Securities Pvt. Ltd.,149,1085.0,161665.0,2025-07-23 12:31:30.367416
2025-07-23,94358,2025072304025204,CGH,Nepal Stock House (PVT) Ltd.,Nepal Stock House (PVT) Ltd.,51,1085.0,55335.0,2025-07-23 12:31:41.888530
2025-07-23,94357,2025072304025205,CGH,Dipshikha Dhitopatra Karobar Co. Pvt Ltd.,Nepal Stock House (PVT) Ltd.,49,1085.0,53165.0,2025-07-23 12:31:41.889059
2025-07-23,93917,2025072304025299,CGH,Siprabi Securities Pvt. Ltd.,Dipshikha Dhitopatra Karobar Co. Pvt Ltd.,10,1086.0,10860.0,2025-07-23 12:32:21.243406
2025-07-23,93916,2025072304025300,CGH,Siprabi Securities Pvt. Ltd.,Dynamic Money Managers Securities Pvt. Ltd.,326,1086.1,354068.6,2025-07-23 12:32:21.243744
2025-07-23,93372,2025072304025410,CGH,Online Securities Pvt. Ltd.,Linch Stock Market Ltd.,30,1086.0,32580.0,2025-07-23 12:33:26.643452
2025-07-23,93030,2025072304025496,CGH,Online Securities Pvt. Ltd.,Ashutosh Brokerage & Securities (PVT) Ltd.,10,1086.1,10861.0,2025-07-23 12:34:01.371240
2025-07-23,92633,2025072304025607,CGH,Online Securities Pvt. Ltd.,Sri Hari Securities Pvt. Ltd.,70,1086.0,76020.0,2025-07-23 12:34:47.990245
2025-07-23,92464,2025072304025646,CGH,Aryatara Investment & Securities,Sri Hari Securities Pvt. Ltd.,30,1085.1,32553.0,2025-07-23 12:35:02.689717
2025-07-23,91589,2025072304025868,CGH,Sani Securities Company Ltd.,Shree Krishna Securities Ltd.,10,1086.0,10860.0,2025-07-23 12:36:42.245197
2025-07-23,91492,2025072304025900,CGH,Sani Securities Company Ltd.,Opal Securities Investment (PVT) Ltd.,290,1086.0,314940.0,2025-07-23 12:36:57.213511
2025-07-23,91383,2025072304025944,CGH,SUN SECURITIES PVT LTD,Dynamic Money Managers Securities Pvt. Ltd.,50,1085.0,54250.0,2025-07-23 12:37:10.098572
2025-07-23,91382,2025072304025945,CGH,Creative Securities Pvt Ltd,Dynamic Money Managers Securities Pvt. Ltd.,100,1085.0,108500.0,2025-07-23 12:37:10.099099
2025-07-23,91381,2025072304025946,CGH,Nepal Stock House (PVT) Ltd.,Dynamic Money Managers Securities Pvt. Ltd.,50,1085.0,54250.0,2025-07-23 12:37:10.099481
2025-07-23,91380,2025072304025947,CGH,Sani Securities Company Ltd.,Dynamic Money Managers Securities Pvt. Ltd.,100,1085.0,108500.0,2025-07-23 12:37:10.099825
2025-07-23,91379,2025072304025948,CGH,Imperial Securities Company Pvt. Ltd.,Dynamic Money Managers Securities Pvt. Ltd.,100,1085.0,108500.0,2025-07-23 12:37:10.100154
2025-07-23,91302,2025072304025971,CGH,Naasa Securities Co. Ltd.,Opal Securities Investment (PVT) Ltd.,12,1084.5,13014.0,2025-07-23 12:37:21.332065
2025-07-23,91301,2025072304025972,CGH,Nepal Investment And Securities Trading Private Limited,Opal Securities Investment (PVT) Ltd.,388,1084.1,420630.8,2025-07-23 12:37:21.332414
2025-07-23,90811,2025072304026091,CGH,Nepal Investment And Securities Trading Private Limited,Opal Securities Investment (PVT) Ltd.,80,1084.1,86728.0,2025-07-23 12:38:21.031447
2025-07-23,90687,2025072304026127,CGH,Premier Securities Company Ltd.,Nepal Investment And Securities Trading Private Limited,360,1084.0,390240.0,2025-07-23 12:38:30.700447
2025-07-23,90659,2025072304026141,CGH,Sani Securities Company Ltd.,Dynamic Money Managers Securities Pvt. Ltd.,500,1085.0,542500.0,2025-07-23 12:38:34.477598
2025-07-23,90226,2025072304026290,CGH,Infinity Securities Limited,Sundhara Securities Limited,10,1084.1,10841.0,2025-07-23 12:39:18.759433
2025-07-23,90225,2025072304026291,CGH,Infinity Securities Limited,Opal Securities Investment (PVT) Ltd.,30,1084.9,32547.0,2025-07-23 12:39:18.759770
2025-07-23,90224,2025072304026292,CGH,Infinity Securities Limited,Dynamic Money Managers Securities Pvt. Ltd.,210,1085.0,227850.0,2025-07-23 12:39:18.759891
2025-07-23,89945,2025072304026371,CGH,Online Securities Pvt. Ltd.,Capital Max Securities Ltd,50,1085.0,54250.0,2025-07-23 12:39:44.158828
2025-07-23,89664,2025072304026458,CGH,Primo Securities (PVT) Ltd.,Imperial Securities Company Pvt. Ltd.,10,1083.0,10830.0,2025-07-23 12:40:08.575411
2025-07-23,88595,2025072304026727,CGH,Online Securities Pvt. Ltd.,Naasa Securities Co. Ltd.,11,1083.5,11918.5,2025-07-23 12:42:08.657515
2025-07-23,88594,2025072304026728,CGH,Nepal Stock House (PVT) Ltd.,Kohinoor Investment & Securities Pvt. Ltd.,10,1085.0,10850.0,2025-07-23 12:42:09.308686
2025-07-23,88593,2025072304026729,CGH,Nepal Stock House (PVT) Ltd.,Kalika Securities Pvt. Ltd.,50,1089.0,54450.0,2025-07-23 12:42:09.309241
2025-07-23,88592,2025072304026730,CGH,Nepal Stock House (PVT) Ltd.,Online Securities Pvt. Ltd.,50,1090.0,54500.0,2025-07-23 12:42:09.309617
2025-07-23,88591,2025072304026731,CGH,Nepal Stock House (PVT) Ltd.,Nepal Investment And Securities Trading Private Limited,10,1090.0,10900.0,2025-07-23 12:42:09.309977
2025-07-23,88590,2025072304026732,CGH,Nepal Stock House (PVT) Ltd.,KALASH STOCK MARKET PVT. LTD.,280,1090.0,305200.0,2025-07-23 12:42:09.310333
2025-07-23,88498,2025072304026750,CGH,Online Securities Pvt. Ltd.,Capital Max Securities Ltd,39,1083.5,42256.5,2025-07-23 12:42:16.577546
2025-07-23,88354,2025072304026808,CGH,Siprabi Securities Pvt. Ltd.,Capital Max Securities Ltd,61,1083.5,66093.5,2025-07-23 12:42:36.324024
2025-07-23,85097,2025072304027881,CGH,Nepal Stock House (PVT) Ltd.,Nepal Investment And Securities Trading Private Limited,20,1085.0,21700.0,2025-07-23 12:49:09.630868
2025-07-23,84976,2025072304027924,CGH,Imperial Securities Company Pvt. Ltd.,Thrive Brokerage House Pvt. Ltd,10,1086.0,10860.0,2025-07-23 12:49:29.608035
2025-07-23,84967,2025072304027930,CGH,Siprabi Securities Pvt. Ltd.,Premier Securities Company Ltd.,250,1088.9,272225.0,2025-07-23 12:49:30.238371
2025-07-23,84966,2025072304027931,CGH,Siprabi Securities Pvt. Ltd.,Dipshikha Dhitopatra Karobar Co. Pvt Ltd.,50,1089.0,54450.0,2025-07-23 12:49:30.238651
2025-07-23,84625,2025072304028034,CGH,Siprabi Securities Pvt. Ltd.,Naasa Securities Co. Ltd.,10,1089.0,10890.0,2025-07-23 12:50:08.896189
2025-07-23,84409,2025072304028111,CGH,Online Securities Pvt. Ltd.,Vision Securities Pvt. Ltd,100,1088.0,108800.0,2025-07-23 12:50:34.348972
2025-07-23,84080,2025072304028206,CGH,Nepal Investment And Securities Trading Private Limited,Sundhara Securities Limited,2,1084.1,2168.2,2025-07-23 12:51:20.616067
2025-07-23,83484,2025072304028459,CGH,Online Securities Pvt. Ltd.,South Asian Bulls Pvt. Ltd.,20,1086.0,21720.0,2025-07-23 12:52:18.407227
2025-07-23,83451,2025072304028465,CGH,Siprabi Securities Pvt. Ltd.,Vision Securities Pvt. Ltd,80,1088.0,87040.0,2025-07-23 12:52:23.950237
2025-07-23,83211,2025072304028537,CGH,Siprabi Securities Pvt. Ltd.,Neev Securities Pvt. Ltd.,15,1088.0,16320.0,2025-07-23 12:52:55.294967
2025-07-23,82376,2025072304028881,CGH,Imperial Securities Company Pvt. Ltd.,Naasa Securities Co. Ltd.,30,1089.0,32670.0,2025-07-23 12:54:36.886659
2025-07-23,82375,2025072304028882,CGH,Imperial Securities Company Pvt. Ltd.,Aryatara Investment & Securities,270,1089.0,294030.0,2025-07-23 12:54:36.887480
2025-07-23,81560,2025072304029142,CGH,Sani Securities Company Ltd.,Agrawal Securities (PVT) Ltd.,10,1087.0,10870.0,2025-07-23 12:56:34.711780
2025-07-23,80642,2025072304029413,CGH,Sani Securities Company Ltd.,Nagarik Stock Dealer ,240,1087.0,260880.0,2025-07-23 12:58:38.422923
2025-07-23,80641,2025072304029414,CGH,Nepal Stock House (PVT) Ltd.,Nagarik Stock Dealer ,30,1085.0,32550.0,2025-07-23 12:58:38.423267
2025-07-23,80640,2025072304029415,CGH,Capital Max Securities Ltd,Nagarik Stock Dealer ,100,1085.0,108500.0,2025-07-23 12:58:38.423405
2025-07-23,80639,2025072304029416,CGH,Online Securities Pvt. Ltd.,Nagarik Stock Dealer ,100,1085.0,108500.0,2025-07-23 12:58:38.423531
2025-07-23,80638,2025072304029417,CGH,Sani Securities Company Ltd.,Nagarik Stock Dealer ,100,1085.0,108500.0,2025-07-23 12:58:38.423658
2025-07-23,80637,2025072304029418,CGH,Imperial Securities Company Pvt. Ltd.,Nagarik Stock Dealer ,20,1085.0,21700.0,2025-07-23 12:58:38.423784
2025-07-23,80636,2025072304029419,CGH,Online Securities Pvt. Ltd.,Nagarik Stock Dealer ,170,1085.0,184450.0,2025-07-23 12:58:38.423909
2025-07-23,80424,2025072304029467,CGH,Online Securities Pvt. Ltd.,Nagarik Stock Dealer ,30,1085.0,32550.0,2025-07-23 12:59:06.249175
2025-07-23,80423,2025072304029468,CGH,ABC Securities Private Limited,Nagarik Stock Dealer ,100,1085.0,108500.0,2025-07-23 12:59:06.249497
2025-07-23,78694,2025072304030016,CGH,Siprabi Securities Pvt. Ltd.,Sewa Securities Pvt. Ltd.,10,1084.0,10840.0,2025-07-23 13:02:54.498258
2025-07-23,78401,2025072304030101,CGH,Siprabi Securities Pvt. Ltd.,Nepal Investment And Securities Trading Private Limited,10,1084.0,10840.0,2025-07-23 13:03:35.095983
2025-07-23,77505,2025072304030351,CGH,Sani Securities Company Ltd.,Sani Securities Company Ltd.,10,1087.0,10870.0,2025-07-23 13:05:22.015837
2025-07-23,77230,2025072304030433,CGH,Sani Securities Company Ltd.,Imperial Securities Company Pvt. Ltd.,10,1086.0,10860.0,2025-07-23 13:05:54.662843
2025-07-23,77180,2025072304030446,CGH,Siprabi Securities Pvt. Ltd.,Kohinoor Investment & Securities Pvt. Ltd.,30,1084.0,32520.0,2025-07-23 13:06:01.717496
2025-07-23,77179,2025072304030447,CGH,Nepal Stock House (PVT) Ltd.,Kohinoor Investment & Securities Pvt. Ltd.,30,1083.5,32505.0,2025-07-23 13:06:01.717846
2025-07-23,76942,2025072304030511,CGH,Sani Securities Company Ltd.,Property Wiard Limited,94,1085.0,101990.0,2025-07-23 13:06:26.361218
2025-07-23,76706,2025072304030596,CGH,Midas Stock Broking Company Private Limited,Vision Securities Pvt. Ltd,75,1084.0,81300.0,2025-07-23 13:06:53.138369
2025-07-23,76423,2025072304030705,CGH,Trisul Securities & Invt. Ltd.,Property Wiard Limited,240,1085.0,260400.0,2025-07-23 13:07:21.601755
2025-07-23,76413,2025072304030711,CGH,Sani Securities Company Ltd.,Property Wiard Limited,166,1085.0,180110.0,2025-07-23 13:07:22.085728
2025-07-23,75694,2025072304030923,CGH,Sani Securities Company Ltd.,Agrawal Securities (PVT) Ltd.,200,1085.0,217000.0,2025-07-23 13:08:47.137013
2025-07-23,75680,2025072304030927,CGH,Sani Securities Company Ltd.,Trishakti Securities Public Limited,134,1085.0,145390.0,2025-07-23 13:08:51.120185
2025-07-23,75679,2025072304030928,CGH,Trisul Securities & Invt. Ltd.,Trishakti Securities Public Limited,166,1085.0,180110.0,2025-07-23 13:08:51.120560
2025-07-23,75615,2025072304030944,CGH,Trisul Securities & Invt. Ltd.,Sani Securities Company Ltd.,10,1085.0,10850.0,2025-07-23 13:08:59.758474
2025-07-23,75521,2025072304030961,CGH,Trisul Securities & Invt. Ltd.,Sani Securities Company Ltd.,10,1085.0,10850.0,2025-07-23 13:09:14.600521
2025-07-23,75501,2025072304030974,CGH,Trisul Securities & Invt. Ltd.,Premier Securities Company Ltd.,10,1085.0,10850.0,2025-07-23 13:09:17.341745
2025-07-23,75208,2025072304031058,CGH,Indira securities pvt. ltd,Imperial Securities Company Pvt. Ltd.,150,1086.0,162900.0,2025-07-23 13:09:43.851236
2025-07-23,75085,2025072304031092,CGH,Indira securities pvt. ltd,Shree Krishna Securities Ltd.,300,1087.0,326100.0,2025-07-23 13:09:58.080015
2025-07-23,75084,2025072304031093,CGH,Trisul Securities & Invt. Ltd.,Shree Krishna Securities Ltd.,104,1085.0,112840.0,2025-07-23 13:09:58.080337
2025-07-23,75083,2025072304031094,CGH,Sewa Securities Pvt. Ltd.,Shree Krishna Securities Ltd.,10,1085.0,10850.0,2025-07-23 13:09:58.080507
2025-07-23,75082,2025072304031095,CGH,Midas Stock Broking Company Private Limited,Shree Krishna Securities Ltd.,25,1084.0,27100.0,2025-07-23 13:09:58.080642
2025-07-23,75081,2025072304031096,CGH,Trisul Securities & Invt. Ltd.,Shree Krishna Securities Ltd.,20,1084.0,21680.0,2025-07-23 13:09:58.080821
2025-07-23,75080,2025072304031097,CGH,Sewa Securities Pvt. Ltd.,Shree Krishna Securities Ltd.,50,1084.0,54200.0,2025-07-23 13:09:58.080999
2025-07-23,75079,2025072304031098,CGH,Nepal Stock House (PVT) Ltd.,Shree Krishna Securities Ltd.,70,1083.5,75845.0,2025-07-23 13:09:58.081149
2025-07-23,75078,2025072304031099,CGH,Primo Securities (PVT) Ltd.,Shree Krishna Securities Ltd.,100,1083.0,108300.0,2025-07-23 13:09:58.081303
2025-07-23,75077,2025072304031100,CGH,Sani Securities Company Ltd.,Shree Krishna Securities Ltd.,100,1083.0,108300.0,2025-07-23 13:09:58.081521
2025-07-23,75076,2025072304031101,CGH,Online Securities Pvt. Ltd.,Shree Krishna Securities Ltd.,200,1083.0,216600.0,2025-07-23 13:09:58.081685
2025-07-23,75075,2025072304031102,CGH,Naasa Securities Co. Ltd.,Shree Krishna Securities Ltd.,21,1082.5,22732.5,2025-07-23 13:09:58.081859
2025-07-23,74676,2025072304031234,CGH,Oxford Securities Pvt. Ltd.,Naasa Securities Co. Ltd.,20,1083.0,21660.0,2025-07-23 13:10:54.780399
2025-07-23,74675,2025072304031235,CGH,Indira securities pvt. ltd,Naasa Securities Co. Ltd.,10,1083.0,10830.0,2025-07-23 13:10:54.780745
2025-07-23,74469,2025072304031270,CGH,Dakshinkali Investment & Securities Pvt. Ltd.,Naasa Securities Co. Ltd.,20,1082.6,21652.0,2025-07-23 13:11:22.320400
2025-07-23,74267,2025072304031325,CGH,Dakshinkali Investment & Securities Pvt. Ltd.,Sani Securities Company Ltd.,10,1082.6,10826.0,2025-07-23 13:11:48.372946
2025-07-23,74266,2025072304031326,CGH,Naasa Securities Co. Ltd.,Sani Securities Company Ltd.,79,1082.5,85517.5,2025-07-23 13:11:48.373282
2025-07-23,74265,2025072304031327,CGH,Sundhara Securities Limited,Sani Securities Company Ltd.,50,1082.0,54100.0,2025-07-23 13:11:48.373426
2025-07-23,74264,2025072304031328,CGH,Indira securities pvt. ltd,Sani Securities Company Ltd.,460,1082.0,497720.0,2025-07-23 13:11:48.373554
2025-07-23,74263,2025072304031329,CGH,Dakshinkali Investment & Securities Pvt. Ltd.,Sani Securities Company Ltd.,401,1081.6,433721.6,2025-07-23 13:11:48.373697
2025-07-23,73356,2025072304031576,CGH,Sani Securities Company Ltd.,Kalika Securities Pvt. Ltd.,10,1082.1,10821.0,2025-07-23 13:13:28.287511
2025-07-23,73276,2025072304031608,CGH,Sani Securities Company Ltd.,Nepal Stock House (PVT) Ltd.,390,1082.1,422019.0,2025-07-23 13:13:41.446556
2025-07-23,73275,2025072304031609,CGH,Sani Securities Company Ltd.,Nepal Stock House (PVT) Ltd.,200,1082.1,216420.0,2025-07-23 13:13:41.446601
2025-07-23,73274,2025072304031610,CGH,Sani Securities Company Ltd.,Nepal Stock House (PVT) Ltd.,400,1082.0,432800.0,2025-07-23 13:13:41.446631
2025-07-23,71755,2025072304032031,CGH,Pragyan Securities (PVT) Ltd.,Online Securities Pvt. Ltd.,100,1085.0,108500.0,2025-07-23 13:16:26.676297
2025-07-23,71743,2025072304032035,CGH,South Asian Bulls Pvt. Ltd.,Premier Securities Company Ltd.,50,1083.0,54150.0,2025-07-23 13:16:29.437500
2025-07-23,71425,2025072304032138,CGH,South Asian Bulls Pvt. Ltd.,Dynamic Money Managers Securities Pvt. Ltd.,100,1083.0,108300.0,2025-07-23 13:17:07.936787
2025-07-23,71424,2025072304032139,CGH,South Asian Bulls Pvt. Ltd.,Dynamic Money Managers Securities Pvt. Ltd.,10,1083.0,10830.0,2025-07-23 13:17:07.937118
2025-07-23,71423,2025072304032140,CGH,Sundhara Securities Limited,Dynamic Money Managers Securities Pvt. Ltd.,100,1082.0,108200.0,2025-07-23 13:17:07.937257
2025-07-23,71422,2025072304032141,CGH,Dakshinkali Investment & Securities Pvt. Ltd.,Dynamic Money Managers Securities Pvt. Ltd.,599,1081.6,647878.4,2025-07-23 13:17:07.937401
2025-07-23,71421,2025072304032142,CGH,Online Securities Pvt. Ltd.,Dynamic Money Managers Securities Pvt. Ltd.,50,1081.5,54075.0,2025-07-23 13:17:07.937543
2025-07-23,71420,2025072304032143,CGH,Online Securities Pvt. Ltd.,Dynamic Money Managers Securities Pvt. Ltd.,10,1081.4,10814.0,2025-07-23 13:17:07.937682
2025-07-23,71419,2025072304032144,CGH,Online Securities Pvt. Ltd.,Dynamic Money Managers Securities Pvt. Ltd.,20,1081.3,21626.0,2025-07-23 13:17:07.937858
2025-07-23,71418,2025072304032145,CGH,Online Securities Pvt. Ltd.,Dynamic Money Managers Securities Pvt. Ltd.,10,1081.2,10812.0,2025-07-23 13:17:07.938021
2025-07-23,71417,2025072304032146,CGH,Nepal Stock House (PVT) Ltd.,Dynamic Money Managers Securities Pvt. Ltd.,90,1081.1,97299.0,2025-07-23 13:17:07.938201
2025-07-23,71416,2025072304032147,CGH,Nepal Stock House (PVT) Ltd.,Dynamic Money Managers Securities Pvt. Ltd.,30,1081.1,32433.0,2025-07-23 13:17:07.938382
2025-07-23,71093,2025072304032240,CGH,Nepal Stock House (PVT) Ltd.,Dakshinkali Investment & Securities Pvt. Ltd.,10,1083.0,10830.0,2025-07-23 13:17:50.479345
2025-07-23,70733,2025072304032356,CGH,Nepal Stock House (PVT) Ltd.,Nepal Stock House (PVT) Ltd.,25,1081.1,27027.5,2025-07-23 13:18:30.473925
2025-07-23,70346,2025072304032444,CGH,Neev Securities Pvt. Ltd.,J.F. Securites (PVT) Ltd.,10,1082.0,10820.0,2025-07-23 13:19:19.675308
2025-07-23,70094,2025072304032502,CGH,Sani Securities Company Ltd.,Naasa Securities Co. Ltd.,10,1085.0,10850.0,2025-07-23 13:19:54.594189
2025-07-23,69854,2025072304032554,CGH,Online Securities Pvt. Ltd.,Neev Securities Pvt. Ltd.,10,1082.0,10820.0,2025-07-23 13:20:24.025642
2025-07-23,69853,2025072304032555,CGH,Nepal Stock House (PVT) Ltd.,Neev Securities Pvt. Ltd.,7990,1082.0,8645180.0,2025-07-23 13:20:24.026254
2025-07-23,69483,2025072304032679,CGH,Cristal Kanchanjanga Securites Pvt. Ltd.,Siprabi Securities Pvt. Ltd.,10,1083.0,10830.0,2025-07-23 13:21:05.974227
2025-07-23,69036,2025072304032776,CGH,Cristal Kanchanjanga Securites Pvt. Ltd.,ABC Securities Private Limited,20,1083.0,21660.0,2025-07-23 13:22:04.913806
2025-07-23,68821,2025072304032838,CGH,Cristal Kanchanjanga Securites Pvt. Ltd.,Asian Securities Private Ltd.,270,1083.0,292410.0,2025-07-23 13:22:34.203431
2025-07-23,68820,2025072304032839,CGH,Nepal Stock House (PVT) Ltd.,Asian Securities Private Ltd.,10,1082.0,10820.0,2025-07-23 13:22:34.203533
2025-07-23,68819,2025072304032840,CGH,Imperial Securities Company Pvt. Ltd.,Asian Securities Private Ltd.,20,1081.3,21626.0,2025-07-23 13:22:34.203564
2025-07-23,68385,2025072304032955,CGH,Imperial Securities Company Pvt. Ltd.,Naasa Securities Co. Ltd.,80,1081.3,86504.0,2025-07-23 13:23:32.005795
2025-07-23,68076,2025072304033054,CGH,Premier Securities Company Ltd.,Asian Securities Private Ltd.,10,1083.0,10830.0,2025-07-23 13:24:15.346291
2025-07-23,67027,2025072304033333,CGH,Sani Securities Company Ltd.,Bhrikuti Stock Broking Co. Pvt. Ltd.,10,1084.9,10849.0,2025-07-23 13:26:27.954657
2025-07-23,67026,2025072304033334,CGH,Sani Securities Company Ltd.,Midas Stock Broking Company Private Limited,30,1084.9,32547.0,2025-07-23 13:26:27.954998
2025-07-23,66888,2025072304033375,CGH,Sani Securities Company Ltd.,Dipshikha Dhitopatra Karobar Co. Pvt Ltd.,10,1084.9,10849.0,2025-07-23 13:26:44.979403
2025-07-23,66754,2025072304033411,CGH,Nepal Stock House (PVT) Ltd.,Aryatara Investment & Securities,55,1085.0,59675.0,2025-07-23 13:27:02.090949
2025-07-23,66491,2025072304033478,CGH,Sani Securities Company Ltd.,Aryatara Investment & Securities,100,1085.0,108500.0,2025-07-23 13:27:42.830351
2025-07-23,65751,2025072304033654,CGH,Imperial Securities Company Pvt. Ltd.,Aryatara Investment & Securities,45,1085.0,48825.0,2025-07-23 13:29:15.512502
2025-07-23,65647,2025072304033681,CGH,Sundhara Securities Limited,Opal Securities Investment (PVT) Ltd.,70,1085.0,75950.0,2025-07-23 13:29:30.105735
2025-07-23,65048,2025072304033859,CGH,Sundhara Securities Limited,Deevyaa Securities & Stock House Pvt. Ltd,30,1085.0,32550.0,2025-07-23 13:30:35.240691
2025-07-23,65047,2025072304033860,CGH,Sundhara Securities Limited,Deevyaa Securities & Stock House Pvt. Ltd,80,1085.0,86800.0,2025-07-23 13:30:35.241032
2025-07-23,64985,2025072304033874,CGH,Sundhara Securities Limited,Naasa Securities Co. Ltd.,20,1085.0,21700.0,2025-07-23 13:30:44.569477
2025-07-23,64707,2025072304033936,CGH,Premier Securities Company Ltd.,Sani Securities Company Ltd.,55,1083.0,59565.0,2025-07-23 13:31:10.572504
2025-07-23,64453,2025072304034020,CGH,Premier Securities Company Ltd.,Primo Securities (PVT) Ltd.,10,1083.0,10830.0,2025-07-23 13:31:35.094003
2025-07-23,64209,2025072304034074,CGH,Kumari Securities Private Limited,Naasa Securities Co. Ltd.,10,1085.0,10850.0,2025-07-23 13:32:02.938175
2025-07-23,64208,2025072304034075,CGH,Kumari Securities Private Limited,Opal Securities Investment (PVT) Ltd.,80,1086.0,86880.0,2025-07-23 13:32:02.938224
2025-07-23,64207,2025072304034076,CGH,Kumari Securities Private Limited,Neev Securities Pvt. Ltd.,10,1086.0,10860.0,2025-07-23 13:32:02.938254
2025-07-23,64206,2025072304034077,CGH,Kumari Securities Private Limited,Investment Management Nepal Pvt. Ltd.,50,1086.9,54345.0,2025-07-23 13:32:02.938282
2025-07-23,64205,2025072304034078,CGH,Kumari Securities Private Limited,ABC Securities Private Limited,50,1087.0,54350.0,2025-07-23 13:32:02.938310
2025-07-23,64204,2025072304034079,CGH,Kumari Securities Private Limited,Nepal Stock House (PVT) Ltd.,100,1087.0,108700.0,2025-07-23 13:32:02.938345
2025-07-23,64203,2025072304034080,CGH,Kumari Securities Private Limited,Vision Securities Pvt. Ltd,80,1087.0,86960.0,2025-07-23 13:32:02.938367
2025-07-23,64202,2025072304034081,CGH,Kumari Securities Private Limited,KALASH STOCK MARKET PVT. LTD.,10,1087.0,10870.0,2025-07-23 13:32:02.938389
2025-07-23,64201,2025072304034082,CGH,Kumari Securities Private Limited,ABC Securities Private Limited,10,1088.0,10880.0,2025-07-23 13:32:02.938428
2025-07-23,63339,2025072304034319,CGH,Nepal Investment And Securities Trading Private Limited,Neev Securities Pvt. Ltd.,500,1084.0,542000.0,2025-07-23 13:33:30.379129
2025-07-23,63338,2025072304034320,CGH,Premier Securities Company Ltd.,Neev Securities Pvt. Ltd.,25,1083.0,27075.0,2025-07-23 13:33:30.379488
2025-07-23,63337,2025072304034321,CGH,Deevyaa Securities & Stock House Pvt. Ltd,Neev Securities Pvt. Ltd.,75,1083.0,81225.0,2025-07-23 13:33:30.379633
2025-07-23,61622,2025072304034713,CGH,Deevyaa Securities & Stock House Pvt. Ltd,Naasa Securities Co. Ltd.,125,1083.0,135375.0,2025-07-23 13:36:16.768202
2025-07-23,61487,2025072304034744,CGH,APPLE SECURITIES PRIVATE LIMITED,Naasa Securities Co. Ltd.,85,1082.0,91970.0,2025-07-23 13:36:31.241363
2025-07-23,60924,2025072304034883,CGH,Agrawal Securities (PVT) Ltd.,Market Securities & Exchange (PVT) Ltd.,380,1082.1,411198.0,2025-07-23 13:37:25.097777
2025-07-23,60774,2025072304034913,CGH,Agrawal Securities (PVT) Ltd.,Asian Securities Private Ltd.,10,1082.1,10821.0,2025-07-23 13:37:39.218408
2025-07-23,60560,2025072304034975,CGH,APPLE SECURITIES PRIVATE LIMITED,ABC Securities Private Limited,380,1082.0,411160.0,2025-07-23 13:37:57.619622
2025-07-23,60253,2025072304035049,CGH,APPLE SECURITIES PRIVATE LIMITED,Vision Securities Pvt. Ltd,100,1082.0,108200.0,2025-07-23 13:38:25.935672
2025-07-23,60177,2025072304035078,CGH,APPLE SECURITIES PRIVATE LIMITED,South Asian Bulls Pvt. Ltd.,17,1082.0,18394.0,2025-07-23 13:38:34.826702
2025-07-23,59632,2025072304035199,CGH,APPLE SECURITIES PRIVATE LIMITED,Premier Securities Company Ltd.,30,1082.0,32460.0,2025-07-23 13:39:38.454479
2025-07-23,59406,2025072304035254,CGH,APPLE SECURITIES PRIVATE LIMITED,Agrawal Securities (PVT) Ltd.,388,1082.0,419816.0,2025-07-23 13:40:02.616043
2025-07-23,59405,2025072304035255,CGH,Sani Securities Company Ltd.,Agrawal Securities (PVT) Ltd.,12,1082.0,12984.0,2025-07-23 13:40:02.616483
2025-07-23,59359,2025072304035267,CGH,Sani Securities Company Ltd.,Bhrikuti Stock Broking Co. Pvt. Ltd.,10,1082.0,10820.0,2025-07-23 13:40:06.906789
2025-07-23,58774,2025072304035390,CGH,Market Securities & Exchange (PVT) Ltd.,Siprabi Securities Pvt. Ltd.,10,1083.0,10830.0,2025-07-23 13:41:05.471705
2025-07-23,58773,2025072304035391,CGH,Market Securities & Exchange (PVT) Ltd.,Dipshikha Dhitopatra Karobar Co. Pvt Ltd.,390,1083.0,422370.0,2025-07-23 13:41:05.472399
2025-07-23,58738,2025072304035398,CGH,Agrawal Securities (PVT) Ltd.,Sundhara Securities Limited,1,1082.1,1082.1,2025-07-23 13:41:11.131610
2025-07-23,57614,2025072304035626,CGH,Kumari Securities Private Limited,Dipshikha Dhitopatra Karobar Co. Pvt Ltd.,10,1083.0,10830.0,2025-07-23 13:43:25.505714
2025-07-23,57613,2025072304035627,CGH,Kumari Securities Private Limited,Asian Securities Private Ltd.,50,1084.0,54200.0,2025-07-23 13:43:25.505767
2025-07-23,57612,2025072304035628,CGH,Kumari Securities Private Limited,Neev Securities Pvt. Ltd.,32,1084.9,34716.8,2025-07-23 13:43:25.505799
2025-07-23,56574,2025072304035922,CGH,Sani Securities Company Ltd.,Primo Securities (PVT) Ltd.,100,1082.1,108210.0,2025-07-23 13:45:08.906020
2025-07-23,56573,2025072304035923,CGH,Agrawal Securities (PVT) Ltd.,Primo Securities (PVT) Ltd.,500,1082.1,541050.0,2025-07-23 13:45:08.906708
2025-07-23,56572,2025072304035924,CGH,Sani Securities Company Ltd.,Primo Securities (PVT) Ltd.,78,1082.0,84396.0,2025-07-23 13:45:08.907146
2025-07-23,56571,2025072304035925,CGH,Sani Securities Company Ltd.,Primo Securities (PVT) Ltd.,100,1082.0,108200.0,2025-07-23 13:45:08.907570
2025-07-23,56499,2025072304035948,CGH,Sagarmatha Securities Private Limited,Primo Securities (PVT) Ltd.,50,1082.0,54100.0,2025-07-23 13:45:15.947486
2025-07-23,56374,2025072304035969,CGH,Capital Max Securities Ltd,Primo Securities (PVT) Ltd.,90,1082.0,97380.0,2025-07-23 13:45:27.040197
2025-07-23,56245,2025072304035998,CGH,Online Securities Pvt. Ltd.,Midas Stock Broking Company Private Limited,10,1081.2,10812.0,2025-07-23 13:45:40.527776
2025-07-23,55826,2025072304036093,CGH,Online Securities Pvt. Ltd.,Dipshikha Dhitopatra Karobar Co. Pvt Ltd.,90,1081.2,97308.0,2025-07-23 13:46:15.075770
2025-07-23,55825,2025072304036094,CGH,Deevyaa Securities & Stock House Pvt. Ltd,Dipshikha Dhitopatra Karobar Co. Pvt Ltd.,100,1081.1,108110.0,2025-07-23 13:46:15.076424
2025-07-23,55824,2025072304036095,CGH,Shree Krishna Securities Ltd.,Dipshikha Dhitopatra Karobar Co. Pvt Ltd.,50,1081.1,54055.0,2025-07-23 13:46:15.076944
2025-07-23,55823,2025072304036096,CGH,Nepal Stock House (PVT) Ltd.,Dipshikha Dhitopatra Karobar Co. Pvt Ltd.,160,1081.1,172976.0,2025-07-23 13:46:15.077463
2025-07-23,54903,2025072304036341,CGH,Neev Securities Pvt. Ltd.,Sani Securities Company Ltd.,100,1081.2,108120.0,2025-07-23 13:47:32.308474
2025-07-23,54886,2025072304036348,CGH,Neev Securities Pvt. Ltd.,Sweta Securities Private Limited,100,1081.2,108120.0,2025-07-23 13:47:34.469547
2025-07-23,54536,2025072304036412,CGH,Sani Securities Company Ltd.,Naasa Securities Co. Ltd.,10,1081.2,10812.0,2025-07-23 13:48:08.474350
2025-07-23,54257,2025072304036514,CGH,Sani Securities Company Ltd.,Dipshikha Dhitopatra Karobar Co. Pvt Ltd.,40,1081.2,43248.0,2025-07-23 13:48:31.789009
2025-07-23,54256,2025072304036515,CGH,Nepal Stock House (PVT) Ltd.,Dipshikha Dhitopatra Karobar Co. Pvt Ltd.,35,1081.1,37838.5,2025-07-23 13:48:31.789388
2025-07-23,54255,2025072304036516,CGH,Indira securities pvt. ltd,Dipshikha Dhitopatra Karobar Co. Pvt Ltd.,105,1081.1,113515.5,2025-07-23 13:48:31.789700
2025-07-23,54052,2025072304036583,CGH,Siprabi Securities Pvt. Ltd.,South Asian Bulls Pvt. Ltd.,50,1081.9,54095.0,2025-07-23 13:48:50.230025
2025-07-23,54044,2025072304036585,CGH,Indira securities pvt. ltd,Linch Stock Market Ltd.,95,1081.1,102704.5,2025-07-23 13:48:51.192427
2025-07-23,54043,2025072304036586,CGH,Sri Hari Securities Pvt. Ltd.,Linch Stock Market Ltd.,300,1081.0,324300.0,2025-07-23 13:48:51.192780
2025-07-23,53411,2025072304036843,CGH,Himalayan Brokerage Company Limited,Premier Securities Company Ltd.,50,1081.0,54050.0,2025-07-23 13:49:36.929659
