Date,S.N.,contract_id,symbol,buyer_broker,seller_broker,volume,price,amount,transaction_time
2025-07-23,168900,2025072305000489,CHDC,Sumeru Securities Pvt. Ltd.,Vision Securities Pvt. Ltd,12,2811.0,33732.0,2025-07-23 11:02:17.434488
2025-07-23,166928,2025072305000969,CHDC,KALASH STOCK MARKET PVT. LTD.,Opal Securities Investment (PVT) Ltd.,12,2827.0,33924.0,2025-07-23 11:04:52.523134
2025-07-23,166532,2025072305001074,CHDC,Trishakti Securities Public Limited,Sani Securities Company Ltd.,50,2840.0,142000.0,2025-07-23 11:05:22.304102
2025-07-23,166251,2025072305001158,CHDC,KALASH STOCK MARKET PVT. LTD.,Kohinoor Investment & Securities Pvt. Ltd.,12,2827.0,33924.0,2025-07-23 11:05:38.101795
2025-07-23,165779,2025072305001268,CHDC,Sumeru Securities Pvt. Ltd.,Bhrikuti Stock Broking Co. Pvt. Ltd.,13,2841.0,36933.0,2025-07-23 11:06:14.064696
2025-07-23,165725,2025072305001284,CHDC,KALASH STOCK MARKET PVT. LTD.,Secured Securities Ltd.,100,2830.1,283010.0,2025-07-23 11:06:17.258444
2025-07-23,165572,2025072305001324,CHDC,Miyo Securities Pvt Ltd,Midas Stock Broking Company Private Limited,12,2830.0,33960.0,2025-07-23 11:06:28.893258
2025-07-23,165389,2025072305001366,CHDC,R.B.B. Securities Company Ltd,Aryatara Investment & Securities,200,2844.0,568800.0,2025-07-23 11:06:39.787681
2025-07-23,164871,2025072305001481,CHDC,Vision Securities Pvt. Ltd,Aryatara Investment & Securities,300,2844.0,853200.0,2025-07-23 11:07:16.306271
2025-07-23,164209,2025072305001630,CHDC,Miyo Securities Pvt Ltd,Dynamic Money Managers Securities Pvt. Ltd.,12,2845.0,34140.0,2025-07-23 11:07:59.589746
2025-07-23,164208,2025072305001631,CHDC,Miyo Securities Pvt Ltd,Aryatara Investment & Securities,12,2845.0,34140.0,2025-07-23 11:07:59.589824
2025-07-23,163528,2025072305001821,CHDC,Sumeru Securities Pvt. Ltd.,Kumari Securities Private Limited,11,2854.0,31394.0,2025-07-23 11:08:47.933692
2025-07-23,163224,2025072305001897,CHDC,Vision Securities Pvt. Ltd,ABC Securities Private Limited,31,2855.0,88505.0,2025-07-23 11:09:09.101981
2025-07-23,163223,2025072305001898,CHDC,Vision Securities Pvt. Ltd,ABC Securities Private Limited,100,2855.0,285500.0,2025-07-23 11:09:09.102075
2025-07-23,163222,2025072305001899,CHDC,Vision Securities Pvt. Ltd,Magnet Securities and Investment Company Private Limited,200,2859.0,571800.0,2025-07-23 11:09:09.102113
2025-07-23,163221,2025072305001900,CHDC,Vision Securities Pvt. Ltd,Elite Stock House Limited,500,2860.0,1430000.0,2025-07-23 11:09:09.102211
2025-07-23,163220,2025072305001901,CHDC,Vision Securities Pvt. Ltd,Asian Securities Private Ltd.,50,2860.0,143000.0,2025-07-23 11:09:09.102251
2025-07-23,163219,2025072305001902,CHDC,Vision Securities Pvt. Ltd,Trademow Securities Private Limited,40,2860.0,114400.0,2025-07-23 11:09:09.208501
2025-07-23,163022,2025072305001955,CHDC,Sani Securities Company Ltd.,ABC Securities Private Limited,10,2867.2,28672.0,2025-07-23 11:09:22.379256
2025-07-23,162971,2025072305001974,CHDC,Bhrikuti Stock Broking Co. Pvt. Ltd.,ABC Securities Private Limited,40,2867.2,114688.0,2025-07-23 11:09:28.198106
2025-07-23,162869,2025072305001997,CHDC,Miyo Securities Pvt Ltd,Naasa Securities Co. Ltd.,50,2879.0,143950.0,2025-07-23 11:09:35.158477
2025-07-23,162686,2025072305002047,CHDC,Bhrikuti Stock Broking Co. Pvt. Ltd.,S.P.S.A. Securities Limited,50,2880.0,144000.0,2025-07-23 11:09:48.359888
2025-07-23,162685,2025072305002048,CHDC,Bhrikuti Stock Broking Co. Pvt. Ltd.,Hatemalo Financial Services Private Limited,20,2880.0,57600.0,2025-07-23 11:09:48.359967
2025-07-23,162684,2025072305002049,CHDC,Bhrikuti Stock Broking Co. Pvt. Ltd.,Opal Securities Investment (PVT) Ltd.,10,2880.0,28800.0,2025-07-23 11:09:48.360010
2025-07-23,162662,2025072305002058,CHDC,Miyo Securities Pvt Ltd,Naasa Securities Co. Ltd.,12,2880.0,34560.0,2025-07-23 11:09:49.937288
2025-07-23,162661,2025072305002059,CHDC,Miyo Securities Pvt Ltd,Opal Securities Investment (PVT) Ltd.,2,2880.0,5760.0,2025-07-23 11:09:49.937425
2025-07-23,162228,2025072305002214,CHDC,Sundhara Securities Limited,Machhapuchchhre Securities Limited,50,2867.2,143360.0,2025-07-23 11:10:15.097243
2025-07-23,161636,2025072305002360,CHDC,Sundhara Securities Limited,Kalika Securities Pvt. Ltd.,13,2844.0,36972.0,2025-07-23 11:10:56.253964
2025-07-23,161256,2025072305002467,CHDC,Sundhara Securities Limited,Cristal Kanchanjanga Securites Pvt. Ltd.,37,2844.0,105228.0,2025-07-23 11:11:15.955393
2025-07-23,160911,2025072305002566,CHDC,Vision Securities Pvt. Ltd,South Asian Bulls Pvt. Ltd.,250,2840.0,710000.0,2025-07-23 11:11:33.220419
2025-07-23,160910,2025072305002567,CHDC,Sweta Securities Private Limited,South Asian Bulls Pvt. Ltd.,150,2840.0,426000.0,2025-07-23 11:11:33.220492
2025-07-23,160795,2025072305002606,CHDC,Sweta Securities Private Limited,Dipshikha Dhitopatra Karobar Co. Pvt Ltd.,50,2840.0,142000.0,2025-07-23 11:11:41.902415
2025-07-23,160792,2025072305002608,CHDC,Sweta Securities Private Limited,Cristal Kanchanjanga Securites Pvt. Ltd.,50,2844.0,142200.0,2025-07-23 11:11:42.098540
2025-07-23,160609,2025072305002657,CHDC,Investment Management Nepal Pvt. Ltd.,Cristal Kanchanjanga Securites Pvt. Ltd.,100,2844.0,284400.0,2025-07-23 11:11:54.031382
2025-07-23,160528,2025072305002691,CHDC,Miyo Securities Pvt Ltd,Cristal Kanchanjanga Securites Pvt. Ltd.,113,2844.0,321372.0,2025-07-23 11:11:58.162132
2025-07-23,160358,2025072305002731,CHDC,Miyo Securities Pvt Ltd,SUN SECURITIES PVT LTD,50,2844.0,142200.0,2025-07-23 11:12:11.256222
2025-07-23,160032,2025072305002824,CHDC,Himalayan Brokerage Company Limited,Siprabi Securities Pvt. Ltd.,50,2845.0,142250.0,2025-07-23 11:12:31.510609
2025-07-23,159951,2025072305002845,CHDC,Sumeru Securities Pvt. Ltd.,SUN SECURITIES PVT LTD,50,2832.0,141600.0,2025-07-23 11:12:36.556184
2025-07-23,159950,2025072305002846,CHDC,KALASH STOCK MARKET PVT. LTD.,SUN SECURITIES PVT LTD,70,2832.0,198240.0,2025-07-23 11:12:36.556288
2025-07-23,159949,2025072305002847,CHDC,KALASH STOCK MARKET PVT. LTD.,SUN SECURITIES PVT LTD,30,2831.1,84933.0,2025-07-23 11:12:36.556337
2025-07-23,159346,2025072305002991,CHDC,KALASH STOCK MARKET PVT. LTD.,Dipshikha Dhitopatra Karobar Co. Pvt Ltd.,14,2831.1,39635.4,2025-07-23 11:13:13.344946
2025-07-23,159262,2025072305003014,CHDC,KALASH STOCK MARKET PVT. LTD.,Midas Stock Broking Company Private Limited,56,2831.1,158541.6,2025-07-23 11:13:17.047656
2025-07-23,159261,2025072305003015,CHDC,Sumeru Securities Pvt. Ltd.,Midas Stock Broking Company Private Limited,44,2831.1,124568.4,2025-07-23 11:13:17.047855
2025-07-23,159018,2025072305003049,CHDC,Sumeru Securities Pvt. Ltd.,SUN SECURITIES PVT LTD,56,2831.1,158541.6,2025-07-23 11:13:27.729565
2025-07-23,159017,2025072305003050,CHDC,Sumeru Securities Pvt. Ltd.,SUN SECURITIES PVT LTD,50,2831.0,141550.0,2025-07-23 11:13:27.729679
2025-07-23,159016,2025072305003051,CHDC,Online Securities Pvt. Ltd.,SUN SECURITIES PVT LTD,30,2831.0,84930.0,2025-07-23 11:13:27.729722
2025-07-23,158374,2025072305003204,CHDC,KALASH STOCK MARKET PVT. LTD.,INDEX SECURITIES LIMITED,276,2827.0,780252.0,2025-07-23 11:14:01.487034
2025-07-23,158373,2025072305003205,CHDC,Sweta Securities Private Limited,INDEX SECURITIES LIMITED,50,2826.1,141305.0,2025-07-23 11:14:01.487078
2025-07-23,158372,2025072305003206,CHDC,KALASH STOCK MARKET PVT. LTD.,INDEX SECURITIES LIMITED,200,2826.0,565200.0,2025-07-23 11:14:01.487115
2025-07-23,158371,2025072305003207,CHDC,KALASH STOCK MARKET PVT. LTD.,INDEX SECURITIES LIMITED,200,2821.0,564200.0,2025-07-23 11:14:01.487154
2025-07-23,158370,2025072305003208,CHDC,Sumeru Securities Pvt. Ltd.,INDEX SECURITIES LIMITED,38,2811.0,106818.0,2025-07-23 11:14:01.487186
2025-07-23,158369,2025072305003209,CHDC,Online Securities Pvt. Ltd.,INDEX SECURITIES LIMITED,25,2811.0,70275.0,2025-07-23 11:14:01.487230
2025-07-23,158368,2025072305003210,CHDC,Primo Securities (PVT) Ltd.,INDEX SECURITIES LIMITED,50,2810.0,140500.0,2025-07-23 11:14:01.487256
2025-07-23,158367,2025072305003211,CHDC,Sweta Securities Private Limited,INDEX SECURITIES LIMITED,200,2810.0,562000.0,2025-07-23 11:14:01.487286
2025-07-23,158366,2025072305003212,CHDC,Asian Securities Private Ltd.,INDEX SECURITIES LIMITED,20,2801.0,56020.0,2025-07-23 11:14:01.487332
2025-07-23,158365,2025072305003213,CHDC,Sundhara Securities Limited,INDEX SECURITIES LIMITED,200,2800.0,560000.0,2025-07-23 11:14:01.487359
2025-07-23,158364,2025072305003214,CHDC,J.F. Securites (PVT) Ltd.,INDEX SECURITIES LIMITED,100,2800.0,280000.0,2025-07-23 11:14:01.487396
2025-07-23,158363,2025072305003215,CHDC,Prabhu Stock Market Limited,INDEX SECURITIES LIMITED,100,2800.0,280000.0,2025-07-23 11:14:01.487430
2025-07-23,158362,2025072305003216,CHDC,Investment Management Nepal Pvt. Ltd.,INDEX SECURITIES LIMITED,10,2800.0,28000.0,2025-07-23 11:14:01.487460
2025-07-23,158361,2025072305003217,CHDC,Vision Securities Pvt. Ltd,INDEX SECURITIES LIMITED,20,2791.0,55820.0,2025-07-23 11:14:01.487485
2025-07-23,158360,2025072305003218,CHDC,Opal Securities Investment (PVT) Ltd.,INDEX SECURITIES LIMITED,100,2790.0,279000.0,2025-07-23 11:14:01.487509
2025-07-23,158359,2025072305003219,CHDC,Deevyaa Securities & Stock House Pvt. Ltd,INDEX SECURITIES LIMITED,150,2790.0,418500.0,2025-07-23 11:14:01.487538
2025-07-23,158358,2025072305003220,CHDC,Sumeru Securities Pvt. Ltd.,INDEX SECURITIES LIMITED,100,2790.0,279000.0,2025-07-23 11:14:01.487560
2025-07-23,158357,2025072305003221,CHDC,Vision Securities Pvt. Ltd,INDEX SECURITIES LIMITED,20,2781.0,55620.0,2025-07-23 11:14:01.487587
2025-07-23,158356,2025072305003222,CHDC,Imperial Securities Company Pvt. Ltd.,INDEX SECURITIES LIMITED,141,2775.0,391275.0,2025-07-23 11:14:01.487609
2025-07-23,157553,2025072305003416,CHDC,Citizens Share Broker Limited,Midas Stock Broking Company Private Limited,1,2754.8,2754.8,2025-07-23 11:14:46.697810
2025-07-23,155272,2025072305004023,CHDC,Citizens Share Broker Limited,Aryatara Investment & Securities,1,2777.0,2777.0,2025-07-23 11:16:46.708720
2025-07-23,154461,2025072305004248,CHDC,Sani Securities Company Ltd.,Dipshikha Dhitopatra Karobar Co. Pvt Ltd.,10,2800.0,28000.0,2025-07-23 11:17:33.050539
2025-07-23,153803,2025072305004425,CHDC,Citizens Share Broker Limited,Cristal Kanchanjanga Securites Pvt. Ltd.,1,2775.0,2775.0,2025-07-23 11:18:07.852033
2025-07-23,153139,2025072305004638,CHDC,INDEX SECURITIES LIMITED,Online Securities Pvt. Ltd.,12,2810.0,33720.0,2025-07-23 11:18:44.690854
2025-07-23,152925,2025072305004696,CHDC,INDEX SECURITIES LIMITED,Sumeru Securities Pvt. Ltd.,59,2810.0,165790.0,2025-07-23 11:18:57.774118
2025-07-23,152924,2025072305004697,CHDC,Sumeru Securities Pvt. Ltd.,Sumeru Securities Pvt. Ltd.,959,2802.0,2687118.0,2025-07-23 11:18:57.774373
2025-07-23,152768,2025072305004742,CHDC,Sumeru Securities Pvt. Ltd.,Imperial Securities Company Pvt. Ltd.,12,2802.0,33624.0,2025-07-23 11:19:08.418058
2025-07-23,152727,2025072305004758,CHDC,Citizens Share Broker Limited,J.F. Securites (PVT) Ltd.,1,2790.0,2790.0,2025-07-23 11:19:11.469372
2025-07-23,152594,2025072305004790,CHDC,Citizens Share Broker Limited,Linch Stock Market Ltd.,1,2800.0,2800.0,2025-07-23 11:19:20.047495
2025-07-23,152499,2025072305004819,CHDC,Capital Max Securities Ltd,SUN SECURITIES PVT LTD,64,2803.0,179392.0,2025-07-23 11:19:24.823946
2025-07-23,152412,2025072305004857,CHDC,Citizens Share Broker Limited,Aryatara Investment & Securities,1,2800.0,2800.0,2025-07-23 11:19:28.840200
2025-07-23,151932,2025072305005058,CHDC,Capital Max Securities Ltd,Cristal Kanchanjanga Securites Pvt. Ltd.,36,2807.0,101052.0,2025-07-23 11:19:48.620508
2025-07-23,151931,2025072305005059,CHDC,KALASH STOCK MARKET PVT. LTD.,Cristal Kanchanjanga Securites Pvt. Ltd.,100,2806.0,280600.0,2025-07-23 11:19:48.620629
2025-07-23,151930,2025072305005060,CHDC,ABC Securities Private Limited,Cristal Kanchanjanga Securites Pvt. Ltd.,164,2805.0,460020.0,2025-07-23 11:19:48.620704
2025-07-23,151646,2025072305005213,CHDC,Himalayan Securities Limited,Cristal Kanchanjanga Securites Pvt. Ltd.,120,2828.0,339360.0,2025-07-23 11:19:54.484678
2025-07-23,151645,2025072305005214,CHDC,Himalayan Securities Limited,Siprabi Securities Pvt. Ltd.,330,2828.0,933240.0,2025-07-23 11:19:54.484798
2025-07-23,151344,2025072305005270,CHDC,Citizens Share Broker Limited,Sani Securities Company Ltd.,1,2790.0,2790.0,2025-07-23 11:20:08.392090
2025-07-23,151192,2025072305005301,CHDC,Citizens Share Broker Limited,Sri Hari Securities Pvt. Ltd.,1,2790.0,2790.0,2025-07-23 11:20:13.140896
2025-07-23,150832,2025072305005409,CHDC,Citizens Share Broker Limited,Imperial Securities Company Pvt. Ltd.,2,2800.0,5600.0,2025-07-23 11:20:24.951955
2025-07-23,150745,2025072305005433,CHDC,Agrawal Securities (PVT) Ltd.,Trisul Securities & Invt. Ltd.,120,2829.0,339480.0,2025-07-23 11:20:29.168294
2025-07-23,150744,2025072305005434,CHDC,Agrawal Securities (PVT) Ltd.,Secured Securities Ltd.,50,2830.0,141500.0,2025-07-23 11:20:29.168453
2025-07-23,150743,2025072305005435,CHDC,Agrawal Securities (PVT) Ltd.,Siprabi Securities Pvt. Ltd.,200,2845.0,569000.0,2025-07-23 11:20:29.168516
2025-07-23,150742,2025072305005436,CHDC,Agrawal Securities (PVT) Ltd.,J.F. Securites (PVT) Ltd.,12,2850.0,34200.0,2025-07-23 11:20:29.168598
2025-07-23,150741,2025072305005437,CHDC,Agrawal Securities (PVT) Ltd.,Capital Max Securities Ltd,118,2850.0,336300.0,2025-07-23 11:20:29.168652
2025-07-23,149773,2025072305005708,CHDC,Imperial Securities Company Pvt. Ltd.,Capital Max Securities Ltd,25,2850.0,71250.0,2025-07-23 11:21:06.134984
2025-07-23,149684,2025072305005725,CHDC,Agrawal Securities (PVT) Ltd.,Capital Max Securities Ltd,500,2850.0,1425000.0,2025-07-23 11:21:09.670976
2025-07-23,148049,2025072305006186,CHDC,Agrawal Securities (PVT) Ltd.,Trisul Securities & Invt. Ltd.,10,2849.0,28490.0,2025-07-23 11:22:04.431245
2025-07-23,148048,2025072305006187,CHDC,Agrawal Securities (PVT) Ltd.,Capital Max Securities Ltd,357,2850.0,1017450.0,2025-07-23 11:22:04.431380
2025-07-23,148047,2025072305006188,CHDC,Agrawal Securities (PVT) Ltd.,Naasa Securities Co. Ltd.,12,2850.0,34200.0,2025-07-23 11:22:04.431442
2025-07-23,148046,2025072305006189,CHDC,Agrawal Securities (PVT) Ltd.,Sundhara Securities Limited,15,2850.0,42750.0,2025-07-23 11:22:04.431505
2025-07-23,148045,2025072305006190,CHDC,Agrawal Securities (PVT) Ltd.,Trishakti Securities Public Limited,12,2850.0,34200.0,2025-07-23 11:22:04.431561
2025-07-23,148044,2025072305006191,CHDC,Agrawal Securities (PVT) Ltd.,Trisul Securities & Invt. Ltd.,94,2850.0,267900.0,2025-07-23 11:22:04.431612
2025-07-23,147808,2025072305006262,CHDC,Linch Stock Market Ltd.,Trisul Securities & Invt. Ltd.,186,2850.0,530100.0,2025-07-23 11:22:15.041388
2025-07-23,147551,2025072305006315,CHDC,Linch Stock Market Ltd.,J.F. Securites (PVT) Ltd.,100,2856.0,285600.0,2025-07-23 11:22:22.119771
2025-07-23,146581,2025072305006558,CHDC,Linch Stock Market Ltd.,Naasa Securities Co. Ltd.,12,2831.0,33972.0,2025-07-23 11:22:58.074069
2025-07-23,145127,2025072305007096,CHDC,Linch Stock Market Ltd.,Neev Securities Pvt. Ltd.,12,2858.0,34296.0,2025-07-23 11:24:01.510297
2025-07-23,144976,2025072305007130,CHDC,Linch Stock Market Ltd.,J.F. Securites (PVT) Ltd.,10,2860.0,28600.0,2025-07-23 11:24:09.682439
2025-07-23,143852,2025072305007330,CHDC,Linch Stock Market Ltd.,Sani Securities Company Ltd.,10,2860.0,28600.0,2025-07-23 11:25:06.296084
2025-07-23,142897,2025072305007542,CHDC,Linch Stock Market Ltd.,Nepal Stock House (PVT) Ltd.,100,2866.0,286600.0,2025-07-23 11:26:02.434746
2025-07-23,141914,2025072305007734,CHDC,Trishakti Securities Public Limited,Thrive Brokerage House Pvt. Ltd,40,2866.5,114660.0,2025-07-23 11:26:54.486517
2025-07-23,141843,2025072305007752,CHDC,Linch Stock Market Ltd.,Midas Stock Broking Company Private Limited,10,2865.0,28650.0,2025-07-23 11:26:57.061506
2025-07-23,141017,2025072305007914,CHDC,Sumeru Securities Pvt. Ltd.,Secured Securities Ltd.,100,2864.0,286400.0,2025-07-23 11:27:45.813046
2025-07-23,140557,2025072305008001,CHDC,Sumeru Securities Pvt. Ltd.,Investment Management Nepal Pvt. Ltd.,106,2863.0,303478.0,2025-07-23 11:28:13.467189
2025-07-23,139676,2025072305008172,CHDC,Agrawal Securities (PVT) Ltd.,Imperial Securities Company Pvt. Ltd.,12,2864.0,34368.0,2025-07-23 11:29:13.120259
2025-07-23,139675,2025072305008173,CHDC,Agrawal Securities (PVT) Ltd.,Thrive Brokerage House Pvt. Ltd,10,2864.5,28645.0,2025-07-23 11:29:13.120565
2025-07-23,139674,2025072305008174,CHDC,Agrawal Securities (PVT) Ltd.,Cristal Kanchanjanga Securites Pvt. Ltd.,79,2865.0,226335.0,2025-07-23 11:29:13.120759
2025-07-23,139407,2025072305008239,CHDC,Sumeru Securities Pvt. Ltd.,NIMB Stock Markets Limited,100,2864.0,286400.0,2025-07-23 11:29:31.451665
2025-07-23,139406,2025072305008240,CHDC,Sumeru Securities Pvt. Ltd.,Cristal Kanchanjanga Securites Pvt. Ltd.,131,2865.0,375315.0,2025-07-23 11:29:31.451836
2025-07-23,139125,2025072305008294,CHDC,Sumeru Securities Pvt. Ltd.,Himalayan Brokerage Company Limited,100,2860.0,286000.0,2025-07-23 11:29:48.917008
2025-07-23,138983,2025072305008342,CHDC,Sumeru Securities Pvt. Ltd.,Himalayan Brokerage Company Limited,400,2860.0,1144000.0,2025-07-23 11:29:59.749034
2025-07-23,138172,2025072305008548,CHDC,Linch Stock Market Ltd.,Sumeru Securities Pvt. Ltd.,40,2846.0,113840.0,2025-07-23 11:30:56.406773
2025-07-23,138171,2025072305008549,CHDC,INDEX SECURITIES LIMITED,Sumeru Securities Pvt. Ltd.,30,2846.0,85380.0,2025-07-23 11:30:56.406839
2025-07-23,138170,2025072305008550,CHDC,Nagarik Stock Dealer ,Sumeru Securities Pvt. Ltd.,30,2845.0,85350.0,2025-07-23 11:30:56.406867
2025-07-23,135361,2025072305009115,CHDC,Vision Securities Pvt. Ltd,Nepal Stock House (PVT) Ltd.,100,2848.0,284800.0,2025-07-23 11:34:00.753463
2025-07-23,135360,2025072305009116,CHDC,Nagarik Stock Dealer ,Nepal Stock House (PVT) Ltd.,70,2847.0,199290.0,2025-07-23 11:34:00.753626
2025-07-23,135359,2025072305009117,CHDC,Kumari Securities Private Limited,Nepal Stock House (PVT) Ltd.,100,2846.0,284600.0,2025-07-23 11:34:00.753705
2025-07-23,135358,2025072305009118,CHDC,Hatemalo Financial Services Private Limited,Nepal Stock House (PVT) Ltd.,10,2845.0,28450.0,2025-07-23 11:34:00.753789
2025-07-23,135142,2025072305009173,CHDC,Aryatara Investment & Securities,Nepal Stock House (PVT) Ltd.,100,2841.1,284110.0,2025-07-23 11:34:13.702496
2025-07-23,135141,2025072305009174,CHDC,Hatemalo Financial Services Private Limited,Nepal Stock House (PVT) Ltd.,20,2841.0,56820.0,2025-07-23 11:34:13.702672
2025-07-23,134862,2025072305009231,CHDC,Hatemalo Financial Services Private Limited,NIMB Stock Markets Limited,80,2841.0,227280.0,2025-07-23 11:34:26.728870
2025-07-23,133469,2025072305009547,CHDC,Sundhara Securities Limited,NIMB Stock Markets Limited,20,2840.0,56800.0,2025-07-23 11:35:44.876132
2025-07-23,133333,2025072305009567,CHDC,Citizens Share Broker Limited,Dipshikha Dhitopatra Karobar Co. Pvt Ltd.,1,2788.1,2788.1,2025-07-23 11:35:52.181856
2025-07-23,133326,2025072305009568,CHDC,Sundhara Securities Limited,Kumari Securities Private Limited,12,2840.0,34080.0,2025-07-23 11:35:52.767609
2025-07-23,133152,2025072305009617,CHDC,Sundhara Securities Limited,INDEX SECURITIES LIMITED,65,2840.0,184600.0,2025-07-23 11:36:01.888042
2025-07-23,132575,2025072305009728,CHDC,Kohinoor Investment & Securities Pvt. Ltd.,INDEX SECURITIES LIMITED,35,2840.0,99400.0,2025-07-23 11:36:39.157741
2025-07-23,132167,2025072305009786,CHDC,Aryatara Investment & Securities,Imperial Securities Company Pvt. Ltd.,100,2836.0,283600.0,2025-07-23 11:37:08.649784
2025-07-23,132166,2025072305009787,CHDC,Linch Stock Market Ltd.,Imperial Securities Company Pvt. Ltd.,76,2835.0,215460.0,2025-07-23 11:37:08.649962
2025-07-23,132003,2025072305009807,CHDC,Linch Stock Market Ltd.,Kumari Securities Private Limited,24,2835.0,68040.0,2025-07-23 11:37:20.951941
2025-07-23,132002,2025072305009808,CHDC,Linch Stock Market Ltd.,Kumari Securities Private Limited,100,2834.0,283400.0,2025-07-23 11:37:20.952109
2025-07-23,132001,2025072305009809,CHDC,Linch Stock Market Ltd.,Kumari Securities Private Limited,100,2833.0,283300.0,2025-07-23 11:37:20.952182
2025-07-23,132000,2025072305009810,CHDC,Elite Stock House Limited,Kumari Securities Private Limited,150,2833.0,424950.0,2025-07-23 11:37:20.952252
2025-07-23,131999,2025072305009811,CHDC,Elite Stock House Limited,Kumari Securities Private Limited,150,2833.0,424950.0,2025-07-23 11:37:20.952327
2025-07-23,131998,2025072305009812,CHDC,Vision Securities Pvt. Ltd,Kumari Securities Private Limited,100,2832.0,283200.0,2025-07-23 11:37:20.952393
2025-07-23,131997,2025072305009813,CHDC,Premier Securities Company Ltd.,Kumari Securities Private Limited,378,2832.0,1070496.0,2025-07-23 11:37:20.952460
2025-07-23,131383,2025072305009943,CHDC,Linch Stock Market Ltd.,Naasa Securities Co. Ltd.,88,2831.0,249128.0,2025-07-23 11:38:05.407288
2025-07-23,131382,2025072305009944,CHDC,Premier Securities Company Ltd.,Naasa Securities Co. Ltd.,252,2830.0,713160.0,2025-07-23 11:38:05.407516
2025-07-23,131380,2025072305009945,CHDC,Premier Securities Company Ltd.,BHOLE GANESH SECURITIES LTD,10,2830.0,28300.0,2025-07-23 11:38:05.798967
2025-07-23,129648,2025072305010330,CHDC,Citizens Share Broker Limited,Secured Securities Ltd.,1,2775.0,2775.0,2025-07-23 11:40:23.895614
2025-07-23,129582,2025072305010348,CHDC,Citizens Share Broker Limited,Kohinoor Investment & Securities Pvt. Ltd.,1,2800.0,2800.0,2025-07-23 11:40:30.235496
2025-07-23,129132,2025072305010473,CHDC,Vision Securities Pvt. Ltd,Online Securities Pvt. Ltd.,12,2845.0,34140.0,2025-07-23 11:41:14.424738
2025-07-23,128802,2025072305010540,CHDC,Citizens Share Broker Limited,Opal Securities Investment (PVT) Ltd.,2,2800.0,5600.0,2025-07-23 11:41:46.890443
2025-07-23,128721,2025072305010545,CHDC,Citizens Share Broker Limited,Thrive Brokerage House Pvt. Ltd,2,2800.0,5600.0,2025-07-23 11:41:52.794948
2025-07-23,128636,2025072305010564,CHDC,Trishakti Securities Public Limited,SHUBHAKAMANA SECURITIES PVT. LTD,10,2848.0,28480.0,2025-07-23 11:41:58.112034
2025-07-23,128635,2025072305010565,CHDC,Trishakti Securities Public Limited,KALASH STOCK MARKET PVT. LTD.,12,2850.0,34200.0,2025-07-23 11:41:58.112199
2025-07-23,128453,2025072305010595,CHDC,Vision Securities Pvt. Ltd,Asian Securities Private Ltd.,12,2858.0,34296.0,2025-07-23 11:42:12.961241
2025-07-23,128452,2025072305010596,CHDC,Vision Securities Pvt. Ltd,Asian Securities Private Ltd.,40,2859.0,114360.0,2025-07-23 11:42:12.961455
2025-07-23,128451,2025072305010597,CHDC,Vision Securities Pvt. Ltd,Vision Securities Pvt. Ltd,448,2860.0,1281280.0,2025-07-23 11:42:12.961529
2025-07-23,127561,2025072305010823,CHDC,Vision Securities Pvt. Ltd,Nepal Stock House (PVT) Ltd.,60,2859.0,171540.0,2025-07-23 11:43:31.636364
2025-07-23,125521,2025072305011291,CHDC,Citizens Share Broker Limited,Oxford Securities Pvt. Ltd.,1,2803.0,2803.0,2025-07-23 11:46:24.791103
2025-07-23,125457,2025072305011302,CHDC,Citizens Share Broker Limited,Sharepro Securities Private Limited,1,2805.0,2805.0,2025-07-23 11:46:30.750126
2025-07-23,124716,2025072305011447,CHDC,Vision Securities Pvt. Ltd,Deevyaa Securities & Stock House Pvt. Ltd,12,2840.0,34080.0,2025-07-23 11:47:27.516102
2025-07-23,122621,2025072305011953,CHDC,Sharepro Securities Private Limited,Deevyaa Securities & Stock House Pvt. Ltd,12,2841.0,34092.0,2025-07-23 11:50:11.390487
2025-07-23,122366,2025072305012012,CHDC,ABC Securities Private Limited,Kalika Securities Pvt. Ltd.,12,2841.1,34093.2,2025-07-23 11:50:30.255633
2025-07-23,122139,2025072305012077,CHDC,Vision Securities Pvt. Ltd,Opal Securities Investment (PVT) Ltd.,12,2850.0,34200.0,2025-07-23 11:50:51.992292
2025-07-23,122138,2025072305012078,CHDC,Vision Securities Pvt. Ltd,Vision Securities Pvt. Ltd,12,2859.0,34308.0,2025-07-23 11:50:51.992504
2025-07-23,122033,2025072305012109,CHDC,ABC Securities Private Limited,Secured Securities Ltd.,12,2841.1,34093.2,2025-07-23 11:51:02.060404
2025-07-23,120422,2025072305012461,CHDC,Sumeru Securities Pvt. Ltd.,SUN SECURITIES PVT LTD,94,2855.0,268370.0,2025-07-23 11:53:21.495161
2025-07-23,118797,2025072305012840,CHDC,Dakshinkali Investment & Securities Pvt. Ltd.,Dipshikha Dhitopatra Karobar Co. Pvt Ltd.,90,2855.0,256950.0,2025-07-23 11:55:25.042781
2025-07-23,118465,2025072305012951,CHDC,Citizens Share Broker Limited,Online Securities Pvt. Ltd.,1,2800.0,2800.0,2025-07-23 11:55:42.799872
2025-07-23,117592,2025072305013127,CHDC,Linch Stock Market Ltd.,Neev Securities Pvt. Ltd.,129,2858.9,368798.1,2025-07-23 11:56:51.654515
2025-07-23,116462,2025072305013380,CHDC,Sagarmatha Securities Private Limited,Secured Securities Ltd.,10,2850.0,28500.0,2025-07-23 11:58:20.240032
2025-07-23,116017,2025072305013473,CHDC,Vision Securities Pvt. Ltd,Vision Securities Pvt. Ltd,52,2860.0,148720.0,2025-07-23 11:59:03.207878
2025-07-23,116016,2025072305013474,CHDC,Vision Securities Pvt. Ltd,SUN SECURITIES PVT LTD,50,2860.0,143000.0,2025-07-23 11:59:03.208272
2025-07-23,116015,2025072305013475,CHDC,Vision Securities Pvt. Ltd,Midas Stock Broking Company Private Limited,12,2860.0,34320.0,2025-07-23 11:59:03.208560
2025-07-23,116014,2025072305013476,CHDC,Vision Securities Pvt. Ltd,Miyo Securities Pvt Ltd,100,2860.0,286000.0,2025-07-23 11:59:03.208811
2025-07-23,116013,2025072305013477,CHDC,Vision Securities Pvt. Ltd,Dynamic Money Managers Securities Pvt. Ltd.,11,2860.0,31460.0,2025-07-23 11:59:03.209050
2025-07-23,115912,2025072305013494,CHDC,Vision Securities Pvt. Ltd,Sri Hari Securities Pvt. Ltd.,150,2861.0,429150.0,2025-07-23 11:59:12.414473
2025-07-23,115911,2025072305013495,CHDC,Vision Securities Pvt. Ltd,Sri Hari Securities Pvt. Ltd.,150,2862.0,429300.0,2025-07-23 11:59:12.414863
2025-07-23,115847,2025072305013520,CHDC,Sharepro Securities Private Limited,Aakashbhairab Securities Ltd.,85,2851.0,242335.0,2025-07-23 11:59:16.307522
2025-07-23,115691,2025072305013561,CHDC,Linch Stock Market Ltd.,Investment Management Nepal Pvt. Ltd.,75,2862.0,214650.0,2025-07-23 11:59:31.098484
2025-07-23,114117,2025072305013907,CHDC,Sumeru Securities Pvt. Ltd.,Himalayan Securities Limited,10,2862.0,28620.0,2025-07-23 12:01:54.332092
2025-07-23,114116,2025072305013908,CHDC,Sumeru Securities Pvt. Ltd.,Sani Securities Company Ltd.,12,2862.0,34344.0,2025-07-23 12:01:54.332358
2025-07-23,114115,2025072305013909,CHDC,Sumeru Securities Pvt. Ltd.,Sri Hari Securities Pvt. Ltd.,138,2863.0,395094.0,2025-07-23 12:01:54.332459
2025-07-23,114038,2025072305013925,CHDC,Sumeru Securities Pvt. Ltd.,Sri Hari Securities Pvt. Ltd.,10,2863.0,28630.0,2025-07-23 12:02:02.443252
2025-07-23,113158,2025072305014085,CHDC,Sumeru Securities Pvt. Ltd.,NIMB Stock Markets Limited,50,2851.0,142550.0,2025-07-23 12:03:27.523990
2025-07-23,113157,2025072305014086,CHDC,INDEX SECURITIES LIMITED,NIMB Stock Markets Limited,50,2850.0,142500.0,2025-07-23 12:03:27.524248
2025-07-23,113156,2025072305014087,CHDC,Vision Securities Pvt. Ltd,NIMB Stock Markets Limited,100,2850.0,285000.0,2025-07-23 12:03:27.524361
2025-07-23,113031,2025072305014107,CHDC,Sumeru Securities Pvt. Ltd.,Sri Hari Securities Pvt. Ltd.,12,2850.0,34200.0,2025-07-23 12:03:41.773924
2025-07-23,110961,2025072305014483,CHDC,Sharepro Securities Private Limited,J.F. Securites (PVT) Ltd.,12,2851.0,34212.0,2025-07-23 12:07:06.062322
2025-07-23,110960,2025072305014484,CHDC,Sharepro Securities Private Limited,Opal Securities Investment (PVT) Ltd.,1,2851.0,2851.0,2025-07-23 12:07:06.062567
2025-07-23,110019,2025072305014680,CHDC,Citizens Share Broker Limited,Premier Securities Company Ltd.,1,2800.0,2800.0,2025-07-23 12:08:45.246259
2025-07-23,109718,2025072305014743,CHDC,Imperial Securities Company Pvt. Ltd.,Asian Securities Private Ltd.,44,2851.0,125444.0,2025-07-23 12:09:16.096815
2025-07-23,109717,2025072305014744,CHDC,Sumeru Securities Pvt. Ltd.,Asian Securities Private Ltd.,58,2850.1,165305.8,2025-07-23 12:09:16.097093
2025-07-23,109716,2025072305014745,CHDC,Arun Securities (PVT) Ltd.,Asian Securities Private Ltd.,48,2850.0,136800.0,2025-07-23 12:09:16.097201
2025-07-23,109000,2025072305014881,CHDC,Sharepro Securities Private Limited,Sweta Securities Private Limited,12,2850.1,34201.2,2025-07-23 12:10:17.065133
2025-07-23,108519,2025072305014962,CHDC,Vision Securities Pvt. Ltd,Deevyaa Securities & Stock House Pvt. Ltd,12,2851.0,34212.0,2025-07-23 12:10:59.921116
2025-07-23,108413,2025072305014973,CHDC,Arun Securities (PVT) Ltd.,Sani Securities Company Ltd.,2,2850.0,5700.0,2025-07-23 12:11:08.862111
2025-07-23,108258,2025072305015008,CHDC,Vision Securities Pvt. Ltd,Kohinoor Investment & Securities Pvt. Ltd.,76,2851.0,216676.0,2025-07-23 12:11:21.361806
2025-07-23,108257,2025072305015009,CHDC,INDEX SECURITIES LIMITED,Kohinoor Investment & Securities Pvt. Ltd.,20,2850.0,57000.0,2025-07-23 12:11:21.362083
2025-07-23,108256,2025072305015010,CHDC,Sharepro Securities Private Limited,Kohinoor Investment & Securities Pvt. Ltd.,100,2847.0,284700.0,2025-07-23 12:11:21.362198
2025-07-23,108255,2025072305015011,CHDC,Premier Securities Company Ltd.,Kohinoor Investment & Securities Pvt. Ltd.,60,2846.0,170760.0,2025-07-23 12:11:21.362300
2025-07-23,108254,2025072305015012,CHDC,Hatemalo Financial Services Private Limited,Kohinoor Investment & Securities Pvt. Ltd.,100,2846.0,284600.0,2025-07-23 12:11:21.362420
2025-07-23,108253,2025072305015013,CHDC,Deevyaa Securities & Stock House Pvt. Ltd,Kohinoor Investment & Securities Pvt. Ltd.,144,2845.0,409680.0,2025-07-23 12:11:21.362564
2025-07-23,107839,2025072305015100,CHDC,Deevyaa Securities & Stock House Pvt. Ltd,Agrawal Securities (PVT) Ltd.,49,2845.0,139405.0,2025-07-23 12:11:46.108607
2025-07-23,105628,2025072305015536,CHDC,Kumari Securities Private Limited,Sri Hari Securities Pvt. Ltd.,10,2846.0,28460.0,2025-07-23 12:14:49.304479
2025-07-23,105549,2025072305015547,CHDC,Deevyaa Securities & Stock House Pvt. Ltd,Siprabi Securities Pvt. Ltd.,57,2845.0,162165.0,2025-07-23 12:14:55.765806
2025-07-23,105548,2025072305015548,CHDC,Sumeru Securities Pvt. Ltd.,Siprabi Securities Pvt. Ltd.,50,2843.0,142150.0,2025-07-23 12:14:55.765887
2025-07-23,105547,2025072305015549,CHDC,Vision Securities Pvt. Ltd,Siprabi Securities Pvt. Ltd.,200,2843.0,568600.0,2025-07-23 12:14:55.765914
2025-07-23,105546,2025072305015550,CHDC,Linch Stock Market Ltd.,Siprabi Securities Pvt. Ltd.,50,2842.0,142100.0,2025-07-23 12:14:55.765941
2025-07-23,105545,2025072305015551,CHDC,Premier Securities Company Ltd.,Siprabi Securities Pvt. Ltd.,100,2842.0,284200.0,2025-07-23 12:14:55.766003
2025-07-23,105544,2025072305015552,CHDC,Premier Securities Company Ltd.,Siprabi Securities Pvt. Ltd.,53,2842.0,150626.0,2025-07-23 12:14:55.766056
2025-07-23,105418,2025072305015582,CHDC,Premier Securities Company Ltd.,Agrawal Securities (PVT) Ltd.,47,2842.0,133574.0,2025-07-23 12:15:06.398221
2025-07-23,105417,2025072305015583,CHDC,Sweta Securities Private Limited,Agrawal Securities (PVT) Ltd.,100,2842.0,284200.0,2025-07-23 12:15:06.398729
2025-07-23,105416,2025072305015584,CHDC,Sweta Securities Private Limited,Agrawal Securities (PVT) Ltd.,50,2842.0,142100.0,2025-07-23 12:15:06.399041
2025-07-23,105414,2025072305015585,CHDC,Prabhu Stock Market Limited,Agrawal Securities (PVT) Ltd.,90,2842.0,255780.0,2025-07-23 12:15:06.399339
2025-07-23,105413,2025072305015586,CHDC,Sumeru Securities Pvt. Ltd.,Agrawal Securities (PVT) Ltd.,100,2842.0,284200.0,2025-07-23 12:15:06.399631
2025-07-23,105412,2025072305015587,CHDC,Hatemalo Financial Services Private Limited,Agrawal Securities (PVT) Ltd.,13,2842.0,36946.0,2025-07-23 12:15:06.399929
2025-07-23,105310,2025072305015613,CHDC,Hatemalo Financial Services Private Limited,Himalayan Brokerage Company Limited,78,2842.0,221676.0,2025-07-23 12:15:13.012273
2025-07-23,105309,2025072305015614,CHDC,Premier Securities Company Ltd.,Himalayan Brokerage Company Limited,15,2842.0,42630.0,2025-07-23 12:15:13.012546
2025-07-23,104960,2025072305015699,CHDC,Premier Securities Company Ltd.,Aakashbhairab Securities Ltd.,85,2842.0,241570.0,2025-07-23 12:15:48.618085
2025-07-23,104959,2025072305015700,CHDC,Aryatara Investment & Securities,Aakashbhairab Securities Ltd.,15,2842.0,42630.0,2025-07-23 12:15:48.618372
2025-07-23,104689,2025072305015748,CHDC,Aryatara Investment & Securities,Trisul Securities & Invt. Ltd.,85,2842.0,241570.0,2025-07-23 12:16:07.731612
2025-07-23,104618,2025072305015761,CHDC,Linch Stock Market Ltd.,Trisul Securities & Invt. Ltd.,115,2842.0,326830.0,2025-07-23 12:16:17.045615
2025-07-23,104600,2025072305015766,CHDC,Sanima Securities Limited,Kumari Securities Private Limited,1,2856.0,2856.0,2025-07-23 12:16:19.362130
2025-07-23,104510,2025072305015789,CHDC,ABC Securities Private Limited,Oxford Securities Pvt. Ltd.,20,2841.1,56822.0,2025-07-23 12:16:28.775232
2025-07-23,103941,2025072305015957,CHDC,ABC Securities Private Limited,Trisul Securities & Invt. Ltd.,200,2841.1,568220.0,2025-07-23 12:17:09.590369
2025-07-23,103541,2025072305016050,CHDC,ABC Securities Private Limited,Oxford Securities Pvt. Ltd.,20,2841.1,56822.0,2025-07-23 12:17:43.143814
2025-07-23,102636,2025072305016260,CHDC,Citizens Share Broker Limited,Vision Securities Pvt. Ltd,1,2786.0,2786.0,2025-07-23 12:18:51.273406
2025-07-23,102591,2025072305016266,CHDC,Citizens Share Broker Limited,Dipshikha Dhitopatra Karobar Co. Pvt Ltd.,1,2800.0,2800.0,2025-07-23 12:18:56.575684
2025-07-23,102497,2025072305016300,CHDC,Vision Securities Pvt. Ltd,Thrive Brokerage House Pvt. Ltd,150,2845.0,426750.0,2025-07-23 12:19:07.258438
2025-07-23,102496,2025072305016301,CHDC,Vision Securities Pvt. Ltd,Thrive Brokerage House Pvt. Ltd,150,2846.0,426900.0,2025-07-23 12:19:07.258679
2025-07-23,102495,2025072305016302,CHDC,Vision Securities Pvt. Ltd,Thrive Brokerage House Pvt. Ltd,150,2847.0,427050.0,2025-07-23 12:19:07.258788
2025-07-23,102494,2025072305016303,CHDC,Vision Securities Pvt. Ltd,Thrive Brokerage House Pvt. Ltd,50,2848.0,142400.0,2025-07-23 12:19:07.258891
2025-07-23,101636,2025072305016502,CHDC,ABC Securities Private Limited,Pragyan Securities (PVT) Ltd.,12,2841.1,34093.2,2025-07-23 12:20:20.164498
2025-07-23,101382,2025072305016559,CHDC,ABC Securities Private Limited,Nagarik Stock Dealer ,160,2841.1,454576.0,2025-07-23 12:20:42.294647
2025-07-23,101381,2025072305016560,CHDC,Sundhara Securities Limited,Nagarik Stock Dealer ,20,2841.0,56820.0,2025-07-23 12:20:42.295161
2025-07-23,101380,2025072305016561,CHDC,Vision Securities Pvt. Ltd,Nagarik Stock Dealer ,200,2840.0,568000.0,2025-07-23 12:20:42.295535
2025-07-23,101379,2025072305016562,CHDC,Vision Securities Pvt. Ltd,Nagarik Stock Dealer ,120,2840.0,340800.0,2025-07-23 12:20:42.295913
2025-07-23,100823,2025072305016672,CHDC,Sundhara Securities Limited,Oxford Securities Pvt. Ltd.,20,2841.2,56824.0,2025-07-23 12:21:27.310656
2025-07-23,100712,2025072305016714,CHDC,Citizens Share Broker Limited,Dipshikha Dhitopatra Karobar Co. Pvt Ltd.,2,2785.0,5570.0,2025-07-23 12:21:38.669881
2025-07-23,100633,2025072305016736,CHDC,Citizens Share Broker Limited,Deevyaa Securities & Stock House Pvt. Ltd,1,2800.0,2800.0,2025-07-23 12:21:46.962635
2025-07-23,100237,2025072305016828,CHDC,Premier Securities Company Ltd.,Thrive Brokerage House Pvt. Ltd,50,2848.0,142400.0,2025-07-23 12:22:24.597858
2025-07-23,99789,2025072305016921,CHDC,Premier Securities Company Ltd.,Trisul Securities & Invt. Ltd.,90,2848.0,256320.0,2025-07-23 12:23:01.607528
2025-07-23,99788,2025072305016922,CHDC,Vision Securities Pvt. Ltd,Trisul Securities & Invt. Ltd.,80,2840.0,227200.0,2025-07-23 12:23:01.607642
2025-07-23,99787,2025072305016923,CHDC,Premier Securities Company Ltd.,Trisul Securities & Invt. Ltd.,200,2840.0,568000.0,2025-07-23 12:23:01.607708
2025-07-23,99786,2025072305016924,CHDC,Midas Stock Broking Company Private Limited,Trisul Securities & Invt. Ltd.,40,2840.0,113600.0,2025-07-23 12:23:01.607774
2025-07-23,99785,2025072305016925,CHDC,Hatemalo Financial Services Private Limited,Trisul Securities & Invt. Ltd.,100,2840.0,284000.0,2025-07-23 12:23:01.607836
2025-07-23,99784,2025072305016926,CHDC,Sumeru Securities Pvt. Ltd.,Trisul Securities & Invt. Ltd.,100,2840.0,284000.0,2025-07-23 12:23:01.607900
2025-07-23,99783,2025072305016927,CHDC,Vision Securities Pvt. Ltd,Trisul Securities & Invt. Ltd.,90,2840.0,255600.0,2025-07-23 12:23:01.607966
2025-07-23,99508,2025072305017033,CHDC,Vision Securities Pvt. Ltd,Dakshinkali Investment & Securities Pvt. Ltd.,12,2840.0,34080.0,2025-07-23 12:23:21.745258
2025-07-23,99150,2025072305017079,CHDC,Citizens Share Broker Limited,Imperial Securities Company Pvt. Ltd.,1,2783.2,2783.2,2025-07-23 12:23:46.480629
2025-07-23,99099,2025072305017092,CHDC,Vision Securities Pvt. Ltd,Asian Securities Private Ltd.,12,2840.0,34080.0,2025-07-23 12:23:48.519576
2025-07-23,99029,2025072305017113,CHDC,Citizens Share Broker Limited,J.F. Securites (PVT) Ltd.,1,2785.0,2785.0,2025-07-23 12:23:53.005167
2025-07-23,98877,2025072305017144,CHDC,Vision Securities Pvt. Ltd,Aakashbhairab Securities Ltd.,85,2840.0,241400.0,2025-07-23 12:24:11.031486
2025-07-23,98876,2025072305017145,CHDC,Vision Securities Pvt. Ltd,Trishakti Securities Public Limited,1,2840.0,2840.0,2025-07-23 12:24:11.031846
2025-07-23,97199,2025072305017446,CHDC,Citizens Share Broker Limited,Shree Krishna Securities Ltd.,1,2783.2,2783.2,2025-07-23 12:26:29.551340
2025-07-23,97169,2025072305017458,CHDC,Citizens Share Broker Limited,J.F. Securites (PVT) Ltd.,1,2783.2,2783.2,2025-07-23 12:26:34.807619
2025-07-23,97125,2025072305017466,CHDC,Citizens Share Broker Limited,Sri Hari Securities Pvt. Ltd.,1,2785.0,2785.0,2025-07-23 12:26:40.122629
2025-07-23,96913,2025072305017520,CHDC,Nabil Stock Dealer Ltd.,Online Securities Pvt. Ltd.,12,2835.1,34021.2,2025-07-23 12:27:05.723591
2025-07-23,96847,2025072305017529,CHDC,Nabil Stock Dealer Ltd.,Sri Hari Securities Pvt. Ltd.,22,2835.1,62372.2,2025-07-23 12:27:10.545871
2025-07-23,96763,2025072305017555,CHDC,Citizens Share Broker Limited,Bhrikuti Stock Broking Co. Pvt. Ltd.,1,2792.0,2792.0,2025-07-23 12:27:20.617005
2025-07-23,95531,2025072305017869,CHDC,Nabil Stock Dealer Ltd.,KALASH STOCK MARKET PVT. LTD.,12,2835.1,34021.2,2025-07-23 12:29:28.317518
2025-07-23,95487,2025072305017879,CHDC,Vision Securities Pvt. Ltd,Blue Chip Securities Ltd,100,2840.0,284000.0,2025-07-23 12:29:33.083660
2025-07-23,94691,2025072305018032,CHDC,Vision Securities Pvt. Ltd,Stoxkarts Securities Limited,200,2835.0,567000.0,2025-07-23 12:31:05.662617
2025-07-23,94690,2025072305018033,CHDC,Vision Securities Pvt. Ltd,Stoxkarts Securities Limited,200,2835.0,567000.0,2025-07-23 12:31:05.663242
2025-07-23,94689,2025072305018034,CHDC,Midas Stock Broking Company Private Limited,Stoxkarts Securities Limited,30,2835.0,85050.0,2025-07-23 12:31:05.663637
2025-07-23,94688,2025072305018035,CHDC,Hatemalo Financial Services Private Limited,Stoxkarts Securities Limited,100,2835.0,283500.0,2025-07-23 12:31:05.663949
2025-07-23,94687,2025072305018036,CHDC,Hatemalo Financial Services Private Limited,Stoxkarts Securities Limited,70,2835.0,198450.0,2025-07-23 12:31:05.664260
2025-07-23,94677,2025072305018042,CHDC,Hatemalo Financial Services Private Limited,Premier Securities Company Ltd.,22,2835.0,62370.0,2025-07-23 12:31:06.677893
2025-07-23,94676,2025072305018043,CHDC,Vision Securities Pvt. Ltd,Premier Securities Company Ltd.,90,2835.0,255150.0,2025-07-23 12:31:06.678429
2025-07-23,94675,2025072305018044,CHDC,Vision Securities Pvt. Ltd,Premier Securities Company Ltd.,38,2835.0,107730.0,2025-07-23 12:31:06.678747
2025-07-23,94092,2025072305018195,CHDC,Vision Securities Pvt. Ltd,Nepal Stock House (PVT) Ltd.,24,2835.0,68040.0,2025-07-23 12:32:06.875112
2025-07-23,93073,2025072305018500,CHDC,Trishakti Securities Public Limited,Naasa Securities Co. Ltd.,8,2858.0,22864.0,2025-07-23 12:33:57.671493
2025-07-23,92681,2025072305018596,CHDC,Vision Securities Pvt. Ltd,Imperial Securities Company Pvt. Ltd.,12,2835.0,34020.0,2025-07-23 12:34:41.525741
2025-07-23,92496,2025072305018664,CHDC,Vision Securities Pvt. Ltd,Kohinoor Investment & Securities Pvt. Ltd.,12,2835.0,34020.0,2025-07-23 12:34:58.205043
2025-07-23,90522,2025072305019121,CHDC,Vision Securities Pvt. Ltd,Thrive Brokerage House Pvt. Ltd,13,2835.0,36855.0,2025-07-23 12:38:46.406926
2025-07-23,90521,2025072305019122,CHDC,S.P.S.A. Securities Limited,Thrive Brokerage House Pvt. Ltd,50,2835.0,141750.0,2025-07-23 12:38:46.407237
2025-07-23,90520,2025072305019123,CHDC,Nabil Stock Dealer Ltd.,Thrive Brokerage House Pvt. Ltd,50,2835.0,141750.0,2025-07-23 12:38:46.407362
2025-07-23,90519,2025072305019124,CHDC,Bhrikuti Stock Broking Co. Pvt. Ltd.,Thrive Brokerage House Pvt. Ltd,70,2835.0,198450.0,2025-07-23 12:38:46.407473
2025-07-23,90518,2025072305019125,CHDC,Bhrikuti Stock Broking Co. Pvt. Ltd.,Thrive Brokerage House Pvt. Ltd,18,2835.0,51030.0,2025-07-23 12:38:46.407591
2025-07-23,90213,2025072305019186,CHDC,Citizens Share Broker Limited,Sweta Securities Private Limited,1,2792.0,2792.0,2025-07-23 12:39:21.061242
2025-07-23,90176,2025072305019201,CHDC,Linch Stock Market Ltd.,Investment Management Nepal Pvt. Ltd.,12,2840.0,34080.0,2025-07-23 12:39:23.574740
2025-07-23,90127,2025072305019217,CHDC,Citizens Share Broker Limited,Vision Securities Pvt. Ltd,1,2800.0,2800.0,2025-07-23 12:39:27.316554
2025-07-23,88173,2025072305019672,CHDC,Citizens Share Broker Limited,SUN SECURITIES PVT LTD,1,2800.0,2800.0,2025-07-23 12:42:56.688989
2025-07-23,87625,2025072305019785,CHDC,Sundhara Securities Limited,South Asian Bulls Pvt. Ltd.,12,2834.5,34014.0,2025-07-23 12:44:13.920149
2025-07-23,86692,2025072305019959,CHDC,Trishakti Securities Public Limited,Neev Securities Pvt. Ltd.,12,2840.0,34080.0,2025-07-23 12:46:15.385239
2025-07-23,86427,2025072305020031,CHDC,Citizens Share Broker Limited,Vision Securities Pvt. Ltd,1,2784.0,2784.0,2025-07-23 12:46:48.935376
2025-07-23,85968,2025072305020130,CHDC,Sumeru Securities Pvt. Ltd.,Sani Securities Company Ltd.,11,2839.0,31229.0,2025-07-23 12:47:44.173174
2025-07-23,85844,2025072305020144,CHDC,Sumeru Securities Pvt. Ltd.,Secured Securities Ltd.,11,2840.0,31240.0,2025-07-23 12:47:55.030552
2025-07-23,85730,2025072305020155,CHDC,Sumeru Securities Pvt. Ltd.,Opal Securities Investment (PVT) Ltd.,11,2843.0,31273.0,2025-07-23 12:48:02.746225
2025-07-23,85623,2025072305020176,CHDC,Sumeru Securities Pvt. Ltd.,Naasa Securities Co. Ltd.,11,2846.5,31311.5,2025-07-23 12:48:15.584046
2025-07-23,85541,2025072305020186,CHDC,Sumeru Securities Pvt. Ltd.,Oxford Securities Pvt. Ltd.,11,2847.0,31317.0,2025-07-23 12:48:21.516356
2025-07-23,85239,2025072305020277,CHDC,Sumeru Securities Pvt. Ltd.,Sewa Securities Pvt. Ltd.,11,2846.4,31310.4,2025-07-23 12:48:50.995007
2025-07-23,85233,2025072305020279,CHDC,Nabil Stock Dealer Ltd.,Investment Management Nepal Pvt. Ltd.,7,2835.1,19845.7,2025-07-23 12:48:52.792358
2025-07-23,83873,2025072305020619,CHDC,Naasa Securities Co. Ltd.,Investment Management Nepal Pvt. Ltd.,1,2790.0,2790.0,2025-07-23 12:51:45.326955
2025-07-23,82395,2025072305020871,CHDC,Vision Securities Pvt. Ltd,NIMB Stock Markets Limited,12,2836.0,34032.0,2025-07-23 12:54:33.904591
2025-07-23,82075,2025072305020936,CHDC,Vision Securities Pvt. Ltd,APPLE SECURITIES PRIVATE LIMITED,500,2846.0,1423000.0,2025-07-23 12:55:21.839259
2025-07-23,82048,2025072305020941,CHDC,Vision Securities Pvt. Ltd,Miyo Securities Pvt Ltd,14,2836.0,39704.0,2025-07-23 12:55:27.518361
2025-07-23,81192,2025072305021080,CHDC,Sumeru Securities Pvt. Ltd.,Nepal Stock House (PVT) Ltd.,50,2840.0,142000.0,2025-07-23 12:57:22.202010
2025-07-23,81006,2025072305021122,CHDC,Bhrikuti Stock Broking Co. Pvt. Ltd.,Oxford Securities Pvt. Ltd.,4,2835.0,11340.0,2025-07-23 12:57:47.754045
2025-07-23,79976,2025072305021347,CHDC,Sharepro Securities Private Limited,Miyo Securities Pvt Ltd,15,2836.1,42541.5,2025-07-23 12:59:59.344975
2025-07-23,79766,2025072305021400,CHDC,Sharepro Securities Private Limited,Vision Securities Pvt. Ltd,12,2836.1,34033.2,2025-07-23 13:00:31.642729
2025-07-23,79409,2025072305021474,CHDC,Imperial Securities Company Pvt. Ltd.,Hatemalo Financial Services Private Limited,25,2836.2,70905.0,2025-07-23 13:01:27.466607
2025-07-23,79199,2025072305021519,CHDC,Sharepro Securities Private Limited,Hatemalo Financial Services Private Limited,73,2836.1,207035.3,2025-07-23 13:02:01.133030
2025-07-23,78242,2025072305021728,CHDC,INDEX SECURITIES LIMITED,Deevyaa Securities & Stock House Pvt. Ltd,12,2837.0,34044.0,2025-07-23 13:03:50.936061
2025-07-23,77827,2025072305021822,CHDC,Sumeru Securities Pvt. Ltd.,Naasa Securities Co. Ltd.,12,2844.0,34128.0,2025-07-23 13:04:45.118581
2025-07-23,77826,2025072305021823,CHDC,Sumeru Securities Pvt. Ltd.,Himalayan Securities Limited,88,2845.0,250360.0,2025-07-23 13:04:45.118931
2025-07-23,77432,2025072305021894,CHDC,Sumeru Securities Pvt. Ltd.,Himalayan Securities Limited,12,2845.0,34140.0,2025-07-23 13:05:29.509994
2025-07-23,76992,2025072305022011,CHDC,Linch Stock Market Ltd.,Kumari Securities Private Limited,50,2846.0,142300.0,2025-07-23 13:06:21.016584
2025-07-23,76991,2025072305022012,CHDC,Linch Stock Market Ltd.,Midas Stock Broking Company Private Limited,12,2846.0,34152.0,2025-07-23 13:06:21.016934
2025-07-23,76827,2025072305022045,CHDC,Linch Stock Market Ltd.,Premier Securities Company Ltd.,20,2846.0,56920.0,2025-07-23 13:06:39.852456
2025-07-23,76574,2025072305022081,CHDC,Sumeru Securities Pvt. Ltd.,Online Securities Pvt. Ltd.,11,2847.0,31317.0,2025-07-23 13:07:09.601940
2025-07-23,76226,2025072305022138,CHDC,Linch Stock Market Ltd.,Dipshikha Dhitopatra Karobar Co. Pvt Ltd.,100,2845.0,284500.0,2025-07-23 13:07:46.619663
2025-07-23,76225,2025072305022139,CHDC,Linch Stock Market Ltd.,Dipshikha Dhitopatra Karobar Co. Pvt Ltd.,400,2847.0,1138800.0,2025-07-23 13:07:46.620343
2025-07-23,76076,2025072305022171,CHDC,Linch Stock Market Ltd.,Premier Securities Company Ltd.,100,2838.0,283800.0,2025-07-23 13:08:01.605010
2025-07-23,75833,2025072305022200,CHDC,Sumeru Securities Pvt. Ltd.,Dipshikha Dhitopatra Karobar Co. Pvt Ltd.,100,2847.0,284700.0,2025-07-23 13:08:29.957569
2025-07-23,75832,2025072305022201,CHDC,Sumeru Securities Pvt. Ltd.,Magnet Securities and Investment Company Private Limited,200,2847.0,569400.0,2025-07-23 13:08:29.958157
2025-07-23,74768,2025072305022411,CHDC,Aakashbhairab Securities Ltd.,Aakashbhairab Securities Ltd.,60,2848.0,170880.0,2025-07-23 13:10:40.398724
2025-07-23,74767,2025072305022412,CHDC,Aakashbhairab Securities Ltd.,Cristal Kanchanjanga Securites Pvt. Ltd.,160,2848.0,455680.0,2025-07-23 13:10:40.399061
2025-07-23,74766,2025072305022413,CHDC,Aakashbhairab Securities Ltd.,Nepal Stock House (PVT) Ltd.,54,2849.0,153846.0,2025-07-23 13:10:40.399214
2025-07-23,74765,2025072305022414,CHDC,Aakashbhairab Securities Ltd.,Nagarik Stock Dealer ,223,2849.0,635327.0,2025-07-23 13:10:40.399345
2025-07-23,74491,2025072305022498,CHDC,Kohinoor Investment & Securities Pvt. Ltd.,Dipshikha Dhitopatra Karobar Co. Pvt Ltd.,10,2849.0,28490.0,2025-07-23 13:11:18.360561
2025-07-23,74490,2025072305022499,CHDC,Kohinoor Investment & Securities Pvt. Ltd.,Sani Securities Company Ltd.,12,2849.0,34188.0,2025-07-23 13:11:18.360876
2025-07-23,74307,2025072305022534,CHDC,Vision Securities Pvt. Ltd,Premier Securities Company Ltd.,12,2850.0,34200.0,2025-07-23 13:11:46.577467
2025-07-23,74306,2025072305022535,CHDC,Vision Securities Pvt. Ltd,Creative Securities Pvt Ltd,12,2850.0,34200.0,2025-07-23 13:11:46.578151
2025-07-23,74305,2025072305022536,CHDC,Vision Securities Pvt. Ltd,Cristal Kanchanjanga Securites Pvt. Ltd.,100,2850.0,285000.0,2025-07-23 13:11:46.578577
2025-07-23,74304,2025072305022537,CHDC,Vision Securities Pvt. Ltd,Naasa Securities Co. Ltd.,12,2850.0,34200.0,2025-07-23 13:11:46.578981
2025-07-23,74303,2025072305022538,CHDC,Vision Securities Pvt. Ltd,J.F. Securites (PVT) Ltd.,12,2850.0,34200.0,2025-07-23 13:11:46.579375
2025-07-23,74302,2025072305022539,CHDC,Vision Securities Pvt. Ltd,Vision Securities Pvt. Ltd,360,2850.0,1026000.0,2025-07-23 13:11:46.579828
2025-07-23,74301,2025072305022540,CHDC,Vision Securities Pvt. Ltd,Opal Securities Investment (PVT) Ltd.,12,2850.0,34200.0,2025-07-23 13:11:46.580191
2025-07-23,74300,2025072305022541,CHDC,Vision Securities Pvt. Ltd,Asian Securities Private Ltd.,480,2850.0,1368000.0,2025-07-23 13:11:46.580593
2025-07-23,73969,2025072305022596,CHDC,Sumeru Securities Pvt. Ltd.,Asian Securities Private Ltd.,20,2850.0,57000.0,2025-07-23 13:12:22.361509
2025-07-23,73883,2025072305022619,CHDC,Sumeru Securities Pvt. Ltd.,Naasa Securities Co. Ltd.,11,2854.9,31403.9,2025-07-23 13:12:32.525723
2025-07-23,73829,2025072305022632,CHDC,Online Securities Pvt. Ltd.,Agrawal Securities (PVT) Ltd.,16,2840.0,45440.0,2025-07-23 13:12:40.725740
2025-07-23,73808,2025072305022634,CHDC,Sumeru Securities Pvt. Ltd.,Malla & Malla Stock Broking Company Pvt. Limited,24,2855.0,68520.0,2025-07-23 13:12:42.629247
2025-07-23,73807,2025072305022635,CHDC,Sumeru Securities Pvt. Ltd.,Bhrikuti Stock Broking Co. Pvt. Ltd.,12,2855.0,34260.0,2025-07-23 13:12:42.629576
2025-07-23,73806,2025072305022636,CHDC,Sumeru Securities Pvt. Ltd.,Kumari Securities Private Limited,50,2855.0,142750.0,2025-07-23 13:12:42.629712
2025-07-23,72855,2025072305022827,CHDC,Vision Securities Pvt. Ltd,Trishakti Securities Public Limited,12,2842.0,34104.0,2025-07-23 13:14:23.255838
2025-07-23,72054,2025072305022968,CHDC,Citizens Share Broker Limited,Creative Securities Pvt Ltd,1,2789.0,2789.0,2025-07-23 13:15:58.169352
2025-07-23,71961,2025072305023007,CHDC,Citizens Share Broker Limited,Kumari Securities Private Limited,1,2793.0,2793.0,2025-07-23 13:16:06.569107
2025-07-23,71868,2025072305023019,CHDC,Citizens Share Broker Limited,Premier Securities Company Ltd.,1,2796.0,2796.0,2025-07-23 13:16:13.311191
2025-07-23,71829,2025072305023027,CHDC,Citizens Share Broker Limited,Aryatara Investment & Securities,1,2796.0,2796.0,2025-07-23 13:16:17.860613
2025-07-23,71649,2025072305023065,CHDC,Citizens Share Broker Limited,Online Securities Pvt. Ltd.,150,2845.0,426750.0,2025-07-23 13:16:37.658813
2025-07-23,71648,2025072305023066,CHDC,Vision Securities Pvt. Ltd,Online Securities Pvt. Ltd.,37,2842.0,105154.0,2025-07-23 13:16:37.659492
2025-07-23,71647,2025072305023067,CHDC,Aryatara Investment & Securities,Online Securities Pvt. Ltd.,100,2841.0,284100.0,2025-07-23 13:16:37.659895
2025-07-23,71646,2025072305023068,CHDC,Sumeru Securities Pvt. Ltd.,Online Securities Pvt. Ltd.,213,2841.0,605133.0,2025-07-23 13:16:37.660238
2025-07-23,71600,2025072305023075,CHDC,Sumeru Securities Pvt. Ltd.,Nepal Stock House (PVT) Ltd.,12,2841.0,34092.0,2025-07-23 13:16:44.529864
2025-07-23,71315,2025072305023108,CHDC,Citizens Share Broker Limited,Ashutosh Brokerage & Securities (PVT) Ltd.,12,2845.0,34140.0,2025-07-23 13:17:19.707830
2025-07-23,70406,2025072305023314,CHDC,Citizens Share Broker Limited,ABC Securities Private Limited,12,2845.0,34140.0,2025-07-23 13:19:09.923193
2025-07-23,70301,2025072305023329,CHDC,Citizens Share Broker Limited,Online Securities Pvt. Ltd.,12,2845.0,34140.0,2025-07-23 13:19:27.857228
2025-07-23,70232,2025072305023347,CHDC,Citizens Share Broker Limited,Imperial Securities Company Pvt. Ltd.,12,2845.0,34140.0,2025-07-23 13:19:39.126636
2025-07-23,69907,2025072305023424,CHDC,Sumeru Securities Pvt. Ltd.,Market Securities & Exchange (PVT) Ltd.,50,2841.0,142050.0,2025-07-23 13:20:15.611702
2025-07-23,69515,2025072305023500,CHDC,Sumeru Securities Pvt. Ltd.,Market Securities & Exchange (PVT) Ltd.,20,2841.0,56820.0,2025-07-23 13:21:02.692717
2025-07-23,68738,2025072305023656,CHDC,Shree Krishna Securities Ltd.,Sipla Securities Private Limited,433,2849.9,1234006.7,2025-07-23 13:22:42.750283
2025-07-23,68320,2025072305023729,CHDC,N.M.B. SECURITIES LIMITED,Dakshinkali Investment & Securities Pvt. Ltd.,1,2800.0,2800.0,2025-07-23 13:23:42.021990
2025-07-23,67894,2025072305023817,CHDC,Sumeru Securities Pvt. Ltd.,Kohinoor Investment & Securities Pvt. Ltd.,12,2841.0,34092.0,2025-07-23 13:24:49.317886
2025-07-23,67836,2025072305023822,CHDC,R.B.B. Securities Company Ltd,Capital Max Securities Ltd,100,2848.0,284800.0,2025-07-23 13:24:57.987322
2025-07-23,67740,2025072305023841,CHDC,Global IME Securities Limited,Capital Max Securities Ltd,24,2848.0,68352.0,2025-07-23 13:25:09.568415
2025-07-23,67739,2025072305023842,CHDC,Global IME Securities Limited,Imperial Securities Company Pvt. Ltd.,12,2849.0,34188.0,2025-07-23 13:25:09.568766
2025-07-23,67738,2025072305023843,CHDC,Global IME Securities Limited,Agrawal Securities (PVT) Ltd.,20,2850.0,57000.0,2025-07-23 13:25:09.568919
2025-07-23,67737,2025072305023844,CHDC,Global IME Securities Limited,Blue Chip Securities Ltd,100,2850.0,285000.0,2025-07-23 13:25:09.569073
2025-07-23,67736,2025072305023845,CHDC,Global IME Securities Limited,Premier Securities Company Ltd.,500,2850.0,1425000.0,2025-07-23 13:25:09.569208
2025-07-23,67547,2025072305023879,CHDC,Global IME Securities Limited,Aryatara Investment & Securities,50,2857.0,142850.0,2025-07-23 13:25:32.666569
2025-07-23,67546,2025072305023880,CHDC,Global IME Securities Limited,Premier Securities Company Ltd.,50,2857.0,142850.0,2025-07-23 13:25:32.667150
2025-07-23,67545,2025072305023881,CHDC,Global IME Securities Limited,Aryatara Investment & Securities,679,2857.0,1939903.0,2025-07-23 13:25:32.667562
2025-07-23,67544,2025072305023882,CHDC,Global IME Securities Limited,Vision Securities Pvt. Ltd,30,2859.9,85797.0,2025-07-23 13:25:32.667950
2025-07-23,67543,2025072305023883,CHDC,Global IME Securities Limited,Capital Max Securities Ltd,100,2859.9,285990.0,2025-07-23 13:25:32.668328
2025-07-23,67542,2025072305023884,CHDC,Global IME Securities Limited,Aryatara Investment & Securities,10,2860.0,28600.0,2025-07-23 13:25:32.668692
2025-07-23,67541,2025072305023885,CHDC,Global IME Securities Limited,SHUBHAKAMANA SECURITIES PVT. LTD,200,2860.0,572000.0,2025-07-23 13:25:32.669061
2025-07-23,67540,2025072305023886,CHDC,Global IME Securities Limited,Agrawal Securities (PVT) Ltd.,12,2860.0,34320.0,2025-07-23 13:25:32.669437
2025-07-23,67539,2025072305023887,CHDC,Global IME Securities Limited,Vision Securities Pvt. Ltd,50,2860.0,143000.0,2025-07-23 13:25:32.669800
2025-07-23,67538,2025072305023888,CHDC,Global IME Securities Limited,Agrawal Securities (PVT) Ltd.,12,2860.0,34320.0,2025-07-23 13:25:32.670166
2025-07-23,67537,2025072305023889,CHDC,Global IME Securities Limited,Malla & Malla Stock Broking Company Pvt. Limited,12,2860.0,34320.0,2025-07-23 13:25:32.670532
2025-07-23,67536,2025072305023890,CHDC,Global IME Securities Limited,Investment Management Nepal Pvt. Ltd.,12,2860.0,34320.0,2025-07-23 13:25:32.670898
2025-07-23,67535,2025072305023891,CHDC,Global IME Securities Limited,Himalayan Brokerage Company Limited,500,2860.0,1430000.0,2025-07-23 13:25:32.671254
2025-07-23,67534,2025072305023892,CHDC,Global IME Securities Limited,Ashutosh Brokerage & Securities (PVT) Ltd.,12,2860.0,34320.0,2025-07-23 13:25:32.671615
2025-07-23,67533,2025072305023893,CHDC,Global IME Securities Limited,Cristal Kanchanjanga Securites Pvt. Ltd.,12,2860.0,34320.0,2025-07-23 13:25:32.671996
2025-07-23,67532,2025072305023894,CHDC,Global IME Securities Limited,Pragyan Securities (PVT) Ltd.,205,2860.0,586300.0,2025-07-23 13:25:32.672344
2025-07-23,67531,2025072305023895,CHDC,Global IME Securities Limited,Premier Securities Company Ltd.,54,2860.0,154440.0,2025-07-23 13:25:32.672692
2025-07-23,67488,2025072305023901,CHDC,Dynamic Money Managers Securities Pvt. Ltd.,Oxford Securities Pvt. Ltd.,12,2857.0,34284.0,2025-07-23 13:25:38.050800
2025-07-23,67256,2025072305023941,CHDC,Miyo Securities Pvt Ltd,Premier Securities Company Ltd.,10,2860.0,28600.0,2025-07-23 13:26:02.489945
2025-07-23,67233,2025072305023943,CHDC,Dynamic Money Managers Securities Pvt. Ltd.,Cristal Kanchanjanga Securites Pvt. Ltd.,15,2857.0,42855.0,2025-07-23 13:26:06.473000
2025-07-23,67216,2025072305023947,CHDC,R.B.B. Securities Company Ltd,Cristal Kanchanjanga Securites Pvt. Ltd.,200,2857.0,571400.0,2025-07-23 13:26:09.772140
2025-07-23,67033,2025072305023984,CHDC,Global IME Securities Limited,INDEX SECURITIES LIMITED,25,2850.0,71250.0,2025-07-23 13:26:27.284406
2025-07-23,67000,2025072305023987,CHDC,Global IME Securities Limited,Cristal Kanchanjanga Securites Pvt. Ltd.,300,2850.0,855000.0,2025-07-23 13:26:31.566049
2025-07-23,66960,2025072305023997,CHDC,N.M.B. SECURITIES LIMITED,Dipshikha Dhitopatra Karobar Co. Pvt Ltd.,1,2795.0,2795.0,2025-07-23 13:26:35.651334
2025-07-23,66676,2025072305024048,CHDC,Sumeru Securities Pvt. Ltd.,Sunrise Securities Limited,10,2850.0,28500.0,2025-07-23 13:27:14.574457
2025-07-23,66675,2025072305024049,CHDC,Sumeru Securities Pvt. Ltd.,Asian Securities Private Ltd.,10,2850.0,28500.0,2025-07-23 13:27:14.574502
2025-07-23,63753,2025072305024660,CHDC,Dipshikha Dhitopatra Karobar Co. Pvt Ltd.,ABC Securities Private Limited,30,2850.0,85500.0,2025-07-23 13:32:48.468880
2025-07-23,63514,2025072305024711,CHDC,Dipshikha Dhitopatra Karobar Co. Pvt Ltd.,Kumari Securities Private Limited,70,2850.0,199500.0,2025-07-23 13:33:10.667452
2025-07-23,62089,2025072305025032,CHDC,Aakashbhairab Securities Ltd.,Kumari Securities Private Limited,118,2845.0,335710.0,2025-07-23 13:35:31.728093
2025-07-23,61753,2025072305025077,CHDC,Vision Securities Pvt. Ltd,Asian Securities Private Ltd.,500,2853.0,1426500.0,2025-07-23 13:36:04.607787
2025-07-23,60603,2025072305025284,CHDC,Aakashbhairab Securities Ltd.,Primo Securities (PVT) Ltd.,12,2845.0,34140.0,2025-07-23 13:37:53.307791
2025-07-23,59847,2025072305025387,CHDC,Naasa Securities Co. Ltd.,Sani Securities Company Ltd.,19,2853.0,54207.0,2025-07-23 13:39:10.169110
2025-07-23,59487,2025072305025472,CHDC,Trishakti Securities Public Limited,Sani Securities Company Ltd.,30,2853.0,85590.0,2025-07-23 13:39:51.080430
2025-07-23,59019,2025072305025561,CHDC,Aakashbhairab Securities Ltd.,Linch Stock Market Ltd.,45,2845.0,128025.0,2025-07-23 13:40:38.598076
2025-07-23,58634,2025072305025658,CHDC,Aakashbhairab Securities Ltd.,Linch Stock Market Ltd.,10,2845.0,28450.0,2025-07-23 13:41:21.485102
2025-07-23,58428,2025072305025692,CHDC,Aakashbhairab Securities Ltd.,Aryatara Investment & Securities,12,2845.0,34140.0,2025-07-23 13:41:45.911536
2025-07-23,57655,2025072305025832,CHDC,Aakashbhairab Securities Ltd.,Imperial Securities Company Pvt. Ltd.,12,2845.0,34140.0,2025-07-23 13:43:19.540007
2025-07-23,55283,2025072305026264,CHDC,Aakashbhairab Securities Ltd.,BHOLE GANESH SECURITIES LTD,294,2845.0,836430.0,2025-07-23 13:47:01.678662
2025-07-23,55282,2025072305026265,CHDC,Pragyan Securities (PVT) Ltd.,BHOLE GANESH SECURITIES LTD,30,2845.0,85350.0,2025-07-23 13:47:01.678710
2025-07-23,55281,2025072305026266,CHDC,Nabil Stock Dealer Ltd.,BHOLE GANESH SECURITIES LTD,150,2845.0,426750.0,2025-07-23 13:47:01.678739
2025-07-23,55280,2025072305026267,CHDC,Online Securities Pvt. Ltd.,BHOLE GANESH SECURITIES LTD,100,2845.0,284500.0,2025-07-23 13:47:01.678764
2025-07-23,55279,2025072305026268,CHDC,Naasa Securities Co. Ltd.,BHOLE GANESH SECURITIES LTD,20,2843.0,56860.0,2025-07-23 13:47:01.678795
2025-07-23,55278,2025072305026269,CHDC,Global IME Securities Limited,BHOLE GANESH SECURITIES LTD,170,2841.1,482987.0,2025-07-23 13:47:01.678824
2025-07-23,55277,2025072305026270,CHDC,Sumeru Securities Pvt. Ltd.,BHOLE GANESH SECURITIES LTD,193,2841.0,548313.0,2025-07-23 13:47:01.678877
2025-07-23,55276,2025072305026271,CHDC,Citizens Share Broker Limited,BHOLE GANESH SECURITIES LTD,43,2841.0,122163.0,2025-07-23 13:47:01.678951
2025-07-23,54486,2025072305026443,CHDC,Citizens Share Broker Limited,Opal Securities Investment (PVT) Ltd.,30,2841.0,85230.0,2025-07-23 13:48:12.936300
2025-07-23,53883,2025072305026553,CHDC,Citizens Share Broker Limited,Ashutosh Brokerage & Securities (PVT) Ltd.,12,2841.0,34092.0,2025-07-23 13:48:57.996001
2025-07-23,53482,2025072305026653,CHDC,Citizens Share Broker Limited,Malla & Malla Stock Broking Company Pvt. Limited,12,2841.0,34092.0,2025-07-23 13:49:30.791411
2025-07-23,53386,2025072305026670,CHDC,Citizens Share Broker Limited,Nepal Stock House (PVT) Ltd.,100,2841.0,284100.0,2025-07-23 13:49:39.900891
2025-07-23,52986,2025072305026774,CHDC,Citizens Share Broker Limited,Naasa Securities Co. Ltd.,1,2785.0,2785.0,2025-07-23 13:50:13.757383
2025-07-23,52819,2025072305026812,CHDC,Citizens Share Broker Limited,J.F. Securites (PVT) Ltd.,1,2789.0,2789.0,2025-07-23 13:50:26.674305
2025-07-23,52762,2025072305026821,CHDC,Citizens Share Broker Limited,Thrive Brokerage House Pvt. Ltd,1,2790.0,2790.0,2025-07-23 13:50:32.399718
2025-07-23,52467,2025072305026866,CHDC,Citizens Share Broker Limited,Nepal Investment And Securities Trading Private Limited,1,2788.1,2788.1,2025-07-23 13:50:58.254217
2025-07-23,52408,2025072305026882,CHDC,Global IME Securities Limited,Nepal Stock House (PVT) Ltd.,100,2841.0,284100.0,2025-07-23 13:51:05.455940
2025-07-23,51771,2025072305027071,CHDC,Citizens Share Broker Limited,Sweta Securities Private Limited,1,2790.0,2790.0,2025-07-23 13:51:58.118631
2025-07-23,51676,2025072305027081,CHDC,Citizens Share Broker Limited,Online Securities Pvt. Ltd.,1,2793.0,2793.0,2025-07-23 13:52:04.023703
2025-07-23,51613,2025072305027098,CHDC,Global IME Securities Limited,Sumeru Securities Pvt. Ltd.,20,2841.0,56820.0,2025-07-23 13:52:07.672997
2025-07-23,50443,2025072305027321,CHDC,Kohinoor Investment & Securities Pvt. Ltd.,Deevyaa Securities & Stock House Pvt. Ltd,23,2842.0,65366.0,2025-07-23 13:53:43.112518
2025-07-23,50442,2025072305027322,CHDC,Global IME Securities Limited,Deevyaa Securities & Stock House Pvt. Ltd,77,2841.0,218757.0,2025-07-23 13:53:43.112864
2025-07-23,50011,2025072305027401,CHDC,Thrive Brokerage House Pvt. Ltd,Trishakti Securities Public Limited,2,2784.3,5568.6,2025-07-23 13:54:21.240846
2025-07-23,49498,2025072305027555,CHDC,Global IME Securities Limited,BHOLE GANESH SECURITIES LTD,822,2841.0,2335302.0,2025-07-23 13:55:04.171411
2025-07-23,49497,2025072305027556,CHDC,Hatemalo Financial Services Private Limited,BHOLE GANESH SECURITIES LTD,150,2841.0,426150.0,2025-07-23 13:55:04.171740
2025-07-23,49496,2025072305027557,CHDC,Sumeru Securities Pvt. Ltd.,BHOLE GANESH SECURITIES LTD,150,2841.0,426150.0,2025-07-23 13:55:04.171896
2025-07-23,49495,2025072305027558,CHDC,Sumeru Securities Pvt. Ltd.,BHOLE GANESH SECURITIES LTD,150,2840.0,426000.0,2025-07-23 13:55:04.172116
2025-07-23,49494,2025072305027559,CHDC,Hatemalo Financial Services Private Limited,BHOLE GANESH SECURITIES LTD,100,2840.0,284000.0,2025-07-23 13:55:04.172261
2025-07-23,49493,2025072305027560,CHDC,Sumeru Securities Pvt. Ltd.,BHOLE GANESH SECURITIES LTD,100,2840.0,284000.0,2025-07-23 13:55:04.172426
2025-07-23,49492,2025072305027561,CHDC,Prabhu Stock Market Limited,BHOLE GANESH SECURITIES LTD,100,2840.0,284000.0,2025-07-23 13:55:04.172587
2025-07-23,49491,2025072305027562,CHDC,Sumeru Securities Pvt. Ltd.,BHOLE GANESH SECURITIES LTD,75,2840.0,213000.0,2025-07-23 13:55:04.172741
2025-07-23,49490,2025072305027563,CHDC,Dipshikha Dhitopatra Karobar Co. Pvt Ltd.,BHOLE GANESH SECURITIES LTD,100,2840.0,284000.0,2025-07-23 13:55:04.172905
2025-07-23,49489,2025072305027564,CHDC,Premier Securities Company Ltd.,BHOLE GANESH SECURITIES LTD,100,2840.0,284000.0,2025-07-23 13:55:04.173055
2025-07-23,49488,2025072305027565,CHDC,Vision Securities Pvt. Ltd,BHOLE GANESH SECURITIES LTD,153,2840.0,434520.0,2025-07-23 13:55:04.173191
2025-07-23,49487,2025072305027566,CHDC,Trishakti Securities Public Limited,Linch Stock Market Ltd.,12,2850.0,34200.0,2025-07-23 13:55:04.409680
2025-07-23,49486,2025072305027567,CHDC,Trishakti Securities Public Limited,Aryatara Investment & Securities,12,2850.0,34200.0,2025-07-23 13:55:04.409734
2025-07-23,49485,2025072305027568,CHDC,Trishakti Securities Public Limited,Dakshinkali Investment & Securities Pvt. Ltd.,50,2852.0,142600.0,2025-07-23 13:55:04.409762
2025-07-23,49484,2025072305027569,CHDC,Trishakti Securities Public Limited,Sani Securities Company Ltd.,101,2852.0,288052.0,2025-07-23 13:55:04.409790
2025-07-23,49483,2025072305027570,CHDC,Trishakti Securities Public Limited,J.F. Securites (PVT) Ltd.,50,2855.0,142750.0,2025-07-23 13:55:04.409818
2025-07-23,49482,2025072305027571,CHDC,Trishakti Securities Public Limited,Naasa Securities Co. Ltd.,15,2855.0,42825.0,2025-07-23 13:55:04.409853
2025-07-23,49481,2025072305027572,CHDC,Trishakti Securities Public Limited,Asian Securities Private Ltd.,260,2855.0,742300.0,2025-07-23 13:55:04.409876
2025-07-23,48821,2025072305027679,CHDC,Global IME Securities Limited,Malla & Malla Stock Broking Company Pvt. Limited,12,2841.0,34092.0,2025-07-23 13:56:06.413407
2025-07-23,47406,2025072305027955,CHDC,Global IME Securities Limited,Sani Securities Company Ltd.,150,2841.0,426150.0,2025-07-23 13:57:54.663397
2025-07-23,46229,2025072305028276,CHDC,Global IME Securities Limited,Vision Securities Pvt. Ltd,12,2841.0,34092.0,2025-07-23 13:59:42.794138
2025-07-23,44200,2025072305028778,CHDC,Vision Securities Pvt. Ltd,Naasa Securities Co. Ltd.,12,2845.0,34140.0,2025-07-23 14:02:58.892978
2025-07-23,44199,2025072305028779,CHDC,Vision Securities Pvt. Ltd,Dipshikha Dhitopatra Karobar Co. Pvt Ltd.,12,2845.0,34140.0,2025-07-23 14:02:58.893344
2025-07-23,44198,2025072305028780,CHDC,Vision Securities Pvt. Ltd,Market Securities & Exchange (PVT) Ltd.,100,2845.0,284500.0,2025-07-23 14:02:58.893480
2025-07-23,43562,2025072305028906,CHDC,Global IME Securities Limited,Agrawal Securities (PVT) Ltd.,12,2841.0,34092.0,2025-07-23 14:04:13.387589
2025-07-23,43244,2025072305028999,CHDC,Citizens Share Broker Limited,Naasa Securities Co. Ltd.,2,2785.0,5570.0,2025-07-23 14:04:51.663178
2025-07-23,43207,2025072305029007,CHDC,Citizens Share Broker Limited,Dipshikha Dhitopatra Karobar Co. Pvt Ltd.,1,2788.1,2788.1,2025-07-23 14:04:58.972835
2025-07-23,40928,2025072305029455,CHDC,Investment Management Nepal Pvt. Ltd.,Naasa Securities Co. Ltd.,30,2843.0,85290.0,2025-07-23 14:09:13.892495
2025-07-23,40927,2025072305029456,CHDC,Global IME Securities Limited,Naasa Securities Co. Ltd.,14,2841.0,39774.0,2025-07-23 14:09:13.892830
2025-07-23,40926,2025072305029457,CHDC,Global IME Securities Limited,Naasa Securities Co. Ltd.,56,2841.0,159096.0,2025-07-23 14:09:13.892974
2025-07-23,38817,2025072305030000,CHDC,Sumeru Securities Pvt. Ltd.,Trishakti Securities Public Limited,20,2842.1,56842.0,2025-07-23 14:13:11.599719
2025-07-23,38816,2025072305030001,CHDC,Asian Securities Private Ltd.,Trishakti Securities Public Limited,200,2842.0,568400.0,2025-07-23 14:13:11.600046
2025-07-23,38815,2025072305030002,CHDC,Global IME Securities Limited,Trishakti Securities Public Limited,44,2841.0,125004.0,2025-07-23 14:13:11.600185
2025-07-23,38814,2025072305030003,CHDC,Global IME Securities Limited,Trishakti Securities Public Limited,80,2841.0,227280.0,2025-07-23 14:13:11.600335
2025-07-23,38813,2025072305030004,CHDC,Imperial Securities Company Pvt. Ltd.,Trishakti Securities Public Limited,150,2841.0,426150.0,2025-07-23 14:13:11.600479
2025-07-23,38812,2025072305030005,CHDC,Naasa Securities Co. Ltd.,Trishakti Securities Public Limited,20,2841.0,56820.0,2025-07-23 14:13:11.600631
2025-07-23,38811,2025072305030006,CHDC,Bhrikuti Stock Broking Co. Pvt. Ltd.,Trishakti Securities Public Limited,286,2841.0,812526.0,2025-07-23 14:13:11.600762
2025-07-23,38661,2025072305030047,CHDC,Bhrikuti Stock Broking Co. Pvt. Ltd.,Sweta Securities Private Limited,14,2841.0,39774.0,2025-07-23 14:13:27.896095
2025-07-23,38660,2025072305030048,CHDC,Opal Securities Investment (PVT) Ltd.,Sweta Securities Private Limited,40,2841.0,113640.0,2025-07-23 14:13:27.896484
2025-07-23,36807,2025072305030496,CHDC,Sundhara Securities Limited,Kumari Securities Private Limited,12,2852.0,34224.0,2025-07-23 14:15:41.148940
2025-07-23,34458,2025072305031096,CHDC,Citizens Share Broker Limited,Agrawal Securities (PVT) Ltd.,1,2795.0,2795.0,2025-07-23 14:18:22.658857
2025-07-23,34017,2025072305031174,CHDC,Citizens Share Broker Limited,ABC Securities Private Limited,3,2841.0,8523.0,2025-07-23 14:19:01.056543
2025-07-23,32307,2025072305031590,CHDC,INDEX SECURITIES LIMITED,Dipshikha Dhitopatra Karobar Co. Pvt Ltd.,12,2845.0,34140.0,2025-07-23 14:21:32.009677
2025-07-23,32192,2025072305031622,CHDC,Sweta Securities Private Limited,NIMB Stock Markets Limited,50,2845.0,142250.0,2025-07-23 14:21:41.448156
2025-07-23,32038,2025072305031669,CHDC,Investment Management Nepal Pvt. Ltd.,Sunrise Securities Limited,150,2845.0,426750.0,2025-07-23 14:21:54.899144
2025-07-23,31268,2025072305031842,CHDC,Sumeru Securities Pvt. Ltd.,Premier Securities Company Ltd.,86,2850.0,245100.0,2025-07-23 14:23:18.606444
2025-07-23,31267,2025072305031843,CHDC,Sumeru Securities Pvt. Ltd.,Imperial Securities Company Pvt. Ltd.,11,2850.0,31350.0,2025-07-23 14:23:18.606781
2025-07-23,29728,2025072305032307,CHDC,Bhrikuti Stock Broking Co. Pvt. Ltd.,Blue Chip Securities Ltd,50,2850.0,142500.0,2025-07-23 14:25:33.737559
2025-07-23,28237,2025072305032653,CHDC,Investment Management Nepal Pvt. Ltd.,Investment Management Nepal Pvt. Ltd.,75,2854.0,214050.0,2025-07-23 14:27:43.105673
2025-07-23,28236,2025072305032654,CHDC,Investment Management Nepal Pvt. Ltd.,Market Securities & Exchange (PVT) Ltd.,11,2854.0,31394.0,2025-07-23 14:27:43.106068
2025-07-23,28235,2025072305032655,CHDC,Investment Management Nepal Pvt. Ltd.,Asian Securities Private Ltd.,40,2855.0,114200.0,2025-07-23 14:27:43.106207
2025-07-23,28234,2025072305032656,CHDC,Investment Management Nepal Pvt. Ltd.,Linch Stock Market Ltd.,12,2855.0,34260.0,2025-07-23 14:27:43.106349
2025-07-23,28233,2025072305032657,CHDC,Investment Management Nepal Pvt. Ltd.,Magnet Securities and Investment Company Private Limited,162,2856.0,462672.0,2025-07-23 14:27:43.106484
2025-07-23,27377,2025072305032789,CHDC,Premier Securities Company Ltd.,Magnet Securities and Investment Company Private Limited,50,2856.0,142800.0,2025-07-23 14:29:03.300827
2025-07-23,26944,2025072305032881,CHDC,Bhrikuti Stock Broking Co. Pvt. Ltd.,Sri Hari Securities Pvt. Ltd.,12,2850.0,34200.0,2025-07-23 14:29:53.893878
2025-07-23,26829,2025072305032907,CHDC,Bhrikuti Stock Broking Co. Pvt. Ltd.,APPLE SECURITIES PRIVATE LIMITED,238,2850.0,678300.0,2025-07-23 14:30:05.660136
2025-07-23,26828,2025072305032908,CHDC,Naasa Securities Co. Ltd.,APPLE SECURITIES PRIVATE LIMITED,10,2850.0,28500.0,2025-07-23 14:30:05.660465
2025-07-23,26827,2025072305032909,CHDC,Sumeru Securities Pvt. Ltd.,APPLE SECURITIES PRIVATE LIMITED,188,2850.0,535800.0,2025-07-23 14:30:05.660608
2025-07-23,26826,2025072305032910,CHDC,INDEX SECURITIES LIMITED,APPLE SECURITIES PRIVATE LIMITED,20,2850.0,57000.0,2025-07-23 14:30:05.660814
2025-07-23,26825,2025072305032911,CHDC,Sundhara Securities Limited,APPLE SECURITIES PRIVATE LIMITED,44,2850.0,125400.0,2025-07-23 14:30:05.660996
2025-07-23,26815,2025072305032916,CHDC,Citizens Share Broker Limited,Neev Securities Pvt. Ltd.,2,2793.0,5586.0,2025-07-23 14:30:06.959409
2025-07-23,26594,2025072305032992,CHDC,Citizens Share Broker Limited,Premier Securities Company Ltd.,1,2800.0,2800.0,2025-07-23 14:30:25.087272
2025-07-23,26498,2025072305033045,CHDC,Market Securities & Exchange (PVT) Ltd.,Magnet Securities and Investment Company Private Limited,70,2856.0,199920.0,2025-07-23 14:30:32.803022
2025-07-23,26326,2025072305033109,CHDC,Investment Management Nepal Pvt. Ltd.,APPLE SECURITIES PRIVATE LIMITED,50,2850.1,142505.0,2025-07-23 14:30:48.103800
2025-07-23,26325,2025072305033110,CHDC,Sundhara Securities Limited,APPLE SECURITIES PRIVATE LIMITED,156,2850.0,444600.0,2025-07-23 14:30:48.104211
2025-07-23,26324,2025072305033111,CHDC,Sumeru Securities Pvt. Ltd.,APPLE SECURITIES PRIVATE LIMITED,10,2850.0,28500.0,2025-07-23 14:30:48.104396
2025-07-23,26323,2025072305033112,CHDC,Sumeru Securities Pvt. Ltd.,APPLE SECURITIES PRIVATE LIMITED,20,2850.0,57000.0,2025-07-23 14:30:48.104604
2025-07-23,26315,2025072305033116,CHDC,Nabil Stock Dealer Ltd.,APPLE SECURITIES PRIVATE LIMITED,30,2850.0,85500.0,2025-07-23 14:30:48.870961
2025-07-23,25905,2025072305033231,CHDC,Nabil Stock Dealer Ltd.,APPLE SECURITIES PRIVATE LIMITED,30,2850.0,85500.0,2025-07-23 14:31:26.239865
2025-07-23,25450,2025072305033311,CHDC,Sundhara Securities Limited,Sani Securities Company Ltd.,12,2849.0,34188.0,2025-07-23 14:32:12.244102
2025-07-23,25279,2025072305033355,CHDC,Sundhara Securities Limited,Sagarmatha Securities Private Limited,17,2849.0,48433.0,2025-07-23 14:32:34.197324
2025-07-23,24681,2025072305033455,CHDC,Sumeru Securities Pvt. Ltd.,Swarna Laxmi Securities Pvt. Ltd.,2,2793.0,5586.0,2025-07-23 14:33:28.101143
2025-07-23,24666,2025072305033457,CHDC,Sundhara Securities Limited,Dakshinkali Investment & Securities Pvt. Ltd.,12,2849.0,34188.0,2025-07-23 14:33:29.994638
2025-07-23,24490,2025072305033508,CHDC,Sundhara Securities Limited,Trisul Securities & Invt. Ltd.,12,2849.0,34188.0,2025-07-23 14:33:46.194741
2025-07-23,23827,2025072305033652,CHDC,Sewa Securities Pvt. Ltd.,APPLE SECURITIES PRIVATE LIMITED,204,2850.0,581400.0,2025-07-23 14:34:49.201525
2025-07-23,23715,2025072305033672,CHDC,Citizens Share Broker Limited,Linch Stock Market Ltd.,2,2800.0,5600.0,2025-07-23 14:35:04.258265
2025-07-23,23641,2025072305033682,CHDC,Citizens Share Broker Limited,Naasa Securities Co. Ltd.,1,2800.0,2800.0,2025-07-23 14:35:11.757929
2025-07-23,23560,2025072305033693,CHDC,Citizens Share Broker Limited,Investment Management Nepal Pvt. Ltd.,1,2800.0,2800.0,2025-07-23 14:35:18.027576
2025-07-23,23514,2025072305033701,CHDC,Citizens Share Broker Limited,Sweta Securities Private Limited,1,2800.0,2800.0,2025-07-23 14:35:22.738460
2025-07-23,23469,2025072305033706,CHDC,Citizens Share Broker Limited,Sani Securities Company Ltd.,1,2800.0,2800.0,2025-07-23 14:35:27.804259
2025-07-23,23431,2025072305033721,CHDC,Investment Management Nepal Pvt. Ltd.,Sri Hari Securities Pvt. Ltd.,12,2850.1,34201.2,2025-07-23 14:35:31.650330
2025-07-23,23396,2025072305033722,CHDC,Citizens Share Broker Limited,Sewa Securities Pvt. Ltd.,1,2800.0,2800.0,2025-07-23 14:35:32.995332
2025-07-23,23214,2025072305033757,CHDC,Investment Management Nepal Pvt. Ltd.,Secured Securities Ltd.,12,2850.1,34201.2,2025-07-23 14:35:51.671509
2025-07-23,23188,2025072305033764,CHDC,Investment Management Nepal Pvt. Ltd.,NIMB Stock Markets Limited,100,2850.1,285010.0,2025-07-23 14:35:55.690860
2025-07-23,22525,2025072305033871,CHDC,Imperial Securities Company Pvt. Ltd.,Aryatara Investment & Securities,65,2852.0,185380.0,2025-07-23 14:36:53.003851
2025-07-23,22331,2025072305033922,CHDC,Investment Management Nepal Pvt. Ltd.,Agrawal Securities (PVT) Ltd.,126,2850.1,359112.6,2025-07-23 14:37:11.607456
2025-07-23,22330,2025072305033923,CHDC,Sewa Securities Pvt. Ltd.,Agrawal Securities (PVT) Ltd.,796,2850.0,2268600.0,2025-07-23 14:37:11.607524
2025-07-23,22329,2025072305033924,CHDC,Secured Securities Ltd.,Agrawal Securities (PVT) Ltd.,40,2850.0,114000.0,2025-07-23 14:37:11.607562
2025-07-23,22328,2025072305033925,CHDC,Sundhara Securities Limited,Agrawal Securities (PVT) Ltd.,38,2849.0,108262.0,2025-07-23 14:37:11.607584
2025-07-23,22295,2025072305033934,CHDC,Sundhara Securities Limited,Aryatara Investment & Securities,35,2852.0,99820.0,2025-07-23 14:37:14.442596
2025-07-23,21917,2025072305034008,CHDC,Bhrikuti Stock Broking Co. Pvt. Ltd.,Magnet Securities and Investment Company Private Limited,10,2850.0,28500.0,2025-07-23 14:37:38.764319
2025-07-23,21916,2025072305034009,CHDC,Sumeru Securities Pvt. Ltd.,Magnet Securities and Investment Company Private Limited,103,2846.0,293138.0,2025-07-23 14:37:38.764676
2025-07-23,21915,2025072305034010,CHDC,Himalayan Securities Limited,Magnet Securities and Investment Company Private Limited,187,2845.0,532015.0,2025-07-23 14:37:38.764844
2025-07-23,21695,2025072305034040,CHDC,Sumeru Securities Pvt. Ltd.,Oxford Securities Pvt. Ltd.,1,2795.0,2795.0,2025-07-23 14:37:55.977333
2025-07-23,20764,2025072305034229,CHDC,Sumeru Securities Pvt. Ltd.,Sumeru Securities Pvt. Ltd.,1,2795.0,2795.0,2025-07-23 14:38:48.570676
2025-07-23,20351,2025072305034297,CHDC,Citizens Share Broker Limited,S.P.S.A. Securities Limited,1,2795.0,2795.0,2025-07-23 14:39:18.201105
2025-07-23,19799,2025072305034402,CHDC,Cristal Kanchanjanga Securites Pvt. Ltd.,K.B.L. Securities Limited ,20,2845.1,56902.0,2025-07-23 14:39:56.812969
2025-07-23,19798,2025072305034403,CHDC,Himalayan Securities Limited,K.B.L. Securities Limited ,313,2845.0,890485.0,2025-07-23 14:39:56.813292
2025-07-23,19797,2025072305034404,CHDC,ABC Securities Private Limited,K.B.L. Securities Limited ,100,2845.0,284500.0,2025-07-23 14:39:56.813449
2025-07-23,19796,2025072305034405,CHDC,Sundhara Securities Limited,K.B.L. Securities Limited ,50,2845.0,142250.0,2025-07-23 14:39:56.813582
2025-07-23,19795,2025072305034406,CHDC,Vision Securities Pvt. Ltd,K.B.L. Securities Limited ,197,2844.3,560327.1,2025-07-23 14:39:56.813724
2025-07-23,19098,2025072305034544,CHDC,Naasa Securities Co. Ltd.,Nepal Stock House (PVT) Ltd.,10,2844.3,28443.0,2025-07-23 14:40:48.349635
2025-07-23,18326,2025072305034670,CHDC,Vision Securities Pvt. Ltd,Nepal Stock House (PVT) Ltd.,13,2844.3,36975.9,2025-07-23 14:41:57.566444
2025-07-23,17726,2025072305034803,CHDC,Aryatara Investment & Securities,N.M.B. SECURITIES LIMITED,100,2842.2,284220.0,2025-07-23 14:42:39.482300
2025-07-23,17725,2025072305034804,CHDC,Vision Securities Pvt. Ltd,N.M.B. SECURITIES LIMITED,500,2842.2,1421100.0,2025-07-23 14:42:39.482967
2025-07-23,17724,2025072305034805,CHDC,Naasa Securities Co. Ltd.,N.M.B. SECURITIES LIMITED,10,2842.2,28422.0,2025-07-23 14:42:39.483420
2025-07-23,17723,2025072305034806,CHDC,Linch Stock Market Ltd.,N.M.B. SECURITIES LIMITED,50,2842.1,142105.0,2025-07-23 14:42:39.483851
2025-07-23,17716,2025072305034808,CHDC,Trishakti Securities Public Limited,N.M.B. SECURITIES LIMITED,47,2842.0,133574.0,2025-07-23 14:42:39.684626
2025-07-23,17626,2025072305034834,CHDC,Opal Securities Investment (PVT) Ltd.,Siprabi Securities Pvt. Ltd.,10,2841.0,28410.0,2025-07-23 14:42:47.117702
2025-07-23,17625,2025072305034835,CHDC,Opal Securities Investment (PVT) Ltd.,Siprabi Securities Pvt. Ltd.,40,2841.0,113640.0,2025-07-23 14:42:47.118034
2025-07-23,17472,2025072305034883,CHDC,Capital Max Securities Ltd,N.M.B. SECURITIES LIMITED,100,2841.0,284100.0,2025-07-23 14:43:00.569371
2025-07-23,17470,2025072305034884,CHDC,Agrawal Securities (PVT) Ltd.,N.M.B. SECURITIES LIMITED,83,2841.0,235803.0,2025-07-23 14:43:00.569695
2025-07-23,17349,2025072305034911,CHDC,Agrawal Securities (PVT) Ltd.,Aryatara Investment & Securities,17,2841.0,48297.0,2025-07-23 14:43:11.329477
2025-07-23,17348,2025072305034912,CHDC,Agrawal Securities (PVT) Ltd.,Aryatara Investment & Securities,83,2841.0,235803.0,2025-07-23 14:43:11.329845
2025-07-23,17274,2025072305034924,CHDC,Opal Securities Investment (PVT) Ltd.,Nepal Stock House (PVT) Ltd.,25,2844.3,71107.5,2025-07-23 14:43:19.751786
2025-07-23,16690,2025072305035006,CHDC,Sumeru Securities Pvt. Ltd.,Aryatara Investment & Securities,1,2795.0,2795.0,2025-07-23 14:44:16.409869
2025-07-23,15908,2025072305035115,CHDC,Imperial Securities Company Pvt. Ltd.,Investment Management Nepal Pvt. Ltd.,28,2841.2,79553.6,2025-07-23 14:45:15.497680
2025-07-23,15907,2025072305035116,CHDC,Trishakti Securities Public Limited,Investment Management Nepal Pvt. Ltd.,32,2841.1,90915.2,2025-07-23 14:45:15.498159
2025-07-23,15634,2025072305035183,CHDC,Aryatara Investment & Securities,Midas Stock Broking Company Private Limited,20,2842.0,56840.0,2025-07-23 14:45:44.022986
2025-07-23,15633,2025072305035184,CHDC,Trishakti Securities Public Limited,Midas Stock Broking Company Private Limited,68,2841.1,193194.8,2025-07-23 14:45:44.023031
2025-07-23,15632,2025072305035185,CHDC,Agrawal Securities (PVT) Ltd.,Midas Stock Broking Company Private Limited,17,2841.0,48297.0,2025-07-23 14:45:44.023059
2025-07-23,15631,2025072305035186,CHDC,Kohinoor Investment & Securities Pvt. Ltd.,Midas Stock Broking Company Private Limited,60,2841.0,170460.0,2025-07-23 14:45:44.023088
2025-07-23,15630,2025072305035187,CHDC,Capital Max Securities Ltd,Midas Stock Broking Company Private Limited,100,2841.0,284100.0,2025-07-23 14:45:44.023114
2025-07-23,15629,2025072305035188,CHDC,Agrawal Securities (PVT) Ltd.,Midas Stock Broking Company Private Limited,50,2841.0,142050.0,2025-07-23 14:45:44.023136
2025-07-23,15628,2025072305035189,CHDC,Agrawal Securities (PVT) Ltd.,Midas Stock Broking Company Private Limited,100,2841.0,284100.0,2025-07-23 14:45:44.023183
2025-07-23,15627,2025072305035190,CHDC,Vision Securities Pvt. Ltd,Midas Stock Broking Company Private Limited,599,2840.1,1701219.9,2025-07-23 14:45:44.023213
2025-07-23,15311,2025072305035250,CHDC,Market Securities & Exchange (PVT) Ltd.,Secured Securities Ltd.,12,2841.1,34093.2,2025-07-23 14:46:13.882786
2025-07-23,14965,2025072305035313,CHDC,Sumeru Securities Pvt. Ltd.,Nepal Stock House (PVT) Ltd.,22,2844.3,62574.6,2025-07-23 14:46:43.279192
2025-07-23,14732,2025072305035365,CHDC,Online Securities Pvt. Ltd.,Sundhara Securities Limited,20,2850.0,57000.0,2025-07-23 14:47:06.835561
2025-07-23,14654,2025072305035382,CHDC,Sumeru Securities Pvt. Ltd.,Sundhara Securities Limited,78,2850.0,222300.0,2025-07-23 14:47:12.419689
2025-07-23,13021,2025072305035675,CHDC,Vision Securities Pvt. Ltd,Sweta Securities Private Limited,12,2850.0,34200.0,2025-07-23 14:49:40.712781
2025-07-23,13020,2025072305035676,CHDC,Vision Securities Pvt. Ltd,Shree Krishna Securities Ltd.,20,2850.0,57000.0,2025-07-23 14:49:40.713458
2025-07-23,13019,2025072305035677,CHDC,Vision Securities Pvt. Ltd,Kumari Securities Private Limited,15,2850.0,42750.0,2025-07-23 14:49:40.713882
2025-07-23,13001,2025072305035678,CHDC,Citizens Share Broker Limited,Nepal Stock House (PVT) Ltd.,1,2800.0,2800.0,2025-07-23 14:49:42.789263
2025-07-23,12943,2025072305035686,CHDC,Citizens Share Broker Limited,Nepal Stock House (PVT) Ltd.,1,2800.0,2800.0,2025-07-23 14:49:48.196206
2025-07-23,12849,2025072305035704,CHDC,Citizens Share Broker Limited,Nepal Stock House (PVT) Ltd.,1,2800.0,2800.0,2025-07-23 14:49:56.349921
2025-07-23,12568,2025072305035778,CHDC,Trishakti Securities Public Limited,Agrawal Securities (PVT) Ltd.,25,2842.1,71052.5,2025-07-23 14:50:12.444819
2025-07-23,12567,2025072305035779,CHDC,Sumeru Securities Pvt. Ltd.,Agrawal Securities (PVT) Ltd.,125,2842.1,355262.5,2025-07-23 14:50:12.444925
2025-07-23,12566,2025072305035780,CHDC,Sumeru Securities Pvt. Ltd.,Agrawal Securities (PVT) Ltd.,100,2842.0,284200.0,2025-07-23 14:50:12.444960
2025-07-23,12565,2025072305035781,CHDC,Market Securities & Exchange (PVT) Ltd.,Agrawal Securities (PVT) Ltd.,88,2841.1,250016.8,2025-07-23 14:50:12.444991
2025-07-23,12564,2025072305035782,CHDC,Vision Securities Pvt. Ltd,Agrawal Securities (PVT) Ltd.,400,2841.1,1136440.0,2025-07-23 14:50:12.445014
2025-07-23,12563,2025072305035783,CHDC,Sumeru Securities Pvt. Ltd.,Agrawal Securities (PVT) Ltd.,100,2841.1,284110.0,2025-07-23 14:50:12.445039
2025-07-23,12562,2025072305035784,CHDC,Vision Securities Pvt. Ltd,Agrawal Securities (PVT) Ltd.,162,2840.1,460096.2,2025-07-23 14:50:12.445081
2025-07-23,11974,2025072305035939,CHDC,Neev Securities Pvt. Ltd.,Kumari Securities Private Limited,60,2850.0,171000.0,2025-07-23 14:51:03.599512
2025-07-23,11812,2025072305035958,CHDC,Naasa Securities Co. Ltd.,Kumari Securities Private Limited,10,2850.0,28500.0,2025-07-23 14:51:17.244131
2025-07-23,11788,2025072305035961,CHDC,Sumeru Securities Pvt. Ltd.,Kumari Securities Private Limited,100,2850.0,285000.0,2025-07-23 14:51:18.539239
2025-07-23,11705,2025072305035981,CHDC,Neev Securities Pvt. Ltd.,APPLE SECURITIES PRIVATE LIMITED,12,2849.0,34188.0,2025-07-23 14:51:27.215479
2025-07-23,11573,2025072305036007,CHDC,Deevyaa Securities & Stock House Pvt. Ltd,APPLE SECURITIES PRIVATE LIMITED,100,2849.0,284900.0,2025-07-23 14:51:38.151633
2025-07-23,11492,2025072305036036,CHDC,Naasa Securities Co. Ltd.,APPLE SECURITIES PRIVATE LIMITED,20,2849.0,56980.0,2025-07-23 14:51:45.925623
2025-07-23,11091,2025072305036111,CHDC,Sumeru Securities Pvt. Ltd.,Nepal Stock House (PVT) Ltd.,10,2848.0,28480.0,2025-07-23 14:52:22.330566
2025-07-23,10736,2025072305036183,CHDC,Himalayan Securities Limited,Naasa Securities Co. Ltd.,12,2848.0,34176.0,2025-07-23 14:52:45.567499
2025-07-23,10691,2025072305036189,CHDC,Himalayan Securities Limited,APPLE SECURITIES PRIVATE LIMITED,368,2849.0,1048432.0,2025-07-23 14:52:49.566035
2025-07-23,10502,2025072305036234,CHDC,Prabhu Stock Market Limited,Online Securities Pvt. Ltd.,12,2845.0,34140.0,2025-07-23 14:53:02.241227
2025-07-23,9965,2025072305036321,CHDC,Vision Securities Pvt. Ltd,Kumari Securities Private Limited,15,2850.0,42750.0,2025-07-23 14:53:38.172436
2025-07-23,9964,2025072305036322,CHDC,Vision Securities Pvt. Ltd,SUN SECURITIES PVT LTD,50,2850.0,142500.0,2025-07-23 14:53:38.173083
2025-07-23,9963,2025072305036323,CHDC,Vision Securities Pvt. Ltd,Bhrikuti Stock Broking Co. Pvt. Ltd.,30,2855.0,85650.0,2025-07-23 14:53:38.173560
2025-07-23,9962,2025072305036324,CHDC,Vision Securities Pvt. Ltd,Linch Stock Market Ltd.,10,2855.0,28550.0,2025-07-23 14:53:38.173992
2025-07-23,9961,2025072305036325,CHDC,Vision Securities Pvt. Ltd,Kumari Securities Private Limited,200,2856.9,571380.0,2025-07-23 14:53:38.174433
2025-07-23,9960,2025072305036326,CHDC,Vision Securities Pvt. Ltd,Imperial Securities Company Pvt. Ltd.,10,2856.9,28569.0,2025-07-23 14:53:38.174860
2025-07-23,9959,2025072305036327,CHDC,Vision Securities Pvt. Ltd,Cristal Kanchanjanga Securites Pvt. Ltd.,85,2857.0,242845.0,2025-07-23 14:53:38.175305
2025-07-23,9958,2025072305036328,CHDC,Vision Securities Pvt. Ltd,Blue Chip Securities Ltd,100,2857.0,285700.0,2025-07-23 14:53:38.175721
2025-07-23,9522,2025072305036398,CHDC,N.M.B. SECURITIES LIMITED,Dipshikha Dhitopatra Karobar Co. Pvt Ltd.,1,2800.0,2800.0,2025-07-23 14:54:07.507901
2025-07-23,9003,2025072305036472,CHDC,Vision Securities Pvt. Ltd,Kumari Securities Private Limited,500,2856.9,1428450.0,2025-07-23 14:54:37.520729
2025-07-23,9002,2025072305036473,CHDC,Vision Securities Pvt. Ltd,Blue Chip Securities Ltd,100,2857.0,285700.0,2025-07-23 14:54:37.521089
2025-07-23,9001,2025072305036474,CHDC,Vision Securities Pvt. Ltd,Sweta Securities Private Limited,100,2858.0,285800.0,2025-07-23 14:54:37.521238
2025-07-23,9000,2025072305036475,CHDC,Vision Securities Pvt. Ltd,J.F. Securites (PVT) Ltd.,50,2860.0,143000.0,2025-07-23 14:54:37.521389
2025-07-23,8999,2025072305036476,CHDC,Vision Securities Pvt. Ltd,Cristal Kanchanjanga Securites Pvt. Ltd.,300,2860.0,858000.0,2025-07-23 14:54:37.521525
2025-07-23,8998,2025072305036477,CHDC,Vision Securities Pvt. Ltd,Blue Chip Securities Ltd,400,2860.0,1144000.0,2025-07-23 14:54:37.521665
2025-07-23,8997,2025072305036478,CHDC,Vision Securities Pvt. Ltd,Midas Stock Broking Company Private Limited,12,2860.0,34320.0,2025-07-23 14:54:37.521796
2025-07-23,8996,2025072305036479,CHDC,Vision Securities Pvt. Ltd,Neev Securities Pvt. Ltd.,38,2860.0,108680.0,2025-07-23 14:54:37.521928
2025-07-23,8862,2025072305036538,CHDC,Linch Stock Market Ltd.,Imperial Securities Company Pvt. Ltd.,12,2850.0,34200.0,2025-07-23 14:54:43.127352
2025-07-23,8692,2025072305036568,CHDC,Linch Stock Market Ltd.,Linch Stock Market Ltd.,10,2850.0,28500.0,2025-07-23 14:54:54.260535
2025-07-23,8564,2025072305036627,CHDC,Prabhu Stock Market Limited,APPLE SECURITIES PRIVATE LIMITED,300,2855.0,856500.0,2025-07-23 14:55:01.380009
2025-07-23,8395,2025072305036645,CHDC,Vision Securities Pvt. Ltd,Online Securities Pvt. Ltd.,350,2856.9,999915.0,2025-07-23 14:55:10.148830
2025-07-23,8394,2025072305036646,CHDC,Vision Securities Pvt. Ltd,Neev Securities Pvt. Ltd.,12,2860.0,34320.0,2025-07-23 14:55:10.149153
2025-07-23,8393,2025072305036647,CHDC,Vision Securities Pvt. Ltd,Premier Securities Company Ltd.,50,2860.0,143000.0,2025-07-23 14:55:10.149308
2025-07-23,8392,2025072305036648,CHDC,Vision Securities Pvt. Ltd,Sri Hari Securities Pvt. Ltd.,150,2863.0,429450.0,2025-07-23 14:55:10.149446
2025-07-23,8254,2025072305036670,CHDC,Vision Securities Pvt. Ltd,Miyo Securities Pvt Ltd,88,2863.0,251944.0,2025-07-23 14:55:18.059951
2025-07-23,7905,2025072305036738,CHDC,Creative Securities Pvt Ltd,Premier Securities Company Ltd.,12,2860.0,34320.0,2025-07-23 14:55:34.916536
2025-07-23,7589,2025072305036820,CHDC,Creative Securities Pvt Ltd,Miyo Securities Pvt Ltd,118,2860.0,337480.0,2025-07-23 14:55:50.236471
2025-07-23,7346,2025072305036852,CHDC,Citizens Share Broker Limited,Naasa Securities Co. Ltd.,1,2810.0,2810.0,2025-07-23 14:56:00.083083
2025-07-23,7340,2025072305036855,CHDC,Prabhu Stock Market Limited,Kumari Securities Private Limited,11,2855.0,31405.0,2025-07-23 14:56:00.496440
2025-07-23,7234,2025072305036880,CHDC,Vision Securities Pvt. Ltd,Prabhu Stock Market Limited,500,2862.0,1431000.0,2025-07-23 14:56:05.978761
2025-07-23,7233,2025072305036881,CHDC,Vision Securities Pvt. Ltd,Investment Management Nepal Pvt. Ltd.,11,2864.0,31504.0,2025-07-23 14:56:05.979049
2025-07-23,7232,2025072305036882,CHDC,Vision Securities Pvt. Ltd,ABC Securities Private Limited,12,2864.0,34368.0,2025-07-23 14:56:05.979186
2025-07-23,7231,2025072305036883,CHDC,Vision Securities Pvt. Ltd,Imperial Securities Company Pvt. Ltd.,12,2864.3,34371.6,2025-07-23 14:56:05.979337
2025-07-23,7230,2025072305036884,CHDC,Vision Securities Pvt. Ltd,Cristal Kanchanjanga Securites Pvt. Ltd.,65,2865.0,186225.0,2025-07-23 14:56:05.979478
2025-07-23,7055,2025072305036909,CHDC,Prabhu Stock Market Limited,Sani Securities Company Ltd.,76,2855.0,216980.0,2025-07-23 14:56:15.094622
2025-07-23,7054,2025072305036910,CHDC,Prabhu Stock Market Limited,Naasa Securities Co. Ltd.,1,2855.0,2855.0,2025-07-23 14:56:15.095032
2025-07-23,6811,2025072305036974,CHDC,N.M.B. SECURITIES LIMITED,Pragyan Securities (PVT) Ltd.,1,2810.0,2810.0,2025-07-23 14:56:21.318698
2025-07-23,5795,2025072305037176,CHDC,K.B.L. Securities Limited ,Linch Stock Market Ltd.,30,2860.0,85800.0,2025-07-23 14:57:12.306968
2025-07-23,5794,2025072305037177,CHDC,K.B.L. Securities Limited ,SUN SECURITIES PVT LTD,50,2860.0,143000.0,2025-07-23 14:57:12.307629
2025-07-23,5793,2025072305037178,CHDC,K.B.L. Securities Limited ,ABC Securities Private Limited,120,2864.0,343680.0,2025-07-23 14:57:12.308112
2025-07-23,2779,2025072305037690,CHDC,Aryatara Investment & Securities,Imperial Securities Company Pvt. Ltd.,11,2857.0,31427.0,2025-07-23 14:58:59.408182
2025-07-23,2357,2025072305037789,CHDC,Creative Securities Pvt Ltd,Blue Chip Securities Ltd,150,2863.9,429585.0,2025-07-23 14:59:11.089091
2025-07-23,2356,2025072305037790,CHDC,Creative Securities Pvt Ltd,ABC Securities Private Limited,80,2864.0,229120.0,2025-07-23 14:59:11.089526
2025-07-23,2355,2025072305037791,CHDC,Creative Securities Pvt Ltd,Aryatara Investment & Securities,270,2864.0,773280.0,2025-07-23 14:59:11.089670
2025-07-23,1668,2025072305037892,CHDC,N.M.B. SECURITIES LIMITED,Linch Stock Market Ltd.,1,2810.0,2810.0,2025-07-23 14:59:27.805138
2025-07-23,233,2025072305038171,CHDC,Imperial Securities Company Pvt. Ltd.,Asian Securities Private Ltd.,50,2863.0,143150.0,2025-07-23 14:59:57.191760
2025-07-23,232,2025072305038172,CHDC,Imperial Securities Company Pvt. Ltd.,Siprabi Securities Pvt. Ltd.,12,2863.8,34365.6,2025-07-23 14:59:57.192080
2025-07-23,231,2025072305038173,CHDC,Imperial Securities Company Pvt. Ltd.,Aryatara Investment & Securities,38,2864.0,108832.0,2025-07-23 14:59:57.192216
