Date,S.N.,Contract ID,Symbol,Buyer Broker,Seller Broker,volume,rate,amount,transaction_time
2025-07-23,170235,2025072304000021,CHL,Kohinoor Investment & Securities Pvt. Ltd.,Siprabi Securities Pvt. Ltd.,10,337.4,3374.0,2025-07-23 10:46:00.050305
2025-07-23,165873,2025072304001564,CHL,Opal Securities Investment (PVT) Ltd.,SUN SECURITIES PVT LTD,200,334.0,66800.0,2025-07-23 11:06:06.411978
2025-07-23,165598,2025072304001650,CHL,Naasa Securities Co. Ltd.,Dakshinkali Investment & Securities Pvt. Ltd.,15,332.0,4980.0,2025-07-23 11:06:27.565302
2025-07-23,165597,2025072304001651,CHL,Deevyaa Securities & Stock House Pvt. Ltd,Dakshinkali Investment & Securities Pvt. Ltd.,285,331.5,94477.5,2025-07-23 11:06:27.565505
2025-07-23,163939,2025072304002197,CHL,Deevyaa Securities & Stock House Pvt. Ltd,Naasa Securities Co. Ltd.,15,331.5,4972.5,2025-07-23 11:08:20.390453
2025-07-23,163938,2025072304002198,CHL,Imperial Securities Company Pvt. Ltd.,Naasa Securities Co. Ltd.,20,331.0,6620.0,2025-07-23 11:08:20.390488
2025-07-23,163937,2025072304002199,CHL,Aryatara Investment & Securities,Naasa Securities Co. Ltd.,666,331.0,220446.0,2025-07-23 11:08:20.390508
2025-07-23,163936,2025072304002200,CHL,Sri Hari Securities Pvt. Ltd.,Naasa Securities Co. Ltd.,10,331.0,3310.0,2025-07-23 11:08:20.390532
2025-07-23,163935,2025072304002201,CHL,Online Securities Pvt. Ltd.,Naasa Securities Co. Ltd.,200,330.7,66140.0,2025-07-23 11:08:20.390553
2025-07-23,163934,2025072304002202,CHL,Imperial Securities Company Pvt. Ltd.,Naasa Securities Co. Ltd.,109,327.0,35643.0,2025-07-23 11:08:20.390574
2025-07-23,163421,2025072304002352,CHL,Vision Securities Pvt. Ltd,Dakshinkali Investment & Securities Pvt. Ltd.,485,331.0,160535.0,2025-07-23 11:08:56.888992
2025-07-23,162725,2025072304002545,CHL,Vision Securities Pvt. Ltd,Dakshinkali Investment & Securities Pvt. Ltd.,15,331.0,4965.0,2025-07-23 11:09:45.177223
2025-07-23,162364,2025072304002660,CHL,Imperial Securities Company Pvt. Ltd.,SHUBHAKAMANA SECURITIES PVT. LTD,391,327.0,127857.0,2025-07-23 11:10:08.096651
2025-07-23,162363,2025072304002661,CHL,Dakshinkali Investment & Securities Pvt. Ltd.,SHUBHAKAMANA SECURITIES PVT. LTD,50,327.0,16350.0,2025-07-23 11:10:08.096739
2025-07-23,161217,2025072304002971,CHL,Asian Securities Private Ltd.,SHUBHAKAMANA SECURITIES PVT. LTD,50,327.0,16350.0,2025-07-23 11:11:18.410384
2025-07-23,159084,2025072304003586,CHL,ABC Securities Private Limited,Vision Securities Pvt. Ltd,100,326.1,32610.0,2025-07-23 11:13:24.304357
2025-07-23,159083,2025072304003587,CHL,J.F. Securites (PVT) Ltd.,Vision Securities Pvt. Ltd,400,325.2,130080.0,2025-07-23 11:13:24.304402
2025-07-23,157564,2025072304004053,CHL,Primo Securities (PVT) Ltd.,Imperial Securities Company Pvt. Ltd.,30,325.1,9753.0,2025-07-23 11:14:45.862008
2025-07-23,156545,2025072304004357,CHL,Dipshikha Dhitopatra Karobar Co. Pvt Ltd.,Dipshikha Dhitopatra Karobar Co. Pvt Ltd.,500,329.0,164500.0,2025-07-23 11:15:36.991816
2025-07-23,153715,2025072304005192,CHL,Opal Securities Investment (PVT) Ltd.,Dipshikha Dhitopatra Karobar Co. Pvt Ltd.,40,328.0,13120.0,2025-07-23 11:18:12.821294
2025-07-23,152664,2025072304005431,CHL,Opal Securities Investment (PVT) Ltd.,Sani Securities Company Ltd.,90,329.0,29610.0,2025-07-23 11:19:16.476448
2025-07-23,152663,2025072304005432,CHL,Opal Securities Investment (PVT) Ltd.,ABC Securities Private Limited,10,329.0,3290.0,2025-07-23 11:19:16.476573
2025-07-23,152633,2025072304005436,CHL,Asian Securities Private Ltd.,ABC Securities Private Limited,50,329.0,16450.0,2025-07-23 11:19:18.007866
2025-07-23,151672,2025072304005688,CHL,Primo Securities (PVT) Ltd.,Dakshinkali Investment & Securities Pvt. Ltd.,500,327.5,163750.0,2025-07-23 11:19:53.429578
2025-07-23,151671,2025072304005689,CHL,Sri Hari Securities Pvt. Ltd.,Dakshinkali Investment & Securities Pvt. Ltd.,100,327.0,32700.0,2025-07-23 11:19:53.429794
2025-07-23,151283,2025072304005837,CHL,Sharepro Securities Private Limited,Dipshikha Dhitopatra Karobar Co. Pvt Ltd.,100,328.0,32800.0,2025-07-23 11:20:09.499749
2025-07-23,149792,2025072304006311,CHL,Imperial Securities Company Pvt. Ltd.,ABC Securities Private Limited,100,329.0,32900.0,2025-07-23 11:21:05.298064
2025-07-23,148570,2025072304006764,CHL,Siprabi Securities Pvt. Ltd.,ABC Securities Private Limited,40,329.0,13160.0,2025-07-23 11:21:42.504320
2025-07-23,148569,2025072304006765,CHL,Siprabi Securities Pvt. Ltd.,Trisul Securities & Invt. Ltd.,50,329.0,16450.0,2025-07-23 11:21:42.504439
2025-07-23,148018,2025072304006883,CHL,Siprabi Securities Pvt. Ltd.,Kalika Securities Pvt. Ltd.,245,329.0,80605.0,2025-07-23 11:22:05.976537
2025-07-23,145144,2025072304007771,CHL,Siprabi Securities Pvt. Ltd.,Oxford Securities Pvt. Ltd.,165,329.0,54285.0,2025-07-23 11:24:00.912214
2025-07-23,145143,2025072304007772,CHL,Sri Hari Securities Pvt. Ltd.,Oxford Securities Pvt. Ltd.,20,329.0,6580.0,2025-07-23 11:24:00.912339
2025-07-23,144676,2025072304008019,CHL,Dynamic Money Managers Securities Pvt. Ltd.,Aryatara Investment & Securities,115,328.1,37731.5,2025-07-23 11:24:22.082195
2025-07-23,144575,2025072304008058,CHL,Arun Securities (PVT) Ltd.,Oxford Securities Pvt. Ltd.,615,329.0,202335.0,2025-07-23 11:24:28.170846
2025-07-23,144574,2025072304008059,CHL,Arun Securities (PVT) Ltd.,SUN SECURITIES PVT LTD,385,330.3,127165.5,2025-07-23 11:24:28.171003
2025-07-23,143565,2025072304008442,CHL,Dynamic Money Managers Securities Pvt. Ltd.,SUN SECURITIES PVT LTD,30,330.3,9909.0,2025-07-23 11:25:20.653537
2025-07-23,142567,2025072304008892,CHL,Dipshikha Dhitopatra Karobar Co. Pvt Ltd.,SUN SECURITIES PVT LTD,85,330.3,28075.5,2025-07-23 11:26:16.488049
2025-07-23,142523,2025072304008928,CHL,Arun Securities (PVT) Ltd.,SHUBHAKAMANA SECURITIES PVT. LTD,209,330.8,69137.2,2025-07-23 11:26:18.627883
2025-07-23,142522,2025072304008929,CHL,Arun Securities (PVT) Ltd.,Himalayan Brokerage Company Limited,1012,331.0,334972.0,2025-07-23 11:26:18.627997
2025-07-23,142521,2025072304008930,CHL,Arun Securities (PVT) Ltd.,Sani Securities Company Ltd.,300,331.0,99300.0,2025-07-23 11:26:18.628050
2025-07-23,142520,2025072304008931,CHL,Arun Securities (PVT) Ltd.,Shree Krishna Securities Ltd.,300,331.0,99300.0,2025-07-23 11:26:18.628114
2025-07-23,142519,2025072304008932,CHL,Arun Securities (PVT) Ltd.,Sani Securities Company Ltd.,226,331.0,74806.0,2025-07-23 11:26:18.628159
2025-07-23,142518,2025072304008933,CHL,Arun Securities (PVT) Ltd.,Arun Securities (PVT) Ltd.,100,331.0,33100.0,2025-07-23 11:26:18.628203
2025-07-23,142517,2025072304008934,CHL,Arun Securities (PVT) Ltd.,ABC Securities Private Limited,153,331.0,50643.0,2025-07-23 11:26:18.628247
2025-07-23,142393,2025072304009018,CHL,Dipshikha Dhitopatra Karobar Co. Pvt Ltd.,ABC Securities Private Limited,47,331.0,15557.0,2025-07-23 11:26:24.494373
2025-07-23,142392,2025072304009019,CHL,Dipshikha Dhitopatra Karobar Co. Pvt Ltd.,Sani Securities Company Ltd.,162,332.0,53784.0,2025-07-23 11:26:24.494504
2025-07-23,142385,2025072304009021,CHL,Primo Securities (PVT) Ltd.,Aryatara Investment & Securities,100,329.0,32900.0,2025-07-23 11:26:24.845067
2025-07-23,142364,2025072304009028,CHL,Sweta Securities Private Limited,Sani Securities Company Ltd.,1178,332.0,391096.0,2025-07-23 11:26:25.733215
2025-07-23,142363,2025072304009029,CHL,Sweta Securities Private Limited,Aryatara Investment & Securities,322,332.0,106904.0,2025-07-23 11:26:25.733337
2025-07-23,139569,2025072304010158,CHL,Oxford Securities Pvt. Ltd.,Aryatara Investment & Securities,28,332.0,9296.0,2025-07-23 11:29:21.222890
2025-07-23,139040,2025072304010341,CHL,Sweta Securities Private Limited,Imperial Securities Company Pvt. Ltd.,11,332.1,3653.1,2025-07-23 11:29:55.363263
2025-07-23,139039,2025072304010342,CHL,Oxford Securities Pvt. Ltd.,Imperial Securities Company Pvt. Ltd.,539,332.0,178948.0,2025-07-23 11:29:55.363390
2025-07-23,137932,2025072304010738,CHL,Naasa Securities Co. Ltd.,Imperial Securities Company Pvt. Ltd.,100,332.9,33290.0,2025-07-23 11:31:14.465209
2025-07-23,137931,2025072304010739,CHL,Naasa Securities Co. Ltd.,Dynamic Money Managers Securities Pvt. Ltd.,10,333.0,3330.0,2025-07-23 11:31:14.465462
2025-07-23,137930,2025072304010740,CHL,Naasa Securities Co. Ltd.,ABC Securities Private Limited,90,333.0,29970.0,2025-07-23 11:31:14.465630
2025-07-23,137299,2025072304010971,CHL,Primo Securities (PVT) Ltd.,ABC Securities Private Limited,410,333.0,136530.0,2025-07-23 11:31:55.460604
2025-07-23,136769,2025072304011164,CHL,Primo Securities (PVT) Ltd.,Aryatara Investment & Securities,700,333.0,233100.0,2025-07-23 11:32:31.091402
2025-07-23,136189,2025072304011338,CHL,Primo Securities (PVT) Ltd.,Dynamic Money Managers Securities Pvt. Ltd.,790,333.0,263070.0,2025-07-23 11:33:15.135975
2025-07-23,136188,2025072304011339,CHL,Sani Securities Company Ltd.,Dynamic Money Managers Securities Pvt. Ltd.,100,333.0,33300.0,2025-07-23 11:33:15.136114
2025-07-23,136187,2025072304011340,CHL,ABC Securities Private Limited,Dynamic Money Managers Securities Pvt. Ltd.,110,333.0,36630.0,2025-07-23 11:33:15.136167
2025-07-23,135180,2025072304011662,CHL,ABC Securities Private Limited,Neev Securities Pvt. Ltd.,192,333.0,63936.0,2025-07-23 11:34:11.849495
2025-07-23,134401,2025072304011989,CHL,ABC Securities Private Limited,Dynamic Money Managers Securities Pvt. Ltd.,100,333.0,33300.0,2025-07-23 11:34:53.890901
2025-07-23,134400,2025072304011990,CHL,Primo Securities (PVT) Ltd.,Dynamic Money Managers Securities Pvt. Ltd.,500,333.0,166500.0,2025-07-23 11:34:53.891130
2025-07-23,134399,2025072304011991,CHL,Primo Securities (PVT) Ltd.,Dynamic Money Managers Securities Pvt. Ltd.,900,333.0,299700.0,2025-07-23 11:34:53.891297
2025-07-23,133647,2025072304012266,CHL,Online Securities Pvt. Ltd.,SUN SECURITIES PVT LTD,75,334.0,25050.0,2025-07-23 11:35:35.071481
2025-07-23,133445,2025072304012323,CHL,Primo Securities (PVT) Ltd.,South Asian Bulls Pvt. Ltd.,500,333.0,166500.0,2025-07-23 11:35:46.285050
2025-07-23,131888,2025072304012877,CHL,Dipshikha Dhitopatra Karobar Co. Pvt Ltd.,SHUBHAKAMANA SECURITIES PVT. LTD,100,333.1,33310.0,2025-07-23 11:37:27.049962
2025-07-23,131662,2025072304012954,CHL,Oxford Securities Pvt. Ltd.,Primo Securities (PVT) Ltd.,250,332.0,83000.0,2025-07-23 11:37:41.583541
2025-07-23,131567,2025072304012981,CHL,Oxford Securities Pvt. Ltd.,Sani Securities Company Ltd.,15,332.0,4980.0,2025-07-23 11:37:49.593203
2025-07-23,130598,2025072304013298,CHL,Primo Securities (PVT) Ltd.,Dynamic Money Managers Securities Pvt. Ltd.,500,332.1,166050.0,2025-07-23 11:39:09.369088
2025-07-23,130393,2025072304013363,CHL,Primo Securities (PVT) Ltd.,Vision Securities Pvt. Ltd,15,332.1,4981.5,2025-07-23 11:39:24.866839
2025-07-23,130312,2025072304013401,CHL,Primo Securities (PVT) Ltd.,Dynamic Money Managers Securities Pvt. Ltd.,485,332.1,161068.5,2025-07-23 11:39:31.520931
2025-07-23,130311,2025072304013402,CHL,Oxford Securities Pvt. Ltd.,Dynamic Money Managers Securities Pvt. Ltd.,15,332.0,4980.0,2025-07-23 11:39:31.521069
2025-07-23,127677,2025072304014254,CHL,Oxford Securities Pvt. Ltd.,SHUBHAKAMANA SECURITIES PVT. LTD,153,332.0,50796.0,2025-07-23 11:43:20.109664
2025-07-23,127676,2025072304014255,CHL,Arun Securities (PVT) Ltd.,SHUBHAKAMANA SECURITIES PVT. LTD,47,332.0,15604.0,2025-07-23 11:43:20.109839
2025-07-23,126572,2025072304014592,CHL,Arun Securities (PVT) Ltd.,Swarna Laxmi Securities Pvt. Ltd.,95,332.0,31540.0,2025-07-23 11:44:58.620869
2025-07-23,125313,2025072304015028,CHL,Linch Stock Market Ltd.,Swarna Laxmi Securities Pvt. Ltd.,405,332.0,134460.0,2025-07-23 11:46:38.703048
2025-07-23,125110,2025072304015107,CHL,Sharepro Securities Private Limited,Imperial Securities Company Pvt. Ltd.,150,332.9,49935.0,2025-07-23 11:46:54.751617
2025-07-23,125109,2025072304015108,CHL,Sharepro Securities Private Limited,Vision Securities Pvt. Ltd,500,333.0,166500.0,2025-07-23 11:46:54.751754
2025-07-23,124320,2025072304015453,CHL,Siprabi Securities Pvt. Ltd.,Sani Securities Company Ltd.,20,332.1,6642.0,2025-07-23 11:47:54.486039
2025-07-23,124132,2025072304015527,CHL,Siprabi Securities Pvt. Ltd.,Sunrise Securities Limited,55,332.1,18265.5,2025-07-23 11:48:09.426975
2025-07-23,124131,2025072304015528,CHL,Linch Stock Market Ltd.,Sunrise Securities Limited,25,332.0,8300.0,2025-07-23 11:48:09.427017
2025-07-23,123890,2025072304015675,CHL,Online Securities Pvt. Ltd.,Vision Securities Pvt. Ltd,25,333.0,8325.0,2025-07-23 11:48:26.186494
2025-07-23,123356,2025072304015925,CHL,Linch Stock Market Ltd.,Sani Securities Company Ltd.,350,332.0,116200.0,2025-07-23 11:49:09.726446
2025-07-23,121881,2025072304016425,CHL,Primo Securities (PVT) Ltd.,Sewa Securities Pvt. Ltd.,500,332.5,166250.0,2025-07-23 11:51:15.071004
2025-07-23,121181,2025072304016741,CHL,Nepal Investment And Securities Trading Private Limited,Sewa Securities Pvt. Ltd.,100,332.5,33250.0,2025-07-23 11:52:10.411514
2025-07-23,120271,2025072304017064,CHL,Linch Stock Market Ltd.,ABC Securities Private Limited,200,332.0,66400.0,2025-07-23 11:53:31.041232
2025-07-23,119895,2025072304017220,CHL,Linch Stock Market Ltd.,Dipshikha Dhitopatra Karobar Co. Pvt Ltd.,20,332.0,6640.0,2025-07-23 11:54:04.988207
2025-07-23,119507,2025072304017351,CHL,Linch Stock Market Ltd.,Dipshikha Dhitopatra Karobar Co. Pvt Ltd.,323,332.0,107236.0,2025-07-23 11:54:35.121993
2025-07-23,116524,2025072304018504,CHL,Capital Max Securities Ltd,Sewa Securities Pvt. Ltd.,155,332.5,51537.5,2025-07-23 11:58:16.192419
2025-07-23,116523,2025072304018505,CHL,Capital Max Securities Ltd,Secured Securities Ltd.,45,332.5,14962.5,2025-07-23 11:58:16.192591
2025-07-23,115836,2025072304018748,CHL,Trishakti Securities Public Limited,Secured Securities Ltd.,155,332.5,51537.5,2025-07-23 11:59:17.246908
2025-07-23,115835,2025072304018749,CHL,Trishakti Securities Public Limited,Vision Securities Pvt. Ltd,845,333.0,281385.0,2025-07-23 11:59:17.247176
2025-07-23,115593,2025072304018832,CHL,Linch Stock Market Ltd.,Citizens Share Broker Limited,175,332.0,58100.0,2025-07-23 11:59:39.568973
2025-07-23,113049,2025072304019692,CHL,Sani Securities Company Ltd.,Vision Securities Pvt. Ltd,10,333.0,3330.0,2025-07-23 12:03:40.330937
2025-07-23,113048,2025072304019693,CHL,Sani Securities Company Ltd.,SUN SECURITIES PVT LTD,62,333.0,20646.0,2025-07-23 12:03:40.331071
2025-07-23,113047,2025072304019694,CHL,Sani Securities Company Ltd.,S.P.S.A. Securities Limited,928,333.2,309209.6,2025-07-23 12:03:40.331143
2025-07-23,112044,2025072304020103,CHL,Indira securities pvt. ltd,Nepal Stock House (PVT) Ltd.,1000,333.0,333000.0,2025-07-23 12:05:20.513571
2025-07-23,110721,2025072304020509,CHL,Dynamic Money Managers Securities Pvt. Ltd.,Neev Securities Pvt. Ltd.,100,333.1,33310.0,2025-07-23 12:07:31.160468
2025-07-23,110500,2025072304020573,CHL,Citizens Share Broker Limited,Imperial Securities Company Pvt. Ltd.,100,333.0,33300.0,2025-07-23 12:07:54.543771
2025-07-23,110345,2025072304020623,CHL,Sundhara Securities Limited,Neev Securities Pvt. Ltd.,100,333.1,33310.0,2025-07-23 12:08:09.986137
2025-07-23,110344,2025072304020624,CHL,Sundhara Securities Limited,S.P.S.A. Securities Limited,400,333.2,133280.0,2025-07-23 12:08:09.986180
2025-07-23,110260,2025072304020643,CHL,Citizens Share Broker Limited,Secured Securities Ltd.,200,333.0,66600.0,2025-07-23 12:08:20.234542
2025-07-23,109899,2025072304020771,CHL,Citizens Share Broker Limited,J.F. Securites (PVT) Ltd.,300,333.0,99900.0,2025-07-23 12:08:57.151426
2025-07-23,108535,2025072304021167,CHL,Pragyan Securities (PVT) Ltd.,J.F. Securites (PVT) Ltd.,150,333.0,49950.0,2025-07-23 12:10:58.104178
2025-07-23,108534,2025072304021168,CHL,Pragyan Securities (PVT) Ltd.,S.P.S.A. Securities Limited,150,333.2,49980.0,2025-07-23 12:10:58.104328
2025-07-23,107218,2025072304021583,CHL,Premier Securities Company Ltd.,J.F. Securites (PVT) Ltd.,40,333.0,13320.0,2025-07-23 12:12:30.193680
2025-07-23,107086,2025072304021639,CHL,Premier Securities Company Ltd.,Sundhara Securities Limited,300,333.0,99900.0,2025-07-23 12:12:40.224378
2025-07-23,106888,2025072304021708,CHL,Linch Stock Market Ltd.,Sewa Securities Pvt. Ltd.,2,332.0,664.0,2025-07-23 12:12:58.878803
2025-07-23,105121,2025072304022246,CHL,Premier Securities Company Ltd.,Capital Max Securities Ltd,160,333.0,53280.0,2025-07-23 12:15:34.179017
2025-07-23,105093,2025072304022252,CHL,Kohinoor Investment & Securities Pvt. Ltd.,Dynamic Money Managers Securities Pvt. Ltd.,10,332.0,3320.0,2025-07-23 12:15:36.766537
2025-07-23,105092,2025072304022253,CHL,Sani Securities Company Ltd.,Dynamic Money Managers Securities Pvt. Ltd.,20,332.0,6640.0,2025-07-23 12:15:36.766755
2025-07-23,105091,2025072304022254,CHL,Sri Hari Securities Pvt. Ltd.,Dynamic Money Managers Securities Pvt. Ltd.,1000,332.0,332000.0,2025-07-23 12:15:36.766827
2025-07-23,105090,2025072304022255,CHL,Sundhara Securities Limited,Dynamic Money Managers Securities Pvt. Ltd.,470,332.0,156040.0,2025-07-23 12:15:36.766891
2025-07-23,105076,2025072304022261,CHL,Magnet Securities and Investment Company Private Limited,Capital Max Securities Ltd,100,333.0,33300.0,2025-07-23 12:15:38.606680
2025-07-23,103655,2025072304022680,CHL,Sundhara Securities Limited,Naasa Securities Co. Ltd.,10,332.0,3320.0,2025-07-23 12:17:34.090124
2025-07-23,103116,2025072304022854,CHL,Sundhara Securities Limited,Naasa Securities Co. Ltd.,120,332.0,39840.0,2025-07-23 12:18:18.067326
2025-07-23,103115,2025072304022855,CHL,ABC Securities Private Limited,Naasa Securities Co. Ltd.,200,331.0,66200.0,2025-07-23 12:18:18.067537
2025-07-23,103114,2025072304022856,CHL,Opal Securities Investment (PVT) Ltd.,Naasa Securities Co. Ltd.,30,331.0,9930.0,2025-07-23 12:18:18.067597
2025-07-23,100773,2025072304023493,CHL,Dipshikha Dhitopatra Karobar Co. Pvt Ltd.,Kalika Securities Pvt. Ltd.,200,330.4,66080.0,2025-07-23 12:21:34.772810
2025-07-23,100406,2025072304023595,CHL,Sweta Securities Private Limited,Deevyaa Securities & Stock House Pvt. Ltd,400,330.1,132040.0,2025-07-23 12:22:10.559213
2025-07-23,100405,2025072304023596,CHL,Sweta Securities Private Limited,Deevyaa Securities & Stock House Pvt. Ltd,200,330.0,66000.0,2025-07-23 12:22:10.559371
2025-07-23,100404,2025072304023597,CHL,Agrawal Securities (PVT) Ltd.,Deevyaa Securities & Stock House Pvt. Ltd,55,330.0,18150.0,2025-07-23 12:22:10.559427
2025-07-23,100403,2025072304023598,CHL,Dynamic Money Managers Securities Pvt. Ltd.,Deevyaa Securities & Stock House Pvt. Ltd,200,330.0,66000.0,2025-07-23 12:22:10.559485
2025-07-23,100402,2025072304023599,CHL,Trishakti Securities Public Limited,Deevyaa Securities & Stock House Pvt. Ltd,300,330.0,99000.0,2025-07-23 12:22:10.559540
2025-07-23,100401,2025072304023600,CHL,Deevyaa Securities & Stock House Pvt. Ltd,Deevyaa Securities & Stock House Pvt. Ltd,1500,330.0,495000.0,2025-07-23 12:22:10.559595
2025-07-23,100400,2025072304023601,CHL,ABC Securities Private Limited,Deevyaa Securities & Stock House Pvt. Ltd,200,330.0,66000.0,2025-07-23 12:22:10.559650
2025-07-23,100206,2025072304023671,CHL,Primo Securities (PVT) Ltd.,Deevyaa Securities & Stock House Pvt. Ltd,500,329.0,164500.0,2025-07-23 12:22:27.170360
2025-07-23,100205,2025072304023672,CHL,Siprabi Securities Pvt. Ltd.,Deevyaa Securities & Stock House Pvt. Ltd,145,328.7,47661.5,2025-07-23 12:22:27.170625
2025-07-23,97896,2025072304024275,CHL,Sri Hari Securities Pvt. Ltd.,Premier Securities Company Ltd.,10,329.1,3291.0,2025-07-23 12:25:34.723610
2025-07-23,92338,2025072304025668,CHL,Malla & Malla Stock Broking Company Pvt. Limited,Secured Securities Ltd.,45,329.2,14814.0,2025-07-23 12:35:15.362408
2025-07-23,91835,2025072304025811,CHL,Capital Max Securities Ltd,Dipshikha Dhitopatra Karobar Co. Pvt Ltd.,15,330.0,4950.0,2025-07-23 12:36:20.132071
2025-07-23,90404,2025072304026237,CHL,Sani Securities Company Ltd.,Premier Securities Company Ltd.,10,330.0,3300.0,2025-07-23 12:39:00.030946
2025-07-23,87431,2025072304027085,CHL,Sri Hari Securities Pvt. Ltd.,Naasa Securities Co. Ltd.,565,331.4,187241.0,2025-07-23 12:44:40.936896
2025-07-23,87127,2025072304027188,CHL,Creative Securities Pvt Ltd,Naasa Securities Co. Ltd.,10,331.4,3314.0,2025-07-23 12:45:14.368593
2025-07-23,86594,2025072304027361,CHL,Sundhara Securities Limited,Naasa Securities Co. Ltd.,535,331.4,177299.0,2025-07-23 12:46:32.039765
2025-07-23,86593,2025072304027362,CHL,Sundhara Securities Limited,Neev Securities Pvt. Ltd.,100,331.5,33150.0,2025-07-23 12:46:32.039988
2025-07-23,86592,2025072304027363,CHL,Sundhara Securities Limited,Naasa Securities Co. Ltd.,70,331.5,23205.0,2025-07-23 12:46:32.040054
2025-07-23,86591,2025072304027364,CHL,Sundhara Securities Limited,S.P.S.A. Securities Limited,200,331.6,66320.0,2025-07-23 12:46:32.040118
2025-07-23,86590,2025072304027365,CHL,Sundhara Securities Limited,Citizens Share Broker Limited,95,332.0,31540.0,2025-07-23 12:46:32.040200
2025-07-23,86331,2025072304027426,CHL,Capital Max Securities Ltd,Citizens Share Broker Limited,30,332.0,9960.0,2025-07-23 12:47:03.679984
2025-07-23,85195,2025072304027849,CHL,Aryatara Investment & Securities,Himalayan Brokerage Company Limited,30,331.1,9933.0,2025-07-23 12:48:57.313029
2025-07-23,80873,2025072304029366,CHL,Agrawal Securities (PVT) Ltd.,Naasa Securities Co. Ltd.,100,331.3,33130.0,2025-07-23 12:58:02.926966
2025-07-23,80872,2025072304029367,CHL,Vision Securities Pvt. Ltd,Naasa Securities Co. Ltd.,200,331.2,66240.0,2025-07-23 12:58:02.927175
2025-07-23,80743,2025072304029388,CHL,Opal Securities Investment (PVT) Ltd.,Sweta Securities Private Limited,7,331.0,2317.0,2025-07-23 12:58:20.642607
2025-07-23,79201,2025072304029836,CHL,Vision Securities Pvt. Ltd,Citizens Share Broker Limited,100,331.2,33120.0,2025-07-23 13:02:00.470665
2025-07-23,78529,2025072304030065,CHL,Vision Securities Pvt. Ltd,Naasa Securities Co. Ltd.,20,331.2,6624.0,2025-07-23 13:03:14.987934
2025-07-23,78528,2025072304030066,CHL,Naasa Securities Co. Ltd.,Naasa Securities Co. Ltd.,100,331.1,33110.0,2025-07-23 13:03:14.988361
2025-07-23,78527,2025072304030067,CHL,Oxford Securities Pvt. Ltd.,Naasa Securities Co. Ltd.,10,331.1,3311.0,2025-07-23 13:03:14.988546
2025-07-23,78526,2025072304030068,CHL,Vision Securities Pvt. Ltd,Naasa Securities Co. Ltd.,10,331.0,3310.0,2025-07-23 13:03:14.988641
2025-07-23,77808,2025072304030259,CHL,Oxford Securities Pvt. Ltd.,Naasa Securities Co. Ltd.,10,331.0,3310.0,2025-07-23 13:04:48.449873
2025-07-23,77264,2025072304030413,CHL,Oxford Securities Pvt. Ltd.,Property Wiard Limited,80,331.0,26480.0,2025-07-23 13:05:50.140927
2025-07-23,77263,2025072304030414,CHL,Sani Securities Company Ltd.,Property Wiard Limited,220,330.0,72600.0,2025-07-23 13:05:50.140986
2025-07-23,77054,2025072304030474,CHL,Sani Securities Company Ltd.,Nepal Stock House (PVT) Ltd.,200,330.0,66000.0,2025-07-23 13:06:12.436040
2025-07-23,77031,2025072304030484,CHL,Sani Securities Company Ltd.,Imperial Securities Company Pvt. Ltd.,570,330.0,188100.0,2025-07-23 13:06:14.935641
2025-07-23,77030,2025072304030485,CHL,Nepal Stock House (PVT) Ltd.,Imperial Securities Company Pvt. Ltd.,100,330.0,33000.0,2025-07-23 13:06:14.935953
2025-07-23,77029,2025072304030486,CHL,Sri Hari Securities Pvt. Ltd.,Imperial Securities Company Pvt. Ltd.,900,330.0,297000.0,2025-07-23 13:06:14.936133
2025-07-23,77028,2025072304030487,CHL,Shree Krishna Securities Ltd.,Imperial Securities Company Pvt. Ltd.,800,330.0,264000.0,2025-07-23 13:06:14.936308
2025-07-23,77027,2025072304030488,CHL,Shree Krishna Securities Ltd.,Imperial Securities Company Pvt. Ltd.,1000,330.0,330000.0,2025-07-23 13:06:14.936513
2025-07-23,77026,2025072304030489,CHL,Sundhara Securities Limited,Imperial Securities Company Pvt. Ltd.,1000,329.6,329600.0,2025-07-23 13:06:14.936690
2025-07-23,76266,2025072304030751,CHL,Sani Securities Company Ltd.,Arun Securities (PVT) Ltd.,100,329.1,32910.0,2025-07-23 13:07:41.682518
2025-07-23,76265,2025072304030752,CHL,Aryatara Investment & Securities,Arun Securities (PVT) Ltd.,170,329.1,55947.0,2025-07-23 13:07:41.682713
2025-07-23,75962,2025072304030826,CHL,Premier Securities Company Ltd.,Aryatara Investment & Securities,220,329.0,72380.0,2025-07-23 13:08:14.208758
2025-07-23,75947,2025072304030833,CHL,Premier Securities Company Ltd.,Asian Securities Private Ltd.,80,329.0,26320.0,2025-07-23 13:08:17.028912
2025-07-23,75946,2025072304030834,CHL,Nepal Stock House (PVT) Ltd.,Asian Securities Private Ltd.,50,329.0,16450.0,2025-07-23 13:08:17.029076
2025-07-23,75945,2025072304030835,CHL,Dipshikha Dhitopatra Karobar Co. Pvt Ltd.,Asian Securities Private Ltd.,70,329.0,23030.0,2025-07-23 13:08:17.029141
2025-07-23,75616,2025072304030943,CHL,Sundhara Securities Limited,Arun Securities (PVT) Ltd.,150,329.1,49365.0,2025-07-23 13:08:59.314830
2025-07-23,75356,2025072304030999,CHL,Siprabi Securities Pvt. Ltd.,Vision Securities Pvt. Ltd,355,328.7,116688.5,2025-07-23 13:09:30.238410
2025-07-23,75355,2025072304031000,CHL,Sweta Securities Private Limited,Vision Securities Pvt. Ltd,500,328.6,164300.0,2025-07-23 13:09:30.238585
2025-07-23,75354,2025072304031001,CHL,Arun Securities (PVT) Ltd.,Vision Securities Pvt. Ltd,500,328.2,164100.0,2025-07-23 13:09:30.238648
2025-07-23,75353,2025072304031002,CHL,Sundhara Securities Limited,Vision Securities Pvt. Ltd,100,328.0,32800.0,2025-07-23 13:09:30.238711
2025-07-23,75352,2025072304031003,CHL,Sani Securities Company Ltd.,Vision Securities Pvt. Ltd,500,328.0,164000.0,2025-07-23 13:09:30.238772
2025-07-23,75351,2025072304031004,CHL,Kalika Securities Pvt. Ltd.,Vision Securities Pvt. Ltd,100,328.0,32800.0,2025-07-23 13:09:30.238832
2025-07-23,75350,2025072304031005,CHL,Dynamic Money Managers Securities Pvt. Ltd.,Vision Securities Pvt. Ltd,445,328.0,145960.0,2025-07-23 13:09:30.238892
2025-07-23,74246,2025072304031339,CHL,Sundhara Securities Limited,Kohinoor Investment & Securities Pvt. Ltd.,106,329.0,34874.0,2025-07-23 13:11:50.295841
2025-07-23,74245,2025072304031340,CHL,Sundhara Securities Limited,Ashutosh Brokerage & Securities (PVT) Ltd.,14,329.0,4606.0,2025-07-23 13:11:50.296016
2025-07-23,72727,2025072304031741,CHL,Opal Securities Investment (PVT) Ltd.,Online Securities Pvt. Ltd.,160,329.0,52640.0,2025-07-23 13:14:37.089278
2025-07-23,72605,2025072304031782,CHL,Kalika Securities Pvt. Ltd.,Online Securities Pvt. Ltd.,114,328.1,37403.4,2025-07-23 13:14:55.516294
2025-07-23,72491,2025072304031829,CHL,Dynamic Money Managers Securities Pvt. Ltd.,Online Securities Pvt. Ltd.,55,328.0,18040.0,2025-07-23 13:15:09.256803
2025-07-23,72490,2025072304031830,CHL,S.P.S.A. Securities Limited,Online Securities Pvt. Ltd.,100,328.0,32800.0,2025-07-23 13:15:09.257110
2025-07-23,72489,2025072304031831,CHL,Dipshikha Dhitopatra Karobar Co. Pvt Ltd.,Online Securities Pvt. Ltd.,30,328.0,9840.0,2025-07-23 13:15:09.257342
2025-07-23,72488,2025072304031832,CHL,Naasa Securities Co. Ltd.,Online Securities Pvt. Ltd.,20,328.0,6560.0,2025-07-23 13:15:09.257522
2025-07-23,72487,2025072304031833,CHL,Oxford Securities Pvt. Ltd.,Online Securities Pvt. Ltd.,10,328.0,3280.0,2025-07-23 13:15:09.257739
2025-07-23,72384,2025072304031860,CHL,Secured Securities Ltd.,Online Securities Pvt. Ltd.,11,328.0,3608.0,2025-07-23 13:15:22.802322
2025-07-23,70327,2025072304032448,CHL,Nepal Stock House (PVT) Ltd.,Imperial Securities Company Pvt. Ltd.,50,328.0,16400.0,2025-07-23 13:19:23.115392
2025-07-23,70213,2025072304032483,CHL,Creative Securities Pvt Ltd,Imperial Securities Company Pvt. Ltd.,17,328.0,5576.0,2025-07-23 13:19:42.603516
2025-07-23,69492,2025072304032673,CHL,Secured Securities Ltd.,Naasa Securities Co. Ltd.,100,327.2,32720.0,2025-07-23 13:21:04.846225
2025-07-23,68765,2025072304032853,CHL,Naasa Securities Co. Ltd.,J.F. Securites (PVT) Ltd.,1,328.0,328.0,2025-07-23 13:22:39.025263
2025-07-23,68044,2025072304033058,CHL,Secured Securities Ltd.,Vision Securities Pvt. Ltd,100,327.2,32720.0,2025-07-23 13:24:20.829367
2025-07-23,68043,2025072304033059,CHL,Opal Securities Investment (PVT) Ltd.,Vision Securities Pvt. Ltd,160,327.1,52336.0,2025-07-23 13:24:20.829555
2025-07-23,68042,2025072304033060,CHL,Dipshikha Dhitopatra Karobar Co. Pvt Ltd.,Vision Securities Pvt. Ltd,45,327.0,14715.0,2025-07-23 13:24:20.829621
2025-07-23,68041,2025072304033061,CHL,Sani Securities Company Ltd.,Vision Securities Pvt. Ltd,500,327.0,163500.0,2025-07-23 13:24:20.829686
2025-07-23,67823,2025072304033111,CHL,Aryatara Investment & Securities,Vision Securities Pvt. Ltd,500,326.5,163250.0,2025-07-23 13:24:58.262220
2025-07-23,67822,2025072304033112,CHL,Aryatara Investment & Securities,Vision Securities Pvt. Ltd,200,326.2,65240.0,2025-07-23 13:24:58.262422
2025-07-23,67821,2025072304033113,CHL,Premier Securities Company Ltd.,Vision Securities Pvt. Ltd,500,326.2,163100.0,2025-07-23 13:24:58.262497
2025-07-23,67820,2025072304033114,CHL,Ashutosh Brokerage & Securities (PVT) Ltd.,Vision Securities Pvt. Ltd,500,326.1,163050.0,2025-07-23 13:24:58.262565
2025-07-23,67819,2025072304033115,CHL,Primo Securities (PVT) Ltd.,Vision Securities Pvt. Ltd,100,326.0,32600.0,2025-07-23 13:24:58.262630
2025-07-23,67818,2025072304033116,CHL,Nabil Stock Dealer Ltd.,Vision Securities Pvt. Ltd,10,326.0,3260.0,2025-07-23 13:24:58.262700
2025-07-23,67817,2025072304033117,CHL,Siprabi Securities Pvt. Ltd.,Vision Securities Pvt. Ltd,300,326.0,97800.0,2025-07-23 13:24:58.262763
2025-07-23,67816,2025072304033118,CHL,Deevyaa Securities & Stock House Pvt. Ltd,Vision Securities Pvt. Ltd,310,326.0,101060.0,2025-07-23 13:24:58.262823
2025-07-23,67815,2025072304033119,CHL,Kalika Securities Pvt. Ltd.,Vision Securities Pvt. Ltd,1000,326.0,326000.0,2025-07-23 13:24:58.262892
2025-07-23,67495,2025072304033211,CHL,Kohinoor Investment & Securities Pvt. Ltd.,Vision Securities Pvt. Ltd,19,326.0,6194.0,2025-07-23 13:25:37.090997
2025-07-23,67288,2025072304033266,CHL,Sundhara Securities Limited,Vision Securities Pvt. Ltd,61,326.0,19886.0,2025-07-23 13:25:58.178969
2025-07-23,67287,2025072304033267,CHL,Sundhara Securities Limited,SUN SECURITIES PVT LTD,225,326.0,73350.0,2025-07-23 13:25:58.179126
2025-07-23,62251,2025072304034547,CHL,Kalika Securities Pvt. Ltd.,Dipshikha Dhitopatra Karobar Co. Pvt Ltd.,50,326.5,16325.0,2025-07-23 13:35:14.656646
2025-07-23,61219,2025072304034812,CHL,Vision Securities Pvt. Ltd,Arun Securities (PVT) Ltd.,77,326.1,25109.7,2025-07-23 13:36:58.563140
2025-07-23,61014,2025072304034868,CHL,Vision Securities Pvt. Ltd,Midas Stock Broking Company Private Limited,23,326.1,7500.3,2025-07-23 13:37:17.473568
2025-07-23,59925,2025072304035120,CHL,Vision Securities Pvt. Ltd,Midas Stock Broking Company Private Limited,100,326.1,32610.0,2025-07-23 13:38:59.943237
2025-07-23,59682,2025072304035194,CHL,Aryatara Investment & Securities,Midas Stock Broking Company Private Limited,77,326.1,25109.7,2025-07-23 13:39:31.494423
2025-07-23,57453,2025072304035672,CHL,Siprabi Securities Pvt. Ltd.,Dipshikha Dhitopatra Karobar Co. Pvt Ltd.,24,326.9,7845.6,2025-07-23 13:43:37.014454
2025-07-23,56696,2025072304035898,CHL,Aryatara Investment & Securities,Capital Max Securities Ltd,30,326.1,9783.0,2025-07-23 13:44:56.394190
2025-07-23,53043,2025072304036919,CHL,Aryatara Investment & Securities,Dipshikha Dhitopatra Karobar Co. Pvt Ltd.,100,326.1,32610.0,2025-07-23 13:50:09.891212
2025-07-23,52999,2025072304036938,CHL,Kalika Securities Pvt. Ltd.,Capital Max Securities Ltd,50,326.5,16325.0,2025-07-23 13:50:12.148474
2025-07-23,50439,2025072304037743,CHL,Aryatara Investment & Securities,Naasa Securities Co. Ltd.,20,326.1,6522.0,2025-07-23 13:53:43.699674
2025-07-23,49373,2025072304038017,CHL,Sundhara Securities Limited,Nepal Investment And Securities Trading Private Limited,500,326.2,163100.0,2025-07-23 13:55:16.382862
2025-07-23,49154,2025072304038067,CHL,Aryatara Investment & Securities,Nepal Investment And Securities Trading Private Limited,23,326.1,7500.3,2025-07-23 13:55:38.803607
2025-07-23,49153,2025072304038068,CHL,Sweta Securities Private Limited,Nepal Investment And Securities Trading Private Limited,200,326.1,65220.0,2025-07-23 13:55:38.803952
2025-07-23,49152,2025072304038069,CHL,Online Securities Pvt. Ltd.,Nepal Investment And Securities Trading Private Limited,1177,326.1,383819.7,2025-07-23 13:55:38.804172
2025-07-23,48941,2025072304038145,CHL,Imperial Securities Company Pvt. Ltd.,SUN SECURITIES PVT LTD,300,326.2,97860.0,2025-07-23 13:55:57.558125
2025-07-23,48940,2025072304038146,CHL,Online Securities Pvt. Ltd.,SUN SECURITIES PVT LTD,323,326.1,105330.3,2025-07-23 13:55:57.558309
2025-07-23,48939,2025072304038147,CHL,Online Securities Pvt. Ltd.,SUN SECURITIES PVT LTD,470,326.1,153267.0,2025-07-23 13:55:57.558388
2025-07-23,48938,2025072304038148,CHL,Sundhara Securities Limited,SUN SECURITIES PVT LTD,64,326.0,20864.0,2025-07-23 13:55:57.558458
2025-07-23,48937,2025072304038149,CHL,Primo Securities (PVT) Ltd.,SUN SECURITIES PVT LTD,343,326.0,111818.0,2025-07-23 13:55:57.558527
2025-07-23,48528,2025072304038247,CHL,Primo Securities (PVT) Ltd.,Nepal Investment And Securities Trading Private Limited,157,326.0,51182.0,2025-07-23 13:56:28.164281
2025-07-23,48527,2025072304038248,CHL,Trisul Securities & Invt. Ltd.,Nepal Investment And Securities Trading Private Limited,20,326.0,6520.0,2025-07-23 13:56:28.164476
2025-07-23,48526,2025072304038249,CHL,Online Securities Pvt. Ltd.,Nepal Investment And Securities Trading Private Limited,80,326.0,26080.0,2025-07-23 13:56:28.164548
2025-07-23,48525,2025072304038250,CHL,Agrawal Securities (PVT) Ltd.,Nepal Investment And Securities Trading Private Limited,25,326.0,8150.0,2025-07-23 13:56:28.164620
2025-07-23,47716,2025072304038471,CHL,Nepal Stock House (PVT) Ltd.,Nepal Investment And Securities Trading Private Limited,50,325.9,16295.0,2025-07-23 13:57:32.420355
2025-07-23,47715,2025072304038472,CHL,Naasa Securities Co. Ltd.,Nepal Investment And Securities Trading Private Limited,30,325.9,9777.0,2025-07-23 13:57:32.420530
2025-07-23,47443,2025072304038563,CHL,Naasa Securities Co. Ltd.,Nepal Investment And Securities Trading Private Limited,68,325.5,22134.0,2025-07-23 13:57:51.623549
2025-07-23,47364,2025072304038593,CHL,Primo Securities (PVT) Ltd.,Nepal Investment And Securities Trading Private Limited,102,325.1,33160.2,2025-07-23 13:58:00.710414
2025-07-23,45498,2025072304039136,CHL,Naasa Securities Co. Ltd.,Dipshikha Dhitopatra Karobar Co. Pvt Ltd.,30,327.0,9810.0,2025-07-23 14:00:55.057924
2025-07-23,43903,2025072304039573,CHL,Siprabi Securities Pvt. Ltd.,Global IME Securities Limited,10,325.3,3253.0,2025-07-23 14:03:35.333503
2025-07-23,41959,2025072304040127,CHL,Sajilo Broker Limited,Dipshikha Dhitopatra Karobar Co. Pvt Ltd.,100,325.6,32560.0,2025-07-23 14:07:15.061069
2025-07-23,41440,2025072304040275,CHL,Sajilo Broker Limited,Opal Securities Investment (PVT) Ltd.,100,325.6,32560.0,2025-07-23 14:08:20.035137
2025-07-23,41178,2025072304040338,CHL,Sajilo Broker Limited,Agrawal Securities (PVT) Ltd.,40,325.6,13024.0,2025-07-23 14:08:45.363287
2025-07-23,41094,2025072304040361,CHL,Sajilo Broker Limited,Capital Max Securities Ltd,60,325.6,19536.0,2025-07-23 14:08:52.594265
2025-07-23,40963,2025072304040404,CHL,Vision Securities Pvt. Ltd,Trisul Securities & Invt. Ltd.,49,325.5,15949.5,2025-07-23 14:09:09.498711
2025-07-23,39536,2025072304040797,CHL,Vision Securities Pvt. Ltd,Capital Max Securities Ltd,51,325.5,16600.5,2025-07-23 14:11:54.974501
2025-07-23,39535,2025072304040798,CHL,Dipshikha Dhitopatra Karobar Co. Pvt Ltd.,Capital Max Securities Ltd,50,325.5,16275.0,2025-07-23 14:11:54.974857
2025-07-23,38202,2025072304041161,CHL,Primo Securities (PVT) Ltd.,Dipshikha Dhitopatra Karobar Co. Pvt Ltd.,10,327.0,3270.0,2025-07-23 14:13:57.245641
2025-07-23,37984,2025072304041218,CHL,Deevyaa Securities & Stock House Pvt. Ltd,Dipshikha Dhitopatra Karobar Co. Pvt Ltd.,36,327.0,11772.0,2025-07-23 14:14:15.123615
2025-07-23,37983,2025072304041219,CHL,Deevyaa Securities & Stock House Pvt. Ltd,Siprabi Securities Pvt. Ltd.,264,327.0,86328.0,2025-07-23 14:14:15.123786
2025-07-23,37798,2025072304041291,CHL,Dipshikha Dhitopatra Karobar Co. Pvt Ltd.,Naasa Securities Co. Ltd.,10,325.6,3256.0,2025-07-23 14:14:29.802571
2025-07-23,36243,2025072304041749,CHL,Kalika Securities Pvt. Ltd.,Dipshikha Dhitopatra Karobar Co. Pvt Ltd.,53,326.1,17283.3,2025-07-23 14:16:20.725548
2025-07-23,36242,2025072304041750,CHL,Malla & Malla Stock Broking Company Pvt. Limited,Dipshikha Dhitopatra Karobar Co. Pvt Ltd.,147,326.0,47922.0,2025-07-23 14:16:20.725758
2025-07-23,35412,2025072304042018,CHL,Arun Securities (PVT) Ltd.,Siprabi Securities Pvt. Ltd.,34,327.0,11118.0,2025-07-23 14:17:19.144690
2025-07-23,35411,2025072304042019,CHL,Arun Securities (PVT) Ltd.,Neev Securities Pvt. Ltd.,10,327.8,3278.0,2025-07-23 14:17:19.144879
2025-07-23,35410,2025072304042020,CHL,Arun Securities (PVT) Ltd.,Vision Securities Pvt. Ltd,195,327.9,63940.5,2025-07-23 14:17:19.144960
2025-07-23,35409,2025072304042021,CHL,Arun Securities (PVT) Ltd.,Bhrikuti Stock Broking Co. Pvt. Ltd.,261,328.0,85608.0,2025-07-23 14:17:19.145047
2025-07-23,35324,2025072304042086,CHL,Sajilo Broker Limited,Dipshikha Dhitopatra Karobar Co. Pvt Ltd.,100,326.1,32610.0,2025-07-23 14:17:22.641953
2025-07-23,30274,2025072304043464,CHL,Malla & Malla Stock Broking Company Pvt. Limited,Vision Securities Pvt. Ltd,853,327.2,279101.6,2025-07-23 14:24:43.240423
2025-07-23,30273,2025072304043465,CHL,Global IME Securities Limited,Vision Securities Pvt. Ltd,147,327.1,48083.7,2025-07-23 14:24:43.240478
2025-07-23,30149,2025072304043499,CHL,Kalika Securities Pvt. Ltd.,South Asian Bulls Pvt. Ltd.,195,327.9,63940.5,2025-07-23 14:24:53.625225
2025-07-23,30118,2025072304043511,CHL,Global IME Securities Limited,South Asian Bulls Pvt. Ltd.,30,327.9,9837.0,2025-07-23 14:24:56.616108
2025-07-23,29925,2025072304043553,CHL,Nepal Investment And Securities Trading Private Limited,Bhrikuti Stock Broking Co. Pvt. Ltd.,39,328.0,12792.0,2025-07-23 14:25:14.974195
2025-07-23,29924,2025072304043554,CHL,Nepal Investment And Securities Trading Private Limited,Naasa Securities Co. Ltd.,20,328.0,6560.0,2025-07-23 14:25:14.974383
2025-07-23,29792,2025072304043597,CHL,Nepal Stock House (PVT) Ltd.,Dipshikha Dhitopatra Karobar Co. Pvt Ltd.,100,328.9,32890.0,2025-07-23 14:25:26.761416
2025-07-23,29352,2025072304043753,CHL,Sajilo Broker Limited,S.P.S.A. Securities Limited,22,329.1,7240.2,2025-07-23 14:26:04.137995
2025-07-23,29283,2025072304043776,CHL,Aryatara Investment & Securities,Himalayan Brokerage Company Limited,500,329.9,164950.0,2025-07-23 14:26:08.263589
2025-07-23,29214,2025072304043809,CHL,Nepal Stock House (PVT) Ltd.,Himalayan Brokerage Company Limited,100,329.9,32990.0,2025-07-23 14:26:14.195003
2025-07-23,29185,2025072304043826,CHL,Himalayan Securities Limited,Himalayan Brokerage Company Limited,500,329.9,164950.0,2025-07-23 14:26:16.530692
2025-07-23,28919,2025072304043867,CHL,Nepal Investment And Securities Trading Private Limited,Himalayan Brokerage Company Limited,90,329.9,29691.0,2025-07-23 14:26:35.195582
2025-07-23,28918,2025072304043868,CHL,Nepal Investment And Securities Trading Private Limited,Secured Securities Ltd.,200,330.0,66000.0,2025-07-23 14:26:35.195935
2025-07-23,28917,2025072304043869,CHL,Nepal Investment And Securities Trading Private Limited,Agrawal Securities (PVT) Ltd.,210,330.0,69300.0,2025-07-23 14:26:35.196152
2025-07-23,27832,2025072304044128,CHL,Opal Securities Investment (PVT) Ltd.,Agrawal Securities (PVT) Ltd.,140,330.0,46200.0,2025-07-23 14:28:20.909117
2025-07-23,27168,2025072304044326,CHL,Naasa Securities Co. Ltd.,Dipshikha Dhitopatra Karobar Co. Pvt Ltd.,350,329.9,115465.0,2025-07-23 14:29:31.532936
2025-07-23,27167,2025072304044327,CHL,Naasa Securities Co. Ltd.,Agrawal Securities (PVT) Ltd.,250,330.0,82500.0,2025-07-23 14:29:31.533128
2025-07-23,27166,2025072304044328,CHL,Naasa Securities Co. Ltd.,Malla & Malla Stock Broking Company Pvt. Limited,10,330.0,3300.0,2025-07-23 14:29:31.533201
2025-07-23,27165,2025072304044329,CHL,Naasa Securities Co. Ltd.,Linch Stock Market Ltd.,100,330.0,33000.0,2025-07-23 14:29:31.533280
2025-07-23,27164,2025072304044330,CHL,Naasa Securities Co. Ltd.,Dipshikha Dhitopatra Karobar Co. Pvt Ltd.,306,330.0,100980.0,2025-07-23 14:29:31.533359
2025-07-23,27163,2025072304044331,CHL,Naasa Securities Co. Ltd.,ABC Securities Private Limited,84,330.0,27720.0,2025-07-23 14:29:31.533433
2025-07-23,27047,2025072304044363,CHL,Online Securities Pvt. Ltd.,ABC Securities Private Limited,16,330.0,5280.0,2025-07-23 14:29:40.342628
2025-07-23,27046,2025072304044364,CHL,Online Securities Pvt. Ltd.,Oxford Securities Pvt. Ltd.,12,330.0,3960.0,2025-07-23 14:29:40.342860
2025-07-23,27045,2025072304044365,CHL,Online Securities Pvt. Ltd.,Imperial Securities Company Pvt. Ltd.,72,330.0,23760.0,2025-07-23 14:29:40.342948
2025-07-23,24485,2025072304045104,CHL,Aryatara Investment & Securities,Imperial Securities Company Pvt. Ltd.,428,330.0,141240.0,2025-07-23 14:33:46.636545
2025-07-23,24484,2025072304045105,CHL,Aryatara Investment & Securities,Capital Max Securities Ltd,40,330.0,13200.0,2025-07-23 14:33:46.636892
2025-07-23,24058,2025072304045240,CHL,Imperial Securities Company Pvt. Ltd.,S.P.S.A. Securities Limited,200,330.3,66060.0,2025-07-23 14:34:30.986141
2025-07-23,23810,2025072304045301,CHL,Sajilo Broker Limited,S.P.S.A. Securities Limited,78,330.3,25763.4,2025-07-23 14:34:52.349905
2025-07-23,23094,2025072304045520,CHL,Sweta Securities Private Limited,S.P.S.A. Securities Limited,500,330.3,165150.0,2025-07-23 14:36:05.871984
2025-07-23,22697,2025072304045659,CHL,Sharepro Securities Private Limited,S.P.S.A. Securities Limited,110,330.3,36333.0,2025-07-23 14:36:43.945776
2025-07-23,20977,2025072304046260,CHL,Aryatara Investment & Securities,Primo Securities (PVT) Ltd.,32,330.0,10560.0,2025-07-23 14:38:35.408325
2025-07-23,19625,2025072304046723,CHL,Opal Securities Investment (PVT) Ltd.,Neev Securities Pvt. Ltd.,150,329.0,49350.0,2025-07-23 14:40:08.884203
2025-07-23,19624,2025072304046724,CHL,Imperial Securities Company Pvt. Ltd.,Neev Securities Pvt. Ltd.,200,329.0,65800.0,2025-07-23 14:40:08.884401
2025-07-23,18331,2025072304047084,CHL,Sani Securities Company Ltd.,Imperial Securities Company Pvt. Ltd.,433,328.0,142024.0,2025-07-23 14:41:57.191771
2025-07-23,17671,2025072304047242,CHL,Sani Securities Company Ltd.,Dynamic Money Managers Securities Pvt. Ltd.,567,328.0,185976.0,2025-07-23 14:42:43.230428
2025-07-23,17670,2025072304047243,CHL,Agrawal Securities (PVT) Ltd.,Dynamic Money Managers Securities Pvt. Ltd.,45,328.0,14760.0,2025-07-23 14:42:43.230676
2025-07-23,15002,2025072304047966,CHL,Sundhara Securities Limited,Dynamic Money Managers Securities Pvt. Ltd.,100,328.0,32800.0,2025-07-23 14:46:37.699267
2025-07-23,14551,2025072304048068,CHL,Vision Securities Pvt. Ltd,Dynamic Money Managers Securities Pvt. Ltd.,200,328.0,65600.0,2025-07-23 14:47:23.903024
2025-07-23,14502,2025072304048080,CHL,Arun Securities (PVT) Ltd.,Dynamic Money Managers Securities Pvt. Ltd.,388,328.0,127264.0,2025-07-23 14:47:28.010699
2025-07-23,10402,2025072304049279,CHL,Dynamic Money Managers Securities Pvt. Ltd.,Imperial Securities Company Pvt. Ltd.,60,329.8,19788.0,2025-07-23 14:53:08.891487
2025-07-23,8400,2025072304049786,CHL,Opal Securities Investment (PVT) Ltd.,Imperial Securities Company Pvt. Ltd.,40,329.8,13192.0,2025-07-23 14:55:09.878195
2025-07-23,8399,2025072304049787,CHL,Opal Securities Investment (PVT) Ltd.,Online Securities Pvt. Ltd.,10,329.8,3298.0,2025-07-23 14:55:09.878393
2025-07-23,7559,2025072304050031,CHL,Naasa Securities Co. Ltd.,Neev Securities Pvt. Ltd.,10,329.0,3290.0,2025-07-23 14:55:51.712617
2025-07-23,7558,2025072304050032,CHL,Arun Securities (PVT) Ltd.,Neev Securities Pvt. Ltd.,112,329.0,36848.0,2025-07-23 14:55:51.712978
2025-07-23,6426,2025072304050461,CHL,Sri Hari Securities Pvt. Ltd.,Dynamic Money Managers Securities Pvt. Ltd.,11,328.2,3610.2,2025-07-23 14:56:40.692240
2025-07-23,6349,2025072304050487,CHL,Kohinoor Investment & Securities Pvt. Ltd.,Online Securities Pvt. Ltd.,140,329.0,46060.0,2025-07-23 14:56:44.160184
2025-07-23,5340,2025072304050849,CHL,Imperial Securities Company Pvt. Ltd.,Imperial Securities Company Pvt. Ltd.,380,329.9,125362.0,2025-07-23 14:57:30.343395
2025-07-23,3367,2025072304051526,CHL,Opal Securities Investment (PVT) Ltd.,Imperial Securities Company Pvt. Ltd.,100,329.9,32990.0,2025-07-23 14:58:38.370846
2025-07-23,3264,2025072304051567,CHL,Deevyaa Securities & Stock House Pvt. Ltd,Imperial Securities Company Pvt. Ltd.,150,329.9,49485.0,2025-07-23 14:58:42.818281
2025-07-23,3263,2025072304051568,CHL,Deevyaa Securities & Stock House Pvt. Ltd,Nepal Investment And Securities Trading Private Limited,130,329.9,42887.0,2025-07-23 14:58:42.818516
2025-07-23,3262,2025072304051569,CHL,Deevyaa Securities & Stock House Pvt. Ltd,Primo Securities (PVT) Ltd.,220,330.0,72600.0,2025-07-23 14:58:42.818604
2025-07-23,2302,2025072304051870,CHL,Sri Hari Securities Pvt. Ltd.,Bhrikuti Stock Broking Co. Pvt. Ltd.,239,329.6,78774.4,2025-07-23 14:59:13.040111
2025-07-23,2301,2025072304051871,CHL,Deevyaa Securities & Stock House Pvt. Ltd,Bhrikuti Stock Broking Co. Pvt. Ltd.,61,329.5,20099.5,2025-07-23 14:59:13.040505
2025-07-23,2174,2025072304051907,CHL,Naasa Securities Co. Ltd.,Primo Securities (PVT) Ltd.,48,330.0,15840.0,2025-07-23 14:59:16.046816
2025-07-23,2173,2025072304051908,CHL,Naasa Securities Co. Ltd.,Kumari Securities Private Limited,82,330.0,27060.0,2025-07-23 14:59:16.047013
2025-07-23,2131,2025072304051919,CHL,Bhrikuti Stock Broking Co. Pvt. Ltd.,Kumari Securities Private Limited,418,330.0,137940.0,2025-07-23 14:59:17.581871
2025-07-23,2130,2025072304051920,CHL,Bhrikuti Stock Broking Co. Pvt. Ltd.,S.P.S.A. Securities Limited,1582,330.0,522060.0,2025-07-23 14:59:17.582098
2025-07-23,1621,2025072304052119,CHL,Kohinoor Investment & Securities Pvt. Ltd.,S.P.S.A. Securities Limited,200,330.0,66000.0,2025-07-23 14:59:28.574700
2025-07-23,1313,2025072304052208,CHL,Deevyaa Securities & Stock House Pvt. Ltd,S.P.S.A. Securities Limited,500,330.0,165000.0,2025-07-23 14:59:35.925907
2025-07-23,1267,2025072304052214,CHL,Agrawal Securities (PVT) Ltd.,S.P.S.A. Securities Limited,30,330.0,9900.0,2025-07-23 14:59:36.171429
2025-07-23,1084,2025072304052299,CHL,S.P.S.A. Securities Limited,S.P.S.A. Securities Limited,100,330.0,33000.0,2025-07-23 14:59:40.151991
2025-07-23,1083,2025072304052300,CHL,Trisul Securities & Invt. Ltd.,S.P.S.A. Securities Limited,88,330.0,29040.0,2025-07-23 14:59:40.175328
2025-07-23,1082,2025072304052301,CHL,Trisul Securities & Invt. Ltd.,Imperial Securities Company Pvt. Ltd.,312,330.0,102960.0,2025-07-23 14:59:40.175487
2025-07-23,771,2025072304052434,CHL,Aryatara Investment & Securities,Imperial Securities Company Pvt. Ltd.,48,330.0,15840.0,2025-07-23 14:59:46.210140
2025-07-23,770,2025072304052435,CHL,Aryatara Investment & Securities,Creative Securities Pvt Ltd,43,330.0,14190.0,2025-07-23 14:59:46.210328
2025-07-23,769,2025072304052436,CHL,Aryatara Investment & Securities,Dakshinkali Investment & Securities Pvt. Ltd.,200,330.0,66000.0,2025-07-23 14:59:46.210411
2025-07-23,366,2025072304052539,CHL,Aryatara Investment & Securities,Bhrikuti Stock Broking Co. Pvt. Ltd.,100,330.0,33000.0,2025-07-23 14:59:54.154744
