Date,S.N.,contract_id,symbol,buyer_broker,seller_broker,volume,price,amount,transaction_time
2025-07-23,169811,2025072301000127,EBL,Citizens Share Broker Limited,Kalika Securities Pvt. Ltd.,10,770.0,7700.0,2025-07-23 11:00:55.069956
2025-07-23,169389,2025072301000195,EBL,Dynamic Money Managers Securities Pvt. Ltd.,Dakshinkali Investment & Securities Pvt. Ltd.,23000,770.0,17710000.0,2025-07-23 11:01:34.406487
2025-07-23,168614,2025072301000348,EBL,Premier Securities Company Ltd.,Swarna Laxmi Securities Pvt. Ltd.,11,770.0,8470.0,2025-07-23 11:02:44.058494
2025-07-23,168613,2025072301000349,EBL,Premier Securities Company Ltd.,Thrive Brokerage House Pvt. Ltd,89,770.0,68530.0,2025-07-23 11:02:44.058562
2025-07-23,168406,2025072301000384,EBL,Imperial Securities Company Pvt. Ltd.,Citizens Share Broker Limited,100,769.0,76900.0,2025-07-23 11:02:57.317573
2025-07-23,168135,2025072301000463,EBL,Sundhara Securities Limited,Thrive Brokerage House Pvt. Ltd,70,770.0,53900.0,2025-07-23 11:03:17.392546
2025-07-23,167924,2025072301000499,EBL,Vision Securities Pvt. Ltd,Thrive Brokerage House Pvt. Ltd,185,770.0,142450.0,2025-07-23 11:03:35.184888
2025-07-23,167762,2025072301000527,EBL,Aryatara Investment & Securities,Thrive Brokerage House Pvt. Ltd,50,770.0,38500.0,2025-07-23 11:03:47.188740
2025-07-23,167629,2025072301000544,EBL,Imperial Securities Company Pvt. Ltd.,Dynamic Money Managers Securities Pvt. Ltd.,100,769.0,76900.0,2025-07-23 11:03:58.011520
2025-07-23,166826,2025072301000710,EBL,Swarna Laxmi Securities Pvt. Ltd.,Miyo Securities Pvt Ltd,133,766.0,101878.0,2025-07-23 11:04:59.480083
2025-07-23,166825,2025072301000711,EBL,Dakshinkali Investment & Securities Pvt. Ltd.,Miyo Securities Pvt Ltd,50,765.0,38250.0,2025-07-23 11:04:59.480187
2025-07-23,166824,2025072301000712,EBL,Dynamic Money Managers Securities Pvt. Ltd.,Miyo Securities Pvt Ltd,817,765.0,625005.0,2025-07-23 11:04:59.480232
2025-07-23,166627,2025072301000750,EBL,Dynamic Money Managers Securities Pvt. Ltd.,Miyo Securities Pvt Ltd,3249,765.0,2485485.0,2025-07-23 11:05:13.528475
2025-07-23,166489,2025072301000775,EBL,Naasa Securities Co. Ltd.,Thrive Brokerage House Pvt. Ltd,20,770.0,15400.0,2025-07-23 11:05:25.830614
2025-07-23,166429,2025072301000789,EBL,Dynamic Money Managers Securities Pvt. Ltd.,Nepal Stock House (PVT) Ltd.,600,765.0,459000.0,2025-07-23 11:05:28.643998
2025-07-23,166310,2025072301000830,EBL,Dynamic Money Managers Securities Pvt. Ltd.,Nepal Stock House (PVT) Ltd.,600,765.0,459000.0,2025-07-23 11:05:36.398913
2025-07-23,166195,2025072301000842,EBL,ABC Securities Private Limited,Nepal Stock House (PVT) Ltd.,100,765.1,76510.0,2025-07-23 11:05:43.204652
2025-07-23,166194,2025072301000843,EBL,Vision Securities Pvt. Ltd,Nepal Stock House (PVT) Ltd.,300,765.1,229530.0,2025-07-23 11:05:43.204841
2025-07-23,166193,2025072301000844,EBL,Dynamic Money Managers Securities Pvt. Ltd.,Nepal Stock House (PVT) Ltd.,200,765.0,153000.0,2025-07-23 11:05:43.204961
2025-07-23,166128,2025072301000860,EBL,Dynamic Money Managers Securities Pvt. Ltd.,Nepal Stock House (PVT) Ltd.,600,765.0,459000.0,2025-07-23 11:05:50.167293
2025-07-23,166041,2025072301000876,EBL,Dynamic Money Managers Securities Pvt. Ltd.,Nepal Stock House (PVT) Ltd.,600,765.0,459000.0,2025-07-23 11:05:55.868422
2025-07-23,165943,2025072301000888,EBL,Dynamic Money Managers Securities Pvt. Ltd.,Nepal Stock House (PVT) Ltd.,600,765.0,459000.0,2025-07-23 11:06:01.925306
2025-07-23,165838,2025072301000901,EBL,Dynamic Money Managers Securities Pvt. Ltd.,Nepal Stock House (PVT) Ltd.,600,765.0,459000.0,2025-07-23 11:06:08.978144
2025-07-23,165800,2025072301000905,EBL,Dynamic Money Managers Securities Pvt. Ltd.,Dakshinkali Investment & Securities Pvt. Ltd.,10000,765.0,7650000.0,2025-07-23 11:06:12.462514
2025-07-23,165768,2025072301000910,EBL,Dynamic Money Managers Securities Pvt. Ltd.,Nepal Stock House (PVT) Ltd.,200,765.0,153000.0,2025-07-23 11:06:14.620274
2025-07-23,165130,2025072301001068,EBL,Linch Stock Market Ltd.,Opal Securities Investment (PVT) Ltd.,100,766.0,76600.0,2025-07-23 11:06:58.826121
2025-07-23,165129,2025072301001069,EBL,Dynamic Money Managers Securities Pvt. Ltd.,Opal Securities Investment (PVT) Ltd.,230,765.0,175950.0,2025-07-23 11:06:58.826225
2025-07-23,164934,2025072301001097,EBL,Dynamic Money Managers Securities Pvt. Ltd.,Sweta Securities Private Limited,1600,765.0,1224000.0,2025-07-23 11:07:12.759094
2025-07-23,164018,2025072301001315,EBL,Dynamic Money Managers Securities Pvt. Ltd.,Aryatara Investment & Securities,50,765.0,38250.0,2025-07-23 11:08:14.121247
2025-07-23,163681,2025072301001400,EBL,Dynamic Money Managers Securities Pvt. Ltd.,Aryatara Investment & Securities,115,765.0,87975.0,2025-07-23 11:08:34.982736
2025-07-23,163637,2025072301001409,EBL,Dynamic Money Managers Securities Pvt. Ltd.,Citizens Share Broker Limited,100,765.0,76500.0,2025-07-23 11:08:38.592877
2025-07-23,163243,2025072301001517,EBL,Dynamic Money Managers Securities Pvt. Ltd.,Deevyaa Securities & Stock House Pvt. Ltd,33,765.0,25245.0,2025-07-23 11:09:08.051235
2025-07-23,163111,2025072301001542,EBL,Sani Securities Company Ltd.,Aryatara Investment & Securities,15,766.0,11490.0,2025-07-23 11:09:17.137959
2025-07-23,162974,2025072301001569,EBL,Dynamic Money Managers Securities Pvt. Ltd.,Dipshikha Dhitopatra Karobar Co. Pvt Ltd.,100,765.0,76500.0,2025-07-23 11:09:27.972678
2025-07-23,162617,2025072301001648,EBL,Dynamic Money Managers Securities Pvt. Ltd.,Kumari Securities Private Limited,50,765.0,38250.0,2025-07-23 11:09:52.165284
2025-07-23,161515,2025072301001917,EBL,Thrive Brokerage House Pvt. Ltd,Primo Securities (PVT) Ltd.,159,766.0,121794.0,2025-07-23 11:11:00.417146
2025-07-23,161465,2025072301001933,EBL,Thrive Brokerage House Pvt. Ltd,ABC Securities Private Limited,341,766.0,261206.0,2025-07-23 11:11:02.490720
2025-07-23,160193,2025072301002203,EBL,Premier Securities Company Ltd.,Citizens Share Broker Limited,100,766.0,76600.0,2025-07-23 11:12:22.305188
2025-07-23,159963,2025072301002250,EBL,Sani Securities Company Ltd.,SHUBHAKAMANA SECURITIES PVT. LTD,10,765.5,7655.0,2025-07-23 11:12:34.993535
2025-07-23,159962,2025072301002251,EBL,Sani Securities Company Ltd.,SHUBHAKAMANA SECURITIES PVT. LTD,10,765.2,7652.0,2025-07-23 11:12:34.993619
2025-07-23,159740,2025072301002306,EBL,Dynamic Money Managers Securities Pvt. Ltd.,Dipshikha Dhitopatra Karobar Co. Pvt Ltd.,2866,765.0,2192490.0,2025-07-23 11:12:49.180202
2025-07-23,159542,2025072301002360,EBL,Dynamic Money Managers Securities Pvt. Ltd.,ABC Securities Private Limited,61,765.0,46665.0,2025-07-23 11:13:01.644484
2025-07-23,159420,2025072301002374,EBL,Dynamic Money Managers Securities Pvt. Ltd.,Imperial Securities Company Pvt. Ltd.,100,765.0,76500.0,2025-07-23 11:13:09.585588
2025-07-23,159180,2025072301002467,EBL,Dynamic Money Managers Securities Pvt. Ltd.,Linch Stock Market Ltd.,1000,765.0,765000.0,2025-07-23 11:13:21.243943
2025-07-23,158946,2025072301002525,EBL,Dynamic Money Managers Securities Pvt. Ltd.,Swarna Laxmi Securities Pvt. Ltd.,121,765.0,92565.0,2025-07-23 11:13:31.146001
2025-07-23,158645,2025072301002602,EBL,Dynamic Money Managers Securities Pvt. Ltd.,J.F. Securites (PVT) Ltd.,500,765.0,382500.0,2025-07-23 11:13:49.191967
2025-07-23,158558,2025072301002623,EBL,Sani Securities Company Ltd.,Imperial Securities Company Pvt. Ltd.,100,765.0,76500.0,2025-07-23 11:13:53.323948
2025-07-23,158444,2025072301002648,EBL,Sani Securities Company Ltd.,Sri Hari Securities Pvt. Ltd.,100,765.0,76500.0,2025-07-23 11:13:58.262480
2025-07-23,157844,2025072301002788,EBL,Sani Securities Company Ltd.,Trishakti Securities Public Limited,10,763.2,7632.0,2025-07-23 11:14:31.337725
2025-07-23,157843,2025072301002789,EBL,Nabil Stock Dealer Ltd.,Trishakti Securities Public Limited,126,762.0,96012.0,2025-07-23 11:14:31.337853
2025-07-23,157842,2025072301002790,EBL,ABC Securities Private Limited,Trishakti Securities Public Limited,30,760.0,22800.0,2025-07-23 11:14:31.337922
2025-07-23,157841,2025072301002791,EBL,Opal Securities Investment (PVT) Ltd.,Trishakti Securities Public Limited,20,760.0,15200.0,2025-07-23 11:14:31.337982
2025-07-23,157840,2025072301002792,EBL,Primo Securities (PVT) Ltd.,Trishakti Securities Public Limited,14,760.0,10640.0,2025-07-23 11:14:31.338051
2025-07-23,157435,2025072301002891,EBL,Sani Securities Company Ltd.,Naasa Securities Co. Ltd.,10,760.1,7601.0,2025-07-23 11:14:53.023909
2025-07-23,157301,2025072301002915,EBL,Primo Securities (PVT) Ltd.,Sani Securities Company Ltd.,14,760.0,10640.0,2025-07-23 11:15:00.822124
2025-07-23,156966,2025072301002976,EBL,Primo Securities (PVT) Ltd.,Naasa Securities Co. Ltd.,10,760.0,7600.0,2025-07-23 11:15:17.397427
2025-07-23,156719,2025072301003031,EBL,Online Securities Pvt. Ltd.,Sri Hari Securities Pvt. Ltd.,400,765.0,306000.0,2025-07-23 11:15:30.723399
2025-07-23,156718,2025072301003032,EBL,Online Securities Pvt. Ltd.,Dynamic Money Managers Securities Pvt. Ltd.,100,765.0,76500.0,2025-07-23 11:15:30.723530
2025-07-23,156699,2025072301003035,EBL,Primo Securities (PVT) Ltd.,ABC Securities Private Limited,50,760.0,38000.0,2025-07-23 11:15:31.865012
2025-07-23,156462,2025072301003073,EBL,Primo Securities (PVT) Ltd.,Deevyaa Securities & Stock House Pvt. Ltd,12,760.0,9120.0,2025-07-23 11:15:40.546464
2025-07-23,156461,2025072301003074,EBL,Nepal Stock House (PVT) Ltd.,Deevyaa Securities & Stock House Pvt. Ltd,50,760.0,38000.0,2025-07-23 11:15:40.546595
2025-07-23,156460,2025072301003075,EBL,Thrive Brokerage House Pvt. Ltd,Deevyaa Securities & Stock House Pvt. Ltd,47,760.0,35720.0,2025-07-23 11:15:40.546662
2025-07-23,156283,2025072301003132,EBL,Thrive Brokerage House Pvt. Ltd,Kohinoor Investment & Securities Pvt. Ltd.,53,760.0,40280.0,2025-07-23 11:15:52.253360
2025-07-23,156282,2025072301003133,EBL,Thrive Brokerage House Pvt. Ltd,Kohinoor Investment & Securities Pvt. Ltd.,10,760.0,7600.0,2025-07-23 11:15:52.253627
2025-07-23,156281,2025072301003134,EBL,Nabil Stock Dealer Ltd.,Kohinoor Investment & Securities Pvt. Ltd.,87,760.0,66120.0,2025-07-23 11:15:52.253805
2025-07-23,155817,2025072301003216,EBL,Nabil Stock Dealer Ltd.,Vision Securities Pvt. Ltd,13,760.0,9880.0,2025-07-23 11:16:17.064966
2025-07-23,155766,2025072301003225,EBL,Sani Securities Company Ltd.,Dynamic Money Managers Securities Pvt. Ltd.,10,758.1,7581.0,2025-07-23 11:16:20.758857
2025-07-23,155765,2025072301003226,EBL,South Asian Bulls Pvt. Ltd.,Dynamic Money Managers Securities Pvt. Ltd.,100,758.0,75800.0,2025-07-23 11:16:20.758984
2025-07-23,155764,2025072301003227,EBL,Dynamic Money Managers Securities Pvt. Ltd.,Dynamic Money Managers Securities Pvt. Ltd.,300,757.0,227100.0,2025-07-23 11:16:20.759053
2025-07-23,155763,2025072301003228,EBL,Nepal Stock House (PVT) Ltd.,Dynamic Money Managers Securities Pvt. Ltd.,1000,756.2,756200.0,2025-07-23 11:16:20.759114
2025-07-23,155762,2025072301003229,EBL,Vision Securities Pvt. Ltd,Dynamic Money Managers Securities Pvt. Ltd.,1000,756.1,756100.0,2025-07-23 11:16:20.759171
2025-07-23,155761,2025072301003230,EBL,ABC Securities Private Limited,Dynamic Money Managers Securities Pvt. Ltd.,20,756.0,15120.0,2025-07-23 11:16:20.759229
2025-07-23,155760,2025072301003231,EBL,Cristal Kanchanjanga Securites Pvt. Ltd.,Dynamic Money Managers Securities Pvt. Ltd.,500,755.2,377600.0,2025-07-23 11:16:20.759284
2025-07-23,155759,2025072301003232,EBL,Asian Securities Private Ltd.,Dynamic Money Managers Securities Pvt. Ltd.,100,755.1,75510.0,2025-07-23 11:16:20.759351
2025-07-23,155758,2025072301003233,EBL,Dynamic Money Managers Securities Pvt. Ltd.,Dynamic Money Managers Securities Pvt. Ltd.,300,755.0,226500.0,2025-07-23 11:16:20.759411
2025-07-23,155757,2025072301003234,EBL,Nepal Investment And Securities Trading Private Limited,Dynamic Money Managers Securities Pvt. Ltd.,30,755.0,22650.0,2025-07-23 11:16:20.759467
2025-07-23,155756,2025072301003235,EBL,Dynamic Money Managers Securities Pvt. Ltd.,Dynamic Money Managers Securities Pvt. Ltd.,300,755.0,226500.0,2025-07-23 11:16:20.759522
2025-07-23,155352,2025072301003332,EBL,Asian Securities Private Ltd.,Vision Securities Pvt. Ltd,37,750.1,27753.7,2025-07-23 11:16:42.209814
2025-07-23,155249,2025072301003365,EBL,Dynamic Money Managers Securities Pvt. Ltd.,Dynamic Money Managers Securities Pvt. Ltd.,10000,755.0,7550000.0,2025-07-23 11:16:48.096482
2025-07-23,155154,2025072301003388,EBL,Dynamic Money Managers Securities Pvt. Ltd.,Dynamic Money Managers Securities Pvt. Ltd.,15000,755.0,11325000.0,2025-07-23 11:16:53.431060
2025-07-23,155025,2025072301003424,EBL,Dynamic Money Managers Securities Pvt. Ltd.,Dynamic Money Managers Securities Pvt. Ltd.,21340,755.0,16111700.0,2025-07-23 11:17:00.987740
2025-07-23,154486,2025072301003525,EBL,Asian Securities Private Ltd.,Bhrikuti Stock Broking Co. Pvt. Ltd.,63,750.1,47256.3,2025-07-23 11:17:31.287409
2025-07-23,154485,2025072301003526,EBL,ABC Securities Private Limited,Bhrikuti Stock Broking Co. Pvt. Ltd.,19,750.0,14250.0,2025-07-23 11:17:31.287538
2025-07-23,154157,2025072301003623,EBL,ABC Securities Private Limited,Trishakti Securities Public Limited,31,750.0,23250.0,2025-07-23 11:17:48.645294
2025-07-23,154156,2025072301003624,EBL,Kumari Securities Private Limited,Trishakti Securities Public Limited,19,750.0,14250.0,2025-07-23 11:17:48.645422
2025-07-23,153796,2025072301003720,EBL,Asian Securities Private Ltd.,Dipshikha Dhitopatra Karobar Co. Pvt Ltd.,125,750.1,93762.5,2025-07-23 11:18:08.362960
2025-07-23,153017,2025072301003935,EBL,Dakshinkali Investment & Securities Pvt. Ltd.,Kalika Securities Pvt. Ltd.,31,751.0,23281.0,2025-07-23 11:18:52.071261
2025-07-23,152821,2025072301003984,EBL,Dakshinkali Investment & Securities Pvt. Ltd.,Vision Securities Pvt. Ltd,500,751.0,375500.0,2025-07-23 11:19:05.362508
2025-07-23,152256,2025072301004097,EBL,Vision Securities Pvt. Ltd,Bhrikuti Stock Broking Co. Pvt. Ltd.,650,752.0,488800.0,2025-07-23 11:19:35.121806
2025-07-23,152255,2025072301004098,EBL,Asian Securities Private Ltd.,Bhrikuti Stock Broking Co. Pvt. Ltd.,100,751.1,75110.0,2025-07-23 11:19:35.122102
2025-07-23,152254,2025072301004099,EBL,Market Securities & Exchange (PVT) Ltd.,Bhrikuti Stock Broking Co. Pvt. Ltd.,100,751.1,75110.0,2025-07-23 11:19:35.122299
2025-07-23,152253,2025072301004100,EBL,Dakshinkali Investment & Securities Pvt. Ltd.,Bhrikuti Stock Broking Co. Pvt. Ltd.,150,751.0,112650.0,2025-07-23 11:19:35.122464
2025-07-23,151555,2025072301004194,EBL,Nepal Stock House (PVT) Ltd.,Sani Securities Company Ltd.,50,755.0,37750.0,2025-07-23 11:19:58.537764
2025-07-23,151554,2025072301004195,EBL,Nepal Stock House (PVT) Ltd.,Trisul Securities & Invt. Ltd.,500,755.0,377500.0,2025-07-23 11:19:58.537921
2025-07-23,151553,2025072301004196,EBL,Nepal Stock House (PVT) Ltd.,Online Securities Pvt. Ltd.,5,755.0,3775.0,2025-07-23 11:19:58.537997
2025-07-23,150040,2025072301004500,EBL,J.F. Securites (PVT) Ltd.,Bhrikuti Stock Broking Co. Pvt. Ltd.,10,754.0,7540.0,2025-07-23 11:20:55.032766
2025-07-23,150039,2025072301004501,EBL,Thrive Brokerage House Pvt. Ltd,Bhrikuti Stock Broking Co. Pvt. Ltd.,390,753.1,293709.0,2025-07-23 11:20:55.033038
2025-07-23,147989,2025072301004931,EBL,Dynamic Money Managers Securities Pvt. Ltd.,Dynamic Money Managers Securities Pvt. Ltd.,500,759.0,379500.0,2025-07-23 11:22:06.923320
2025-07-23,147896,2025072301004961,EBL,Dynamic Money Managers Securities Pvt. Ltd.,Dynamic Money Managers Securities Pvt. Ltd.,500,759.0,379500.0,2025-07-23 11:22:11.848147
2025-07-23,147660,2025072301005065,EBL,Dynamic Money Managers Securities Pvt. Ltd.,Dynamic Money Managers Securities Pvt. Ltd.,500,759.0,379500.0,2025-07-23 11:22:17.736341
2025-07-23,147633,2025072301005075,EBL,Secured Securities Ltd.,Nepal Stock House (PVT) Ltd.,500,756.0,378000.0,2025-07-23 11:22:19.082387
2025-07-23,147614,2025072301005078,EBL,Market Securities & Exchange (PVT) Ltd.,Dynamic Money Managers Securities Pvt. Ltd.,500,759.0,379500.0,2025-07-23 11:22:19.760991
2025-07-23,147280,2025072301005169,EBL,Dynamic Money Managers Securities Pvt. Ltd.,Shree Krishna Securities Ltd.,500,760.0,380000.0,2025-07-23 11:22:33.311447
2025-07-23,147241,2025072301005198,EBL,Market Securities & Exchange (PVT) Ltd.,Shree Krishna Securities Ltd.,50,760.0,38000.0,2025-07-23 11:22:34.590993
2025-07-23,147240,2025072301005199,EBL,Market Securities & Exchange (PVT) Ltd.,Nabil Stock Dealer Ltd.,20,760.0,15200.0,2025-07-23 11:22:34.591178
2025-07-23,147239,2025072301005200,EBL,Market Securities & Exchange (PVT) Ltd.,Dipshikha Dhitopatra Karobar Co. Pvt Ltd.,121,760.0,91960.0,2025-07-23 11:22:34.591253
2025-07-23,147238,2025072301005201,EBL,Market Securities & Exchange (PVT) Ltd.,Trisul Securities & Invt. Ltd.,200,760.0,152000.0,2025-07-23 11:22:34.591323
2025-07-23,146824,2025072301005300,EBL,Deevyaa Securities & Stock House Pvt. Ltd,Aryatara Investment & Securities,20,762.0,15240.0,2025-07-23 11:22:52.765224
2025-07-23,146823,2025072301005301,EBL,Deevyaa Securities & Stock House Pvt. Ltd,Dynamic Money Managers Securities Pvt. Ltd.,80,762.0,60960.0,2025-07-23 11:22:52.765402
2025-07-23,145868,2025072301005429,EBL,Dynamic Money Managers Securities Pvt. Ltd.,Dynamic Money Managers Securities Pvt. Ltd.,1920,762.0,1463040.0,2025-07-23 11:23:20.640841
2025-07-23,145322,2025072301005537,EBL,Imperial Securities Company Pvt. Ltd.,Dynamic Money Managers Securities Pvt. Ltd.,500,763.0,381500.0,2025-07-23 11:23:51.192271
2025-07-23,145196,2025072301005595,EBL,Market Securities & Exchange (PVT) Ltd.,Dynamic Money Managers Securities Pvt. Ltd.,109,763.0,83167.0,2025-07-23 11:23:57.294258
2025-07-23,144563,2025072301005745,EBL,Thrive Brokerage House Pvt. Ltd,Dynamic Money Managers Securities Pvt. Ltd.,700,763.0,534100.0,2025-07-23 11:24:28.937777
2025-07-23,144562,2025072301005746,EBL,Thrive Brokerage House Pvt. Ltd,Dynamic Money Managers Securities Pvt. Ltd.,250,763.0,190750.0,2025-07-23 11:24:29.020709
2025-07-23,144523,2025072301005758,EBL,Market Securities & Exchange (PVT) Ltd.,Dynamic Money Managers Securities Pvt. Ltd.,441,763.0,336483.0,2025-07-23 11:24:30.782919
2025-07-23,144375,2025072301005822,EBL,Naasa Securities Co. Ltd.,Opal Securities Investment (PVT) Ltd.,15,763.1,11446.5,2025-07-23 11:24:36.717734
2025-07-23,144374,2025072301005823,EBL,Market Securities & Exchange (PVT) Ltd.,Opal Securities Investment (PVT) Ltd.,45,763.0,34335.0,2025-07-23 11:24:36.717917
2025-07-23,144004,2025072301005932,EBL,Sani Securities Company Ltd.,Vision Securities Pvt. Ltd,50,764.0,38200.0,2025-07-23 11:24:57.113926
2025-07-23,143911,2025072301005961,EBL,Vision Securities Pvt. Ltd,Vision Securities Pvt. Ltd,130,764.0,99320.0,2025-07-23 11:25:03.859490
2025-07-23,143775,2025072301005996,EBL,Ashutosh Brokerage & Securities (PVT) Ltd.,Dynamic Money Managers Securities Pvt. Ltd.,107,765.0,81855.0,2025-07-23 11:25:11.388917
2025-07-23,143404,2025072301006055,EBL,J.F. Securites (PVT) Ltd.,Dynamic Money Managers Securities Pvt. Ltd.,10,765.0,7650.0,2025-07-23 11:25:30.774006
2025-07-23,143351,2025072301006064,EBL,Secured Securities Ltd.,Dynamic Money Managers Securities Pvt. Ltd.,50,765.0,38250.0,2025-07-23 11:25:34.277539
2025-07-23,143261,2025072301006091,EBL,Dynamic Money Managers Securities Pvt. Ltd.,Dynamic Money Managers Securities Pvt. Ltd.,120,765.0,91800.0,2025-07-23 11:25:40.895435
2025-07-23,143260,2025072301006092,EBL,Dynamic Money Managers Securities Pvt. Ltd.,Midas Stock Broking Company Private Limited,127,765.0,97155.0,2025-07-23 11:25:40.895643
2025-07-23,142896,2025072301006186,EBL,Dynamic Money Managers Securities Pvt. Ltd.,Vision Securities Pvt. Ltd,55,765.0,42075.0,2025-07-23 11:26:02.474207
2025-07-23,142563,2025072301006254,EBL,Dynamic Money Managers Securities Pvt. Ltd.,Trisul Securities & Invt. Ltd.,558,765.0,426870.0,2025-07-23 11:26:16.723865
2025-07-23,142481,2025072301006262,EBL,Dynamic Money Managers Securities Pvt. Ltd.,Bhrikuti Stock Broking Co. Pvt. Ltd.,89,765.1,68093.9,2025-07-23 11:26:20.742971
2025-07-23,142294,2025072301006296,EBL,Dynamic Money Managers Securities Pvt. Ltd.,Dynamic Money Managers Securities Pvt. Ltd.,1911,765.1,1462106.1,2025-07-23 11:26:29.551425
2025-07-23,142293,2025072301006297,EBL,Vision Securities Pvt. Ltd,Dynamic Money Managers Securities Pvt. Ltd.,89,765.1,68093.9,2025-07-23 11:26:29.551609
2025-07-23,141943,2025072301006376,EBL,Malla & Malla Stock Broking Company Pvt. Limited,Dynamic Money Managers Securities Pvt. Ltd.,50,766.0,38300.0,2025-07-23 11:26:52.558289
2025-07-23,141757,2025072301006410,EBL,Pragyan Securities (PVT) Ltd.,Dynamic Money Managers Securities Pvt. Ltd.,16,766.0,12256.0,2025-07-23 11:27:03.644630
2025-07-23,141360,2025072301006520,EBL,Premier Securities Company Ltd.,Dynamic Money Managers Securities Pvt. Ltd.,14,766.0,10724.0,2025-07-23 11:27:27.025403
2025-07-23,141050,2025072301006591,EBL,Vision Securities Pvt. Ltd,NIMB Stock Markets Limited,51,765.1,39020.1,2025-07-23 11:27:44.462479
2025-07-23,141049,2025072301006592,EBL,Dynamic Money Managers Securities Pvt. Ltd.,NIMB Stock Markets Limited,49,765.0,37485.0,2025-07-23 11:27:44.462662
2025-07-23,140893,2025072301006618,EBL,Dynamic Money Managers Securities Pvt. Ltd.,NIMB Stock Markets Limited,91,765.0,69615.0,2025-07-23 11:27:54.380113
2025-07-23,140870,2025072301006625,EBL,Magnet Securities and Investment Company Private Limited,Dynamic Money Managers Securities Pvt. Ltd.,2500,765.0,1912500.0,2025-07-23 11:27:55.948988
2025-07-23,140869,2025072301006626,EBL,Sumeru Securities Pvt. Ltd.,Dynamic Money Managers Securities Pvt. Ltd.,1000,765.0,765000.0,2025-07-23 11:27:55.949213
2025-07-23,140868,2025072301006627,EBL,Opal Securities Investment (PVT) Ltd.,Dynamic Money Managers Securities Pvt. Ltd.,440,765.0,336600.0,2025-07-23 11:27:55.949325
2025-07-23,140670,2025072301006684,EBL,Naasa Securities Co. Ltd.,Sumeru Securities Pvt. Ltd.,25,764.0,19100.0,2025-07-23 11:28:06.160912
2025-07-23,140669,2025072301006685,EBL,Dynamic Money Managers Securities Pvt. Ltd.,Sumeru Securities Pvt. Ltd.,75,762.0,57150.0,2025-07-23 11:28:06.160955
2025-07-23,140173,2025072301006774,EBL,South Asian Bulls Pvt. Ltd.,Sweta Securities Private Limited,320,765.0,244800.0,2025-07-23 11:28:39.958783
2025-07-23,139854,2025072301006836,EBL,Premier Securities Company Ltd.,SHUBHAKAMANA SECURITIES PVT. LTD,15,762.0,11430.0,2025-07-23 11:28:56.144578
2025-07-23,138173,2025072301007219,EBL,Shree Krishna Securities Ltd.,Opal Securities Investment (PVT) Ltd.,100,762.0,76200.0,2025-07-23 11:30:56.353263
2025-07-23,137778,2025072301007331,EBL,Shree Krishna Securities Ltd.,Magnet Securities and Investment Company Private Limited,11,762.0,8382.0,2025-07-23 11:31:24.705188
2025-07-23,137639,2025072301007365,EBL,Shree Krishna Securities Ltd.,Dynamic Money Managers Securities Pvt. Ltd.,389,762.0,296418.0,2025-07-23 11:31:33.966371
2025-07-23,137638,2025072301007366,EBL,Imperial Securities Company Pvt. Ltd.,Dynamic Money Managers Securities Pvt. Ltd.,100,762.0,76200.0,2025-07-23 11:31:33.966566
2025-07-23,137637,2025072301007367,EBL,ABC Securities Private Limited,Dynamic Money Managers Securities Pvt. Ltd.,100,762.0,76200.0,2025-07-23 11:31:33.966665
2025-07-23,137636,2025072301007368,EBL,Siprabi Securities Pvt. Ltd.,Dynamic Money Managers Securities Pvt. Ltd.,91,762.0,69342.0,2025-07-23 11:31:33.966746
2025-07-23,137342,2025072301007426,EBL,Siprabi Securities Pvt. Ltd.,Thrive Brokerage House Pvt. Ltd,10,762.0,7620.0,2025-07-23 11:31:52.670670
2025-07-23,137213,2025072301007462,EBL,Siprabi Securities Pvt. Ltd.,Sundhara Securities Limited,15,762.0,11430.0,2025-07-23 11:32:02.208005
2025-07-23,137145,2025072301007475,EBL,Siprabi Securities Pvt. Ltd.,Vision Securities Pvt. Ltd,68,762.0,51816.0,2025-07-23 11:32:07.990925
2025-07-23,134742,2025072301008081,EBL,Kalika Securities Pvt. Ltd.,Deevyaa Securities & Stock House Pvt. Ltd,15,762.1,11431.5,2025-07-23 11:34:33.831760
2025-07-23,134741,2025072301008082,EBL,Siprabi Securities Pvt. Ltd.,Deevyaa Securities & Stock House Pvt. Ltd,185,762.0,140970.0,2025-07-23 11:34:33.831977
2025-07-23,133715,2025072301008305,EBL,Naasa Securities Co. Ltd.,Sweta Securities Private Limited,22,762.1,16766.2,2025-07-23 11:35:31.161048
2025-07-23,133714,2025072301008306,EBL,Siprabi Securities Pvt. Ltd.,Sweta Securities Private Limited,131,762.0,99822.0,2025-07-23 11:35:31.161320
2025-07-23,133713,2025072301008307,EBL,Malla & Malla Stock Broking Company Pvt. Limited,Sweta Securities Private Limited,50,762.0,38100.0,2025-07-23 11:35:31.161423
2025-07-23,133712,2025072301008308,EBL,Thrive Brokerage House Pvt. Ltd,Sweta Securities Private Limited,81,760.1,61568.1,2025-07-23 11:35:31.161514
2025-07-23,132724,2025072301008557,EBL,Thrive Brokerage House Pvt. Ltd,Sewa Securities Pvt. Ltd.,30,760.1,22803.0,2025-07-23 11:36:29.675091
2025-07-23,131865,2025072301008772,EBL,Thrive Brokerage House Pvt. Ltd,Dynamic Money Managers Securities Pvt. Ltd.,110,760.2,83622.0,2025-07-23 11:37:28.274128
2025-07-23,131864,2025072301008773,EBL,Thrive Brokerage House Pvt. Ltd,Dynamic Money Managers Securities Pvt. Ltd.,389,760.1,295678.9,2025-07-23 11:37:28.274349
2025-07-23,131863,2025072301008774,EBL,Online Securities Pvt. Ltd.,Dynamic Money Managers Securities Pvt. Ltd.,1000,760.0,760000.0,2025-07-23 11:37:28.274440
2025-07-23,131862,2025072301008775,EBL,Premier Securities Company Ltd.,Dynamic Money Managers Securities Pvt. Ltd.,20,760.0,15200.0,2025-07-23 11:37:28.274526
2025-07-23,131861,2025072301008776,EBL,Thrive Brokerage House Pvt. Ltd,Dynamic Money Managers Securities Pvt. Ltd.,500,760.0,380000.0,2025-07-23 11:37:28.274611
2025-07-23,131860,2025072301008777,EBL,Nabil Stock Dealer Ltd.,Dynamic Money Managers Securities Pvt. Ltd.,50,760.0,38000.0,2025-07-23 11:37:28.274697
2025-07-23,131859,2025072301008778,EBL,Naasa Securities Co. Ltd.,Dynamic Money Managers Securities Pvt. Ltd.,25,760.0,19000.0,2025-07-23 11:37:28.274782
2025-07-23,131858,2025072301008779,EBL,Sani Securities Company Ltd.,Dynamic Money Managers Securities Pvt. Ltd.,20,760.0,15200.0,2025-07-23 11:37:28.274866
2025-07-23,131798,2025072301008795,EBL,Dynamic Money Managers Securities Pvt. Ltd.,Dynamic Money Managers Securities Pvt. Ltd.,1000,760.0,760000.0,2025-07-23 11:37:33.123674
2025-07-23,131284,2025072301008914,EBL,KALASH STOCK MARKET PVT. LTD.,Dynamic Money Managers Securities Pvt. Ltd.,400,760.0,304000.0,2025-07-23 11:38:12.767930
2025-07-23,131006,2025072301009005,EBL,Dynamic Money Managers Securities Pvt. Ltd.,Dynamic Money Managers Securities Pvt. Ltd.,1000,760.0,760000.0,2025-07-23 11:38:33.646708
2025-07-23,130538,2025072301009111,EBL,Dynamic Money Managers Securities Pvt. Ltd.,Online Securities Pvt. Ltd.,100,759.0,75900.0,2025-07-23 11:39:15.531973
2025-07-23,130158,2025072301009214,EBL,ABC Securities Private Limited,Dynamic Money Managers Securities Pvt. Ltd.,486,760.0,369360.0,2025-07-23 11:39:43.037798
2025-07-23,130157,2025072301009215,EBL,ABC Securities Private Limited,Siprabi Securities Pvt. Ltd.,10,760.0,7600.0,2025-07-23 11:39:43.038036
2025-07-23,130069,2025072301009228,EBL,Dynamic Money Managers Securities Pvt. Ltd.,Secured Securities Ltd.,400,759.0,303600.0,2025-07-23 11:39:49.912280
2025-07-23,129943,2025072301009251,EBL,Imperial Securities Company Pvt. Ltd.,Secured Securities Ltd.,50,759.0,37950.0,2025-07-23 11:39:58.639359
2025-07-23,129723,2025072301009299,EBL,Dynamic Money Managers Securities Pvt. Ltd.,Swarna Laxmi Securities Pvt. Ltd.,200,756.1,151220.0,2025-07-23 11:40:18.110420
2025-07-23,129722,2025072301009300,EBL,Secured Securities Ltd.,Swarna Laxmi Securities Pvt. Ltd.,700,756.0,529200.0,2025-07-23 11:40:18.110649
2025-07-23,129384,2025072301009396,EBL,Secured Securities Ltd.,Dynamic Money Managers Securities Pvt. Ltd.,3800,756.0,2872800.0,2025-07-23 11:40:51.358095
2025-07-23,129060,2025072301009481,EBL,Dynamic Money Managers Securities Pvt. Ltd.,ABC Securities Private Limited,300,755.5,226650.0,2025-07-23 11:41:22.520260
2025-07-23,128844,2025072301009546,EBL,Online Securities Pvt. Ltd.,Naasa Securities Co. Ltd.,60,755.6,45336.0,2025-07-23 11:41:43.991109
2025-07-23,128587,2025072301009646,EBL,Online Securities Pvt. Ltd.,Nepal Stock House (PVT) Ltd.,125,755.6,94450.0,2025-07-23 11:42:00.840933
2025-07-23,128407,2025072301009683,EBL,Online Securities Pvt. Ltd.,Dynamic Money Managers Securities Pvt. Ltd.,160,755.6,120896.0,2025-07-23 11:42:16.742390
2025-07-23,127866,2025072301009818,EBL,Online Securities Pvt. Ltd.,South Asian Bulls Pvt. Ltd.,35,755.6,26446.0,2025-07-23 11:43:03.090779
2025-07-23,127767,2025072301009833,EBL,Online Securities Pvt. Ltd.,Dipshikha Dhitopatra Karobar Co. Pvt Ltd.,120,755.6,90672.0,2025-07-23 11:43:11.970464
2025-07-23,127766,2025072301009834,EBL,Kumari Securities Private Limited,Dipshikha Dhitopatra Karobar Co. Pvt Ltd.,50,755.6,37780.0,2025-07-23 11:43:11.970681
2025-07-23,127765,2025072301009835,EBL,Dynamic Money Managers Securities Pvt. Ltd.,Dipshikha Dhitopatra Karobar Co. Pvt Ltd.,88,755.5,66484.0,2025-07-23 11:43:11.970775
2025-07-23,127715,2025072301009842,EBL,Oxford Securities Pvt. Ltd.,Vision Securities Pvt. Ltd,30,756.0,22680.0,2025-07-23 11:43:16.109280
2025-07-23,127485,2025072301009906,EBL,Oxford Securities Pvt. Ltd.,Dynamic Money Managers Securities Pvt. Ltd.,70,756.0,52920.0,2025-07-23 11:43:38.314497
2025-07-23,127484,2025072301009907,EBL,Dynamic Money Managers Securities Pvt. Ltd.,Dynamic Money Managers Securities Pvt. Ltd.,112,755.5,84616.0,2025-07-23 11:43:38.314734
2025-07-23,127483,2025072301009908,EBL,Citizens Share Broker Limited,Dynamic Money Managers Securities Pvt. Ltd.,1000,755.2,755200.0,2025-07-23 11:43:38.314830
2025-07-23,127482,2025072301009909,EBL,J.F. Securites (PVT) Ltd.,Dynamic Money Managers Securities Pvt. Ltd.,10,755.1,7551.0,2025-07-23 11:43:38.314919
2025-07-23,127481,2025072301009910,EBL,Nabil Stock Dealer Ltd.,Dynamic Money Managers Securities Pvt. Ltd.,100,755.0,75500.0,2025-07-23 11:43:38.315008
2025-07-23,127480,2025072301009911,EBL,Siprabi Securities Pvt. Ltd.,Dynamic Money Managers Securities Pvt. Ltd.,130,755.0,98150.0,2025-07-23 11:43:38.315111
2025-07-23,127479,2025072301009912,EBL,Agrawal Securities (PVT) Ltd.,Dynamic Money Managers Securities Pvt. Ltd.,200,755.0,151000.0,2025-07-23 11:43:38.315202
2025-07-23,127478,2025072301009913,EBL,Dynamic Money Managers Securities Pvt. Ltd.,Dynamic Money Managers Securities Pvt. Ltd.,8378,755.0,6325390.0,2025-07-23 11:43:38.315291
2025-07-23,127276,2025072301009970,EBL,Dynamic Money Managers Securities Pvt. Ltd.,Investment Management Nepal Pvt. Ltd.,141,758.0,106878.0,2025-07-23 11:43:57.391801
2025-07-23,127275,2025072301009971,EBL,Dynamic Money Managers Securities Pvt. Ltd.,Secured Securities Ltd.,450,759.0,341550.0,2025-07-23 11:43:57.392047
2025-07-23,126880,2025072301010070,EBL,Imperial Securities Company Pvt. Ltd.,Online Securities Pvt. Ltd.,100,762.0,76200.0,2025-07-23 11:44:33.423198
2025-07-23,126668,2025072301010136,EBL,Dynamic Money Managers Securities Pvt. Ltd.,Kohinoor Investment & Securities Pvt. Ltd.,77,760.0,58520.0,2025-07-23 11:44:50.402706
2025-07-23,125608,2025072301010351,EBL,Dynamic Money Managers Securities Pvt. Ltd.,Midas Stock Broking Company Private Limited,500,760.0,380000.0,2025-07-23 11:46:18.262521
2025-07-23,125371,2025072301010444,EBL,Aryatara Investment & Securities,Online Securities Pvt. Ltd.,25,762.0,19050.0,2025-07-23 11:46:34.571757
2025-07-23,125339,2025072301010447,EBL,Dynamic Money Managers Securities Pvt. Ltd.,Siprabi Securities Pvt. Ltd.,273,760.0,207480.0,2025-07-23 11:46:36.072099
2025-07-23,125097,2025072301010501,EBL,Dynamic Money Managers Securities Pvt. Ltd.,Aryatara Investment & Securities,20,760.0,15200.0,2025-07-23 11:46:55.612315
2025-07-23,124708,2025072301010590,EBL,Dynamic Money Managers Securities Pvt. Ltd.,Primo Securities (PVT) Ltd.,500,760.0,380000.0,2025-07-23 11:47:28.169385
2025-07-23,124557,2025072301010623,EBL,Dynamic Money Managers Securities Pvt. Ltd.,Primo Securities (PVT) Ltd.,39,760.0,29640.0,2025-07-23 11:47:38.148647
2025-07-23,124369,2025072301010659,EBL,Sri Hari Securities Pvt. Ltd.,Primo Securities (PVT) Ltd.,400,755.6,302240.0,2025-07-23 11:47:51.656267
2025-07-23,124286,2025072301010680,EBL,Market Securities & Exchange (PVT) Ltd.,Primo Securities (PVT) Ltd.,44,755.2,33228.8,2025-07-23 11:47:56.675470
2025-07-23,123951,2025072301010746,EBL,Nepal Stock House (PVT) Ltd.,SUN SECURITIES PVT LTD,500,755.3,377650.0,2025-07-23 11:48:20.597128
2025-07-23,123738,2025072301010791,EBL,Kumari Securities Private Limited,SUN SECURITIES PVT LTD,50,755.3,37765.0,2025-07-23 11:48:42.766975
2025-07-23,123248,2025072301010889,EBL,Malla & Malla Stock Broking Company Pvt. Limited,Vision Securities Pvt. Ltd,10,760.0,7600.0,2025-07-23 11:49:22.772263
2025-07-23,123174,2025072301010915,EBL,Nepal Investment And Securities Trading Private Limited,SUN SECURITIES PVT LTD,10,755.5,7555.0,2025-07-23 11:49:30.337120
2025-07-23,123056,2025072301010935,EBL,Creative Securities Pvt Ltd,Vision Securities Pvt. Ltd,190,760.0,144400.0,2025-07-23 11:49:39.731049
2025-07-23,123055,2025072301010936,EBL,Creative Securities Pvt Ltd,Online Securities Pvt. Ltd.,11,762.0,8382.0,2025-07-23 11:49:39.731281
2025-07-23,123054,2025072301010937,EBL,Creative Securities Pvt Ltd,Dynamic Money Managers Securities Pvt. Ltd.,299,762.0,227838.0,2025-07-23 11:49:39.731379
2025-07-23,122702,2025072301011012,EBL,Sweta Securities Private Limited,Kalika Securities Pvt. Ltd.,85,760.0,64600.0,2025-07-23 11:50:06.526974
2025-07-23,122701,2025072301011013,EBL,Sweta Securities Private Limited,Dynamic Money Managers Securities Pvt. Ltd.,915,762.0,697230.0,2025-07-23 11:50:06.527197
2025-07-23,121344,2025072301011287,EBL,Sani Securities Company Ltd.,Premier Securities Company Ltd.,10,756.1,7561.0,2025-07-23 11:51:59.802251
2025-07-23,121343,2025072301011288,EBL,Imperial Securities Company Pvt. Ltd.,Premier Securities Company Ltd.,10,756.1,7561.0,2025-07-23 11:51:59.802842
2025-07-23,121342,2025072301011289,EBL,Nepal Investment And Securities Trading Private Limited,Premier Securities Company Ltd.,50,756.0,37800.0,2025-07-23 11:51:59.803361
2025-07-23,121341,2025072301011290,EBL,Nepal Investment And Securities Trading Private Limited,Premier Securities Company Ltd.,40,755.5,30220.0,2025-07-23 11:51:59.803828
2025-07-23,121340,2025072301011291,EBL,Naasa Securities Co. Ltd.,Premier Securities Company Ltd.,50,755.5,37775.0,2025-07-23 11:51:59.804359
2025-07-23,121339,2025072301011292,EBL,Kumari Securities Private Limited,Premier Securities Company Ltd.,50,755.3,37765.0,2025-07-23 11:51:59.804795
2025-07-23,121338,2025072301011293,EBL,Market Securities & Exchange (PVT) Ltd.,Premier Securities Company Ltd.,56,755.2,42291.2,2025-07-23 11:51:59.805252
2025-07-23,121337,2025072301011294,EBL,Imperial Securities Company Pvt. Ltd.,Premier Securities Company Ltd.,100,755.1,75510.0,2025-07-23 11:51:59.805697
2025-07-23,121336,2025072301011295,EBL,Nepal Stock House (PVT) Ltd.,Premier Securities Company Ltd.,134,755.1,101183.4,2025-07-23 11:51:59.806129
2025-07-23,120922,2025072301011390,EBL,ABC Securities Private Limited,Aryatara Investment & Securities,4,760.0,3040.0,2025-07-23 11:52:35.746035
2025-07-23,120496,2025072301011511,EBL,Thrive Brokerage House Pvt. Ltd,Trishakti Securities Public Limited,500,756.1,378050.0,2025-07-23 11:53:15.752111
2025-07-23,120495,2025072301011512,EBL,ABC Securities Private Limited,Trishakti Securities Public Limited,100,756.0,75600.0,2025-07-23 11:53:15.752224
2025-07-23,120494,2025072301011513,EBL,Imperial Securities Company Pvt. Ltd.,Trishakti Securities Public Limited,20,756.0,15120.0,2025-07-23 11:53:15.752294
2025-07-23,120493,2025072301011514,EBL,Sani Securities Company Ltd.,Trishakti Securities Public Limited,10,755.2,7552.0,2025-07-23 11:53:15.752357
2025-07-23,120492,2025072301011515,EBL,Nepal Stock House (PVT) Ltd.,Trishakti Securities Public Limited,380,755.1,286938.0,2025-07-23 11:53:15.752420
2025-07-23,119794,2025072301011664,EBL,Sagarmatha Securities Private Limited,Agrawal Securities (PVT) Ltd.,1,740.0,740.0,2025-07-23 11:54:14.387097
2025-07-23,119455,2025072301011765,EBL,Sagarmatha Securities Private Limited,Bhrikuti Stock Broking Co. Pvt. Ltd.,2,740.0,1480.0,2025-07-23 11:54:40.387326
2025-07-23,118994,2025072301011867,EBL,Imperial Securities Company Pvt. Ltd.,Imperial Securities Company Pvt. Ltd.,20,758.0,15160.0,2025-07-23 11:55:10.098420
2025-07-23,118047,2025072301012087,EBL,South Asian Bulls Pvt. Ltd.,Kohinoor Investment & Securities Pvt. Ltd.,100,756.0,75600.0,2025-07-23 11:56:17.538893
2025-07-23,118046,2025072301012088,EBL,Thrive Brokerage House Pvt. Ltd,Kohinoor Investment & Securities Pvt. Ltd.,100,755.6,75560.0,2025-07-23 11:56:17.539423
2025-07-23,118045,2025072301012089,EBL,Imperial Securities Company Pvt. Ltd.,Kohinoor Investment & Securities Pvt. Ltd.,20,755.6,15112.0,2025-07-23 11:56:17.539728
2025-07-23,118044,2025072301012090,EBL,Trishakti Securities Public Limited,Kohinoor Investment & Securities Pvt. Ltd.,780,755.5,589290.0,2025-07-23 11:56:17.540040
2025-07-23,117744,2025072301012196,EBL,Sundhara Securities Limited,Imperial Securities Company Pvt. Ltd.,35,758.0,26530.0,2025-07-23 11:56:37.382325
2025-07-23,117576,2025072301012228,EBL,Trishakti Securities Public Limited,Naasa Securities Co. Ltd.,28,755.5,21154.0,2025-07-23 11:56:53.531435
2025-07-23,116545,2025072301012437,EBL,Ashutosh Brokerage & Securities (PVT) Ltd.,Sundhara Securities Limited,152,755.6,114851.2,2025-07-23 11:58:14.659659
2025-07-23,115552,2025072301012706,EBL,Dakshinkali Investment & Securities Pvt. Ltd.,Imperial Securities Company Pvt. Ltd.,60,758.0,45480.0,2025-07-23 11:59:44.404199
2025-07-23,115551,2025072301012707,EBL,Dakshinkali Investment & Securities Pvt. Ltd.,Online Securities Pvt. Ltd.,22,758.0,16676.0,2025-07-23 11:59:44.404490
2025-07-23,115550,2025072301012708,EBL,Dakshinkali Investment & Securities Pvt. Ltd.,Primo Securities (PVT) Ltd.,363,760.0,275880.0,2025-07-23 11:59:44.404610
2025-07-23,115549,2025072301012709,EBL,Dakshinkali Investment & Securities Pvt. Ltd.,Malla & Malla Stock Broking Company Pvt. Limited,100,760.0,76000.0,2025-07-23 11:59:44.404719
2025-07-23,115548,2025072301012710,EBL,Dakshinkali Investment & Securities Pvt. Ltd.,Agrawal Securities (PVT) Ltd.,155,760.0,117800.0,2025-07-23 11:59:44.404826
2025-07-23,114881,2025072301012918,EBL,Opal Securities Investment (PVT) Ltd.,Agrawal Securities (PVT) Ltd.,200,760.0,152000.0,2025-07-23 12:00:44.993230
2025-07-23,114711,2025072301012990,EBL,Online Securities Pvt. Ltd.,Nepal Stock House (PVT) Ltd.,100,757.5,75750.0,2025-07-23 12:00:59.189947
2025-07-23,114342,2025072301013079,EBL,Online Securities Pvt. Ltd.,Vision Securities Pvt. Ltd,43,757.5,32572.5,2025-07-23 12:01:31.867483
2025-07-23,114062,2025072301013154,EBL,Online Securities Pvt. Ltd.,Shree Krishna Securities Ltd.,50,757.5,37875.0,2025-07-23 12:02:00.976108
2025-07-23,113827,2025072301013223,EBL,Online Securities Pvt. Ltd.,Kohinoor Investment & Securities Pvt. Ltd.,40,757.5,30300.0,2025-07-23 12:02:23.843553
2025-07-23,113578,2025072301013277,EBL,Aakashbhairab Securities Ltd.,Agrawal Securities (PVT) Ltd.,50,760.0,38000.0,2025-07-23 12:02:51.998862
2025-07-23,112308,2025072301013624,EBL,Vision Securities Pvt. Ltd,Linch Stock Market Ltd.,65,760.0,49400.0,2025-07-23 12:04:54.036262
2025-07-23,111687,2025072301013791,EBL,Naasa Securities Co. Ltd.,Linch Stock Market Ltd.,135,760.0,102600.0,2025-07-23 12:05:56.763333
2025-07-23,111686,2025072301013792,EBL,Naasa Securities Co. Ltd.,Agrawal Securities (PVT) Ltd.,115,760.0,87400.0,2025-07-23 12:05:56.763621
2025-07-23,111676,2025072301013797,EBL,J.F. Securites (PVT) Ltd.,Agrawal Securities (PVT) Ltd.,436,760.0,331360.0,2025-07-23 12:05:57.990488
2025-07-23,111675,2025072301013798,EBL,J.F. Securites (PVT) Ltd.,Sundhara Securities Limited,16,760.0,12160.0,2025-07-23 12:05:57.991063
2025-07-23,110569,2025072301014182,EBL,Dipshikha Dhitopatra Karobar Co. Pvt Ltd.,Dynamic Money Managers Securities Pvt. Ltd.,100,762.0,76200.0,2025-07-23 12:07:46.705283
2025-07-23,110423,2025072301014220,EBL,Thrive Brokerage House Pvt. Ltd,Kumari Securities Private Limited,1,747.0,747.0,2025-07-23 12:08:00.796162
2025-07-23,110290,2025072301014257,EBL,Thrive Brokerage House Pvt. Ltd,Siprabi Securities Pvt. Ltd.,1,750.0,750.0,2025-07-23 12:08:16.519218
2025-07-23,110262,2025072301014261,EBL,J.F. Securites (PVT) Ltd.,Asian Securities Private Ltd.,14,760.0,10640.0,2025-07-23 12:08:20.164893
2025-07-23,109878,2025072301014341,EBL,J.F. Securites (PVT) Ltd.,Neev Securities Pvt. Ltd.,34,760.0,25840.0,2025-07-23 12:08:59.963602
2025-07-23,109832,2025072301014352,EBL,Thrive Brokerage House Pvt. Ltd,Deevyaa Securities & Stock House Pvt. Ltd,1,746.8,746.8,2025-07-23 12:09:04.448512
2025-07-23,109307,2025072301014527,EBL,Ashutosh Brokerage & Securities (PVT) Ltd.,Neev Securities Pvt. Ltd.,46,759.0,34914.0,2025-07-23 12:09:51.447190
2025-07-23,108783,2025072301014662,EBL,Ashutosh Brokerage & Securities (PVT) Ltd.,Vision Securities Pvt. Ltd,40,759.0,30360.0,2025-07-23 12:10:34.321151
2025-07-23,107741,2025072301014943,EBL,Thrive Brokerage House Pvt. Ltd,Agrawal Securities (PVT) Ltd.,1,747.0,747.0,2025-07-23 12:11:53.386277
2025-07-23,107562,2025072301014971,EBL,Kalika Securities Pvt. Ltd.,Nepal Stock House (PVT) Ltd.,1,760.0,760.0,2025-07-23 12:12:06.105219
2025-07-23,107213,2025072301015070,EBL,Ashutosh Brokerage & Securities (PVT) Ltd.,Naasa Securities Co. Ltd.,362,759.0,274758.0,2025-07-23 12:12:30.574692
2025-07-23,107212,2025072301015071,EBL,Midas Stock Broking Company Private Limited,Naasa Securities Co. Ltd.,46,759.0,34914.0,2025-07-23 12:12:30.575009
2025-07-23,107211,2025072301015072,EBL,Aakashbhairab Securities Ltd.,Naasa Securities Co. Ltd.,10,759.0,7590.0,2025-07-23 12:12:30.575289
2025-07-23,106563,2025072301015216,EBL,Sumeru Securities Pvt. Ltd.,Thrive Brokerage House Pvt. Ltd,100,758.0,75800.0,2025-07-23 12:13:27.141969
2025-07-23,106448,2025072301015242,EBL,Thrive Brokerage House Pvt. Ltd,Swarna Laxmi Securities Pvt. Ltd.,14,757.7,10607.8,2025-07-23 12:13:36.737810
2025-07-23,106447,2025072301015243,EBL,J.F. Securites (PVT) Ltd.,Swarna Laxmi Securities Pvt. Ltd.,86,757.6,65153.6,2025-07-23 12:13:36.737868
2025-07-23,106332,2025072301015286,EBL,J.F. Securites (PVT) Ltd.,Dipshikha Dhitopatra Karobar Co. Pvt Ltd.,47,757.6,35607.2,2025-07-23 12:13:46.919695
2025-07-23,105952,2025072301015398,EBL,J.F. Securites (PVT) Ltd.,ABC Securities Private Limited,50,757.6,37880.0,2025-07-23 12:14:17.627013
2025-07-23,105934,2025072301015407,EBL,J.F. Securites (PVT) Ltd.,Ashutosh Brokerage & Securities (PVT) Ltd.,206,757.6,156065.6,2025-07-23 12:14:20.274583
2025-07-23,104863,2025072301015677,EBL,J.F. Securites (PVT) Ltd.,Primo Securities (PVT) Ltd.,92,757.6,69699.2,2025-07-23 12:15:55.620159
2025-07-23,103954,2025072301015859,EBL,Naasa Securities Co. Ltd.,Thrive Brokerage House Pvt. Ltd,20,758.0,15160.0,2025-07-23 12:17:08.721735
2025-07-23,103863,2025072301015878,EBL,J.F. Securites (PVT) Ltd.,Vision Securities Pvt. Ltd,19,757.6,14394.4,2025-07-23 12:17:17.223374
2025-07-23,103862,2025072301015879,EBL,Online Securities Pvt. Ltd.,Vision Securities Pvt. Ltd,267,757.5,202252.5,2025-07-23 12:17:17.223714
2025-07-23,103861,2025072301015880,EBL,Opal Securities Investment (PVT) Ltd.,Vision Securities Pvt. Ltd,264,757.4,199953.6,2025-07-23 12:17:17.223892
2025-07-23,103818,2025072301015890,EBL,Kumari Securities Private Limited,Thrive Brokerage House Pvt. Ltd,226,758.0,171308.0,2025-07-23 12:17:22.668161
2025-07-23,103817,2025072301015891,EBL,Kumari Securities Private Limited,Trishakti Securities Public Limited,100,758.0,75800.0,2025-07-23 12:17:22.668510
2025-07-23,103816,2025072301015892,EBL,Kumari Securities Private Limited,Sani Securities Company Ltd.,10,758.0,7580.0,2025-07-23 12:17:22.668712
2025-07-23,103815,2025072301015893,EBL,Kumari Securities Private Limited,Siprabi Securities Pvt. Ltd.,15,758.0,11370.0,2025-07-23 12:17:22.668891
2025-07-23,103814,2025072301015894,EBL,Kumari Securities Private Limited,Agrawal Securities (PVT) Ltd.,50,758.0,37900.0,2025-07-23 12:17:22.669082
2025-07-23,103813,2025072301015895,EBL,Kumari Securities Private Limited,Naasa Securities Co. Ltd.,30,759.0,22770.0,2025-07-23 12:17:22.669287
2025-07-23,102576,2025072301016211,EBL,Nepal Stock House (PVT) Ltd.,Naasa Securities Co. Ltd.,88,759.0,66792.0,2025-07-23 12:18:57.754120
2025-07-23,102575,2025072301016212,EBL,Nepal Stock House (PVT) Ltd.,Nepal Stock House (PVT) Ltd.,144,759.0,109296.0,2025-07-23 12:18:57.754481
2025-07-23,102574,2025072301016213,EBL,Nepal Stock House (PVT) Ltd.,Agrawal Securities (PVT) Ltd.,20,760.0,15200.0,2025-07-23 12:18:57.754620
2025-07-23,102573,2025072301016214,EBL,Nepal Stock House (PVT) Ltd.,Vision Securities Pvt. Ltd,148,760.0,112480.0,2025-07-23 12:18:57.754744
2025-07-23,98688,2025072301017094,EBL,Opal Securities Investment (PVT) Ltd.,Siprabi Securities Pvt. Ltd.,15,757.4,11361.0,2025-07-23 12:24:19.587693
2025-07-23,98498,2025072301017144,EBL,Opal Securities Investment (PVT) Ltd.,Dipshikha Dhitopatra Karobar Co. Pvt Ltd.,100,757.4,75740.0,2025-07-23 12:24:41.384449
2025-07-23,98401,2025072301017171,EBL,Opal Securities Investment (PVT) Ltd.,Malla & Malla Stock Broking Company Pvt. Limited,50,757.4,37870.0,2025-07-23 12:24:48.898933
2025-07-23,97525,2025072301017435,EBL,Dynamic Money Managers Securities Pvt. Ltd.,ABC Securities Private Limited,5,762.0,3810.0,2025-07-23 12:26:03.773854
2025-07-23,97439,2025072301017485,EBL,Opal Securities Investment (PVT) Ltd.,Cristal Kanchanjanga Securites Pvt. Ltd.,154,757.4,116639.6,2025-07-23 12:26:11.180558
2025-07-23,97298,2025072301017518,EBL,Opal Securities Investment (PVT) Ltd.,Dipshikha Dhitopatra Karobar Co. Pvt Ltd.,77,757.4,58319.8,2025-07-23 12:26:21.220844
2025-07-23,97297,2025072301017519,EBL,ABC Securities Private Limited,Dipshikha Dhitopatra Karobar Co. Pvt Ltd.,95,757.4,71953.0,2025-07-23 12:26:21.220880
2025-07-23,97296,2025072301017520,EBL,Agrawal Securities (PVT) Ltd.,Dipshikha Dhitopatra Karobar Co. Pvt Ltd.,25,757.0,18925.0,2025-07-23 12:26:21.220908
2025-07-23,96883,2025072301017620,EBL,Dynamic Money Managers Securities Pvt. Ltd.,Nepal Stock House (PVT) Ltd.,500,757.0,378500.0,2025-07-23 12:27:08.503621
2025-07-23,96882,2025072301017621,EBL,Opal Securities Investment (PVT) Ltd.,Nepal Stock House (PVT) Ltd.,19,757.0,14383.0,2025-07-23 12:27:08.503920
2025-07-23,96881,2025072301017622,EBL,Imperial Securities Company Pvt. Ltd.,Nepal Stock House (PVT) Ltd.,216,757.0,163512.0,2025-07-23 12:27:08.504061
2025-07-23,96880,2025072301017623,EBL,Nabil Stock Dealer Ltd.,Nepal Stock House (PVT) Ltd.,40,755.6,30224.0,2025-07-23 12:27:08.504240
2025-07-23,96879,2025072301017624,EBL,Trishakti Securities Public Limited,Nepal Stock House (PVT) Ltd.,192,755.5,145056.0,2025-07-23 12:27:08.504379
2025-07-23,96878,2025072301017625,EBL,Kohinoor Investment & Securities Pvt. Ltd.,Nepal Stock House (PVT) Ltd.,184,755.5,139012.0,2025-07-23 12:27:08.504517
2025-07-23,96877,2025072301017626,EBL,Roadshow securities limited,Nepal Stock House (PVT) Ltd.,5000,755.4,3777000.0,2025-07-23 12:27:08.504645
2025-07-23,96876,2025072301017627,EBL,Linch Stock Market Ltd.,Nepal Stock House (PVT) Ltd.,810,755.3,611793.0,2025-07-23 12:27:08.504771
2025-07-23,96875,2025072301017628,EBL,Imperial Securities Company Pvt. Ltd.,Nepal Stock House (PVT) Ltd.,20,755.3,15106.0,2025-07-23 12:27:08.504912
2025-07-23,96874,2025072301017629,EBL,Imperial Securities Company Pvt. Ltd.,Nepal Stock House (PVT) Ltd.,20,755.2,15104.0,2025-07-23 12:27:08.505067
2025-07-23,96873,2025072301017630,EBL,Nepal Stock House (PVT) Ltd.,Nepal Stock House (PVT) Ltd.,486,755.1,366978.6,2025-07-23 12:27:08.505209
2025-07-23,96872,2025072301017631,EBL,Imperial Securities Company Pvt. Ltd.,Nepal Stock House (PVT) Ltd.,20,755.1,15102.0,2025-07-23 12:27:08.505363
2025-07-23,96871,2025072301017632,EBL,ABC Securities Private Limited,Nepal Stock House (PVT) Ltd.,100,755.1,75510.0,2025-07-23 12:27:08.505505
2025-07-23,96870,2025072301017633,EBL,Creative Securities Pvt Ltd,Nepal Stock House (PVT) Ltd.,76,755.1,57387.6,2025-07-23 12:27:08.505667
2025-07-23,96869,2025072301017634,EBL,Dynamic Money Managers Securities Pvt. Ltd.,Nepal Stock House (PVT) Ltd.,1622,755.0,1224610.0,2025-07-23 12:27:08.505818
2025-07-23,96868,2025072301017635,EBL,Neev Securities Pvt. Ltd.,Nepal Stock House (PVT) Ltd.,900,755.0,679500.0,2025-07-23 12:27:08.505955
2025-07-23,96867,2025072301017636,EBL,N.M.B. SECURITIES LIMITED,Nepal Stock House (PVT) Ltd.,109,755.0,82295.0,2025-07-23 12:27:08.506081
2025-07-23,96866,2025072301017637,EBL,Premier Securities Company Ltd.,Nepal Stock House (PVT) Ltd.,20,755.0,15100.0,2025-07-23 12:27:08.506220
2025-07-23,96865,2025072301017638,EBL,Bhrikuti Stock Broking Co. Pvt. Ltd.,Nepal Stock House (PVT) Ltd.,10,755.0,7550.0,2025-07-23 12:27:08.506346
2025-07-23,96864,2025072301017639,EBL,J.F. Securites (PVT) Ltd.,Nepal Stock House (PVT) Ltd.,45,755.0,33975.0,2025-07-23 12:27:08.506470
2025-07-23,96863,2025072301017640,EBL,Naasa Securities Co. Ltd.,Nepal Stock House (PVT) Ltd.,192,755.0,144960.0,2025-07-23 12:27:08.506604
2025-07-23,96841,2025072301017643,EBL,Dipshikha Dhitopatra Karobar Co. Pvt Ltd.,Dynamic Money Managers Securities Pvt. Ltd.,200,759.0,151800.0,2025-07-23 12:27:11.511310
2025-07-23,95910,2025072301017857,EBL,Naasa Securities Co. Ltd.,Thrive Brokerage House Pvt. Ltd,200,758.0,151600.0,2025-07-23 12:28:53.728444
2025-07-23,94935,2025072301018084,EBL,Sani Securities Company Ltd.,Thrive Brokerage House Pvt. Ltd,10,758.0,7580.0,2025-07-23 12:30:35.127658
2025-07-23,94794,2025072301018115,EBL,Online Securities Pvt. Ltd.,Arun Securities (PVT) Ltd.,10,757.1,7571.0,2025-07-23 12:30:51.302234
2025-07-23,94032,2025072301018333,EBL,Online Securities Pvt. Ltd.,Malla & Malla Stock Broking Company Pvt. Limited,90,757.1,68139.0,2025-07-23 12:32:10.410685
2025-07-23,94031,2025072301018334,EBL,Aryatara Investment & Securities,Malla & Malla Stock Broking Company Pvt. Limited,20,756.0,15120.0,2025-07-23 12:32:10.410967
2025-07-23,94030,2025072301018335,EBL,Creative Securities Pvt Ltd,Malla & Malla Stock Broking Company Pvt. Limited,20,755.7,15114.0,2025-07-23 12:32:10.411106
2025-07-23,94029,2025072301018336,EBL,Roadshow securities limited,Malla & Malla Stock Broking Company Pvt. Limited,2000,755.6,1511200.0,2025-07-23 12:32:10.411237
2025-07-23,94028,2025072301018337,EBL,Dipshikha Dhitopatra Karobar Co. Pvt Ltd.,Malla & Malla Stock Broking Company Pvt. Limited,2000,755.5,1511000.0,2025-07-23 12:32:10.411365
2025-07-23,94027,2025072301018338,EBL,Trishakti Securities Public Limited,Malla & Malla Stock Broking Company Pvt. Limited,500,755.1,377550.0,2025-07-23 12:32:10.411492
2025-07-23,94026,2025072301018339,EBL,Naasa Securities Co. Ltd.,Malla & Malla Stock Broking Company Pvt. Limited,370,755.0,279350.0,2025-07-23 12:32:10.411619
2025-07-23,93842,2025072301018371,EBL,Naasa Securities Co. Ltd.,Malla & Malla Stock Broking Company Pvt. Limited,38,755.0,28690.0,2025-07-23 12:32:27.578574
2025-07-23,93841,2025072301018372,EBL,Aakashbhairab Securities Ltd.,Malla & Malla Stock Broking Company Pvt. Limited,80,755.0,60400.0,2025-07-23 12:32:27.578857
2025-07-23,93840,2025072301018373,EBL,Linch Stock Market Ltd.,Malla & Malla Stock Broking Company Pvt. Limited,40,755.0,30200.0,2025-07-23 12:32:27.578980
2025-07-23,93839,2025072301018374,EBL,Thrive Brokerage House Pvt. Ltd,Malla & Malla Stock Broking Company Pvt. Limited,500,755.0,377500.0,2025-07-23 12:32:27.579138
2025-07-23,93838,2025072301018375,EBL,Naasa Securities Co. Ltd.,Malla & Malla Stock Broking Company Pvt. Limited,50,755.0,37750.0,2025-07-23 12:32:27.579258
2025-07-23,93837,2025072301018376,EBL,Kohinoor Investment & Securities Pvt. Ltd.,Malla & Malla Stock Broking Company Pvt. Limited,65,755.0,49075.0,2025-07-23 12:32:27.579379
2025-07-23,93836,2025072301018377,EBL,Sweta Securities Private Limited,Malla & Malla Stock Broking Company Pvt. Limited,10,755.0,7550.0,2025-07-23 12:32:27.579497
2025-07-23,93538,2025072301018461,EBL,Dynamic Money Managers Securities Pvt. Ltd.,Malla & Malla Stock Broking Company Pvt. Limited,217,755.0,163835.0,2025-07-23 12:33:05.974274
2025-07-23,93003,2025072301018606,EBL,Dynamic Money Managers Securities Pvt. Ltd.,Sri Hari Securities Pvt. Ltd.,20,755.0,15100.0,2025-07-23 12:34:04.774833
2025-07-23,92615,2025072301018699,EBL,Dynamic Money Managers Securities Pvt. Ltd.,Imperial Securities Company Pvt. Ltd.,211,755.0,159305.0,2025-07-23 12:34:50.142753
2025-07-23,92454,2025072301018734,EBL,Dynamic Money Managers Securities Pvt. Ltd.,Malla & Malla Stock Broking Company Pvt. Limited,369,755.0,278595.0,2025-07-23 12:35:03.897569
2025-07-23,92453,2025072301018735,EBL,Dynamic Money Managers Securities Pvt. Ltd.,Malla & Malla Stock Broking Company Pvt. Limited,5000,755.0,3775000.0,2025-07-23 12:35:03.897860
2025-07-23,92270,2025072301018778,EBL,Sani Securities Company Ltd.,Malla & Malla Stock Broking Company Pvt. Limited,10,755.0,7550.0,2025-07-23 12:35:24.390643
2025-07-23,92168,2025072301018801,EBL,Nepal Stock House (PVT) Ltd.,Malla & Malla Stock Broking Company Pvt. Limited,258,754.2,194583.6,2025-07-23 12:35:40.993220
2025-07-23,92167,2025072301018802,EBL,Midas Stock Broking Company Private Limited,Malla & Malla Stock Broking Company Pvt. Limited,25,754.0,18850.0,2025-07-23 12:35:40.993794
2025-07-23,92166,2025072301018803,EBL,Premier Securities Company Ltd.,Malla & Malla Stock Broking Company Pvt. Limited,10,753.1,7531.0,2025-07-23 12:35:40.994186
2025-07-23,91860,2025072301018914,EBL,Sani Securities Company Ltd.,Malla & Malla Stock Broking Company Pvt. Limited,11,753.1,8284.1,2025-07-23 12:36:16.128431
2025-07-23,91722,2025072301018966,EBL,Bhrikuti Stock Broking Co. Pvt. Ltd.,Online Securities Pvt. Ltd.,10,753.0,7530.0,2025-07-23 12:36:27.857286
2025-07-23,91721,2025072301018967,EBL,Aryatara Investment & Securities,Online Securities Pvt. Ltd.,500,753.0,376500.0,2025-07-23 12:36:27.857596
2025-07-23,91720,2025072301018968,EBL,J.F. Securites (PVT) Ltd.,Online Securities Pvt. Ltd.,10,752.0,7520.0,2025-07-23 12:36:27.857723
2025-07-23,91719,2025072301018969,EBL,Investment Management Nepal Pvt. Ltd.,Online Securities Pvt. Ltd.,200,752.0,150400.0,2025-07-23 12:36:27.857855
2025-07-23,91718,2025072301018970,EBL,Global IME Securities Limited,Online Securities Pvt. Ltd.,10,752.0,7520.0,2025-07-23 12:36:27.857977
2025-07-23,91717,2025072301018971,EBL,Dipshikha Dhitopatra Karobar Co. Pvt Ltd.,Online Securities Pvt. Ltd.,32,752.0,24064.0,2025-07-23 12:36:27.858108
2025-07-23,91590,2025072301019003,EBL,J.F. Securites (PVT) Ltd.,Imperial Securities Company Pvt. Ltd.,10,753.0,7530.0,2025-07-23 12:36:42.053689
2025-07-23,91388,2025072301019043,EBL,Aryatara Investment & Securities,Imperial Securities Company Pvt. Ltd.,50,753.0,37650.0,2025-07-23 12:37:08.979955
2025-07-23,91307,2025072301019068,EBL,Sani Securities Company Ltd.,Imperial Securities Company Pvt. Ltd.,11,753.0,8283.0,2025-07-23 12:37:20.628553
2025-07-23,91194,2025072301019121,EBL,Agrawal Securities (PVT) Ltd.,Imperial Securities Company Pvt. Ltd.,79,753.0,59487.0,2025-07-23 12:37:33.066566
2025-07-23,91040,2025072301019178,EBL,Agrawal Securities (PVT) Ltd.,Malla & Malla Stock Broking Company Pvt. Limited,317,753.1,238732.7,2025-07-23 12:37:51.289396
2025-07-23,90420,2025072301019348,EBL,Imperial Securities Company Pvt. Ltd.,Naasa Securities Co. Ltd.,20,754.0,15080.0,2025-07-23 12:38:57.975361
2025-07-23,90419,2025072301019349,EBL,Imperial Securities Company Pvt. Ltd.,Nepal Stock House (PVT) Ltd.,62,754.2,46760.4,2025-07-23 12:38:57.975676
2025-07-23,89972,2025072301019457,EBL,Aakashbhairab Securities Ltd.,Shree Krishna Securities Ltd.,159,756.9,120347.1,2025-07-23 12:39:41.473429
2025-07-23,89597,2025072301019590,EBL,Aakashbhairab Securities Ltd.,Nepal Stock House (PVT) Ltd.,283,757.0,214231.0,2025-07-23 12:40:17.529409
2025-07-23,89520,2025072301019618,EBL,J.F. Securites (PVT) Ltd.,Thrive Brokerage House Pvt. Ltd,10,757.5,7575.0,2025-07-23 12:40:24.137889
2025-07-23,89470,2025072301019639,EBL,Thrive Brokerage House Pvt. Ltd,Thrive Brokerage House Pvt. Ltd,100,757.5,75750.0,2025-07-23 12:40:30.097493
2025-07-23,88930,2025072301019823,EBL,Sani Securities Company Ltd.,Thrive Brokerage House Pvt. Ltd,225,757.5,170437.5,2025-07-23 12:41:31.029063
2025-07-23,87607,2025072301020142,EBL,Vision Securities Pvt. Ltd,Thrive Brokerage House Pvt. Ltd,100,757.5,75750.0,2025-07-23 12:44:17.073150
2025-07-23,87099,2025072301020276,EBL,Aakashbhairab Securities Ltd.,Trisul Securities & Invt. Ltd.,13,757.0,9841.0,2025-07-23 12:45:16.852118
2025-07-23,86651,2025072301020374,EBL,Vision Securities Pvt. Ltd,Thrive Brokerage House Pvt. Ltd,24,757.5,18180.0,2025-07-23 12:46:21.452801
2025-07-23,85854,2025072301020604,EBL,Aakashbhairab Securities Ltd.,Thrive Brokerage House Pvt. Ltd,200,758.0,151600.0,2025-07-23 12:47:54.381526
2025-07-23,85638,2025072301020642,EBL,Roadshow securities limited,Thrive Brokerage House Pvt. Ltd,49,758.0,37142.0,2025-07-23 12:48:13.940367
2025-07-23,85637,2025072301020643,EBL,Roadshow securities limited,Siprabi Securities Pvt. Ltd.,25,758.0,18950.0,2025-07-23 12:48:13.940478
2025-07-23,85636,2025072301020644,EBL,Roadshow securities limited,Midas Stock Broking Company Private Limited,50,758.0,37900.0,2025-07-23 12:48:13.940548
2025-07-23,85635,2025072301020645,EBL,Roadshow securities limited,Vision Securities Pvt. Ltd,80,758.0,60640.0,2025-07-23 12:48:13.940612
2025-07-23,85634,2025072301020646,EBL,Roadshow securities limited,Shree Krishna Securities Ltd.,500,758.0,379000.0,2025-07-23 12:48:13.940677
2025-07-23,85633,2025072301020647,EBL,Roadshow securities limited,Kohinoor Investment & Securities Pvt. Ltd.,130,758.0,98540.0,2025-07-23 12:48:13.940740
2025-07-23,85632,2025072301020648,EBL,Roadshow securities limited,Sharepro Securities Private Limited,500,758.5,379250.0,2025-07-23 12:48:13.940806
2025-07-23,85631,2025072301020649,EBL,Roadshow securities limited,Dynamic Money Managers Securities Pvt. Ltd.,4666,759.0,3541494.0,2025-07-23 12:48:13.940878
2025-07-23,84980,2025072301020776,EBL,Vision Securities Pvt. Ltd,Online Securities Pvt. Ltd.,76,758.5,57646.0,2025-07-23 12:49:27.763467
2025-07-23,84421,2025072301020933,EBL,Aakashbhairab Securities Ltd.,Vision Securities Pvt. Ltd,45,757.0,34065.0,2025-07-23 12:50:33.748258
2025-07-23,84251,2025072301020966,EBL,Sagarmatha Securities Private Limited,Online Securities Pvt. Ltd.,9,744.8,6703.2,2025-07-23 12:50:51.882243
2025-07-23,84002,2025072301021036,EBL,Imperial Securities Company Pvt. Ltd.,Market Securities & Exchange (PVT) Ltd.,36,757.0,27252.0,2025-07-23 12:51:28.974729
2025-07-23,83476,2025072301021190,EBL,Sipla Securities Private Limited,Dynamic Money Managers Securities Pvt. Ltd.,134,759.0,101706.0,2025-07-23 12:52:20.325623
2025-07-23,83475,2025072301021191,EBL,Sipla Securities Private Limited,Vision Securities Pvt. Ltd,530,759.0,402270.0,2025-07-23 12:52:20.325932
2025-07-23,83474,2025072301021192,EBL,Sipla Securities Private Limited,Sundhara Securities Limited,22,759.0,16698.0,2025-07-23 12:52:20.326105
2025-07-23,83473,2025072301021193,EBL,Sipla Securities Private Limited,Dynamic Money Managers Securities Pvt. Ltd.,314,759.0,238326.0,2025-07-23 12:52:20.326244
2025-07-23,82392,2025072301021499,EBL,Dipshikha Dhitopatra Karobar Co. Pvt Ltd.,Sweta Securities Private Limited,50,758.0,37900.0,2025-07-23 12:54:34.248934
2025-07-23,82278,2025072301021525,EBL,Imperial Securities Company Pvt. Ltd.,Aryatara Investment & Securities,28,757.0,21196.0,2025-07-23 12:54:50.214014
2025-07-23,81783,2025072301021661,EBL,Nepal Stock House (PVT) Ltd.,Dynamic Money Managers Securities Pvt. Ltd.,100,759.0,75900.0,2025-07-23 12:56:03.807251
2025-07-23,81336,2025072301021770,EBL,Premier Securities Company Ltd.,Dipshikha Dhitopatra Karobar Co. Pvt Ltd.,5,762.0,3810.0,2025-07-23 12:57:02.946332
2025-07-23,80838,2025072301021919,EBL,Imperial Securities Company Pvt. Ltd.,Aryatara Investment & Securities,203,757.0,153671.0,2025-07-23 12:58:07.045862
2025-07-23,79887,2025072301022236,EBL,Imperial Securities Company Pvt. Ltd.,Linch Stock Market Ltd.,100,758.0,75800.0,2025-07-23 13:00:14.250947
2025-07-23,79169,2025072301022442,EBL,Imperial Securities Company Pvt. Ltd.,Sumeru Securities Pvt. Ltd.,30,758.0,22740.0,2025-07-23 13:02:04.795725
2025-07-23,79135,2025072301022456,EBL,Dynamic Money Managers Securities Pvt. Ltd.,Vision Securities Pvt. Ltd,8,765.0,6120.0,2025-07-23 13:02:09.503184
2025-07-23,77819,2025072301022868,EBL,Imperial Securities Company Pvt. Ltd.,Dipshikha Dhitopatra Karobar Co. Pvt Ltd.,20,758.0,15160.0,2025-07-23 13:04:45.914924
2025-07-23,77818,2025072301022869,EBL,Trisul Securities & Invt. Ltd.,Dipshikha Dhitopatra Karobar Co. Pvt Ltd.,23,758.0,17434.0,2025-07-23 13:04:45.915315
2025-07-23,77485,2025072301022941,EBL,Trisul Securities & Invt. Ltd.,Shree Krishna Securities Ltd.,26,758.0,19708.0,2025-07-23 13:05:26.531450
2025-07-23,77484,2025072301022942,EBL,Roadshow securities limited,Shree Krishna Securities Ltd.,100,758.0,75800.0,2025-07-23 13:05:26.531765
2025-07-23,77483,2025072301022943,EBL,Dynamic Money Managers Securities Pvt. Ltd.,Shree Krishna Securities Ltd.,500,757.2,378600.0,2025-07-23 13:05:26.531909
2025-07-23,77482,2025072301022944,EBL,Dynamic Money Managers Securities Pvt. Ltd.,Shree Krishna Securities Ltd.,500,757.2,378600.0,2025-07-23 13:05:26.532060
2025-07-23,77481,2025072301022945,EBL,Dynamic Money Managers Securities Pvt. Ltd.,Shree Krishna Securities Ltd.,500,757.2,378600.0,2025-07-23 13:05:26.532197
2025-07-23,77480,2025072301022946,EBL,Dynamic Money Managers Securities Pvt. Ltd.,Shree Krishna Securities Ltd.,350,757.2,265020.0,2025-07-23 13:05:26.532358
2025-07-23,77479,2025072301022947,EBL,Dipshikha Dhitopatra Karobar Co. Pvt Ltd.,Shree Krishna Securities Ltd.,968,757.1,732872.8,2025-07-23 13:05:26.532501
2025-07-23,77478,2025072301022948,EBL,Imperial Securities Company Pvt. Ltd.,Shree Krishna Securities Ltd.,33,757.0,24981.0,2025-07-23 13:05:26.532642
2025-07-23,77477,2025072301022949,EBL,Thrive Brokerage House Pvt. Ltd,Shree Krishna Securities Ltd.,30,757.0,22710.0,2025-07-23 13:05:26.532775
2025-07-23,77476,2025072301022950,EBL,Nepal Stock House (PVT) Ltd.,Shree Krishna Securities Ltd.,100,757.0,75700.0,2025-07-23 13:05:26.532910
2025-07-23,77475,2025072301022951,EBL,Imperial Securities Company Pvt. Ltd.,Shree Krishna Securities Ltd.,50,757.0,37850.0,2025-07-23 13:05:26.533052
2025-07-23,77474,2025072301022952,EBL,Linch Stock Market Ltd.,Shree Krishna Securities Ltd.,25,757.0,18925.0,2025-07-23 13:05:26.533191
2025-07-23,77473,2025072301022953,EBL,Dynamic Money Managers Securities Pvt. Ltd.,Shree Krishna Securities Ltd.,1000,757.0,757000.0,2025-07-23 13:05:26.533329
2025-07-23,77472,2025072301022954,EBL,Dynamic Money Managers Securities Pvt. Ltd.,Shree Krishna Securities Ltd.,2818,757.0,2133226.0,2025-07-23 13:05:26.533468
2025-07-23,77211,2025072301023005,EBL,Dynamic Money Managers Securities Pvt. Ltd.,Vision Securities Pvt. Ltd,500,757.0,378500.0,2025-07-23 13:05:57.760336
2025-07-23,77108,2025072301023025,EBL,Dynamic Money Managers Securities Pvt. Ltd.,Sweta Securities Private Limited,4465,757.0,3380005.0,2025-07-23 13:06:06.911242
2025-07-23,76889,2025072301023088,EBL,Dynamic Money Managers Securities Pvt. Ltd.,Dynamic Money Managers Securities Pvt. Ltd.,2217,757.0,1678269.0,2025-07-23 13:06:31.685100
2025-07-23,76888,2025072301023089,EBL,Sani Securities Company Ltd.,Dynamic Money Managers Securities Pvt. Ltd.,50,756.5,37825.0,2025-07-23 13:06:31.685476
2025-07-23,76887,2025072301023090,EBL,Asian Securities Private Ltd.,Dynamic Money Managers Securities Pvt. Ltd.,300,756.1,226830.0,2025-07-23 13:06:31.685628
2025-07-23,76886,2025072301023091,EBL,Dipshikha Dhitopatra Karobar Co. Pvt Ltd.,Dynamic Money Managers Securities Pvt. Ltd.,12,756.1,9073.2,2025-07-23 13:06:31.685769
2025-07-23,76885,2025072301023092,EBL,Thrive Brokerage House Pvt. Ltd,Dynamic Money Managers Securities Pvt. Ltd.,70,756.1,52927.0,2025-07-23 13:06:31.685914
2025-07-23,76884,2025072301023093,EBL,Naasa Securities Co. Ltd.,Dynamic Money Managers Securities Pvt. Ltd.,70,755.0,52850.0,2025-07-23 13:06:31.686068
2025-07-23,76883,2025072301023094,EBL,Malla & Malla Stock Broking Company Pvt. Limited,Dynamic Money Managers Securities Pvt. Ltd.,260,755.0,196300.0,2025-07-23 13:06:31.686205
2025-07-23,76882,2025072301023095,EBL,Sumeru Securities Pvt. Ltd.,Dynamic Money Managers Securities Pvt. Ltd.,250,755.0,188750.0,2025-07-23 13:06:31.686344
2025-07-23,76881,2025072301023096,EBL,Roadshow securities limited,Dynamic Money Managers Securities Pvt. Ltd.,1357,755.0,1024535.0,2025-07-23 13:06:31.686487
2025-07-23,76241,2025072301023304,EBL,Trishakti Securities Public Limited,Market Securities & Exchange (PVT) Ltd.,200,755.1,151020.0,2025-07-23 13:07:45.557812
2025-07-23,75953,2025072301023369,EBL,Trishakti Securities Public Limited,Deevyaa Securities & Stock House Pvt. Ltd,300,755.1,226530.0,2025-07-23 13:08:15.591257
2025-07-23,75770,2025072301023421,EBL,Infinity Securities Limited,Deevyaa Securities & Stock House Pvt. Ltd,200,755.1,151020.0,2025-07-23 13:08:37.784809
2025-07-23,75213,2025072301023581,EBL,Agrawal Securities (PVT) Ltd.,Sagarmatha Securities Private Limited,1,740.0,740.0,2025-07-23 13:09:43.154332
2025-07-23,74346,2025072301023794,EBL,Online Securities Pvt. Ltd.,Online Securities Pvt. Ltd.,60,755.2,45312.0,2025-07-23 13:11:39.554360
2025-07-23,74107,2025072301023853,EBL,Sagarmatha Securities Private Limited,Agrawal Securities (PVT) Ltd.,1,740.4,740.4,2025-07-23 13:12:05.503700
2025-07-23,73476,2025072301024046,EBL,Online Securities Pvt. Ltd.,Dynamic Money Managers Securities Pvt. Ltd.,140,755.2,105728.0,2025-07-23 13:13:14.047914
2025-07-23,73475,2025072301024047,EBL,Kalika Securities Pvt. Ltd.,Dynamic Money Managers Securities Pvt. Ltd.,100,755.1,75510.0,2025-07-23 13:13:14.048276
2025-07-23,73474,2025072301024048,EBL,Roadshow securities limited,Dynamic Money Managers Securities Pvt. Ltd.,643,755.0,485465.0,2025-07-23 13:13:14.048430
2025-07-23,73473,2025072301024049,EBL,Opal Securities Investment (PVT) Ltd.,Dynamic Money Managers Securities Pvt. Ltd.,500,755.0,377500.0,2025-07-23 13:13:14.048577
2025-07-23,73472,2025072301024050,EBL,South Asian Bulls Pvt. Ltd.,Dynamic Money Managers Securities Pvt. Ltd.,250,755.0,188750.0,2025-07-23 13:13:14.048723
2025-07-23,73471,2025072301024051,EBL,Linch Stock Market Ltd.,Dynamic Money Managers Securities Pvt. Ltd.,500,755.0,377500.0,2025-07-23 13:13:14.048867
2025-07-23,73470,2025072301024052,EBL,ABC Securities Private Limited,Dynamic Money Managers Securities Pvt. Ltd.,250,755.0,188750.0,2025-07-23 13:13:14.049009
2025-07-23,73225,2025072301024120,EBL,Elite Stock House Limited,Dynamic Money Managers Securities Pvt. Ltd.,30,755.0,22650.0,2025-07-23 13:13:45.842786
2025-07-23,72360,2025072301024318,EBL,Sani Securities Company Ltd.,Dynamic Money Managers Securities Pvt. Ltd.,20,755.0,15100.0,2025-07-23 13:15:25.003848
2025-07-23,72103,2025072301024410,EBL,Malla & Malla Stock Broking Company Pvt. Limited,Online Securities Pvt. Ltd.,2,742.0,1484.0,2025-07-23 13:15:54.048875
2025-07-23,72085,2025072301024417,EBL,Premier Securities Company Ltd.,ABC Securities Private Limited,44,754.2,33184.8,2025-07-23 13:15:56.273453
2025-07-23,71963,2025072301024441,EBL,Aakashbhairab Securities Ltd.,Kalika Securities Pvt. Ltd.,2,750.0,1500.0,2025-07-23 13:16:06.395006
2025-07-23,71962,2025072301024442,EBL,Premier Securities Company Ltd.,ABC Securities Private Limited,152,754.2,114638.4,2025-07-23 13:16:06.469702
2025-07-23,70757,2025072301024763,EBL,Premier Securities Company Ltd.,Oxford Securities Pvt. Ltd.,200,754.2,150840.0,2025-07-23 13:18:27.315764
2025-07-23,70071,2025072301024950,EBL,Premier Securities Company Ltd.,Naasa Securities Co. Ltd.,104,754.2,78436.8,2025-07-23 13:19:57.940101
2025-07-23,70070,2025072301024951,EBL,Asian Securities Private Ltd.,Naasa Securities Co. Ltd.,500,754.2,377100.0,2025-07-23 13:19:57.940506
2025-07-23,69379,2025072301025142,EBL,Trademow Securities Private Limited,Naasa Securities Co. Ltd.,806,754.2,607885.2,2025-07-23 13:21:23.244391
2025-07-23,69378,2025072301025143,EBL,Trademow Securities Private Limited,Trishakti Securities Public Limited,194,754.2,146314.8,2025-07-23 13:21:23.244746
2025-07-23,68899,2025072301025275,EBL,Dakshinkali Investment & Securities Pvt. Ltd.,Trishakti Securities Public Limited,150,754.2,113130.0,2025-07-23 13:22:24.681914
2025-07-23,68416,2025072301025406,EBL,Aakashbhairab Securities Ltd.,Trishakti Securities Public Limited,100,754.2,75420.0,2025-07-23 13:23:28.269666
2025-07-23,68384,2025072301025409,EBL,Agrawal Securities (PVT) Ltd.,Linch Stock Market Ltd.,46,754.1,34688.6,2025-07-23 13:23:32.325001
2025-07-23,68362,2025072301025418,EBL,Sani Securities Company Ltd.,Trishakti Securities Public Limited,156,754.2,117655.2,2025-07-23 13:23:36.322284
2025-07-23,68199,2025072301025450,EBL,Sani Securities Company Ltd.,Sharepro Securities Private Limited,300,754.2,226260.0,2025-07-23 13:23:55.490535
2025-07-23,68108,2025072301025465,EBL,Sani Securities Company Ltd.,Primo Securities (PVT) Ltd.,53,754.2,39972.6,2025-07-23 13:24:08.701201
2025-07-23,68069,2025072301025471,EBL,Agrawal Securities (PVT) Ltd.,Nepal Stock House (PVT) Ltd.,54,754.1,40721.4,2025-07-23 13:24:15.648980
2025-07-23,68068,2025072301025472,EBL,Aakashbhairab Securities Ltd.,Nepal Stock House (PVT) Ltd.,97,754.1,73147.7,2025-07-23 13:24:15.649349
2025-07-23,67755,2025072301025592,EBL,Dipshikha Dhitopatra Karobar Co. Pvt Ltd.,Primo Securities (PVT) Ltd.,47,754.0,35438.0,2025-07-23 13:25:06.610249
2025-07-23,67653,2025072301025622,EBL,Dipshikha Dhitopatra Karobar Co. Pvt Ltd.,Market Securities & Exchange (PVT) Ltd.,253,754.0,190762.0,2025-07-23 13:25:21.720455
2025-07-23,67652,2025072301025623,EBL,Imperial Securities Company Pvt. Ltd.,Market Securities & Exchange (PVT) Ltd.,47,754.0,35438.0,2025-07-23 13:25:21.720799
2025-07-23,67514,2025072301025654,EBL,Nepal Investment And Securities Trading Private Limited,Dynamic Money Managers Securities Pvt. Ltd.,20,753.0,15060.0,2025-07-23 13:25:35.935416
2025-07-23,67513,2025072301025655,EBL,Dipshikha Dhitopatra Karobar Co. Pvt Ltd.,Dynamic Money Managers Securities Pvt. Ltd.,200,753.0,150600.0,2025-07-23 13:25:35.935746
2025-07-23,67512,2025072301025656,EBL,Nabil Stock Dealer Ltd.,Dynamic Money Managers Securities Pvt. Ltd.,200,753.0,150600.0,2025-07-23 13:25:35.935896
2025-07-23,67511,2025072301025657,EBL,Sri Hari Securities Pvt. Ltd.,Dynamic Money Managers Securities Pvt. Ltd.,40,753.0,30120.0,2025-07-23 13:25:35.936049
2025-07-23,67510,2025072301025658,EBL,South Asian Bulls Pvt. Ltd.,Dynamic Money Managers Securities Pvt. Ltd.,100,753.0,75300.0,2025-07-23 13:25:35.936191
2025-07-23,67509,2025072301025659,EBL,Premier Securities Company Ltd.,Dynamic Money Managers Securities Pvt. Ltd.,200,753.0,150600.0,2025-07-23 13:25:35.936339
2025-07-23,67508,2025072301025660,EBL,Oxford Securities Pvt. Ltd.,Dynamic Money Managers Securities Pvt. Ltd.,1807,752.8,1360309.6,2025-07-23 13:25:35.936487
2025-07-23,66958,2025072301025814,EBL,ABC Securities Private Limited,Sani Securities Company Ltd.,315,753.0,237195.0,2025-07-23 13:26:35.721674
2025-07-23,66890,2025072301025827,EBL,ABC Securities Private Limited,Sani Securities Company Ltd.,85,753.0,64005.0,2025-07-23 13:26:43.999019
2025-07-23,66889,2025072301025828,EBL,Imperial Securities Company Pvt. Ltd.,Sani Securities Company Ltd.,200,753.0,150600.0,2025-07-23 13:26:43.999593
2025-07-23,66813,2025072301025854,EBL,Oxford Securities Pvt. Ltd.,Dynamic Money Managers Securities Pvt. Ltd.,193,752.8,145290.4,2025-07-23 13:26:55.953160
2025-07-23,66812,2025072301025855,EBL,Aakashbhairab Securities Ltd.,Dynamic Money Managers Securities Pvt. Ltd.,100,752.8,75280.0,2025-07-23 13:26:55.953528
2025-07-23,66811,2025072301025856,EBL,Agrawal Securities (PVT) Ltd.,Dynamic Money Managers Securities Pvt. Ltd.,1000,752.7,752700.0,2025-07-23 13:26:55.953678
2025-07-23,66810,2025072301025857,EBL,Asian Securities Private Ltd.,Dynamic Money Managers Securities Pvt. Ltd.,300,752.7,225810.0,2025-07-23 13:26:55.953876
2025-07-23,66809,2025072301025858,EBL,Roadshow securities limited,Dynamic Money Managers Securities Pvt. Ltd.,2000,752.6,1505200.0,2025-07-23 13:26:55.954035
2025-07-23,66808,2025072301025859,EBL,Sumeru Securities Pvt. Ltd.,Dynamic Money Managers Securities Pvt. Ltd.,130,752.5,97825.0,2025-07-23 13:26:55.954194
2025-07-23,66807,2025072301025860,EBL,Agrawal Securities (PVT) Ltd.,Dynamic Money Managers Securities Pvt. Ltd.,150,752.2,112830.0,2025-07-23 13:26:55.954356
2025-07-23,66806,2025072301025861,EBL,Malla & Malla Stock Broking Company Pvt. Limited,Dynamic Money Managers Securities Pvt. Ltd.,1000,752.2,752200.0,2025-07-23 13:26:55.954509
2025-07-23,66805,2025072301025862,EBL,Trishakti Securities Public Limited,Dynamic Money Managers Securities Pvt. Ltd.,127,752.1,95516.7,2025-07-23 13:26:55.954662
2025-07-23,66556,2025072301025925,EBL,Trishakti Securities Public Limited,Primo Securities (PVT) Ltd.,160,752.1,120336.0,2025-07-23 13:27:32.067767
2025-07-23,66503,2025072301025941,EBL,Premier Securities Company Ltd.,Sani Securities Company Ltd.,100,753.0,75300.0,2025-07-23 13:27:40.973432
2025-07-23,65927,2025072301026094,EBL,Secured Securities Ltd.,Sani Securities Company Ltd.,115,753.0,86595.0,2025-07-23 13:28:57.038997
2025-07-23,65926,2025072301026095,EBL,Secured Securities Ltd.,Sani Securities Company Ltd.,500,753.0,376500.0,2025-07-23 13:28:57.039362
2025-07-23,64269,2025072301026501,EBL,Vision Securities Pvt. Ltd,Imperial Securities Company Pvt. Ltd.,200,752.3,150460.0,2025-07-23 13:31:57.592214
2025-07-23,64268,2025072301026502,EBL,Premier Securities Company Ltd.,Imperial Securities Company Pvt. Ltd.,300,752.2,225660.0,2025-07-23 13:31:57.592926
2025-07-23,64237,2025072301026508,EBL,Trishakti Securities Public Limited,Imperial Securities Company Pvt. Ltd.,213,752.1,160197.3,2025-07-23 13:32:00.729693
2025-07-23,64236,2025072301026509,EBL,Bhrikuti Stock Broking Co. Pvt. Ltd.,Imperial Securities Company Pvt. Ltd.,20,752.0,15040.0,2025-07-23 13:32:00.730079
2025-07-23,64235,2025072301026510,EBL,Dynamic Money Managers Securities Pvt. Ltd.,Imperial Securities Company Pvt. Ltd.,167,752.0,125584.0,2025-07-23 13:32:00.730228
2025-07-23,63802,2025072301026599,EBL,Dynamic Money Managers Securities Pvt. Ltd.,Nepal Investment And Securities Trading Private Limited,12,752.0,9024.0,2025-07-23 13:32:42.310379
2025-07-23,63590,2025072301026657,EBL,Dynamic Money Managers Securities Pvt. Ltd.,Sundhara Securities Limited,21,752.0,15792.0,2025-07-23 13:33:02.269311
2025-07-23,63449,2025072301026698,EBL,Dynamic Money Managers Securities Pvt. Ltd.,Sundhara Securities Limited,258,752.0,194016.0,2025-07-23 13:33:18.826583
2025-07-23,63448,2025072301026699,EBL,Dynamic Money Managers Securities Pvt. Ltd.,Nepal Investment And Securities Trading Private Limited,30,752.3,22569.0,2025-07-23 13:33:18.827302
2025-07-23,62979,2025072301026779,EBL,Dynamic Money Managers Securities Pvt. Ltd.,Sani Securities Company Ltd.,100,752.3,75230.0,2025-07-23 13:34:04.613525
2025-07-23,62811,2025072301026841,EBL,Sweta Securities Private Limited,ABC Securities Private Limited,155,753.0,116715.0,2025-07-23 13:34:20.887326
2025-07-23,62810,2025072301026842,EBL,Sweta Securities Private Limited,Naasa Securities Co. Ltd.,10,753.0,7530.0,2025-07-23 13:34:20.887672
2025-07-23,62775,2025072301026856,EBL,Sweta Securities Private Limited,Siprabi Securities Pvt. Ltd.,80,753.0,60240.0,2025-07-23 13:34:24.884603
2025-07-23,61642,2025072301027090,EBL,Infinity Securities Limited,Naasa Securities Co. Ltd.,100,754.0,75400.0,2025-07-23 13:36:15.167118
2025-07-23,60979,2025072301027227,EBL,Malla & Malla Stock Broking Company Pvt. Limited,Naasa Securities Co. Ltd.,100,754.0,75400.0,2025-07-23 13:37:19.327521
2025-07-23,60157,2025072301027404,EBL,Oxford Securities Pvt. Ltd.,Agrawal Securities (PVT) Ltd.,500,753.1,376550.0,2025-07-23 13:38:37.172963
2025-07-23,59646,2025072301027506,EBL,Oxford Securities Pvt. Ltd.,Neev Securities Pvt. Ltd.,922,753.1,694358.2,2025-07-23 13:39:36.100904
2025-07-23,59581,2025072301027519,EBL,Kohinoor Investment & Securities Pvt. Ltd.,Nepal Stock House (PVT) Ltd.,198,753.9,149272.2,2025-07-23 13:39:43.867880
2025-07-23,59580,2025072301027520,EBL,Kohinoor Investment & Securities Pvt. Ltd.,Naasa Securities Co. Ltd.,100,754.0,75400.0,2025-07-23 13:39:43.867929
2025-07-23,59579,2025072301027521,EBL,Kohinoor Investment & Securities Pvt. Ltd.,Trisul Securities & Invt. Ltd.,50,754.0,37700.0,2025-07-23 13:39:43.867957
2025-07-23,59578,2025072301027522,EBL,Kohinoor Investment & Securities Pvt. Ltd.,Sani Securities Company Ltd.,90,755.0,67950.0,2025-07-23 13:39:43.867987
2025-07-23,59577,2025072301027523,EBL,Kohinoor Investment & Securities Pvt. Ltd.,Sri Hari Securities Pvt. Ltd.,24,755.0,18120.0,2025-07-23 13:39:43.868011
2025-07-23,59576,2025072301027524,EBL,Kohinoor Investment & Securities Pvt. Ltd.,Naasa Securities Co. Ltd.,38,755.0,28690.0,2025-07-23 13:39:43.868049
2025-07-23,59532,2025072301027532,EBL,Kohinoor Investment & Securities Pvt. Ltd.,Naasa Securities Co. Ltd.,83,755.0,62665.0,2025-07-23 13:39:48.204290
2025-07-23,59531,2025072301027533,EBL,Kohinoor Investment & Securities Pvt. Ltd.,Imperial Securities Company Pvt. Ltd.,417,755.0,314835.0,2025-07-23 13:39:48.204337
2025-07-23,59387,2025072301027556,EBL,Kohinoor Investment & Securities Pvt. Ltd.,Imperial Securities Company Pvt. Ltd.,239,755.0,180445.0,2025-07-23 13:40:04.749229
2025-07-23,59386,2025072301027557,EBL,Kohinoor Investment & Securities Pvt. Ltd.,Sri Hari Securities Pvt. Ltd.,200,755.0,151000.0,2025-07-23 13:40:04.749265
2025-07-23,59385,2025072301027558,EBL,Kohinoor Investment & Securities Pvt. Ltd.,Linch Stock Market Ltd.,50,756.0,37800.0,2025-07-23 13:40:04.749289
2025-07-23,59384,2025072301027559,EBL,Kohinoor Investment & Securities Pvt. Ltd.,Sewa Securities Pvt. Ltd.,36,758.0,27288.0,2025-07-23 13:40:04.749317
2025-07-23,59383,2025072301027560,EBL,Kohinoor Investment & Securities Pvt. Ltd.,Thrive Brokerage House Pvt. Ltd,475,758.0,360050.0,2025-07-23 13:40:04.749352
2025-07-23,59266,2025072301027574,EBL,Kohinoor Investment & Securities Pvt. Ltd.,Thrive Brokerage House Pvt. Ltd,25,758.0,18950.0,2025-07-23 13:40:15.351791
2025-07-23,59265,2025072301027575,EBL,Kohinoor Investment & Securities Pvt. Ltd.,Agrawal Securities (PVT) Ltd.,10,758.9,7589.0,2025-07-23 13:40:15.351836
2025-07-23,59264,2025072301027576,EBL,Kohinoor Investment & Securities Pvt. Ltd.,Linch Stock Market Ltd.,110,759.0,83490.0,2025-07-23 13:40:15.351873
2025-07-23,59263,2025072301027577,EBL,Kohinoor Investment & Securities Pvt. Ltd.,Malla & Malla Stock Broking Company Pvt. Limited,100,759.8,75980.0,2025-07-23 13:40:15.351912
2025-07-23,59262,2025072301027578,EBL,Kohinoor Investment & Securities Pvt. Ltd.,Vision Securities Pvt. Ltd,192,760.0,145920.0,2025-07-23 13:40:15.351937
2025-07-23,59261,2025072301027579,EBL,Kohinoor Investment & Securities Pvt. Ltd.,Sani Securities Company Ltd.,63,760.0,47880.0,2025-07-23 13:40:15.351969
2025-07-23,59104,2025072301027615,EBL,Kohinoor Investment & Securities Pvt. Ltd.,Naasa Securities Co. Ltd.,18,753.2,13557.6,2025-07-23 13:40:30.808068
2025-07-23,59103,2025072301027616,EBL,Kohinoor Investment & Securities Pvt. Ltd.,Sani Securities Company Ltd.,137,760.0,104120.0,2025-07-23 13:40:30.808173
2025-07-23,59102,2025072301027617,EBL,Kohinoor Investment & Securities Pvt. Ltd.,Nepal Stock House (PVT) Ltd.,400,760.0,304000.0,2025-07-23 13:40:30.808212
2025-07-23,59101,2025072301027618,EBL,Kohinoor Investment & Securities Pvt. Ltd.,Naasa Securities Co. Ltd.,114,760.0,86640.0,2025-07-23 13:40:30.808241
2025-07-23,59100,2025072301027619,EBL,Kohinoor Investment & Securities Pvt. Ltd.,Naasa Securities Co. Ltd.,30,760.0,22800.0,2025-07-23 13:40:30.808267
2025-07-23,59099,2025072301027620,EBL,Kohinoor Investment & Securities Pvt. Ltd.,Market Securities & Exchange (PVT) Ltd.,100,760.0,76000.0,2025-07-23 13:40:30.808293
2025-07-23,59098,2025072301027621,EBL,Kohinoor Investment & Securities Pvt. Ltd.,Trisul Securities & Invt. Ltd.,200,760.0,152000.0,2025-07-23 13:40:30.808319
2025-07-23,58878,2025072301027655,EBL,Oxford Securities Pvt. Ltd.,Kohinoor Investment & Securities Pvt. Ltd.,200,753.1,150620.0,2025-07-23 13:40:53.805161
2025-07-23,57536,2025072301027950,EBL,Imperial Securities Company Pvt. Ltd.,Kohinoor Investment & Securities Pvt. Ltd.,150,754.0,113100.0,2025-07-23 13:43:30.946348
2025-07-23,57535,2025072301027951,EBL,Oxford Securities Pvt. Ltd.,Kohinoor Investment & Securities Pvt. Ltd.,147,753.1,110705.7,2025-07-23 13:43:30.946702
2025-07-23,56685,2025072301028114,EBL,Oxford Securities Pvt. Ltd.,Capital Max Securities Ltd,231,753.1,173966.1,2025-07-23 13:44:57.281446
2025-07-23,56684,2025072301028115,EBL,Creative Securities Pvt Ltd,Capital Max Securities Ltd,50,753.1,37655.0,2025-07-23 13:44:57.281953
2025-07-23,56630,2025072301028121,EBL,Aakashbhairab Securities Ltd.,Capital Max Securities Ltd,19,753.1,14308.9,2025-07-23 13:45:03.962431
2025-07-23,56464,2025072301028177,EBL,Aakashbhairab Securities Ltd.,Sani Securities Company Ltd.,81,753.1,61001.1,2025-07-23 13:45:19.102122
2025-07-23,56463,2025072301028178,EBL,Sweta Securities Private Limited,Sani Securities Company Ltd.,341,753.0,256773.0,2025-07-23 13:45:19.102470
2025-07-23,55916,2025072301028303,EBL,Sweta Securities Private Limited,Sani Securities Company Ltd.,11,753.0,8283.0,2025-07-23 13:46:07.979938
2025-07-23,53684,2025072301028786,EBL,Sweta Securities Private Limited,South Asian Bulls Pvt. Ltd.,800,753.0,602400.0,2025-07-23 13:49:16.773957
2025-07-23,53200,2025072301028860,EBL,Sweta Securities Private Limited,Aryatara Investment & Securities,1803,753.0,1357659.0,2025-07-23 13:49:55.979905
2025-07-23,53199,2025072301028861,EBL,Asian Securities Private Ltd.,Aryatara Investment & Securities,300,753.0,225900.0,2025-07-23 13:49:55.980273
2025-07-23,53198,2025072301028862,EBL,Dipshikha Dhitopatra Karobar Co. Pvt Ltd.,Aryatara Investment & Securities,200,753.0,150600.0,2025-07-23 13:49:55.980527
2025-07-23,53197,2025072301028863,EBL,Dipshikha Dhitopatra Karobar Co. Pvt Ltd.,Aryatara Investment & Securities,100,753.0,75300.0,2025-07-23 13:49:55.980749
2025-07-23,51860,2025072301029136,EBL,Roadshow securities limited,Dynamic Money Managers Securities Pvt. Ltd.,5000,752.5,3762500.0,2025-07-23 13:51:49.501585
2025-07-23,51859,2025072301029137,EBL,Miyo Securities Pvt Ltd,Dynamic Money Managers Securities Pvt. Ltd.,40,752.5,30100.0,2025-07-23 13:51:49.501930
2025-07-23,51858,2025072301029138,EBL,Dynamic Money Managers Securities Pvt. Ltd.,Dynamic Money Managers Securities Pvt. Ltd.,612,752.3,460407.6,2025-07-23 13:51:49.502087
2025-07-23,51857,2025072301029139,EBL,Infinity Securities Limited,Dynamic Money Managers Securities Pvt. Ltd.,50,752.0,37600.0,2025-07-23 13:51:49.502246
2025-07-23,51856,2025072301029140,EBL,South Asian Bulls Pvt. Ltd.,Dynamic Money Managers Securities Pvt. Ltd.,250,752.0,188000.0,2025-07-23 13:51:49.502424
2025-07-23,51855,2025072301029141,EBL,Ashutosh Brokerage & Securities (PVT) Ltd.,Dynamic Money Managers Securities Pvt. Ltd.,160,751.8,120288.0,2025-07-23 13:51:49.502580
2025-07-23,51854,2025072301029142,EBL,Malla & Malla Stock Broking Company Pvt. Limited,Dynamic Money Managers Securities Pvt. Ltd.,1000,751.8,751800.0,2025-07-23 13:51:49.502786
2025-07-23,51853,2025072301029143,EBL,Oxford Securities Pvt. Ltd.,Dynamic Money Managers Securities Pvt. Ltd.,2000,751.7,1503400.0,2025-07-23 13:51:49.502990
2025-07-23,51852,2025072301029144,EBL,Dynamic Money Managers Securities Pvt. Ltd.,Dynamic Money Managers Securities Pvt. Ltd.,888,751.6,667420.8,2025-07-23 13:51:49.503156
2025-07-23,51598,2025072301029184,EBL,Dynamic Money Managers Securities Pvt. Ltd.,Online Securities Pvt. Ltd.,10,751.6,7516.0,2025-07-23 13:52:09.002638
2025-07-23,50260,2025072301029479,EBL,Aakashbhairab Securities Ltd.,Trisul Securities & Invt. Ltd.,3,754.1,2262.3,2025-07-23 13:53:56.668744
2025-07-23,49575,2025072301029617,EBL,Premier Securities Company Ltd.,Sri Hari Securities Pvt. Ltd.,30,753.0,22590.0,2025-07-23 13:55:01.485605
2025-07-23,49053,2025072301029790,EBL,Kohinoor Investment & Securities Pvt. Ltd.,Sri Hari Securities Pvt. Ltd.,13,753.0,9789.0,2025-07-23 13:55:47.205006
2025-07-23,49052,2025072301029791,EBL,Kohinoor Investment & Securities Pvt. Ltd.,Siprabi Securities Pvt. Ltd.,14,754.0,10556.0,2025-07-23 13:55:47.205697
2025-07-23,49051,2025072301029792,EBL,Kohinoor Investment & Securities Pvt. Ltd.,Naasa Securities Co. Ltd.,628,755.0,474140.0,2025-07-23 13:55:47.206134
2025-07-23,48680,2025072301029886,EBL,Sundhara Securities Limited,Naasa Securities Co. Ltd.,10,755.0,7550.0,2025-07-23 13:56:15.424087
2025-07-23,48161,2025072301030003,EBL,Agrawal Securities (PVT) Ltd.,Naasa Securities Co. Ltd.,21,752.1,15794.1,2025-07-23 13:56:55.279455
2025-07-23,48069,2025072301030056,EBL,Agrawal Securities (PVT) Ltd.,J.F. Securites (PVT) Ltd.,10,754.9,7549.0,2025-07-23 13:57:02.793336
2025-07-23,48061,2025072301030058,EBL,Agrawal Securities (PVT) Ltd.,Dipshikha Dhitopatra Karobar Co. Pvt Ltd.,72,752.1,54151.2,2025-07-23 13:57:03.962629
2025-07-23,46595,2025072301030418,EBL,Agrawal Securities (PVT) Ltd.,Kohinoor Investment & Securities Pvt. Ltd.,57,752.1,42869.7,2025-07-23 13:59:10.366220
2025-07-23,46594,2025072301030419,EBL,Agrawal Securities (PVT) Ltd.,Kohinoor Investment & Securities Pvt. Ltd.,10,752.1,7521.0,2025-07-23 13:59:10.366814
2025-07-23,46593,2025072301030420,EBL,Aakashbhairab Securities Ltd.,Kohinoor Investment & Securities Pvt. Ltd.,100,752.1,75210.0,2025-07-23 13:59:10.367244
2025-07-23,46592,2025072301030421,EBL,Property Wiard Limited,Kohinoor Investment & Securities Pvt. Ltd.,131,752.0,98512.0,2025-07-23 13:59:10.367699
2025-07-23,46070,2025072301030541,EBL,Midas Stock Broking Company Private Limited,Sani Securities Company Ltd.,20,753.0,15060.0,2025-07-23 13:59:56.383670
2025-07-23,44280,2025072301030946,EBL,J.F. Securites (PVT) Ltd.,Stoxkarts Securities Limited,12,752.1,9025.2,2025-07-23 14:02:51.818474
2025-07-23,43816,2025072301031088,EBL,J.F. Securites (PVT) Ltd.,Naasa Securities Co. Ltd.,17,752.1,12785.7,2025-07-23 14:03:47.529999
2025-07-23,43614,2025072301031130,EBL,J.F. Securites (PVT) Ltd.,Dynamic Money Managers Securities Pvt. Ltd.,21,752.1,15794.1,2025-07-23 14:04:08.075707
2025-07-23,43613,2025072301031131,EBL,Nepal Investment And Securities Trading Private Limited,Dynamic Money Managers Securities Pvt. Ltd.,500,752.1,376050.0,2025-07-23 14:04:08.076373
2025-07-23,43381,2025072301031183,EBL,Property Wiard Limited,Nepal Stock House (PVT) Ltd.,29,752.0,21808.0,2025-07-23 14:04:34.213878
2025-07-23,43309,2025072301031194,EBL,Thrive Brokerage House Pvt. Ltd,Dynamic Money Managers Securities Pvt. Ltd.,100,752.1,75210.0,2025-07-23 14:04:42.490370
2025-07-23,42926,2025072301031303,EBL,Property Wiard Limited,Dipshikha Dhitopatra Karobar Co. Pvt Ltd.,122,752.0,91744.0,2025-07-23 14:05:33.575602
2025-07-23,42801,2025072301031338,EBL,Property Wiard Limited,Dynamic Money Managers Securities Pvt. Ltd.,318,752.0,239136.0,2025-07-23 14:05:47.197360
2025-07-23,42800,2025072301031339,EBL,Dipshikha Dhitopatra Karobar Co. Pvt Ltd.,Dynamic Money Managers Securities Pvt. Ltd.,100,752.0,75200.0,2025-07-23 14:05:47.197991
2025-07-23,42799,2025072301031340,EBL,NIMB Stock Markets Limited,Dynamic Money Managers Securities Pvt. Ltd.,10,752.0,7520.0,2025-07-23 14:05:47.198425
2025-07-23,42798,2025072301031341,EBL,Dipshikha Dhitopatra Karobar Co. Pvt Ltd.,Dynamic Money Managers Securities Pvt. Ltd.,100,752.0,75200.0,2025-07-23 14:05:47.198831
2025-07-23,42797,2025072301031342,EBL,Dynamic Money Managers Securities Pvt. Ltd.,Dynamic Money Managers Securities Pvt. Ltd.,38,752.0,28576.0,2025-07-23 14:05:47.199245
2025-07-23,42796,2025072301031343,EBL,Oxford Securities Pvt. Ltd.,Dynamic Money Managers Securities Pvt. Ltd.,2000,751.8,1503600.0,2025-07-23 14:05:47.199654
2025-07-23,42795,2025072301031344,EBL,Malla & Malla Stock Broking Company Pvt. Limited,Dynamic Money Managers Securities Pvt. Ltd.,1000,751.8,751800.0,2025-07-23 14:05:47.200052
2025-07-23,42549,2025072301031419,EBL,Agrawal Securities (PVT) Ltd.,Dynamic Money Managers Securities Pvt. Ltd.,813,751.8,611213.4,2025-07-23 14:06:09.898708
2025-07-23,42339,2025072301031484,EBL,Agrawal Securities (PVT) Ltd.,Sani Securities Company Ltd.,10,753.0,7530.0,2025-07-23 14:06:34.204103
2025-07-23,42245,2025072301031499,EBL,Agrawal Securities (PVT) Ltd.,Naasa Securities Co. Ltd.,22,755.0,16610.0,2025-07-23 14:06:45.198733
2025-07-23,42244,2025072301031500,EBL,Agrawal Securities (PVT) Ltd.,Imperial Securities Company Pvt. Ltd.,140,755.0,105700.0,2025-07-23 14:06:45.199102
2025-07-23,42190,2025072301031511,EBL,Agrawal Securities (PVT) Ltd.,Sundhara Securities Limited,73,755.9,55180.7,2025-07-23 14:06:53.347851
2025-07-23,40842,2025072301031863,EBL,Aakashbhairab Securities Ltd.,Naasa Securities Co. Ltd.,200,752.0,150400.0,2025-07-23 14:09:24.789653
2025-07-23,40222,2025072301032037,EBL,Aryatara Investment & Securities,Naasa Securities Co. Ltd.,30,752.0,22560.0,2025-07-23 14:10:29.579147
2025-07-23,40105,2025072301032057,EBL,Asian Securities Private Ltd.,Naasa Securities Co. Ltd.,50,752.0,37600.0,2025-07-23 14:10:43.737054
2025-07-23,39931,2025072301032105,EBL,Creative Securities Pvt Ltd,Naasa Securities Co. Ltd.,20,752.0,15040.0,2025-07-23 14:11:08.239999
2025-07-23,37904,2025072301032496,EBL,Dipshikha Dhitopatra Karobar Co. Pvt Ltd.,Dynamic Money Managers Securities Pvt. Ltd.,100,752.1,75210.0,2025-07-23 14:14:22.417566
2025-07-23,37903,2025072301032497,EBL,Dynamic Money Managers Securities Pvt. Ltd.,Dynamic Money Managers Securities Pvt. Ltd.,500,752.0,376000.0,2025-07-23 14:14:22.418242
2025-07-23,37902,2025072301032498,EBL,Dynamic Money Managers Securities Pvt. Ltd.,Dynamic Money Managers Securities Pvt. Ltd.,500,752.0,376000.0,2025-07-23 14:14:22.418680
2025-07-23,37901,2025072301032499,EBL,Dynamic Money Managers Securities Pvt. Ltd.,Dynamic Money Managers Securities Pvt. Ltd.,500,752.0,376000.0,2025-07-23 14:14:22.419109
2025-07-23,37900,2025072301032500,EBL,Dynamic Money Managers Securities Pvt. Ltd.,Dynamic Money Managers Securities Pvt. Ltd.,500,752.0,376000.0,2025-07-23 14:14:22.419513
2025-07-23,37899,2025072301032501,EBL,Dynamic Money Managers Securities Pvt. Ltd.,Dynamic Money Managers Securities Pvt. Ltd.,500,752.0,376000.0,2025-07-23 14:14:22.419925
2025-07-23,37898,2025072301032502,EBL,Linch Stock Market Ltd.,Dynamic Money Managers Securities Pvt. Ltd.,650,752.0,488800.0,2025-07-23 14:14:22.420353
2025-07-23,37897,2025072301032503,EBL,Dynamic Money Managers Securities Pvt. Ltd.,Dynamic Money Managers Securities Pvt. Ltd.,500,752.0,376000.0,2025-07-23 14:14:22.420763
2025-07-23,37896,2025072301032504,EBL,Dynamic Money Managers Securities Pvt. Ltd.,Dynamic Money Managers Securities Pvt. Ltd.,500,752.0,376000.0,2025-07-23 14:14:22.421176
2025-07-23,37895,2025072301032505,EBL,Aryatara Investment & Securities,Dynamic Money Managers Securities Pvt. Ltd.,100,752.0,75200.0,2025-07-23 14:14:22.421566
2025-07-23,37894,2025072301032506,EBL,Linch Stock Market Ltd.,Dynamic Money Managers Securities Pvt. Ltd.,650,752.0,488800.0,2025-07-23 14:14:22.421953
2025-07-23,37345,2025072301032597,EBL,Dynamic Money Managers Securities Pvt. Ltd.,Kumari Securities Private Limited,38,753.0,28614.0,2025-07-23 14:15:01.904801
2025-07-23,37344,2025072301032598,EBL,Dynamic Money Managers Securities Pvt. Ltd.,Malla & Malla Stock Broking Company Pvt. Limited,50,754.0,37700.0,2025-07-23 14:15:01.905136
2025-07-23,37343,2025072301032599,EBL,Dynamic Money Managers Securities Pvt. Ltd.,Malla & Malla Stock Broking Company Pvt. Limited,100,754.0,75400.0,2025-07-23 14:15:01.905296
2025-07-23,37342,2025072301032600,EBL,Dynamic Money Managers Securities Pvt. Ltd.,Aryatara Investment & Securities,612,754.9,461998.8,2025-07-23 14:15:01.905433
2025-07-23,37067,2025072301032676,EBL,Agrawal Securities (PVT) Ltd.,Aryatara Investment & Securities,88,754.9,66431.2,2025-07-23 14:15:24.529519
2025-07-23,35056,2025072301033063,EBL,Online Securities Pvt. Ltd.,Kumari Securities Private Limited,20,755.0,15100.0,2025-07-23 14:17:43.408233
2025-07-23,34937,2025072301033089,EBL,Creative Securities Pvt Ltd,Kumari Securities Private Limited,10,755.0,7550.0,2025-07-23 14:17:50.615353
2025-07-23,34933,2025072301033091,EBL,Aakashbhairab Securities Ltd.,Naasa Securities Co. Ltd.,30,756.0,22680.0,2025-07-23 14:17:51.381932
2025-07-23,34059,2025072301033291,EBL,Creative Securities Pvt Ltd,Neev Securities Pvt. Ltd.,20,755.0,15100.0,2025-07-23 14:18:57.532274
2025-07-23,33865,2025072301033339,EBL,Aakashbhairab Securities Ltd.,Neev Securities Pvt. Ltd.,20,755.0,15100.0,2025-07-23 14:19:10.293003
2025-07-23,33451,2025072301033384,EBL,Deevyaa Securities & Stock House Pvt. Ltd,Neev Securities Pvt. Ltd.,10,755.0,7550.0,2025-07-23 14:19:50.736162
2025-07-23,33165,2025072301033483,EBL,Market Securities & Exchange (PVT) Ltd.,Naasa Securities Co. Ltd.,50,756.0,37800.0,2025-07-23 14:20:14.194044
2025-07-23,33120,2025072301033487,EBL,Naasa Securities Co. Ltd.,Dynamic Money Managers Securities Pvt. Ltd.,500,755.0,377500.0,2025-07-23 14:20:16.764860
2025-07-23,32973,2025072301033548,EBL,Dipshikha Dhitopatra Karobar Co. Pvt Ltd.,Dynamic Money Managers Securities Pvt. Ltd.,100,755.0,75500.0,2025-07-23 14:20:33.254000
2025-07-23,32120,2025072301033734,EBL,Cristal Kanchanjanga Securites Pvt. Ltd.,Dynamic Money Managers Securities Pvt. Ltd.,1000,755.0,755000.0,2025-07-23 14:21:48.016552
2025-07-23,31718,2025072301033860,EBL,Cristal Kanchanjanga Securites Pvt. Ltd.,Dynamic Money Managers Securities Pvt. Ltd.,400,755.0,302000.0,2025-07-23 14:22:28.968633
2025-07-23,31717,2025072301033861,EBL,Cristal Kanchanjanga Securites Pvt. Ltd.,Sundhara Securities Limited,100,755.0,75500.0,2025-07-23 14:22:28.968974
2025-07-23,30420,2025072301034190,EBL,Aryatara Investment & Securities,Agrawal Securities (PVT) Ltd.,58,757.0,43906.0,2025-07-23 14:24:27.759179
2025-07-23,29694,2025072301034379,EBL,Sani Securities Company Ltd.,Thrive Brokerage House Pvt. Ltd,200,759.0,151800.0,2025-07-23 14:25:36.353300
2025-07-23,29553,2025072301034414,EBL,Aryatara Investment & Securities,Vision Securities Pvt. Ltd,20,757.1,15142.0,2025-07-23 14:25:53.922213
2025-07-23,27263,2025072301034918,EBL,Aryatara Investment & Securities,Dynamic Money Managers Securities Pvt. Ltd.,7134,758.0,5407572.0,2025-07-23 14:29:22.279360
2025-07-23,26779,2025072301035046,EBL,Market Securities & Exchange (PVT) Ltd.,Thrive Brokerage House Pvt. Ltd,14,759.0,10626.0,2025-07-23 14:30:09.125640
2025-07-23,26695,2025072301035072,EBL,Ashutosh Brokerage & Securities (PVT) Ltd.,Thrive Brokerage House Pvt. Ltd,200,759.0,151800.0,2025-07-23 14:30:16.656092
2025-07-23,26273,2025072301035145,EBL,ABC Securities Private Limited,Thrive Brokerage House Pvt. Ltd,50,759.0,37950.0,2025-07-23 14:30:52.834032
2025-07-23,25582,2025072301035309,EBL,Aakashbhairab Securities Ltd.,Thrive Brokerage House Pvt. Ltd,36,759.0,27324.0,2025-07-23 14:31:57.081867
2025-07-23,25581,2025072301035310,EBL,Aakashbhairab Securities Ltd.,Dynamic Money Managers Securities Pvt. Ltd.,57,759.0,43263.0,2025-07-23 14:31:57.082207
2025-07-23,25315,2025072301035408,EBL,Aakashbhairab Securities Ltd.,Dakshinkali Investment & Securities Pvt. Ltd.,34,759.9,25836.6,2025-07-23 14:32:30.484307
2025-07-23,25026,2025072301035465,EBL,Midas Stock Broking Company Private Limited,Dynamic Money Managers Securities Pvt. Ltd.,200,759.5,151900.0,2025-07-23 14:32:59.739660
2025-07-23,25025,2025072301035466,EBL,Thrive Brokerage House Pvt. Ltd,Dynamic Money Managers Securities Pvt. Ltd.,560,759.1,425096.0,2025-07-23 14:32:59.739969
2025-07-23,25024,2025072301035467,EBL,Aakashbhairab Securities Ltd.,Dynamic Money Managers Securities Pvt. Ltd.,207,759.0,157113.0,2025-07-23 14:32:59.740114
2025-07-23,25023,2025072301035468,EBL,Midas Stock Broking Company Private Limited,Dynamic Money Managers Securities Pvt. Ltd.,330,759.0,250470.0,2025-07-23 14:32:59.740241
2025-07-23,24956,2025072301035494,EBL,Dynamic Money Managers Securities Pvt. Ltd.,Dynamic Money Managers Securities Pvt. Ltd.,500,759.0,379500.0,2025-07-23 14:33:06.276679
2025-07-23,24565,2025072301035604,EBL,Vision Securities Pvt. Ltd,Dynamic Money Managers Securities Pvt. Ltd.,150,759.0,113850.0,2025-07-23 14:33:38.586538
2025-07-23,23809,2025072301035808,EBL,Online Securities Pvt. Ltd.,Dynamic Money Managers Securities Pvt. Ltd.,69,759.0,52371.0,2025-07-23 14:34:52.535529
2025-07-23,23749,2025072301035821,EBL,Aryatara Investment & Securities,Dynamic Money Managers Securities Pvt. Ltd.,500,759.0,379500.0,2025-07-23 14:35:00.482160
2025-07-23,23024,2025072301036043,EBL,K.B.L. Securities Limited ,Secured Securities Ltd.,134,758.2,101598.8,2025-07-23 14:36:13.497948
2025-07-23,22579,2025072301036172,EBL,K.B.L. Securities Limited ,J.F. Securites (PVT) Ltd.,10,758.2,7582.0,2025-07-23 14:36:50.520274
2025-07-23,22275,2025072301036255,EBL,Thrive Brokerage House Pvt. Ltd,Dynamic Money Managers Securities Pvt. Ltd.,10,759.0,7590.0,2025-07-23 14:37:15.636361
2025-07-23,22180,2025072301036281,EBL,Naasa Securities Co. Ltd.,Dynamic Money Managers Securities Pvt. Ltd.,50,759.0,37950.0,2025-07-23 14:37:20.986232
2025-07-23,22092,2025072301036307,EBL,K.B.L. Securities Limited ,Market Securities & Exchange (PVT) Ltd.,156,758.2,118279.2,2025-07-23 14:37:27.094825
2025-07-23,22091,2025072301036308,EBL,Thrive Brokerage House Pvt. Ltd,Market Securities & Exchange (PVT) Ltd.,308,758.1,233494.8,2025-07-23 14:37:27.095192
2025-07-23,22090,2025072301036309,EBL,Sweta Securities Private Limited,Market Securities & Exchange (PVT) Ltd.,147,758.0,111426.0,2025-07-23 14:37:27.095334
2025-07-23,20816,2025072301036621,EBL,Sweta Securities Private Limited,Arun Securities (PVT) Ltd.,53,758.0,40174.0,2025-07-23 14:38:43.996764
2025-07-23,20396,2025072301036742,EBL,Siprabi Securities Pvt. Ltd.,Arun Securities (PVT) Ltd.,100,758.0,75800.0,2025-07-23 14:39:15.147737
2025-07-23,20239,2025072301036784,EBL,Dynamic Money Managers Securities Pvt. Ltd.,Pragyan Securities (PVT) Ltd.,144,757.3,109051.2,2025-07-23 14:39:25.964885
2025-07-23,19681,2025072301036949,EBL,Dynamic Money Managers Securities Pvt. Ltd.,Imperial Securities Company Pvt. Ltd.,356,757.3,269598.8,2025-07-23 14:40:05.044195
2025-07-23,19680,2025072301036950,EBL,Aryatara Investment & Securities,Imperial Securities Company Pvt. Ltd.,200,757.1,151420.0,2025-07-23 14:40:05.044527
2025-07-23,19679,2025072301036951,EBL,Vision Securities Pvt. Ltd,Imperial Securities Company Pvt. Ltd.,500,757.0,378500.0,2025-07-23 14:40:05.044669
2025-07-23,19678,2025072301036952,EBL,Naasa Securities Co. Ltd.,Imperial Securities Company Pvt. Ltd.,285,757.0,215745.0,2025-07-23 14:40:05.044836
2025-07-23,18828,2025072301037215,EBL,Sani Securities Company Ltd.,Kumari Securities Private Limited,10,755.0,7550.0,2025-07-23 14:41:12.534577
2025-07-23,18827,2025072301037216,EBL,Thrive Brokerage House Pvt. Ltd,Kumari Securities Private Limited,100,755.0,75500.0,2025-07-23 14:41:12.534926
2025-07-23,18826,2025072301037217,EBL,Linch Stock Market Ltd.,Kumari Securities Private Limited,90,755.0,67950.0,2025-07-23 14:41:12.535215
2025-07-23,16475,2025072301037957,EBL,Dynamic Money Managers Securities Pvt. Ltd.,Investment Management Nepal Pvt. Ltd.,200,756.0,151200.0,2025-07-23 14:44:29.208038
2025-07-23,16474,2025072301037958,EBL,Dynamic Money Managers Securities Pvt. Ltd.,Naasa Securities Co. Ltd.,100,756.0,75600.0,2025-07-23 14:44:29.208379
2025-07-23,16473,2025072301037959,EBL,Dynamic Money Managers Securities Pvt. Ltd.,Imperial Securities Company Pvt. Ltd.,1159,757.0,877363.0,2025-07-23 14:44:29.208522
2025-07-23,16472,2025072301037960,EBL,Dynamic Money Managers Securities Pvt. Ltd.,Sani Securities Company Ltd.,610,757.0,461770.0,2025-07-23 14:44:29.208657
2025-07-23,16471,2025072301037961,EBL,Dynamic Money Managers Securities Pvt. Ltd.,Arun Securities (PVT) Ltd.,129,758.0,97782.0,2025-07-23 14:44:29.208796
