Date,S.N.,Contract ID,Symbol,Buyer Broker,Seller Broker,volume,rate,amount,transaction_time
2025-07-23,169562,2025072303000090,LICN,Vision Securities Pvt. Ltd,Dynamic Money Managers Securities Pvt. Ltd.,100,988.2,98820.0,2025-07-23 11:01:20.592075
2025-07-23,169296,2025072303000115,LICN,Investment Management Nepal Pvt. Ltd.,Sani Securities Company Ltd.,100,990.0,99000.0,2025-07-23 11:01:42.107895
2025-07-23,169024,2025072303000180,LICN,Vision Securities Pvt. Ltd,Dynamic Money Managers Securities Pvt. Ltd.,100,988.2,98820.0,2025-07-23 11:02:04.072338
2025-07-23,168979,2025072303000185,LICN,Opal Securities Investment (PVT) Ltd.,Sani Securities Company Ltd.,15,990.0,14850.0,2025-07-23 11:02:09.868257
2025-07-23,168955,2025072303000189,LICN,Dipshikha Dhitopatra Karobar Co. Pvt Ltd.,Sani Securities Company Ltd.,20,990.0,19800.0,2025-07-23 11:02:11.687508
2025-07-23,168359,2025072303000280,LICN,Primo Securities (PVT) Ltd.,Asian Securities Private Ltd.,100,988.0,98800.0,2025-07-23 11:03:01.869163
2025-07-23,168331,2025072303000286,LICN,Citizens Share Broker Limited,Asian Securities Private Ltd.,54,988.0,53352.0,2025-07-23 11:03:04.634916
2025-07-23,168330,2025072303000287,LICN,Citizens Share Broker Limited,Secured Securities Ltd.,80,989.9,79192.0,2025-07-23 11:03:04.634990
2025-07-23,168291,2025072303000292,LICN,Citizens Share Broker Limited,Sani Securities Company Ltd.,66,989.9,65333.4,2025-07-23 11:03:07.954971
2025-07-23,168051,2025072303000330,LICN,Sumeru Securities Pvt. Ltd.,Sani Securities Company Ltd.,50,988.0,49400.0,2025-07-23 11:03:25.190330
2025-07-23,168010,2025072303000339,LICN,Swarna Laxmi Securities Pvt. Ltd.,Sani Securities Company Ltd.,200,988.0,197600.0,2025-07-23 11:03:28.229793
2025-07-23,167755,2025072303000385,LICN,Online Securities Pvt. Ltd.,Sani Securities Company Ltd.,49,988.0,48412.0,2025-07-23 11:03:47.752466
2025-07-23,167671,2025072303000400,LICN,Online Securities Pvt. Ltd.,SUN SECURITIES PVT LTD,41,988.0,40508.0,2025-07-23 11:03:53.626308
2025-07-23,167130,2025072303000521,LICN,Dipshikha Dhitopatra Karobar Co. Pvt Ltd.,Dynamic Money Managers Securities Pvt. Ltd.,30,980.0,29400.0,2025-07-23 11:04:39.596286
2025-07-23,167129,2025072303000522,LICN,Kumari Securities Private Limited,Dynamic Money Managers Securities Pvt. Ltd.,980,980.0,960400.0,2025-07-23 11:04:39.596383
2025-07-23,167082,2025072303000528,LICN,Kumari Securities Private Limited,Naasa Securities Co. Ltd.,20,980.0,19600.0,2025-07-23 11:04:43.098194
2025-07-23,166999,2025072303000557,LICN,Ashutosh Brokerage & Securities (PVT) Ltd.,Bhrikuti Stock Broking Co. Pvt. Ltd.,200,979.0,195800.0,2025-07-23 11:04:47.497392
2025-07-23,166521,2025072303000622,LICN,Premier Securities Company Ltd.,Naasa Securities Co. Ltd.,30,980.0,29400.0,2025-07-23 11:05:23.024871
2025-07-23,165513,2025072303000812,LICN,Naasa Securities Co. Ltd.,Dynamic Money Managers Securities Pvt. Ltd.,50,980.1,49005.0,2025-07-23 11:06:33.878639
2025-07-23,165512,2025072303000813,LICN,Premier Securities Company Ltd.,Dynamic Money Managers Securities Pvt. Ltd.,470,980.0,460600.0,2025-07-23 11:06:33.878735
2025-07-23,165511,2025072303000814,LICN,Vision Securities Pvt. Ltd,Dynamic Money Managers Securities Pvt. Ltd.,480,980.0,470400.0,2025-07-23 11:06:33.878780
2025-07-23,164796,2025072303000973,LICN,Vision Securities Pvt. Ltd,Bhrikuti Stock Broking Co. Pvt. Ltd.,20,980.0,19600.0,2025-07-23 11:07:20.696889
2025-07-23,164795,2025072303000974,LICN,Vision Securities Pvt. Ltd,Bhrikuti Stock Broking Co. Pvt. Ltd.,480,980.0,470400.0,2025-07-23 11:07:20.697013
2025-07-23,164424,2025072303001031,LICN,Vision Securities Pvt. Ltd,Opal Securities Investment (PVT) Ltd.,20,980.0,19600.0,2025-07-23 11:07:42.522946
2025-07-23,164423,2025072303001032,LICN,Vision Securities Pvt. Ltd,Opal Securities Investment (PVT) Ltd.,480,980.0,470400.0,2025-07-23 11:07:42.523150
2025-07-23,163972,2025072303001120,LICN,Trishakti Securities Public Limited,Trishakti Securities Public Limited,100,981.0,98100.0,2025-07-23 11:08:18.277690
2025-07-23,163636,2025072303001179,LICN,Pragyan Securities (PVT) Ltd.,Shree Krishna Securities Ltd.,50,984.9,49245.0,2025-07-23 11:08:38.617492
2025-07-23,162852,2025072303001355,LICN,Naasa Securities Co. Ltd.,Premier Securities Company Ltd.,10,982.0,9820.0,2025-07-23 11:09:36.936904
2025-07-23,162829,2025072303001361,LICN,Deevyaa Securities & Stock House Pvt. Ltd,SUN SECURITIES PVT LTD,300,983.0,294900.0,2025-07-23 11:09:39.103174
2025-07-23,161097,2025072303001688,LICN,Naasa Securities Co. Ltd.,Shree Krishna Securities Ltd.,50,982.0,49100.0,2025-07-23 11:11:24.014084
2025-07-23,160937,2025072303001710,LICN,Naasa Securities Co. Ltd.,Shree Krishna Securities Ltd.,40,982.0,39280.0,2025-07-23 11:11:31.843291
2025-07-23,159506,2025072303002015,LICN,Vision Securities Pvt. Ltd,Sani Securities Company Ltd.,20,980.0,19600.0,2025-07-23 11:13:04.321004
2025-07-23,159505,2025072303002016,LICN,Global IME Securities Limited,Sani Securities Company Ltd.,10,980.0,9800.0,2025-07-23 11:13:04.321063
2025-07-23,159504,2025072303002017,LICN,Global IME Securities Limited,Sani Securities Company Ltd.,10,980.0,9800.0,2025-07-23 11:13:04.321090
2025-07-23,159503,2025072303002018,LICN,Imperial Securities Company Pvt. Ltd.,Sani Securities Company Ltd.,10,980.0,9800.0,2025-07-23 11:13:04.321113
2025-07-23,158394,2025072303002256,LICN,Imperial Securities Company Pvt. Ltd.,Shree Krishna Securities Ltd.,40,980.0,39200.0,2025-07-23 11:14:00.754464
2025-07-23,157305,2025072303002504,LICN,Naasa Securities Co. Ltd.,N.M.B. SECURITIES LIMITED,20,980.0,19600.0,2025-07-23 11:15:00.620610
2025-07-23,156933,2025072303002600,LICN,Naasa Securities Co. Ltd.,Deevyaa Securities & Stock House Pvt. Ltd,100,979.9,97990.0,2025-07-23 11:15:18.903438
2025-07-23,156188,2025072303002717,LICN,Sani Securities Company Ltd.,Naasa Securities Co. Ltd.,50,976.0,48800.0,2025-07-23 11:15:57.662779
2025-07-23,155680,2025072303002820,LICN,Kohinoor Investment & Securities Pvt. Ltd.,Swarna Laxmi Securities Pvt. Ltd.,100,975.1,97510.0,2025-07-23 11:16:24.677732
2025-07-23,155516,2025072303002849,LICN,Kohinoor Investment & Securities Pvt. Ltd.,Kohinoor Investment & Securities Pvt. Ltd.,67,975.1,65331.7,2025-07-23 11:16:33.835711
2025-07-23,155515,2025072303002850,LICN,Nepal Stock House (PVT) Ltd.,Kohinoor Investment & Securities Pvt. Ltd.,20,975.0,19500.0,2025-07-23 11:16:33.835938
2025-07-23,155514,2025072303002851,LICN,Imperial Securities Company Pvt. Ltd.,Kohinoor Investment & Securities Pvt. Ltd.,13,975.0,12675.0,2025-07-23 11:16:33.836117
2025-07-23,155415,2025072303002863,LICN,Trishakti Securities Public Limited,N.M.B. SECURITIES LIMITED,50,975.0,48750.0,2025-07-23 11:16:39.362370
2025-07-23,155014,2025072303002955,LICN,Imperial Securities Company Pvt. Ltd.,N.M.B. SECURITIES LIMITED,50,975.0,48750.0,2025-07-23 11:17:01.902513
2025-07-23,154945,2025072303002971,LICN,Trisul Securities & Invt. Ltd.,SUN SECURITIES PVT LTD,159,973.0,154707.0,2025-07-23 11:17:05.497369
2025-07-23,154670,2025072303003049,LICN,Naasa Securities Co. Ltd.,Naasa Securities Co. Ltd.,45,976.0,43920.0,2025-07-23 11:17:19.617477
2025-07-23,154669,2025072303003050,LICN,Naasa Securities Co. Ltd.,Naasa Securities Co. Ltd.,100,976.0,97600.0,2025-07-23 11:17:19.617596
2025-07-23,153226,2025072303003305,LICN,Naasa Securities Co. Ltd.,Dynamic Money Managers Securities Pvt. Ltd.,55,976.0,53680.0,2025-07-23 11:18:40.192600
2025-07-23,152319,2025072303003508,LICN,Imperial Securities Company Pvt. Ltd.,Naasa Securities Co. Ltd.,50,973.1,48655.0,2025-07-23 11:19:33.224926
2025-07-23,152318,2025072303003509,LICN,Trisul Securities & Invt. Ltd.,Naasa Securities Co. Ltd.,250,973.0,243250.0,2025-07-23 11:19:33.225038
2025-07-23,151916,2025072303003572,LICN,Swarna Laxmi Securities Pvt. Ltd.,Sani Securities Company Ltd.,200,974.0,194800.0,2025-07-23 11:19:49.211500
2025-07-23,150041,2025072303003922,LICN,Sundhara Securities Limited,Sani Securities Company Ltd.,70,974.0,68180.0,2025-07-23 11:20:55.032497
2025-07-23,149158,2025072303004031,LICN,Cristal Kanchanjanga Securites Pvt. Ltd.,Nepal Investment And Securities Trading Private Limited,11,975.0,10725.0,2025-07-23 11:21:25.307767
2025-07-23,149157,2025072303004032,LICN,Cristal Kanchanjanga Securites Pvt. Ltd.,Kumari Securities Private Limited,89,975.0,86775.0,2025-07-23 11:21:25.307890
2025-07-23,148602,2025072303004149,LICN,Linch Stock Market Ltd.,Kumari Securities Private Limited,10,975.0,9750.0,2025-07-23 11:21:41.602451
2025-07-23,148316,2025072303004220,LICN,Miyo Securities Pvt Ltd,Kumari Securities Private Limited,10,975.0,9750.0,2025-07-23 11:21:53.883779
2025-07-23,148295,2025072303004231,LICN,Deevyaa Securities & Stock House Pvt. Ltd,Kumari Securities Private Limited,41,975.0,39975.0,2025-07-23 11:21:55.117340
2025-07-23,147886,2025072303004320,LICN,Naasa Securities Co. Ltd.,Dynamic Money Managers Securities Pvt. Ltd.,45,976.0,43920.0,2025-07-23 11:22:12.146362
2025-07-23,147492,2025072303004358,LICN,Dynamic Money Managers Securities Pvt. Ltd.,Online Securities Pvt. Ltd.,300,981.0,294300.0,2025-07-23 11:22:24.994794
2025-07-23,146440,2025072303004521,LICN,Nepal Investment And Securities Trading Private Limited,J.F. Securites (PVT) Ltd.,70,977.0,68390.0,2025-07-23 11:23:04.598907
2025-07-23,146439,2025072303004522,LICN,Naasa Securities Co. Ltd.,J.F. Securites (PVT) Ltd.,30,976.0,29280.0,2025-07-23 11:23:04.599179
2025-07-23,142296,2025072303005048,LICN,Naasa Securities Co. Ltd.,Siprabi Securities Pvt. Ltd.,10,982.0,9820.0,2025-07-23 11:26:29.516275
2025-07-23,142295,2025072303005049,LICN,Naasa Securities Co. Ltd.,Trishakti Securities Public Limited,25,985.0,24625.0,2025-07-23 11:26:29.516356
2025-07-23,141711,2025072303005140,LICN,Swarna Laxmi Securities Pvt. Ltd.,Trishakti Securities Public Limited,375,985.0,369375.0,2025-07-23 11:27:05.974862
2025-07-23,141175,2025072303005205,LICN,Swarna Laxmi Securities Pvt. Ltd.,Primo Securities (PVT) Ltd.,425,985.0,418625.0,2025-07-23 11:27:37.231146
2025-07-23,141174,2025072303005206,LICN,Sani Securities Company Ltd.,Primo Securities (PVT) Ltd.,100,985.0,98500.0,2025-07-23 11:27:37.231264
2025-07-23,141129,2025072303005216,LICN,Premier Securities Company Ltd.,Primo Securities (PVT) Ltd.,475,985.0,467875.0,2025-07-23 11:27:41.357476
2025-07-23,141128,2025072303005217,LICN,Premier Securities Company Ltd.,Online Securities Pvt. Ltd.,25,985.1,24627.5,2025-07-23 11:27:41.357590
2025-07-23,140570,2025072303005337,LICN,Naasa Securities Co. Ltd.,Dynamic Money Managers Securities Pvt. Ltd.,60,985.0,59100.0,2025-07-23 11:28:12.390311
2025-07-23,140381,2025072303005362,LICN,Global IME Securities Limited,Dynamic Money Managers Securities Pvt. Ltd.,10,985.0,9850.0,2025-07-23 11:28:24.612819
2025-07-23,139588,2025072303005507,LICN,Midas Stock Broking Company Private Limited,Dynamic Money Managers Securities Pvt. Ltd.,100,985.0,98500.0,2025-07-23 11:29:20.090073
2025-07-23,137951,2025072303005760,LICN,Naasa Securities Co. Ltd.,Online Securities Pvt. Ltd.,20,983.0,19660.0,2025-07-23 11:31:12.860358
2025-07-23,137741,2025072303005802,LICN,Trisul Securities & Invt. Ltd.,Online Securities Pvt. Ltd.,30,983.0,29490.0,2025-07-23 11:31:27.156951
2025-07-23,137740,2025072303005803,LICN,Trisul Securities & Invt. Ltd.,Dipshikha Dhitopatra Karobar Co. Pvt Ltd.,100,983.0,98300.0,2025-07-23 11:31:27.157200
2025-07-23,137739,2025072303005804,LICN,Trisul Securities & Invt. Ltd.,Agrawal Securities (PVT) Ltd.,461,984.0,453624.0,2025-07-23 11:31:27.157354
2025-07-23,136792,2025072303005965,LICN,Midas Stock Broking Company Private Limited,Agrawal Securities (PVT) Ltd.,300,984.0,295200.0,2025-07-23 11:32:30.097547
2025-07-23,135760,2025072303006189,LICN,Midas Stock Broking Company Private Limited,Vision Securities Pvt. Ltd,300,983.0,294900.0,2025-07-23 11:33:40.326343
2025-07-23,135697,2025072303006200,LICN,Aryatara Investment & Securities,Vision Securities Pvt. Ltd,50,981.0,49050.0,2025-07-23 11:33:43.546622
2025-07-23,135696,2025072303006201,LICN,Trishakti Securities Public Limited,Vision Securities Pvt. Ltd,35,980.0,34300.0,2025-07-23 11:33:43.546666
2025-07-23,135695,2025072303006202,LICN,Oxford Securities Pvt. Ltd.,Vision Securities Pvt. Ltd,15,978.1,14671.5,2025-07-23 11:33:43.546691
2025-07-23,134982,2025072303006353,LICN,Oxford Securities Pvt. Ltd.,Vision Securities Pvt. Ltd,85,978.2,83147.0,2025-07-23 11:34:21.883677
2025-07-23,134981,2025072303006354,LICN,Premier Securities Company Ltd.,Vision Securities Pvt. Ltd,115,978.1,112481.5,2025-07-23 11:34:21.883853
2025-07-23,133467,2025072303006609,LICN,Premier Securities Company Ltd.,Aryatara Investment & Securities,100,978.1,97810.0,2025-07-23 11:35:44.984771
2025-07-23,132979,2025072303006696,LICN,Premier Securities Company Ltd.,APPLE SECURITIES PRIVATE LIMITED,285,978.1,278758.5,2025-07-23 11:36:14.019648
2025-07-23,132978,2025072303006697,LICN,Neev Securities Pvt. Ltd.,APPLE SECURITIES PRIVATE LIMITED,100,978.0,97800.0,2025-07-23 11:36:14.019823
2025-07-23,132977,2025072303006698,LICN,Sani Securities Company Ltd.,APPLE SECURITIES PRIVATE LIMITED,50,978.0,48900.0,2025-07-23 11:36:14.019877
2025-07-23,132643,2025072303006767,LICN,Sani Securities Company Ltd.,APPLE SECURITIES PRIVATE LIMITED,200,977.5,195500.0,2025-07-23 11:36:34.496644
2025-07-23,132642,2025072303006768,LICN,ABC Securities Private Limited,APPLE SECURITIES PRIVATE LIMITED,100,977.1,97710.0,2025-07-23 11:36:34.496875
2025-07-23,132641,2025072303006769,LICN,Sundhara Securities Limited,APPLE SECURITIES PRIVATE LIMITED,200,977.0,195400.0,2025-07-23 11:36:34.497069
2025-07-23,132390,2025072303006841,LICN,Siprabi Securities Pvt. Ltd.,Sumeru Securities Pvt. Ltd.,21,977.0,20517.0,2025-07-23 11:36:52.221315
2025-07-23,132389,2025072303006842,LICN,Naasa Securities Co. Ltd.,Sumeru Securities Pvt. Ltd.,25,977.0,24425.0,2025-07-23 11:36:52.221368
2025-07-23,132388,2025072303006843,LICN,Asian Securities Private Ltd.,Sumeru Securities Pvt. Ltd.,100,976.9,97690.0,2025-07-23 11:36:52.221411
2025-07-23,132387,2025072303006844,LICN,Naasa Securities Co. Ltd.,Sumeru Securities Pvt. Ltd.,45,976.5,43942.5,2025-07-23 11:36:52.221447
2025-07-23,132386,2025072303006845,LICN,Naasa Securities Co. Ltd.,Sumeru Securities Pvt. Ltd.,75,976.3,73222.5,2025-07-23 11:36:52.221492
2025-07-23,132385,2025072303006846,LICN,Aryatara Investment & Securities,Sumeru Securities Pvt. Ltd.,200,976.1,195220.0,2025-07-23 11:36:52.221536
2025-07-23,132384,2025072303006847,LICN,Vision Securities Pvt. Ltd,Sumeru Securities Pvt. Ltd.,100,976.0,97600.0,2025-07-23 11:36:52.221561
2025-07-23,132383,2025072303006848,LICN,Nepal Stock House (PVT) Ltd.,Sumeru Securities Pvt. Ltd.,50,975.0,48750.0,2025-07-23 11:36:52.221587
2025-07-23,132382,2025072303006849,LICN,Siprabi Securities Pvt. Ltd.,Sumeru Securities Pvt. Ltd.,50,975.0,48750.0,2025-07-23 11:36:52.221610
2025-07-23,132381,2025072303006850,LICN,Naasa Securities Co. Ltd.,Sumeru Securities Pvt. Ltd.,334,975.0,325650.0,2025-07-23 11:36:52.221634
2025-07-23,132217,2025072303006887,LICN,Naasa Securities Co. Ltd.,APPLE SECURITIES PRIVATE LIMITED,166,975.0,161850.0,2025-07-23 11:37:04.031159
2025-07-23,132216,2025072303006888,LICN,Global IME Securities Limited,APPLE SECURITIES PRIVATE LIMITED,15,975.0,14625.0,2025-07-23 11:37:04.031382
2025-07-23,132215,2025072303006889,LICN,Sundhara Securities Limited,APPLE SECURITIES PRIVATE LIMITED,85,974.0,82790.0,2025-07-23 11:37:04.031553
2025-07-23,132214,2025072303006890,LICN,Trishakti Securities Public Limited,APPLE SECURITIES PRIVATE LIMITED,34,974.0,33116.0,2025-07-23 11:37:04.031702
2025-07-23,132052,2025072303006934,LICN,Trishakti Securities Public Limited,APPLE SECURITIES PRIVATE LIMITED,66,974.0,64284.0,2025-07-23 11:37:15.394573
2025-07-23,132051,2025072303006935,LICN,SUN SECURITIES PVT LTD,APPLE SECURITIES PRIVATE LIMITED,100,973.0,97300.0,2025-07-23 11:37:15.394683
2025-07-23,132050,2025072303006936,LICN,Cristal Kanchanjanga Securites Pvt. Ltd.,APPLE SECURITIES PRIVATE LIMITED,100,973.0,97300.0,2025-07-23 11:37:15.394728
2025-07-23,132049,2025072303006937,LICN,Sani Securities Company Ltd.,APPLE SECURITIES PRIVATE LIMITED,100,973.0,97300.0,2025-07-23 11:37:15.394778
2025-07-23,132048,2025072303006938,LICN,Sani Securities Company Ltd.,APPLE SECURITIES PRIVATE LIMITED,50,971.0,48550.0,2025-07-23 11:37:15.394825
2025-07-23,131882,2025072303006970,LICN,Premier Securities Company Ltd.,APPLE SECURITIES PRIVATE LIMITED,84,970.2,81496.8,2025-07-23 11:37:27.379567
2025-07-23,131793,2025072303006987,LICN,Premier Securities Company Ltd.,Premier Securities Company Ltd.,50,970.2,48510.0,2025-07-23 11:37:33.713290
2025-07-23,131747,2025072303006997,LICN,Premier Securities Company Ltd.,APPLE SECURITIES PRIVATE LIMITED,65,970.2,63063.0,2025-07-23 11:37:35.323215
2025-07-23,130262,2025072303007274,LICN,Opal Securities Investment (PVT) Ltd.,Dynamic Money Managers Securities Pvt. Ltd.,10,971.0,9710.0,2025-07-23 11:39:35.565711
2025-07-23,130261,2025072303007275,LICN,Sani Securities Company Ltd.,Dynamic Money Managers Securities Pvt. Ltd.,240,971.0,233040.0,2025-07-23 11:39:35.565851
2025-07-23,130143,2025072303007293,LICN,Midas Stock Broking Company Private Limited,Aryatara Investment & Securities,100,977.5,97750.0,2025-07-23 11:39:44.607869
2025-07-23,128869,2025072303007515,LICN,Sani Securities Company Ltd.,Arun Securities (PVT) Ltd.,760,971.0,737960.0,2025-07-23 11:41:42.147944
2025-07-23,128868,2025072303007516,LICN,Infinity Securities Limited,Arun Securities (PVT) Ltd.,20,971.0,19420.0,2025-07-23 11:41:42.148075
2025-07-23,128867,2025072303007517,LICN,Secured Securities Ltd.,Arun Securities (PVT) Ltd.,82,970.3,79564.6,2025-07-23 11:41:42.148138
2025-07-23,128866,2025072303007518,LICN,Premier Securities Company Ltd.,Arun Securities (PVT) Ltd.,61,970.2,59182.2,2025-07-23 11:41:42.148189
2025-07-23,128865,2025072303007519,LICN,Dipshikha Dhitopatra Karobar Co. Pvt Ltd.,Arun Securities (PVT) Ltd.,77,970.1,74697.7,2025-07-23 11:41:42.148240
2025-07-23,128239,2025072303007607,LICN,Midas Stock Broking Company Private Limited,Arun Securities (PVT) Ltd.,50,970.3,48515.0,2025-07-23 11:42:30.248638
2025-07-23,128238,2025072303007608,LICN,Dipshikha Dhitopatra Karobar Co. Pvt Ltd.,Arun Securities (PVT) Ltd.,923,970.1,895402.3,2025-07-23 11:42:30.248778
2025-07-23,128237,2025072303007609,LICN,Imperial Securities Company Pvt. Ltd.,Arun Securities (PVT) Ltd.,27,970.0,26190.0,2025-07-23 11:42:30.248837
2025-07-23,128091,2025072303007657,LICN,Imperial Securities Company Pvt. Ltd.,Shree Krishna Securities Ltd.,50,970.0,48500.0,2025-07-23 11:42:43.701957
2025-07-23,127212,2025072303007851,LICN,Premier Securities Company Ltd.,Sweta Securities Private Limited,200,971.0,194200.0,2025-07-23 11:44:04.614315
2025-07-23,126872,2025072303007930,LICN,Imperial Securities Company Pvt. Ltd.,Dynamic Money Managers Securities Pvt. Ltd.,223,970.0,216310.0,2025-07-23 11:44:34.488980
2025-07-23,126871,2025072303007931,LICN,Bhrikuti Stock Broking Co. Pvt. Ltd.,Dynamic Money Managers Securities Pvt. Ltd.,277,970.0,268690.0,2025-07-23 11:44:34.489148
2025-07-23,126837,2025072303007936,LICN,Oxford Securities Pvt. Ltd.,Dynamic Money Managers Securities Pvt. Ltd.,10,971.0,9710.0,2025-07-23 11:44:37.641310
2025-07-23,126579,2025072303007965,LICN,Naasa Securities Co. Ltd.,Dynamic Money Managers Securities Pvt. Ltd.,15,971.0,14565.0,2025-07-23 11:44:58.210825
2025-07-23,125792,2025072303008101,LICN,Thrive Brokerage House Pvt. Ltd,Aryatara Investment & Securities,10,970.1,9701.0,2025-07-23 11:46:03.976986
2025-07-23,125697,2025072303008120,LICN,Bhrikuti Stock Broking Co. Pvt. Ltd.,Aryatara Investment & Securities,10,970.0,9700.0,2025-07-23 11:46:11.727237
2025-07-23,124377,2025072303008355,LICN,Midas Stock Broking Company Private Limited,Dynamic Money Managers Securities Pvt. Ltd.,175,976.9,170957.5,2025-07-23 11:47:50.760915
2025-07-23,124376,2025072303008356,LICN,Midas Stock Broking Company Private Limited,Dipshikha Dhitopatra Karobar Co. Pvt Ltd.,100,977.0,97700.0,2025-07-23 11:47:50.761021
2025-07-23,123870,2025072303008427,LICN,Naasa Securities Co. Ltd.,Sani Securities Company Ltd.,100,978.0,97800.0,2025-07-23 11:48:29.505394
2025-07-23,122794,2025072303008535,LICN,Trisul Securities & Invt. Ltd.,Sweta Securities Private Limited,10,979.0,9790.0,2025-07-23 11:49:56.130130
2025-07-23,122707,2025072303008547,LICN,Malla & Malla Stock Broking Company Pvt. Limited,Sweta Securities Private Limited,10,979.0,9790.0,2025-07-23 11:50:05.578097
2025-07-23,119512,2025072303009027,LICN,Sundhara Securities Limited,Online Securities Pvt. Ltd.,55,981.0,53955.0,2025-07-23 11:54:34.462215
2025-07-23,119360,2025072303009050,LICN,Sani Securities Company Ltd.,Dynamic Money Managers Securities Pvt. Ltd.,37,980.9,36293.3,2025-07-23 11:54:48.996648
2025-07-23,119359,2025072303009051,LICN,Sani Securities Company Ltd.,Online Securities Pvt. Ltd.,45,981.0,44145.0,2025-07-23 11:54:48.996801
2025-07-23,119358,2025072303009052,LICN,Sani Securities Company Ltd.,Neev Securities Pvt. Ltd.,70,981.0,68670.0,2025-07-23 11:54:48.996864
2025-07-23,119357,2025072303009053,LICN,Sani Securities Company Ltd.,Pragyan Securities (PVT) Ltd.,20,981.0,19620.0,2025-07-23 11:54:48.996924
2025-07-23,119356,2025072303009054,LICN,Sani Securities Company Ltd.,Capital Max Securities Ltd,24,981.0,23544.0,2025-07-23 11:54:48.996987
2025-07-23,117098,2025072303009359,LICN,Online Securities Pvt. Ltd.,Secured Securities Ltd.,100,982.9,98290.0,2025-07-23 11:57:27.201505
2025-07-23,117097,2025072303009360,LICN,Online Securities Pvt. Ltd.,Vision Securities Pvt. Ltd,20,983.0,19660.0,2025-07-23 11:57:27.201652
2025-07-23,117096,2025072303009361,LICN,Online Securities Pvt. Ltd.,Siprabi Securities Pvt. Ltd.,10,983.0,9830.0,2025-07-23 11:57:27.201709
2025-07-23,117095,2025072303009362,LICN,Online Securities Pvt. Ltd.,Siprabi Securities Pvt. Ltd.,10,983.0,9830.0,2025-07-23 11:57:27.201768
2025-07-23,116843,2025072303009396,LICN,Magnet Securities and Investment Company Private Limited,Agrawal Securities (PVT) Ltd.,239,984.0,235176.0,2025-07-23 11:57:49.109717
2025-07-23,116842,2025072303009397,LICN,Magnet Securities and Investment Company Private Limited,Dipshikha Dhitopatra Karobar Co. Pvt Ltd.,200,984.0,196800.0,2025-07-23 11:57:49.109862
2025-07-23,116700,2025072303009436,LICN,Vision Securities Pvt. Ltd,Dynamic Money Managers Securities Pvt. Ltd.,30,985.0,29550.0,2025-07-23 11:58:03.045807
2025-07-23,116699,2025072303009437,LICN,Vision Securities Pvt. Ltd,Trisul Securities & Invt. Ltd.,90,985.0,88650.0,2025-07-23 11:58:03.046127
2025-07-23,116698,2025072303009438,LICN,Vision Securities Pvt. Ltd,Siprabi Securities Pvt. Ltd.,10,985.0,9850.0,2025-07-23 11:58:03.046295
2025-07-23,116697,2025072303009439,LICN,Vision Securities Pvt. Ltd,Premier Securities Company Ltd.,320,985.0,315200.0,2025-07-23 11:58:03.046451
2025-07-23,116631,2025072303009457,LICN,Online Securities Pvt. Ltd.,Premier Securities Company Ltd.,805,985.0,792925.0,2025-07-23 11:58:09.465518
2025-07-23,116630,2025072303009458,LICN,Online Securities Pvt. Ltd.,Market Securities & Exchange (PVT) Ltd.,20,985.0,19700.0,2025-07-23 11:58:09.465796
2025-07-23,116629,2025072303009459,LICN,Online Securities Pvt. Ltd.,Aryatara Investment & Securities,666,985.0,656010.0,2025-07-23 11:58:09.465960
2025-07-23,116506,2025072303009488,LICN,Asian Securities Private Ltd.,Online Securities Pvt. Ltd.,12,985.1,11821.2,2025-07-23 11:58:17.228400
2025-07-23,116382,2025072303009503,LICN,Bhrikuti Stock Broking Co. Pvt. Ltd.,Online Securities Pvt. Ltd.,210,985.1,206871.0,2025-07-23 11:58:27.829919
2025-07-23,116329,2025072303009508,LICN,Deevyaa Securities & Stock House Pvt. Ltd,Online Securities Pvt. Ltd.,253,985.1,249230.3,2025-07-23 11:58:30.924556
2025-07-23,115427,2025072303009654,LICN,Magnet Securities and Investment Company Private Limited,Online Securities Pvt. Ltd.,361,986.0,355946.0,2025-07-23 11:59:57.036939
2025-07-23,114981,2025072303009707,LICN,Imperial Securities Company Pvt. Ltd.,Agrawal Securities (PVT) Ltd.,1,975.0,975.0,2025-07-23 12:00:36.774833
2025-07-23,114361,2025072303009816,LICN,Nepal Stock House (PVT) Ltd.,Online Securities Pvt. Ltd.,100,986.0,98600.0,2025-07-23 12:01:30.821936
2025-07-23,114119,2025072303009846,LICN,Naasa Securities Co. Ltd.,Online Securities Pvt. Ltd.,39,986.0,38454.0,2025-07-23 12:01:54.143899
2025-07-23,114088,2025072303009851,LICN,Kohinoor Investment & Securities Pvt. Ltd.,Cristal Kanchanjanga Securites Pvt. Ltd.,67,985.2,66008.4,2025-07-23 12:01:58.225614
2025-07-23,113310,2025072303009982,LICN,Online Securities Pvt. Ltd.,Naasa Securities Co. Ltd.,1369,985.0,1348465.0,2025-07-23 12:03:19.286742
2025-07-23,113309,2025072303009983,LICN,Swarna Laxmi Securities Pvt. Ltd.,Naasa Securities Co. Ltd.,250,985.0,246250.0,2025-07-23 12:03:19.287055
2025-07-23,113276,2025072303009986,LICN,Swarna Laxmi Securities Pvt. Ltd.,Nabil Stock Dealer Ltd.,50,985.0,49250.0,2025-07-23 12:03:20.906962
2025-07-23,113083,2025072303010019,LICN,Sri Hari Securities Pvt. Ltd.,Nabil Stock Dealer Ltd.,505,985.0,497425.0,2025-07-23 12:03:34.608816
2025-07-23,111811,2025072303010255,LICN,Aryatara Investment & Securities,Ashutosh Brokerage & Securities (PVT) Ltd.,100,982.0,98200.0,2025-07-23 12:05:43.913964
2025-07-23,111566,2025072303010309,LICN,Dynamic Money Managers Securities Pvt. Ltd.,Ashutosh Brokerage & Securities (PVT) Ltd.,10,982.0,9820.0,2025-07-23 12:06:06.778103
2025-07-23,111452,2025072303010329,LICN,Nepal Stock House (PVT) Ltd.,Ashutosh Brokerage & Securities (PVT) Ltd.,90,982.0,88380.0,2025-07-23 12:06:19.462978
2025-07-23,109546,2025072303010692,LICN,Bhrikuti Stock Broking Co. Pvt. Ltd.,Naasa Securities Co. Ltd.,13,984.0,12792.0,2025-07-23 12:09:28.425208
2025-07-23,108842,2025072303010847,LICN,Naasa Securities Co. Ltd.,Naasa Securities Co. Ltd.,56,984.0,55104.0,2025-07-23 12:10:31.149692
2025-07-23,107558,2025072303011170,LICN,Vision Securities Pvt. Ltd,Naasa Securities Co. Ltd.,70,984.0,68880.0,2025-07-23 12:12:06.715813
2025-07-23,106309,2025072303011397,LICN,Naasa Securities Co. Ltd.,Nepal Stock House (PVT) Ltd.,1,986.0,986.0,2025-07-23 12:13:49.445385
2025-07-23,105411,2025072303011607,LICN,Sani Securities Company Ltd.,Agrawal Securities (PVT) Ltd.,100,981.0,98100.0,2025-07-23 12:15:06.428969
2025-07-23,105104,2025072303011684,LICN,Dynamic Money Managers Securities Pvt. Ltd.,Sani Securities Company Ltd.,10,981.0,9810.0,2025-07-23 12:15:35.617607
2025-07-23,104621,2025072303011803,LICN,Dynamic Money Managers Securities Pvt. Ltd.,South Asian Bulls Pvt. Ltd.,50,981.0,49050.0,2025-07-23 12:16:16.020437
2025-07-23,104620,2025072303011804,LICN,Sumeru Securities Pvt. Ltd.,South Asian Bulls Pvt. Ltd.,41,980.1,40184.1,2025-07-23 12:16:16.020785
2025-07-23,103700,2025072303011992,LICN,Sumeru Securities Pvt. Ltd.,Midas Stock Broking Company Private Limited,409,980.1,400860.9,2025-07-23 12:17:31.089437
2025-07-23,103699,2025072303011993,LICN,Miyo Securities Pvt Ltd,Midas Stock Broking Company Private Limited,200,980.0,196000.0,2025-07-23 12:17:31.089789
2025-07-23,103698,2025072303011994,LICN,Online Securities Pvt. Ltd.,Midas Stock Broking Company Private Limited,100,980.0,98000.0,2025-07-23 12:17:31.089995
2025-07-23,103697,2025072303011995,LICN,Agrawal Securities (PVT) Ltd.,Midas Stock Broking Company Private Limited,10,980.0,9800.0,2025-07-23 12:17:31.090229
2025-07-23,103449,2025072303012082,LICN,Agrawal Securities (PVT) Ltd.,ABC Securities Private Limited,20,979.5,19590.0,2025-07-23 12:17:53.429649
2025-07-23,102059,2025072303012393,LICN,Agrawal Securities (PVT) Ltd.,Trishakti Securities Public Limited,70,979.5,68565.0,2025-07-23 12:19:43.301513
2025-07-23,101724,2025072303012488,LICN,Oxford Securities Pvt. Ltd.,Nagarik Stock Dealer ,500,980.0,490000.0,2025-07-23 12:20:11.676586
2025-07-23,101604,2025072303012508,LICN,Oxford Securities Pvt. Ltd.,Naasa Securities Co. Ltd.,497,982.0,488054.0,2025-07-23 12:20:22.463949
2025-07-23,101524,2025072303012521,LICN,Oxford Securities Pvt. Ltd.,Online Securities Pvt. Ltd.,100,982.0,98200.0,2025-07-23 12:20:30.180067
2025-07-23,101523,2025072303012522,LICN,Oxford Securities Pvt. Ltd.,Naasa Securities Co. Ltd.,294,983.0,289002.0,2025-07-23 12:20:30.180271
2025-07-23,101424,2025072303012563,LICN,Oxford Securities Pvt. Ltd.,Naasa Securities Co. Ltd.,100,983.0,98300.0,2025-07-23 12:20:38.728050
2025-07-23,99386,2025072303013064,LICN,Dynamic Money Managers Securities Pvt. Ltd.,Online Securities Pvt. Ltd.,75,979.9,73492.5,2025-07-23 12:23:30.085413
2025-07-23,99385,2025072303013065,LICN,Agrawal Securities (PVT) Ltd.,Online Securities Pvt. Ltd.,10,979.5,9795.0,2025-07-23 12:23:30.085629
2025-07-23,99384,2025072303013066,LICN,Premier Securities Company Ltd.,Online Securities Pvt. Ltd.,200,978.1,195620.0,2025-07-23 12:23:30.085702
2025-07-23,99383,2025072303013067,LICN,Dakshinkali Investment & Securities Pvt. Ltd.,Online Securities Pvt. Ltd.,500,978.0,489000.0,2025-07-23 12:23:30.085776
2025-07-23,99382,2025072303013068,LICN,Arun Securities (PVT) Ltd.,Online Securities Pvt. Ltd.,215,977.2,210098.0,2025-07-23 12:23:30.085844
2025-07-23,99200,2025072303013115,LICN,Arun Securities (PVT) Ltd.,Online Securities Pvt. Ltd.,285,977.2,278502.0,2025-07-23 12:23:43.410100
2025-07-23,99199,2025072303013116,LICN,Bhrikuti Stock Broking Co. Pvt. Ltd.,Online Securities Pvt. Ltd.,200,977.1,195420.0,2025-07-23 12:23:43.410298
2025-07-23,99198,2025072303013117,LICN,Naasa Securities Co. Ltd.,Online Securities Pvt. Ltd.,15,977.0,14655.0,2025-07-23 12:23:43.410381
2025-07-23,98435,2025072303013348,LICN,Naasa Securities Co. Ltd.,Dipshikha Dhitopatra Karobar Co. Pvt Ltd.,50,977.0,48850.0,2025-07-23 12:24:45.958090
2025-07-23,98060,2025072303013484,LICN,Naasa Securities Co. Ltd.,Online Securities Pvt. Ltd.,100,977.0,97700.0,2025-07-23 12:25:19.275603
2025-07-23,97887,2025072303013536,LICN,Oxford Securities Pvt. Ltd.,Sani Securities Company Ltd.,70,980.0,68600.0,2025-07-23 12:25:35.190090
2025-07-23,97588,2025072303013609,LICN,Naasa Securities Co. Ltd.,Cristal Kanchanjanga Securites Pvt. Ltd.,46,977.0,44942.0,2025-07-23 12:25:56.999343
2025-07-23,97587,2025072303013610,LICN,Oxford Securities Pvt. Ltd.,Cristal Kanchanjanga Securites Pvt. Ltd.,50,977.0,48850.0,2025-07-23 12:25:56.999701
2025-07-23,97586,2025072303013611,LICN,Premier Securities Company Ltd.,Cristal Kanchanjanga Securites Pvt. Ltd.,100,975.1,97510.0,2025-07-23 12:25:56.999920
2025-07-23,97585,2025072303013612,LICN,Sani Securities Company Ltd.,Cristal Kanchanjanga Securites Pvt. Ltd.,181,975.0,176475.0,2025-07-23 12:25:57.000167
2025-07-23,97584,2025072303013613,LICN,Cristal Kanchanjanga Securites Pvt. Ltd.,Cristal Kanchanjanga Securites Pvt. Ltd.,123,975.0,119925.0,2025-07-23 12:25:57.000376
2025-07-23,96264,2025072303013899,LICN,Deevyaa Securities & Stock House Pvt. Ltd,Imperial Securities Company Pvt. Ltd.,47,975.2,45834.4,2025-07-23 12:28:15.056645
2025-07-23,96263,2025072303013900,LICN,Cristal Kanchanjanga Securites Pvt. Ltd.,Imperial Securities Company Pvt. Ltd.,142,975.0,138450.0,2025-07-23 12:28:15.056830
2025-07-23,95580,2025072303014070,LICN,Cristal Kanchanjanga Securites Pvt. Ltd.,Naasa Securities Co. Ltd.,35,975.0,34125.0,2025-07-23 12:29:24.515678
2025-07-23,95579,2025072303014071,LICN,Naasa Securities Co. Ltd.,Naasa Securities Co. Ltd.,25,975.0,24375.0,2025-07-23 12:29:24.515922
2025-07-23,95578,2025072303014072,LICN,Naasa Securities Co. Ltd.,Naasa Securities Co. Ltd.,12,975.0,11700.0,2025-07-23 12:29:24.516007
2025-07-23,95218,2025072303014172,LICN,Naasa Securities Co. Ltd.,Naasa Securities Co. Ltd.,90,973.0,87570.0,2025-07-23 12:30:05.723135
2025-07-23,95217,2025072303014173,LICN,Capital Max Securities Ltd,Naasa Securities Co. Ltd.,440,973.0,428120.0,2025-07-23 12:30:05.723347
2025-07-23,95216,2025072303014174,LICN,Naasa Securities Co. Ltd.,Naasa Securities Co. Ltd.,165,973.0,160545.0,2025-07-23 12:30:05.723419
2025-07-23,95215,2025072303014175,LICN,Naasa Securities Co. Ltd.,Naasa Securities Co. Ltd.,10,973.0,9730.0,2025-07-23 12:30:05.723488
2025-07-23,95214,2025072303014176,LICN,Trishakti Securities Public Limited,Naasa Securities Co. Ltd.,100,972.1,97210.0,2025-07-23 12:30:05.723559
2025-07-23,95213,2025072303014177,LICN,Thrive Brokerage House Pvt. Ltd,Naasa Securities Co. Ltd.,100,972.0,97200.0,2025-07-23 12:30:05.723628
2025-07-23,95212,2025072303014178,LICN,Imperial Securities Company Pvt. Ltd.,Naasa Securities Co. Ltd.,95,972.0,92340.0,2025-07-23 12:30:05.723694
2025-07-23,94926,2025072303014263,LICN,Naasa Securities Co. Ltd.,Naasa Securities Co. Ltd.,30,971.0,29130.0,2025-07-23 12:30:36.232164
2025-07-23,94925,2025072303014264,LICN,Aryatara Investment & Securities,Naasa Securities Co. Ltd.,100,970.1,97010.0,2025-07-23 12:30:36.232384
2025-07-23,94924,2025072303014265,LICN,Linch Stock Market Ltd.,Naasa Securities Co. Ltd.,400,970.0,388000.0,2025-07-23 12:30:36.232459
2025-07-23,94923,2025072303014266,LICN,Linch Stock Market Ltd.,Naasa Securities Co. Ltd.,398,970.0,386060.0,2025-07-23 12:30:36.232525
2025-07-23,94439,2025072303014369,LICN,Naasa Securities Co. Ltd.,Online Securities Pvt. Ltd.,25,980.0,24500.0,2025-07-23 12:31:30.703522
2025-07-23,94285,2025072303014413,LICN,Sweta Securities Private Limited,Cristal Kanchanjanga Securites Pvt. Ltd.,10,971.1,9711.0,2025-07-23 12:31:50.392411
2025-07-23,91674,2025072303014939,LICN,Sri Hari Securities Pvt. Ltd.,NIMB Stock Markets Limited,40,971.5,38860.0,2025-07-23 12:36:31.297676
2025-07-23,91673,2025072303014940,LICN,Sweta Securities Private Limited,NIMB Stock Markets Limited,90,971.1,87399.0,2025-07-23 12:36:31.297867
2025-07-23,91672,2025072303014941,LICN,Bhrikuti Stock Broking Co. Pvt. Ltd.,NIMB Stock Markets Limited,370,971.0,359270.0,2025-07-23 12:36:31.297946
2025-07-23,91637,2025072303014946,LICN,Bhrikuti Stock Broking Co. Pvt. Ltd.,NIMB Stock Markets Limited,99,971.0,96129.0,2025-07-23 12:36:37.147136
2025-07-23,91636,2025072303014947,LICN,Dipshikha Dhitopatra Karobar Co. Pvt Ltd.,NIMB Stock Markets Limited,50,970.0,48500.0,2025-07-23 12:36:37.147472
2025-07-23,91635,2025072303014948,LICN,Market Securities & Exchange (PVT) Ltd.,NIMB Stock Markets Limited,20,970.0,19400.0,2025-07-23 12:36:37.147675
2025-07-23,91064,2025072303015060,LICN,Linch Stock Market Ltd.,NIMB Stock Markets Limited,200,970.0,194000.0,2025-07-23 12:37:49.397204
2025-07-23,90005,2025072303015278,LICN,Magnet Securities and Investment Company Private Limited,NIMB Stock Markets Limited,131,970.0,127070.0,2025-07-23 12:39:37.808729
2025-07-23,90004,2025072303015279,LICN,Magnet Securities and Investment Company Private Limited,NIMB Stock Markets Limited,169,970.0,163930.0,2025-07-23 12:39:37.808934
2025-07-23,89618,2025072303015344,LICN,Magnet Securities and Investment Company Private Limited,NIMB Stock Markets Limited,331,970.0,321070.0,2025-07-23 12:40:13.915312
2025-07-23,89617,2025072303015345,LICN,Magnet Securities and Investment Company Private Limited,Kohinoor Investment & Securities Pvt. Ltd.,60,970.0,58200.0,2025-07-23 12:40:13.915554
2025-07-23,89471,2025072303015371,LICN,Neev Securities Pvt. Ltd.,Online Securities Pvt. Ltd.,100,980.0,98000.0,2025-07-23 12:40:29.606988
2025-07-23,89069,2025072303015438,LICN,Imperial Securities Company Pvt. Ltd.,Kohinoor Investment & Securities Pvt. Ltd.,21,979.9,20577.9,2025-07-23 12:41:13.369405
2025-07-23,89043,2025072303015445,LICN,Imperial Securities Company Pvt. Ltd.,Premier Securities Company Ltd.,34,979.9,33316.6,2025-07-23 12:41:16.433106
2025-07-23,88817,2025072303015478,LICN,Aryatara Investment & Securities,Premier Securities Company Ltd.,292,969.0,282948.0,2025-07-23 12:41:42.938696
2025-07-23,88512,2025072303015534,LICN,Magnet Securities and Investment Company Private Limited,Opal Securities Investment (PVT) Ltd.,60,970.0,58200.0,2025-07-23 12:42:13.943966
2025-07-23,87812,2025072303015699,LICN,Magnet Securities and Investment Company Private Limited,Online Securities Pvt. Ltd.,10,980.0,9800.0,2025-07-23 12:43:47.772268
2025-07-23,78499,2025072303017437,LICN,Online Securities Pvt. Ltd.,Online Securities Pvt. Ltd.,10,978.9,9789.0,2025-07-23 13:03:20.201418
2025-07-23,78035,2025072303017503,LICN,Trisul Securities & Invt. Ltd.,Online Securities Pvt. Ltd.,500,973.0,486500.0,2025-07-23 13:04:19.957629
2025-07-23,77631,2025072303017616,LICN,Online Securities Pvt. Ltd.,Midas Stock Broking Company Private Limited,10,973.0,9730.0,2025-07-23 13:05:07.994297
2025-07-23,77630,2025072303017617,LICN,Online Securities Pvt. Ltd.,Midas Stock Broking Company Private Limited,10,972.0,9720.0,2025-07-23 13:05:07.994497
2025-07-23,77629,2025072303017618,LICN,SHUBHAKAMANA SECURITIES PVT. LTD,Midas Stock Broking Company Private Limited,206,971.1,200046.6,2025-07-23 13:05:07.994583
2025-07-23,77568,2025072303017629,LICN,Aryatara Investment & Securities,Midas Stock Broking Company Private Limited,500,971.0,485500.0,2025-07-23 13:05:15.256086
2025-07-23,77567,2025072303017630,LICN,Online Securities Pvt. Ltd.,Midas Stock Broking Company Private Limited,10,971.0,9710.0,2025-07-23 13:05:15.256340
2025-07-23,77566,2025072303017631,LICN,Naasa Securities Co. Ltd.,Midas Stock Broking Company Private Limited,11,971.0,10681.0,2025-07-23 13:05:15.256446
2025-07-23,77493,2025072303017642,LICN,Citizens Share Broker Limited,Midas Stock Broking Company Private Limited,500,970.0,485000.0,2025-07-23 13:05:24.514660
2025-07-23,77492,2025072303017643,LICN,Naasa Securities Co. Ltd.,Midas Stock Broking Company Private Limited,134,970.0,129980.0,2025-07-23 13:05:24.514903
2025-07-23,77441,2025072303017668,LICN,Naasa Securities Co. Ltd.,Dipshikha Dhitopatra Karobar Co. Pvt Ltd.,400,970.0,388000.0,2025-07-23 13:05:28.665124
2025-07-23,77324,2025072303017711,LICN,Imperial Securities Company Pvt. Ltd.,Dipshikha Dhitopatra Karobar Co. Pvt Ltd.,50,970.1,48505.0,2025-07-23 13:05:41.727715
2025-07-23,77323,2025072303017712,LICN,Naasa Securities Co. Ltd.,Dipshikha Dhitopatra Karobar Co. Pvt Ltd.,350,970.0,339500.0,2025-07-23 13:05:41.727930
2025-07-23,76381,2025072303017862,LICN,Naasa Securities Co. Ltd.,Primo Securities (PVT) Ltd.,40,970.0,38800.0,2025-07-23 13:07:25.916152
2025-07-23,75769,2025072303018013,LICN,Asian Securities Private Ltd.,Linch Stock Market Ltd.,10,975.0,9750.0,2025-07-23 13:08:38.012324
2025-07-23,75588,2025072303018048,LICN,Dipshikha Dhitopatra Karobar Co. Pvt Ltd.,Linch Stock Market Ltd.,90,975.0,87750.0,2025-07-23 13:09:05.414264
2025-07-23,75050,2025072303018173,LICN,Dipshikha Dhitopatra Karobar Co. Pvt Ltd.,Siprabi Securities Pvt. Ltd.,31,975.0,30225.0,2025-07-23 13:10:02.704296
2025-07-23,74891,2025072303018236,LICN,Dipshikha Dhitopatra Karobar Co. Pvt Ltd.,Online Securities Pvt. Ltd.,90,975.0,87750.0,2025-07-23 13:10:18.691146
2025-07-23,74845,2025072303018250,LICN,Dipshikha Dhitopatra Karobar Co. Pvt Ltd.,Online Securities Pvt. Ltd.,100,975.0,97500.0,2025-07-23 13:10:27.877926
2025-07-23,74786,2025072303018269,LICN,Dipshikha Dhitopatra Karobar Co. Pvt Ltd.,Online Securities Pvt. Ltd.,59,975.0,57525.0,2025-07-23 13:10:37.886084
2025-07-23,74599,2025072303018295,LICN,Premier Securities Company Ltd.,Online Securities Pvt. Ltd.,100,975.0,97500.0,2025-07-23 13:11:05.169016
2025-07-23,74244,2025072303018373,LICN,Premier Securities Company Ltd.,Nepal Stock House (PVT) Ltd.,100,975.0,97500.0,2025-07-23 13:11:50.388144
2025-07-23,73040,2025072303018648,LICN,Dipshikha Dhitopatra Karobar Co. Pvt Ltd.,Agrawal Securities (PVT) Ltd.,20,972.0,19440.0,2025-07-23 13:14:03.303522
2025-07-23,71850,2025072303018973,LICN,Dipshikha Dhitopatra Karobar Co. Pvt Ltd.,Sweta Securities Private Limited,355,972.0,345060.0,2025-07-23 13:16:15.229947
2025-07-23,69870,2025072303019451,LICN,Dipshikha Dhitopatra Karobar Co. Pvt Ltd.,Cristal Kanchanjanga Securites Pvt. Ltd.,125,972.0,121500.0,2025-07-23 13:20:21.672518
2025-07-23,69869,2025072303019452,LICN,Dipshikha Dhitopatra Karobar Co. Pvt Ltd.,Cristal Kanchanjanga Securites Pvt. Ltd.,50,972.0,48600.0,2025-07-23 13:20:21.672736
2025-07-23,69868,2025072303019453,LICN,Trisul Securities & Invt. Ltd.,Cristal Kanchanjanga Securites Pvt. Ltd.,500,971.0,485500.0,2025-07-23 13:20:21.672811
2025-07-23,69867,2025072303019454,LICN,Imperial Securities Company Pvt. Ltd.,Cristal Kanchanjanga Securites Pvt. Ltd.,200,971.0,194200.0,2025-07-23 13:20:21.672887
2025-07-23,69866,2025072303019455,LICN,Naasa Securities Co. Ltd.,Cristal Kanchanjanga Securites Pvt. Ltd.,76,970.0,73720.0,2025-07-23 13:20:21.672964
2025-07-23,69865,2025072303019456,LICN,Naasa Securities Co. Ltd.,Cristal Kanchanjanga Securites Pvt. Ltd.,33,970.0,32010.0,2025-07-23 13:20:21.673049
2025-07-23,69864,2025072303019457,LICN,Online Securities Pvt. Ltd.,Cristal Kanchanjanga Securites Pvt. Ltd.,10,970.0,9700.0,2025-07-23 13:20:21.673126
2025-07-23,69709,2025072303019490,LICN,Dipshikha Dhitopatra Karobar Co. Pvt Ltd.,Online Securities Pvt. Ltd.,88,972.5,85580.0,2025-07-23 13:20:42.739728
2025-07-23,69708,2025072303019491,LICN,Trishakti Securities Public Limited,Online Securities Pvt. Ltd.,15,970.0,14550.0,2025-07-23 13:20:42.740203
2025-07-23,69473,2025072303019540,LICN,Market Securities & Exchange (PVT) Ltd.,Sweta Securities Private Limited,10,970.0,9700.0,2025-07-23 13:21:07.231804
2025-07-23,69472,2025072303019541,LICN,Premier Securities Company Ltd.,Sweta Securities Private Limited,400,970.0,388000.0,2025-07-23 13:21:07.232211
2025-07-23,69471,2025072303019542,LICN,Premier Securities Company Ltd.,Sweta Securities Private Limited,100,970.0,97000.0,2025-07-23 13:21:07.232452
2025-07-23,69470,2025072303019543,LICN,Capital Max Securities Ltd,Sweta Securities Private Limited,50,970.0,48500.0,2025-07-23 13:21:07.232673
2025-07-23,68971,2025072303019685,LICN,Bhrikuti Stock Broking Co. Pvt. Ltd.,Dynamic Money Managers Securities Pvt. Ltd.,12,969.0,11628.0,2025-07-23 13:22:15.214495
2025-07-23,68789,2025072303019728,LICN,Bhrikuti Stock Broking Co. Pvt. Ltd.,Sweta Securities Private Limited,188,970.0,182360.0,2025-07-23 13:22:37.410455
2025-07-23,68740,2025072303019749,LICN,Vision Securities Pvt. Ltd,Sweta Securities Private Limited,100,970.0,97000.0,2025-07-23 13:22:42.658880
2025-07-23,68629,2025072303019789,LICN,Bhrikuti Stock Broking Co. Pvt. Ltd.,Sweta Securities Private Limited,152,970.0,147440.0,2025-07-23 13:22:52.652268
2025-07-23,66740,2025072303020257,LICN,Citizens Share Broker Limited,Imperial Securities Company Pvt. Ltd.,500,971.0,485500.0,2025-07-23 13:27:03.499469
2025-07-23,66739,2025072303020258,LICN,Bhrikuti Stock Broking Co. Pvt. Ltd.,Imperial Securities Company Pvt. Ltd.,48,970.0,46560.0,2025-07-23 13:27:03.499689
2025-07-23,66738,2025072303020259,LICN,Naasa Securities Co. Ltd.,Imperial Securities Company Pvt. Ltd.,200,970.0,194000.0,2025-07-23 13:27:03.499770
2025-07-23,66737,2025072303020260,LICN,Online Securities Pvt. Ltd.,Imperial Securities Company Pvt. Ltd.,252,970.0,244440.0,2025-07-23 13:27:03.499844
2025-07-23,65866,2025072303020512,LICN,Online Securities Pvt. Ltd.,Sani Securities Company Ltd.,38,970.0,36860.0,2025-07-23 13:29:04.151019
2025-07-23,65865,2025072303020513,LICN,Linch Stock Market Ltd.,Sani Securities Company Ltd.,2,970.0,1940.0,2025-07-23 13:29:04.151235
2025-07-23,63438,2025072303021172,LICN,Sipla Securities Private Limited,Creative Securities Pvt Ltd,100,970.0,97000.0,2025-07-23 13:33:19.837519
2025-07-23,62957,2025072303021370,LICN,Naasa Securities Co. Ltd.,Shree Krishna Securities Ltd.,20,969.2,19384.0,2025-07-23 13:34:07.114242
2025-07-23,62956,2025072303021371,LICN,Linch Stock Market Ltd.,Shree Krishna Securities Ltd.,20,969.2,19384.0,2025-07-23 13:34:07.114474
2025-07-23,62955,2025072303021372,LICN,Premier Securities Company Ltd.,Shree Krishna Securities Ltd.,500,969.1,484550.0,2025-07-23 13:34:07.114606
2025-07-23,62954,2025072303021373,LICN,Linch Stock Market Ltd.,Shree Krishna Securities Ltd.,200,969.0,193800.0,2025-07-23 13:34:07.114707
2025-07-23,62953,2025072303021374,LICN,Market Securities & Exchange (PVT) Ltd.,Shree Krishna Securities Ltd.,10,969.0,9690.0,2025-07-23 13:34:07.114851
2025-07-23,62952,2025072303021375,LICN,Thrive Brokerage House Pvt. Ltd,Shree Krishna Securities Ltd.,50,968.0,48400.0,2025-07-23 13:34:07.114963
2025-07-23,62951,2025072303021376,LICN,Opal Securities Investment (PVT) Ltd.,Shree Krishna Securities Ltd.,50,967.0,48350.0,2025-07-23 13:34:07.115064
2025-07-23,62950,2025072303021377,LICN,Bhrikuti Stock Broking Co. Pvt. Ltd.,Shree Krishna Securities Ltd.,150,967.0,145050.0,2025-07-23 13:34:07.115165
2025-07-23,62949,2025072303021378,LICN,Imperial Securities Company Pvt. Ltd.,Shree Krishna Securities Ltd.,100,967.0,96700.0,2025-07-23 13:34:07.115268
2025-07-23,62716,2025072303021410,LICN,Imperial Securities Company Pvt. Ltd.,Shree Krishna Securities Ltd.,100,967.0,96700.0,2025-07-23 13:34:29.899308
2025-07-23,60188,2025072303022319,LICN,Kohinoor Investment & Securities Pvt. Ltd.,Online Securities Pvt. Ltd.,106,967.0,102502.0,2025-07-23 13:38:33.252291
2025-07-23,58960,2025072303022796,LICN,Trisul Securities & Invt. Ltd.,Arun Securities (PVT) Ltd.,48,967.1,46420.8,2025-07-23 13:40:45.095472
2025-07-23,58957,2025072303022797,LICN,Trisul Securities & Invt. Ltd.,Opal Securities Investment (PVT) Ltd.,100,967.1,96710.0,2025-07-23 13:40:45.345572
2025-07-23,58111,2025072303023110,LICN,Trisul Securities & Invt. Ltd.,Premier Securities Company Ltd.,300,967.1,290130.0,2025-07-23 13:42:30.244986
2025-07-23,56976,2025072303023515,LICN,Kohinoor Investment & Securities Pvt. Ltd.,Sweta Securities Private Limited,200,967.2,193440.0,2025-07-23 13:44:26.369649
2025-07-23,56200,2025072303023753,LICN,Kohinoor Investment & Securities Pvt. Ltd.,Sweta Securities Private Limited,200,967.2,193440.0,2025-07-23 13:45:43.860917
2025-07-23,55547,2025072303023980,LICN,Kohinoor Investment & Securities Pvt. Ltd.,Aryatara Investment & Securities,100,967.2,96720.0,2025-07-23 13:46:31.082014
2025-07-23,55390,2025072303024025,LICN,Kohinoor Investment & Securities Pvt. Ltd.,Online Securities Pvt. Ltd.,197,967.2,190538.4,2025-07-23 13:46:50.601443
2025-07-23,51240,2025072303025154,LICN,Naasa Securities Co. Ltd.,Linch Stock Market Ltd.,180,969.0,174420.0,2025-07-23 13:52:36.595092
2025-07-23,50122,2025072303025475,LICN,Dipshikha Dhitopatra Karobar Co. Pvt Ltd.,Linch Stock Market Ltd.,10,969.0,9690.0,2025-07-23 13:54:08.635244
2025-07-23,49946,2025072303025524,LICN,Sipla Securities Private Limited,Linch Stock Market Ltd.,100,969.0,96900.0,2025-07-23 13:54:29.203281
2025-07-23,48343,2025072303025939,LICN,Sumeru Securities Pvt. Ltd.,Opal Securities Investment (PVT) Ltd.,80,967.3,77384.0,2025-07-23 13:56:42.741033
2025-07-23,48342,2025072303025940,LICN,Kohinoor Investment & Securities Pvt. Ltd.,Opal Securities Investment (PVT) Ltd.,197,967.2,190538.4,2025-07-23 13:56:42.741279
2025-07-23,48341,2025072303025941,LICN,Oxford Securities Pvt. Ltd.,Opal Securities Investment (PVT) Ltd.,80,967.2,77376.0,2025-07-23 13:56:42.741393
2025-07-23,48340,2025072303025942,LICN,Trisul Securities & Invt. Ltd.,Opal Securities Investment (PVT) Ltd.,52,967.1,50289.2,2025-07-23 13:56:42.741504
2025-07-23,48339,2025072303025943,LICN,Sri Hari Securities Pvt. Ltd.,Opal Securities Investment (PVT) Ltd.,350,967.0,338450.0,2025-07-23 13:56:42.741617
2025-07-23,48338,2025072303025944,LICN,Market Securities & Exchange (PVT) Ltd.,Opal Securities Investment (PVT) Ltd.,10,967.0,9670.0,2025-07-23 13:56:42.741732
2025-07-23,48337,2025072303025945,LICN,Oxford Securities Pvt. Ltd.,Opal Securities Investment (PVT) Ltd.,800,967.0,773600.0,2025-07-23 13:56:42.741836
2025-07-23,48336,2025072303025946,LICN,Bhrikuti Stock Broking Co. Pvt. Ltd.,Opal Securities Investment (PVT) Ltd.,100,966.0,96600.0,2025-07-23 13:56:42.741943
2025-07-23,48335,2025072303025947,LICN,Kumari Securities Private Limited,Opal Securities Investment (PVT) Ltd.,440,965.0,424600.0,2025-07-23 13:56:42.742049
2025-07-23,48334,2025072303025948,LICN,Naasa Securities Co. Ltd.,Opal Securities Investment (PVT) Ltd.,30,965.0,28950.0,2025-07-23 13:56:42.742154
2025-07-23,48333,2025072303025949,LICN,Market Securities & Exchange (PVT) Ltd.,Opal Securities Investment (PVT) Ltd.,10,965.0,9650.0,2025-07-23 13:56:42.742260
2025-07-23,48332,2025072303025950,LICN,Trishakti Securities Public Limited,Opal Securities Investment (PVT) Ltd.,40,965.0,38600.0,2025-07-23 13:56:42.742361
2025-07-23,48331,2025072303025951,LICN,Sani Securities Company Ltd.,Opal Securities Investment (PVT) Ltd.,58,965.0,55970.0,2025-07-23 13:56:42.742462
2025-07-23,48330,2025072303025952,LICN,ABC Securities Private Limited,Opal Securities Investment (PVT) Ltd.,150,965.0,144750.0,2025-07-23 13:56:42.742570
2025-07-23,48329,2025072303025953,LICN,Deevyaa Securities & Stock House Pvt. Ltd,Opal Securities Investment (PVT) Ltd.,200,963.0,192600.0,2025-07-23 13:56:42.742673
2025-07-23,48328,2025072303025954,LICN,Arun Securities (PVT) Ltd.,Opal Securities Investment (PVT) Ltd.,500,963.0,481500.0,2025-07-23 13:56:42.742774
2025-07-23,48327,2025072303025955,LICN,Thrive Brokerage House Pvt. Ltd,Opal Securities Investment (PVT) Ltd.,800,962.0,769600.0,2025-07-23 13:56:42.742904
2025-07-23,48326,2025072303025956,LICN,SHUBHAKAMANA SECURITIES PVT. LTD,Opal Securities Investment (PVT) Ltd.,100,962.0,96200.0,2025-07-23 13:56:42.743006
2025-07-23,48325,2025072303025957,LICN,Sani Securities Company Ltd.,Opal Securities Investment (PVT) Ltd.,50,961.0,48050.0,2025-07-23 13:56:42.743109
2025-07-23,48324,2025072303025958,LICN,Market Securities & Exchange (PVT) Ltd.,Opal Securities Investment (PVT) Ltd.,20,960.1,19202.0,2025-07-23 13:56:42.743222
2025-07-23,48323,2025072303025959,LICN,Dipshikha Dhitopatra Karobar Co. Pvt Ltd.,Opal Securities Investment (PVT) Ltd.,20,960.0,19200.0,2025-07-23 13:56:42.743322
2025-07-23,48322,2025072303025960,LICN,Imperial Securities Company Pvt. Ltd.,Opal Securities Investment (PVT) Ltd.,300,960.0,288000.0,2025-07-23 13:56:42.743422
2025-07-23,48321,2025072303025961,LICN,Sundhara Securities Limited,Opal Securities Investment (PVT) Ltd.,200,960.0,192000.0,2025-07-23 13:56:42.743520
2025-07-23,48320,2025072303025962,LICN,Imperial Securities Company Pvt. Ltd.,Opal Securities Investment (PVT) Ltd.,500,960.0,480000.0,2025-07-23 13:56:42.743622
2025-07-23,48319,2025072303025963,LICN,Imperial Securities Company Pvt. Ltd.,Opal Securities Investment (PVT) Ltd.,500,960.0,480000.0,2025-07-23 13:56:42.743720
2025-07-23,48318,2025072303025964,LICN,KALASH STOCK MARKET PVT. LTD.,Opal Securities Investment (PVT) Ltd.,1000,960.0,960000.0,2025-07-23 13:56:42.743812
2025-07-23,48317,2025072303025965,LICN,Nepal Stock House (PVT) Ltd.,Opal Securities Investment (PVT) Ltd.,100,960.0,96000.0,2025-07-23 13:56:42.743904
2025-07-23,48316,2025072303025966,LICN,Dynamic Money Managers Securities Pvt. Ltd.,Opal Securities Investment (PVT) Ltd.,142,960.0,136320.0,2025-07-23 13:56:42.744009
2025-07-23,48315,2025072303025967,LICN,Siprabi Securities Pvt. Ltd.,Opal Securities Investment (PVT) Ltd.,1000,960.0,960000.0,2025-07-23 13:56:42.744124
2025-07-23,48314,2025072303025968,LICN,Sewa Securities Pvt. Ltd.,Opal Securities Investment (PVT) Ltd.,100,960.0,96000.0,2025-07-23 13:56:42.744219
2025-07-23,39329,2025072303028035,LICN,Magnet Securities and Investment Company Private Limited,Sweta Securities Private Limited,50,965.0,48250.0,2025-07-23 14:12:14.969575
2025-07-23,39054,2025072303028111,LICN,Kumari Securities Private Limited,MILKY WAY SHARE BROKER COMPANY LTD ,100,966.0,96600.0,2025-07-23 14:12:45.435115
2025-07-23,38909,2025072303028173,LICN,Midas Stock Broking Company Private Limited,KALASH STOCK MARKET PVT. LTD.,10,967.0,9670.0,2025-07-23 14:13:04.333078
2025-07-23,37924,2025072303028436,LICN,Imperial Securities Company Pvt. Ltd.,South Asian Bulls Pvt. Ltd.,10,967.8,9678.0,2025-07-23 14:14:20.725732
2025-07-23,37884,2025072303028449,LICN,Siprabi Securities Pvt. Ltd.,South Asian Bulls Pvt. Ltd.,10,967.8,9678.0,2025-07-23 14:14:24.297557
2025-07-23,37883,2025072303028450,LICN,Siprabi Securities Pvt. Ltd.,Neev Securities Pvt. Ltd.,90,967.8,87102.0,2025-07-23 14:14:24.297939
2025-07-23,37854,2025072303028451,LICN,Opal Securities Investment (PVT) Ltd.,Neev Securities Pvt. Ltd.,55,967.8,53229.0,2025-07-23 14:14:25.962651
2025-07-23,37666,2025072303028524,LICN,ABC Securities Private Limited,Neev Securities Pvt. Ltd.,20,967.8,19356.0,2025-07-23 14:14:38.308337
2025-07-23,36872,2025072303028695,LICN,Online Securities Pvt. Ltd.,Imperial Securities Company Pvt. Ltd.,10,967.5,9675.0,2025-07-23 14:15:35.838755
2025-07-23,36707,2025072303028743,LICN,Midas Stock Broking Company Private Limited,Imperial Securities Company Pvt. Ltd.,10,967.5,9675.0,2025-07-23 14:15:47.375838
2025-07-23,35605,2025072303028972,LICN,Naasa Securities Co. Ltd.,Imperial Securities Company Pvt. Ltd.,180,967.5,174150.0,2025-07-23 14:17:05.029108
2025-07-23,35549,2025072303028998,LICN,South Asian Bulls Pvt. Ltd.,Neev Securities Pvt. Ltd.,50,967.8,48390.0,2025-07-23 14:17:10.187284
2025-07-23,35197,2025072303029088,LICN,Naasa Securities Co. Ltd.,Neev Securities Pvt. Ltd.,70,967.8,67746.0,2025-07-23 14:17:32.500756
2025-07-23,34845,2025072303029157,LICN,Naasa Securities Co. Ltd.,Neev Securities Pvt. Ltd.,15,967.8,14517.0,2025-07-23 14:17:56.388126
2025-07-23,34615,2025072303029191,LICN,Kumari Securities Private Limited,Online Securities Pvt. Ltd.,100,967.9,96790.0,2025-07-23 14:18:09.138266
2025-07-23,34465,2025072303029222,LICN,Sundhara Securities Limited,Opal Securities Investment (PVT) Ltd.,899,968.0,870232.0,2025-07-23 14:18:20.620365
2025-07-23,34083,2025072303029341,LICN,Sundhara Securities Limited,Linch Stock Market Ltd.,110,969.0,106590.0,2025-07-23 14:18:55.323085
2025-07-23,34082,2025072303029342,LICN,Sundhara Securities Limited,Sweta Securities Private Limited,200,969.0,193800.0,2025-07-23 14:18:55.323601
2025-07-23,33712,2025072303029416,LICN,Cristal Kanchanjanga Securites Pvt. Ltd.,Creative Securities Pvt Ltd,50,970.0,48500.0,2025-07-23 14:19:23.559403
2025-07-23,33373,2025072303029516,LICN,Sundhara Securities Limited,Creative Securities Pvt Ltd,150,970.0,145500.0,2025-07-23 14:19:55.842562
2025-07-23,33372,2025072303029517,LICN,Sundhara Securities Limited,Arun Securities (PVT) Ltd.,10,970.0,9700.0,2025-07-23 14:19:55.842764
2025-07-23,33371,2025072303029518,LICN,Sundhara Securities Limited,Naasa Securities Co. Ltd.,240,970.0,232800.0,2025-07-23 14:19:55.842843
2025-07-23,33324,2025072303029534,LICN,Dipshikha Dhitopatra Karobar Co. Pvt Ltd.,Naasa Securities Co. Ltd.,10,970.0,9700.0,2025-07-23 14:20:00.474645
2025-07-23,32924,2025072303029609,LICN,Citizens Share Broker Limited,Naasa Securities Co. Ltd.,60,970.0,58200.0,2025-07-23 14:20:39.077810
2025-07-23,31700,2025072303029866,LICN,Asian Securities Private Ltd.,Linch Stock Market Ltd.,100,971.0,97100.0,2025-07-23 14:22:30.881029
2025-07-23,31454,2025072303029914,LICN,Trishakti Securities Public Limited,Ashutosh Brokerage & Securities (PVT) Ltd.,10,970.1,9701.0,2025-07-23 14:22:56.053696
2025-07-23,31453,2025072303029915,LICN,Citizens Share Broker Limited,Ashutosh Brokerage & Securities (PVT) Ltd.,783,970.0,759510.0,2025-07-23 14:22:56.053905
2025-07-23,31439,2025072303029920,LICN,Miyo Securities Pvt Ltd,Linch Stock Market Ltd.,190,971.0,184490.0,2025-07-23 14:22:58.964801
2025-07-23,30526,2025072303030105,LICN,Nepal Stock House (PVT) Ltd.,South Asian Bulls Pvt. Ltd.,10,973.9,9739.0,2025-07-23 14:24:15.792924
2025-07-23,30384,2025072303030138,LICN,Trisul Securities & Invt. Ltd.,South Asian Bulls Pvt. Ltd.,196,973.9,190884.4,2025-07-23 14:24:32.582952
2025-07-23,30383,2025072303030139,LICN,Trisul Securities & Invt. Ltd.,Aakashbhairab Securities Ltd.,19,973.9,18504.1,2025-07-23 14:24:32.583172
2025-07-23,30382,2025072303030140,LICN,Trisul Securities & Invt. Ltd.,Creative Securities Pvt Ltd,285,974.0,277590.0,2025-07-23 14:24:32.583250
2025-07-23,30144,2025072303030189,LICN,Oxford Securities Pvt. Ltd.,Creative Securities Pvt Ltd,100,974.0,97400.0,2025-07-23 14:24:54.513753
2025-07-23,26101,2025072303031273,LICN,Aryatara Investment & Securities,Naasa Securities Co. Ltd.,20,973.8,19476.0,2025-07-23 14:31:10.611909
2025-07-23,25373,2025072303031420,LICN,Siprabi Securities Pvt. Ltd.,Naasa Securities Co. Ltd.,100,973.8,97380.0,2025-07-23 14:32:21.770067
2025-07-23,23839,2025072303031736,LICN,Sani Securities Company Ltd.,Naasa Securities Co. Ltd.,100,973.8,97380.0,2025-07-23 14:34:47.857939
2025-07-23,23592,2025072303031817,LICN,Naasa Securities Co. Ltd.,ABC Securities Private Limited,15,973.0,14595.0,2025-07-23 14:35:15.447477
2025-07-23,22009,2025072303032109,LICN,Naasa Securities Co. Ltd.,Nepal Stock House (PVT) Ltd.,87,973.0,84651.0,2025-07-23 14:37:33.351579
2025-07-23,22008,2025072303032110,LICN,Naasa Securities Co. Ltd.,Nepal Stock House (PVT) Ltd.,313,973.0,304549.0,2025-07-23 14:37:33.351924
2025-07-23,21731,2025072303032162,LICN,Naasa Securities Co. Ltd.,Deevyaa Securities & Stock House Pvt. Ltd,150,973.0,145950.0,2025-07-23 14:37:51.529967
2025-07-23,21454,2025072303032195,LICN,Naasa Securities Co. Ltd.,Opal Securities Investment (PVT) Ltd.,37,973.0,36001.0,2025-07-23 14:38:08.584586
2025-07-23,21453,2025072303032196,LICN,Naasa Securities Co. Ltd.,Opal Securities Investment (PVT) Ltd.,500,973.0,486500.0,2025-07-23 14:38:08.584793
2025-07-23,20550,2025072303032385,LICN,Naasa Securities Co. Ltd.,Opal Securities Investment (PVT) Ltd.,100,972.1,97210.0,2025-07-23 14:39:04.473919
2025-07-23,20549,2025072303032386,LICN,Miyo Securities Pvt Ltd,Opal Securities Investment (PVT) Ltd.,10,971.0,9710.0,2025-07-23 14:39:04.474119
2025-07-23,20548,2025072303032387,LICN,Citizens Share Broker Limited,Opal Securities Investment (PVT) Ltd.,157,970.0,152290.0,2025-07-23 14:39:04.474212
2025-07-23,20547,2025072303032388,LICN,Market Securities & Exchange (PVT) Ltd.,Opal Securities Investment (PVT) Ltd.,10,970.0,9700.0,2025-07-23 14:39:04.474290
2025-07-23,20546,2025072303032389,LICN,Aryatara Investment & Securities,Opal Securities Investment (PVT) Ltd.,220,970.0,213400.0,2025-07-23 14:39:04.474382
2025-07-23,20390,2025072303032411,LICN,Aryatara Investment & Securities,Trishakti Securities Public Limited,100,968.0,96800.0,2025-07-23 14:39:15.650581
2025-07-23,19486,2025072303032592,LICN,Aryatara Investment & Securities,South Asian Bulls Pvt. Ltd.,10,968.0,9680.0,2025-07-23 14:40:20.058116
2025-07-23,19485,2025072303032593,LICN,Nepal Stock House (PVT) Ltd.,South Asian Bulls Pvt. Ltd.,20,966.0,19320.0,2025-07-23 14:40:20.058216
2025-07-23,19484,2025072303032594,LICN,Swarna Laxmi Securities Pvt. Ltd.,South Asian Bulls Pvt. Ltd.,70,965.0,67550.0,2025-07-23 14:40:20.058281
2025-07-23,19388,2025072303032612,LICN,Neev Securities Pvt. Ltd.,Sani Securities Company Ltd.,38,968.0,36784.0,2025-07-23 14:40:27.135189
2025-07-23,19221,2025072303032653,LICN,Neev Securities Pvt. Ltd.,Naasa Securities Co. Ltd.,110,968.0,106480.0,2025-07-23 14:40:40.465622
2025-07-23,18233,2025072303032893,LICN,Neev Securities Pvt. Ltd.,Asian Securities Private Ltd.,47,968.0,45496.0,2025-07-23 14:42:05.481896
2025-07-23,17539,2025072303033070,LICN,Naasa Securities Co. Ltd.,Opal Securities Investment (PVT) Ltd.,120,970.0,116400.0,2025-07-23 14:42:54.916122
2025-07-23,17312,2025072303033103,LICN,Trishakti Securities Public Limited,Opal Securities Investment (PVT) Ltd.,10,968.1,9681.0,2025-07-23 14:43:15.488523
2025-07-23,16945,2025072303033172,LICN,Neev Securities Pvt. Ltd.,Opal Securities Investment (PVT) Ltd.,55,968.0,53240.0,2025-07-23 14:43:50.658850
2025-07-23,16944,2025072303033173,LICN,Kohinoor Investment & Securities Pvt. Ltd.,Opal Securities Investment (PVT) Ltd.,35,968.0,33880.0,2025-07-23 14:43:50.659079
2025-07-23,16638,2025072303033222,LICN,Primo Securities (PVT) Ltd.,Opal Securities Investment (PVT) Ltd.,500,970.0,485000.0,2025-07-23 14:44:18.737175
2025-07-23,15402,2025072303033481,LICN,Bhrikuti Stock Broking Co. Pvt. Ltd.,Opal Securities Investment (PVT) Ltd.,100,970.0,97000.0,2025-07-23 14:46:05.337119
2025-07-23,15041,2025072303033541,LICN,Primo Securities (PVT) Ltd.,Opal Securities Investment (PVT) Ltd.,10,970.0,9700.0,2025-07-23 14:46:36.469182
2025-07-23,11086,2025072303034397,LICN,Primo Securities (PVT) Ltd.,Aryatara Investment & Securities,1,960.4,960.4,2025-07-23 14:52:22.430699
2025-07-23,10940,2025072303034428,LICN,Primo Securities (PVT) Ltd.,Online Securities Pvt. Ltd.,1,967.0,967.0,2025-07-23 14:52:33.066007
2025-07-23,10920,2025072303034435,LICN,Dynamic Money Managers Securities Pvt. Ltd.,Vision Securities Pvt. Ltd,40,972.8,38912.0,2025-07-23 14:52:34.511317
2025-07-23,9590,2025072303034715,LICN,Bhrikuti Stock Broking Co. Pvt. Ltd.,Vision Securities Pvt. Ltd,20,972.8,19456.0,2025-07-23 14:54:03.453611
2025-07-23,9589,2025072303034716,LICN,Bhrikuti Stock Broking Co. Pvt. Ltd.,Sweta Securities Private Limited,80,973.0,77840.0,2025-07-23 14:54:03.454052
2025-07-23,9492,2025072303034736,LICN,Naasa Securities Co. Ltd.,Sweta Securities Private Limited,20,973.0,19460.0,2025-07-23 14:54:08.888248
2025-07-23,9165,2025072303034862,LICN,Bhrikuti Stock Broking Co. Pvt. Ltd.,Naasa Securities Co. Ltd.,100,973.8,97380.0,2025-07-23 14:54:26.742531
2025-07-23,9151,2025072303034865,LICN,Naasa Securities Co. Ltd.,Miyo Securities Pvt Ltd,400,973.0,389200.0,2025-07-23 14:54:27.870887
2025-07-23,8968,2025072303034892,LICN,Naasa Securities Co. Ltd.,Miyo Securities Pvt Ltd,80,973.0,77840.0,2025-07-23 14:54:39.672428
2025-07-23,8967,2025072303034893,LICN,Bhrikuti Stock Broking Co. Pvt. Ltd.,Miyo Securities Pvt Ltd,60,971.0,58260.0,2025-07-23 14:54:39.672475
2025-07-23,8966,2025072303034894,LICN,Aryatara Investment & Securities,Miyo Securities Pvt Ltd,42,970.5,40761.0,2025-07-23 14:54:39.672501
2025-07-23,8965,2025072303034895,LICN,Naasa Securities Co. Ltd.,Miyo Securities Pvt Ltd,11,970.5,10675.5,2025-07-23 14:54:39.672527
2025-07-23,8964,2025072303034896,LICN,Bhrikuti Stock Broking Co. Pvt. Ltd.,Miyo Securities Pvt Ltd,207,970.1,200810.7,2025-07-23 14:54:39.672557
2025-07-23,8959,2025072303034897,LICN,Bhrikuti Stock Broking Co. Pvt. Ltd.,Naasa Securities Co. Ltd.,100,973.8,97380.0,2025-07-23 14:54:40.453360
2025-07-23,8767,2025072303034947,LICN,Bhrikuti Stock Broking Co. Pvt. Ltd.,Miyo Securities Pvt Ltd,293,970.1,284239.3,2025-07-23 14:54:50.083519
2025-07-23,8766,2025072303034948,LICN,Bhrikuti Stock Broking Co. Pvt. Ltd.,Miyo Securities Pvt Ltd,100,970.0,97000.0,2025-07-23 14:54:50.083620
2025-07-23,6731,2025072303035409,LICN,Aryatara Investment & Securities,Deevyaa Securities & Stock House Pvt. Ltd,100,973.0,97300.0,2025-07-23 14:56:26.538348
2025-07-23,6730,2025072303035410,LICN,Imperial Securities Company Pvt. Ltd.,Deevyaa Securities & Stock House Pvt. Ltd,10,973.0,9730.0,2025-07-23 14:56:26.538737
2025-07-23,6379,2025072303035463,LICN,Dakshinkali Investment & Securities Pvt. Ltd.,Miyo Securities Pvt Ltd,300,970.0,291000.0,2025-07-23 14:56:42.532414
2025-07-23,2192,2025072303036330,LICN,Kohinoor Investment & Securities Pvt. Ltd.,Deevyaa Securities & Stock House Pvt. Ltd,10,973.0,9730.0,2025-07-23 14:59:15.787416
2025-07-23,133,2025072303036767,LICN,Linch Stock Market Ltd.,Deevyaa Securities & Stock House Pvt. Ltd,20,972.0,19440.0,2025-07-23 14:59:58.504826
