Date,S.N.,contract_id,symbol,buyer_broker,seller_broker,volume,price,amount,transaction_time
2025-07-23,170238,2025072303000008,MLBL,Siprabi Securities Pvt. Ltd.,Sani Securities Company Ltd.,10,447.6,4476.0,2025-07-23 10:46:00.048696
2025-07-23,168416,2025072303000269,MLBL,Linch Stock Market Ltd.,Sani Securities Company Ltd.,50,444.0,22200.0,2025-07-23 11:02:56.259047
2025-07-23,168266,2025072303000298,MLBL,Investment Management Nepal Pvt. Ltd.,Thrive Brokerage House Pvt. Ltd,25,443.9,11097.5,2025-07-23 11:03:10.251435
2025-07-23,168265,2025072303000299,MLBL,Investment Management Nepal Pvt. Ltd.,Sani Securities Company Ltd.,14,444.0,6216.0,2025-07-23 11:03:10.251596
2025-07-23,168006,2025072303000340,MLBL,Investment Management Nepal Pvt. Ltd.,Secured Securities Ltd.,61,444.0,27084.0,2025-07-23 11:03:28.767949
2025-07-23,168005,2025072303000341,MLBL,Kumari Securities Private Limited,Secured Securities Ltd.,139,440.0,61160.0,2025-07-23 11:03:28.767986
2025-07-23,167948,2025072303000356,MLBL,Linch Stock Market Ltd.,ABC Securities Private Limited,10,444.0,4440.0,2025-07-23 11:03:34.172315
2025-07-23,167771,2025072303000381,MLBL,South Asian Bulls Pvt. Ltd.,ABC Securities Private Limited,51,444.0,22644.0,2025-07-23 11:03:45.632212
2025-07-23,167770,2025072303000382,MLBL,South Asian Bulls Pvt. Ltd.,Sani Securities Company Ltd.,149,444.0,66156.0,2025-07-23 11:03:45.632301
2025-07-23,166713,2025072303000590,MLBL,South Asian Bulls Pvt. Ltd.,Trisul Securities & Invt. Ltd.,16,444.0,7104.0,2025-07-23 11:05:06.653843
2025-07-23,166712,2025072303000591,MLBL,South Asian Bulls Pvt. Ltd.,Dipshikha Dhitopatra Karobar Co. Pvt Ltd.,84,444.0,37296.0,2025-07-23 11:05:06.653928
2025-07-23,166142,2025072303000689,MLBL,Imperial Securities Company Pvt. Ltd.,Imperial Securities Company Pvt. Ltd.,30,443.0,13290.0,2025-07-23 11:05:48.085716
2025-07-23,166120,2025072303000698,MLBL,Sri Hari Securities Pvt. Ltd.,Nepal Investment And Securities Trading Private Limited,40,443.0,17720.0,2025-07-23 11:05:51.269220
2025-07-23,166119,2025072303000699,MLBL,Sri Hari Securities Pvt. Ltd.,Sani Securities Company Ltd.,135,443.0,59805.0,2025-07-23 11:05:51.269311
2025-07-23,166101,2025072303000701,MLBL,Sri Hari Securities Pvt. Ltd.,Nepal Investment And Securities Trading Private Limited,25,443.0,11075.0,2025-07-23 11:05:52.582001
2025-07-23,166031,2025072303000715,MLBL,South Asian Bulls Pvt. Ltd.,Nepal Investment And Securities Trading Private Limited,15,443.0,6645.0,2025-07-23 11:05:56.823837
2025-07-23,165739,2025072303000771,MLBL,South Asian Bulls Pvt. Ltd.,Dynamic Money Managers Securities Pvt. Ltd.,85,443.0,37655.0,2025-07-23 11:06:16.637593
2025-07-23,165450,2025072303000824,MLBL,MILKY WAY SHARE BROKER COMPANY LTD ,Capital Max Securities Ltd,20,441.0,8820.0,2025-07-23 11:06:36.103228
2025-07-23,165449,2025072303000825,MLBL,Kumari Securities Private Limited,Capital Max Securities Ltd,60,440.0,26400.0,2025-07-23 11:06:36.103326
2025-07-23,165329,2025072303000864,MLBL,Kumari Securities Private Limited,Oxford Securities Pvt. Ltd.,301,440.0,132440.0,2025-07-23 11:06:45.781858
2025-07-23,165328,2025072303000865,MLBL,Sundhara Securities Limited,Oxford Securities Pvt. Ltd.,200,440.0,88000.0,2025-07-23 11:06:45.781902
2025-07-23,165327,2025072303000866,MLBL,Imperial Securities Company Pvt. Ltd.,Oxford Securities Pvt. Ltd.,499,440.0,219560.0,2025-07-23 11:06:45.781926
2025-07-23,165095,2025072303000915,MLBL,Dipshikha Dhitopatra Karobar Co. Pvt Ltd.,Aryatara Investment & Securities,10,443.0,4430.0,2025-07-23 11:07:01.384758
2025-07-23,164774,2025072303000980,MLBL,Sri Hari Securities Pvt. Ltd.,Online Securities Pvt. Ltd.,300,440.1,132030.0,2025-07-23 11:07:22.061237
2025-07-23,164058,2025072303001110,MLBL,Sri Hari Securities Pvt. Ltd.,Dipshikha Dhitopatra Karobar Co. Pvt Ltd.,200,439.1,87820.0,2025-07-23 11:08:11.731610
2025-07-23,164057,2025072303001111,MLBL,K.B.L. Securities Limited ,Dipshikha Dhitopatra Karobar Co. Pvt Ltd.,143,439.0,62777.0,2025-07-23 11:08:11.731643
2025-07-23,163796,2025072303001146,MLBL,K.B.L. Securities Limited ,Deevyaa Securities & Stock House Pvt. Ltd,100,439.0,43900.0,2025-07-23 11:08:26.290624
2025-07-23,163713,2025072303001165,MLBL,K.B.L. Securities Limited ,Cristal Kanchanjanga Securites Pvt. Ltd.,757,439.0,332323.0,2025-07-23 11:08:31.597437
2025-07-23,163712,2025072303001166,MLBL,Sri Hari Securities Pvt. Ltd.,Cristal Kanchanjanga Securites Pvt. Ltd.,200,438.8,87760.0,2025-07-23 11:08:31.597593
2025-07-23,163711,2025072303001167,MLBL,Kumari Securities Private Limited,Cristal Kanchanjanga Securites Pvt. Ltd.,100,438.7,43870.0,2025-07-23 11:08:31.597657
2025-07-23,163710,2025072303001168,MLBL,Kalika Securities Pvt. Ltd.,Cristal Kanchanjanga Securites Pvt. Ltd.,500,438.7,219350.0,2025-07-23 11:08:31.597726
2025-07-23,163709,2025072303001169,MLBL,South Asian Bulls Pvt. Ltd.,Cristal Kanchanjanga Securites Pvt. Ltd.,443,438.0,194034.0,2025-07-23 11:08:31.597794
2025-07-23,163589,2025072303001193,MLBL,Dipshikha Dhitopatra Karobar Co. Pvt Ltd.,Aryatara Investment & Securities,85,441.0,37485.0,2025-07-23 11:08:43.010655
2025-07-23,163513,2025072303001211,MLBL,South Asian Bulls Pvt. Ltd.,Online Securities Pvt. Ltd.,50,438.0,21900.0,2025-07-23 11:08:49.718975
2025-07-23,163401,2025072303001239,MLBL,Imperial Securities Company Pvt. Ltd.,SUN SECURITIES PVT LTD,500,438.1,219050.0,2025-07-23 11:08:58.738721
2025-07-23,162628,2025072303001394,MLBL,Imperial Securities Company Pvt. Ltd.,N.M.B. SECURITIES LIMITED,1000,438.1,438100.0,2025-07-23 11:09:51.468788
2025-07-23,162233,2025072303001466,MLBL,Sri Hari Securities Pvt. Ltd.,Cristal Kanchanjanga Securites Pvt. Ltd.,140,438.2,61348.0,2025-07-23 11:10:14.834364
2025-07-23,162232,2025072303001467,MLBL,Imperial Securities Company Pvt. Ltd.,Cristal Kanchanjanga Securites Pvt. Ltd.,360,438.1,157716.0,2025-07-23 11:10:14.834485
2025-07-23,162045,2025072303001501,MLBL,Imperial Securities Company Pvt. Ltd.,Sweta Securities Private Limited,10,438.1,4381.0,2025-07-23 11:10:27.667298
2025-07-23,162044,2025072303001502,MLBL,Imperial Securities Company Pvt. Ltd.,Secured Securities Ltd.,130,438.1,56953.0,2025-07-23 11:10:27.856995
2025-07-23,162043,2025072303001503,MLBL,Nepal Investment And Securities Trading Private Limited,Secured Securities Ltd.,50,438.0,21900.0,2025-07-23 11:10:27.857092
2025-07-23,161800,2025072303001571,MLBL,Asian Securities Private Ltd.,ABC Securities Private Limited,10,437.0,4370.0,2025-07-23 11:10:42.995234
2025-07-23,161672,2025072303001587,MLBL,South Asian Bulls Pvt. Ltd.,Secured Securities Ltd.,100,438.0,43800.0,2025-07-23 11:10:52.506726
2025-07-23,161522,2025072303001617,MLBL,Sewa Securities Pvt. Ltd.,Sweta Securities Private Limited,10,435.2,4352.0,2025-07-23 11:11:00.119827
2025-07-23,161225,2025072303001668,MLBL,Sewa Securities Pvt. Ltd.,Online Securities Pvt. Ltd.,10,435.2,4352.0,2025-07-23 11:11:17.968321
2025-07-23,160775,2025072303001738,MLBL,Neev Securities Pvt. Ltd.,Online Securities Pvt. Ltd.,140,435.0,60900.0,2025-07-23 11:11:42.732779
2025-07-23,159863,2025072303001927,MLBL,Imperial Securities Company Pvt. Ltd.,Cristal Kanchanjanga Securites Pvt. Ltd.,20,434.2,8684.0,2025-07-23 11:12:41.141308
2025-07-23,159862,2025072303001928,MLBL,Nepal Stock House (PVT) Ltd.,Cristal Kanchanjanga Securites Pvt. Ltd.,155,432.0,66960.0,2025-07-23 11:12:41.141432
2025-07-23,159861,2025072303001929,MLBL,Thrive Brokerage House Pvt. Ltd,Cristal Kanchanjanga Securites Pvt. Ltd.,100,430.1,43010.0,2025-07-23 11:12:41.141495
2025-07-23,159860,2025072303001930,MLBL,South Asian Bulls Pvt. Ltd.,Cristal Kanchanjanga Securites Pvt. Ltd.,500,430.1,215050.0,2025-07-23 11:12:41.141542
2025-07-23,159859,2025072303001931,MLBL,Shree Krishna Securities Ltd.,Cristal Kanchanjanga Securites Pvt. Ltd.,100,430.0,43000.0,2025-07-23 11:12:41.141592
2025-07-23,159858,2025072303001932,MLBL,Sanima Securities Limited,Cristal Kanchanjanga Securites Pvt. Ltd.,400,430.0,172000.0,2025-07-23 11:12:41.141642
2025-07-23,159857,2025072303001933,MLBL,J.F. Securites (PVT) Ltd.,Cristal Kanchanjanga Securites Pvt. Ltd.,500,430.0,215000.0,2025-07-23 11:12:41.141689
2025-07-23,159856,2025072303001934,MLBL,Midas Stock Broking Company Private Limited,Cristal Kanchanjanga Securites Pvt. Ltd.,225,430.0,96750.0,2025-07-23 11:12:41.141733
2025-07-23,159306,2025072303002073,MLBL,Thrive Brokerage House Pvt. Ltd,INDEX SECURITIES LIMITED,100,430.1,43010.0,2025-07-23 11:13:15.106116
2025-07-23,159305,2025072303002074,MLBL,Dynamic Money Managers Securities Pvt. Ltd.,INDEX SECURITIES LIMITED,300,430.0,129000.0,2025-07-23 11:13:15.106218
2025-07-23,158933,2025072303002156,MLBL,Dynamic Money Managers Securities Pvt. Ltd.,Miyo Securities Pvt Ltd,10,430.0,4300.0,2025-07-23 11:13:32.460083
2025-07-23,158239,2025072303002278,MLBL,Naasa Securities Co. Ltd.,Imperial Securities Company Pvt. Ltd.,10,430.1,4301.0,2025-07-23 11:14:08.022693
2025-07-23,157264,2025072303002517,MLBL,Nepal Investment And Securities Trading Private Limited,Trishakti Securities Public Limited,50,431.0,21550.0,2025-07-23 11:15:02.166943
2025-07-23,157263,2025072303002518,MLBL,Dakshinkali Investment & Securities Pvt. Ltd.,Trishakti Securities Public Limited,100,431.0,43100.0,2025-07-23 11:15:02.167202
2025-07-23,157262,2025072303002519,MLBL,Aryatara Investment & Securities,Trishakti Securities Public Limited,100,431.0,43100.0,2025-07-23 11:15:02.167379
2025-07-23,157261,2025072303002520,MLBL,Trishakti Securities Public Limited,Trishakti Securities Public Limited,200,431.0,86200.0,2025-07-23 11:15:02.167548
2025-07-23,157260,2025072303002521,MLBL,Dakshinkali Investment & Securities Pvt. Ltd.,Trishakti Securities Public Limited,500,430.2,215100.0,2025-07-23 11:15:02.167709
2025-07-23,157259,2025072303002522,MLBL,Naasa Securities Co. Ltd.,Trishakti Securities Public Limited,88,430.2,37857.6,2025-07-23 11:15:02.167879
2025-07-23,157258,2025072303002523,MLBL,Thrive Brokerage House Pvt. Ltd,Trishakti Securities Public Limited,750,430.2,322650.0,2025-07-23 11:15:02.168047
2025-07-23,157257,2025072303002524,MLBL,Dakshinkali Investment & Securities Pvt. Ltd.,Trishakti Securities Public Limited,100,430.2,43020.0,2025-07-23 11:15:02.168206
2025-07-23,157256,2025072303002525,MLBL,Naasa Securities Co. Ltd.,Trishakti Securities Public Limited,112,430.1,48171.2,2025-07-23 11:15:02.168358
2025-07-23,157166,2025072303002553,MLBL,Neev Securities Pvt. Ltd.,Roadshow securities limited,35,433.0,15155.0,2025-07-23 11:15:07.863544
2025-07-23,156823,2025072303002630,MLBL,Sweta Securities Private Limited,Vision Securities Pvt. Ltd,500,430.2,215100.0,2025-07-23 11:15:23.502865
2025-07-23,156533,2025072303002671,MLBL,Naasa Securities Co. Ltd.,Dakshinkali Investment & Securities Pvt. Ltd.,300,430.3,129090.0,2025-07-23 11:15:37.365541
2025-07-23,156446,2025072303002687,MLBL,Shree Krishna Securities Ltd.,ABC Securities Private Limited,250,431.0,107750.0,2025-07-23 11:15:41.491384
2025-07-23,156338,2025072303002701,MLBL,Premier Securities Company Ltd.,ABC Securities Private Limited,750,431.0,323250.0,2025-07-23 11:15:48.721714
2025-07-23,155954,2025072303002774,MLBL,Naasa Securities Co. Ltd.,Roadshow securities limited,130,431.1,56043.0,2025-07-23 11:16:10.350241
2025-07-23,155916,2025072303002782,MLBL,Naasa Securities Co. Ltd.,Premier Securities Company Ltd.,448,431.1,193132.8,2025-07-23 11:16:11.946403
2025-07-23,155915,2025072303002783,MLBL,Premier Securities Company Ltd.,Premier Securities Company Ltd.,52,431.0,22412.0,2025-07-23 11:16:11.946650
2025-07-23,155393,2025072303002865,MLBL,Premier Securities Company Ltd.,Nepal Investment And Securities Trading Private Limited,198,431.0,85338.0,2025-07-23 11:16:39.905960
2025-07-23,155392,2025072303002866,MLBL,Premier Securities Company Ltd.,Nepal Investment And Securities Trading Private Limited,302,431.0,130162.0,2025-07-23 11:16:39.906269
2025-07-23,155386,2025072303002868,MLBL,Trishakti Securities Public Limited,Sundhara Securities Limited,35,434.2,15197.0,2025-07-23 11:16:40.217221
2025-07-23,154968,2025072303002965,MLBL,Imperial Securities Company Pvt. Ltd.,Trishakti Securities Public Limited,1,440.0,440.0,2025-07-23 11:17:03.955448
2025-07-23,152670,2025072303003437,MLBL,Dynamic Money Managers Securities Pvt. Ltd.,Naasa Securities Co. Ltd.,500,432.0,216000.0,2025-07-23 11:19:15.536562
2025-07-23,152529,2025072303003470,MLBL,Kumari Securities Private Limited,Indira securities pvt. ltd,200,434.9,86980.0,2025-07-23 11:19:23.603437
2025-07-23,151305,2025072303003662,MLBL,Thrive Brokerage House Pvt. Ltd,Malla & Malla Stock Broking Company Pvt. Limited,40,435.0,17400.0,2025-07-23 11:20:09.106468
2025-07-23,151304,2025072303003663,MLBL,Thrive Brokerage House Pvt. Ltd,Online Securities Pvt. Ltd.,50,435.0,21750.0,2025-07-23 11:20:09.106628
2025-07-23,151303,2025072303003664,MLBL,Thrive Brokerage House Pvt. Ltd,Opal Securities Investment (PVT) Ltd.,10,435.0,4350.0,2025-07-23 11:20:09.106720
2025-07-23,150848,2025072303003751,MLBL,Online Securities Pvt. Ltd.,Opal Securities Investment (PVT) Ltd.,90,435.0,39150.0,2025-07-23 11:20:24.310792
2025-07-23,150847,2025072303003752,MLBL,Online Securities Pvt. Ltd.,ABC Securities Private Limited,20,435.0,8700.0,2025-07-23 11:20:24.310929
2025-07-23,150846,2025072303003753,MLBL,Online Securities Pvt. Ltd.,Naasa Securities Co. Ltd.,90,436.0,39240.0,2025-07-23 11:20:24.310992
2025-07-23,149934,2025072303003932,MLBL,Kohinoor Investment & Securities Pvt. Ltd.,Naasa Securities Co. Ltd.,10,436.0,4360.0,2025-07-23 11:20:58.333296
2025-07-23,149208,2025072303004018,MLBL,Online Securities Pvt. Ltd.,ABC Securities Private Limited,10,437.0,4370.0,2025-07-23 11:21:23.325923
2025-07-23,149207,2025072303004019,MLBL,Online Securities Pvt. Ltd.,Secured Securities Ltd.,20,438.0,8760.0,2025-07-23 11:21:23.326076
2025-07-23,149109,2025072303004044,MLBL,Naasa Securities Co. Ltd.,Linch Stock Market Ltd.,11,436.0,4796.0,2025-07-23 11:21:27.607981
2025-07-23,148855,2025072303004106,MLBL,Naasa Securities Co. Ltd.,Thrive Brokerage House Pvt. Ltd,89,436.0,38804.0,2025-07-23 11:21:35.339194
2025-07-23,148854,2025072303004107,MLBL,Imperial Securities Company Pvt. Ltd.,Thrive Brokerage House Pvt. Ltd,50,436.0,21800.0,2025-07-23 11:21:35.339431
2025-07-23,148281,2025072303004234,MLBL,Premier Securities Company Ltd.,Sundhara Securities Limited,20,433.0,8660.0,2025-07-23 11:21:56.402311
2025-07-23,148280,2025072303004235,MLBL,Nagarik Stock Dealer ,Sundhara Securities Limited,980,433.0,424340.0,2025-07-23 11:21:56.402594
2025-07-23,147428,2025072303004374,MLBL,Premier Securities Company Ltd.,Thrive Brokerage House Pvt. Ltd,383,434.0,166222.0,2025-07-23 11:22:27.684636
2025-07-23,147230,2025072303004398,MLBL,Sundhara Securities Limited,Thrive Brokerage House Pvt. Ltd,10,436.0,4360.0,2025-07-23 11:22:34.949187
2025-07-23,145710,2025072303004626,MLBL,Imperial Securities Company Pvt. Ltd.,Sharepro Securities Private Limited,50,437.0,21850.0,2025-07-23 11:23:29.022293
2025-07-23,145709,2025072303004627,MLBL,ABC Securities Private Limited,Sharepro Securities Private Limited,200,435.0,87000.0,2025-07-23 11:23:29.022451
2025-07-23,145708,2025072303004628,MLBL,Siprabi Securities Pvt. Ltd.,Sharepro Securities Private Limited,100,435.0,43500.0,2025-07-23 11:23:29.022531
2025-07-23,144202,2025072303004797,MLBL,Ashutosh Brokerage & Securities (PVT) Ltd.,Agrawal Securities (PVT) Ltd.,40,440.0,17600.0,2025-07-23 11:24:45.666507
2025-07-23,143906,2025072303004836,MLBL,Premier Securities Company Ltd.,Agrawal Securities (PVT) Ltd.,204,440.0,89760.0,2025-07-23 11:25:04.615407
2025-07-23,143905,2025072303004837,MLBL,Premier Securities Company Ltd.,Opal Securities Investment (PVT) Ltd.,100,440.0,44000.0,2025-07-23 11:25:04.615570
2025-07-23,142633,2025072303005002,MLBL,Kohinoor Investment & Securities Pvt. Ltd.,ABC Securities Private Limited,39,440.9,17195.1,2025-07-23 11:26:12.085372
2025-07-23,141265,2025072303005196,MLBL,Oxford Securities Pvt. Ltd.,Primo Securities (PVT) Ltd.,42,441.0,18522.0,2025-07-23 11:27:32.335328
2025-07-23,140965,2025072303005255,MLBL,Premier Securities Company Ltd.,Trishakti Securities Public Limited,11,440.0,4840.0,2025-07-23 11:27:49.261209
2025-07-23,140964,2025072303005256,MLBL,Sewa Securities Pvt. Ltd.,Trishakti Securities Public Limited,89,440.0,39160.0,2025-07-23 11:27:49.261397
2025-07-23,140361,2025072303005363,MLBL,Sewa Securities Pvt. Ltd.,Global IME Securities Limited,111,440.0,48840.0,2025-07-23 11:28:26.387389
2025-07-23,140360,2025072303005364,MLBL,Shree Krishna Securities Ltd.,Global IME Securities Limited,10,440.0,4400.0,2025-07-23 11:28:26.387727
2025-07-23,140359,2025072303005365,MLBL,Aryatara Investment & Securities,Global IME Securities Limited,129,440.0,56760.0,2025-07-23 11:28:26.388020
2025-07-23,140238,2025072303005383,MLBL,Aryatara Investment & Securities,Dipshikha Dhitopatra Karobar Co. Pvt Ltd.,171,440.0,75240.0,2025-07-23 11:28:34.752894
2025-07-23,140237,2025072303005384,MLBL,Naasa Securities Co. Ltd.,Dipshikha Dhitopatra Karobar Co. Pvt Ltd.,250,440.0,110000.0,2025-07-23 11:28:34.753084
2025-07-23,140236,2025072303005385,MLBL,Sani Securities Company Ltd.,Dipshikha Dhitopatra Karobar Co. Pvt Ltd.,79,440.0,34760.0,2025-07-23 11:28:34.753157
2025-07-23,139907,2025072303005438,MLBL,Sani Securities Company Ltd.,Shree Krishna Securities Ltd.,21,440.0,9240.0,2025-07-23 11:28:54.786523
2025-07-23,138956,2025072303005604,MLBL,Cristal Kanchanjanga Securites Pvt. Ltd.,Shree Krishna Securities Ltd.,229,438.1,100324.9,2025-07-23 11:30:01.604979
2025-07-23,138457,2025072303005673,MLBL,Cristal Kanchanjanga Securites Pvt. Ltd.,Sani Securities Company Ltd.,271,438.1,118725.1,2025-07-23 11:30:35.958273
2025-07-23,138456,2025072303005674,MLBL,Aryatara Investment & Securities,Sani Securities Company Ltd.,300,438.1,131430.0,2025-07-23 11:30:35.958452
2025-07-23,138455,2025072303005675,MLBL,Sewa Securities Pvt. Ltd.,Sani Securities Company Ltd.,150,438.0,65700.0,2025-07-23 11:30:35.958535
2025-07-23,138454,2025072303005676,MLBL,ABC Securities Private Limited,Sani Securities Company Ltd.,1979,438.0,866802.0,2025-07-23 11:30:35.958694
2025-07-23,137594,2025072303005838,MLBL,Imperial Securities Company Pvt. Ltd.,Shree Krishna Securities Ltd.,100,438.1,43810.0,2025-07-23 11:31:36.779076
2025-07-23,137593,2025072303005839,MLBL,ABC Securities Private Limited,Shree Krishna Securities Ltd.,2400,438.0,1051200.0,2025-07-23 11:31:36.779138
2025-07-23,136606,2025072303005988,MLBL,ABC Securities Private Limited,Opal Securities Investment (PVT) Ltd.,14,438.0,6132.0,2025-07-23 11:32:43.590303
2025-07-23,136403,2025072303006033,MLBL,ABC Securities Private Limited,Sani Securities Company Ltd.,174,438.0,76212.0,2025-07-23 11:32:57.328763
2025-07-23,136402,2025072303006034,MLBL,South Asian Bulls Pvt. Ltd.,Dakshinkali Investment & Securities Pvt. Ltd.,500,435.1,217550.0,2025-07-23 11:32:57.538408
2025-07-23,135912,2025072303006160,MLBL,Nagarik Stock Dealer ,Aryatara Investment & Securities,20,435.1,8702.0,2025-07-23 11:33:30.910191
2025-07-23,135206,2025072303006309,MLBL,Nagarik Stock Dealer ,J.F. Securites (PVT) Ltd.,180,435.1,78318.0,2025-07-23 11:34:10.777413
2025-07-23,135205,2025072303006310,MLBL,Nepal Investment And Securities Trading Private Limited,J.F. Securites (PVT) Ltd.,50,435.0,21750.0,2025-07-23 11:34:10.777838
2025-07-23,135204,2025072303006311,MLBL,Sundhara Securities Limited,J.F. Securites (PVT) Ltd.,100,435.0,43500.0,2025-07-23 11:34:10.778188
2025-07-23,135203,2025072303006312,MLBL,Trishakti Securities Public Limited,J.F. Securites (PVT) Ltd.,270,434.2,117234.0,2025-07-23 11:34:10.778496
2025-07-23,133698,2025072303006558,MLBL,Kohinoor Investment & Securities Pvt. Ltd.,Opal Securities Investment (PVT) Ltd.,34,435.0,14790.0,2025-07-23 11:35:31.837473
2025-07-23,133325,2025072303006630,MLBL,Kalika Securities Pvt. Ltd.,Opal Securities Investment (PVT) Ltd.,20,435.0,8700.0,2025-07-23 11:35:52.809635
2025-07-23,132912,2025072303006716,MLBL,Trishakti Securities Public Limited,Cristal Kanchanjanga Securites Pvt. Ltd.,10,434.2,4342.0,2025-07-23 11:36:18.612040
2025-07-23,132840,2025072303006729,MLBL,Sri Hari Securities Pvt. Ltd.,Malla & Malla Stock Broking Company Pvt. Limited,60,434.3,26058.0,2025-07-23 11:36:22.289931
2025-07-23,132839,2025072303006730,MLBL,Trishakti Securities Public Limited,Malla & Malla Stock Broking Company Pvt. Limited,20,434.2,8684.0,2025-07-23 11:36:22.290127
2025-07-23,132838,2025072303006731,MLBL,Thrive Brokerage House Pvt. Ltd,Malla & Malla Stock Broking Company Pvt. Limited,40,434.2,17368.0,2025-07-23 11:36:22.290205
2025-07-23,132712,2025072303006757,MLBL,Thrive Brokerage House Pvt. Ltd,Dakshinkali Investment & Securities Pvt. Ltd.,60,434.2,26052.0,2025-07-23 11:36:30.118301
2025-07-23,132711,2025072303006758,MLBL,Aryatara Investment & Securities,Dakshinkali Investment & Securities Pvt. Ltd.,40,434.0,17360.0,2025-07-23 11:36:30.118340
2025-07-23,132651,2025072303006764,MLBL,Aryatara Investment & Securities,Opal Securities Investment (PVT) Ltd.,60,434.0,26040.0,2025-07-23 11:36:34.230635
2025-07-23,132650,2025072303006765,MLBL,Nepal Investment And Securities Trading Private Limited,Opal Securities Investment (PVT) Ltd.,10,434.0,4340.0,2025-07-23 11:36:34.230824
2025-07-23,132056,2025072303006932,MLBL,Aryatara Investment & Securities,Opal Securities Investment (PVT) Ltd.,200,434.0,86800.0,2025-07-23 11:37:15.347683
2025-07-23,132023,2025072303006940,MLBL,Nagarik Stock Dealer ,Nepal Investment And Securities Trading Private Limited,500,433.0,216500.0,2025-07-23 11:37:19.811170
2025-07-23,131661,2025072303007008,MLBL,Nepal Stock House (PVT) Ltd.,Opal Securities Investment (PVT) Ltd.,50,433.1,21655.0,2025-07-23 11:37:41.632605
2025-07-23,131660,2025072303007009,MLBL,Nagarik Stock Dealer ,Opal Securities Investment (PVT) Ltd.,450,433.0,194850.0,2025-07-23 11:37:41.632871
2025-07-23,131323,2025072303007060,MLBL,Neev Securities Pvt. Ltd.,Opal Securities Investment (PVT) Ltd.,24,434.0,10416.0,2025-07-23 11:38:10.256525
2025-07-23,131273,2025072303007074,MLBL,Nagarik Stock Dealer ,Online Securities Pvt. Ltd.,10,433.0,4330.0,2025-07-23 11:38:13.485235
2025-07-23,131079,2025072303007102,MLBL,Neev Securities Pvt. Ltd.,Sweta Securities Private Limited,210,435.0,91350.0,2025-07-23 11:38:28.603240
2025-07-23,130166,2025072303007284,MLBL,Imperial Securities Company Pvt. Ltd.,SUN SECURITIES PVT LTD,45,435.0,19575.0,2025-07-23 11:39:42.547791
2025-07-23,130165,2025072303007285,MLBL,Neev Securities Pvt. Ltd.,SUN SECURITIES PVT LTD,500,434.0,217000.0,2025-07-23 11:39:42.548199
2025-07-23,130164,2025072303007286,MLBL,Nagarik Stock Dealer ,SUN SECURITIES PVT LTD,50,433.1,21655.0,2025-07-23 11:39:42.548441
2025-07-23,130163,2025072303007287,MLBL,Nagarik Stock Dealer ,SUN SECURITIES PVT LTD,40,433.0,17320.0,2025-07-23 11:39:42.548674
2025-07-23,130162,2025072303007288,MLBL,Deevyaa Securities & Stock House Pvt. Ltd,SUN SECURITIES PVT LTD,400,432.2,172880.0,2025-07-23 11:39:42.548905
2025-07-23,130161,2025072303007289,MLBL,Cristal Kanchanjanga Securites Pvt. Ltd.,SUN SECURITIES PVT LTD,965,432.1,416976.5,2025-07-23 11:39:42.549156
2025-07-23,129328,2025072303007466,MLBL,Imperial Securities Company Pvt. Ltd.,Sajilo Broker Limited,500,432.2,216100.0,2025-07-23 11:40:55.713935
2025-07-23,129209,2025072303007472,MLBL,Thrive Brokerage House Pvt. Ltd,Agrawal Securities (PVT) Ltd.,77,432.2,33279.4,2025-07-23 11:41:07.260339
2025-07-23,127396,2025072303007798,MLBL,Neev Securities Pvt. Ltd.,Dipshikha Dhitopatra Karobar Co. Pvt Ltd.,800,433.0,346400.0,2025-07-23 11:43:45.736121
2025-07-23,127389,2025072303007799,MLBL,South Asian Bulls Pvt. Ltd.,Dakshinkali Investment & Securities Pvt. Ltd.,10,432.5,4325.0,2025-07-23 11:43:47.205852
2025-07-23,127388,2025072303007800,MLBL,Vision Securities Pvt. Ltd,Dakshinkali Investment & Securities Pvt. Ltd.,40,432.4,17296.0,2025-07-23 11:43:47.206156
2025-07-23,127337,2025072303007809,MLBL,Vision Securities Pvt. Ltd,Online Securities Pvt. Ltd.,10,432.4,4324.0,2025-07-23 11:43:51.121983
2025-07-23,126924,2025072303007917,MLBL,Online Securities Pvt. Ltd.,Agrawal Securities (PVT) Ltd.,70,432.3,30261.0,2025-07-23 11:44:28.898310
2025-07-23,126323,2025072303008007,MLBL,Bhrikuti Stock Broking Co. Pvt. Ltd.,Imperial Securities Company Pvt. Ltd.,4,424.0,1696.0,2025-07-23 11:45:20.029197
2025-07-23,125153,2025072303008217,MLBL,Bhrikuti Stock Broking Co. Pvt. Ltd.,Arun Securities (PVT) Ltd.,1,428.0,428.0,2025-07-23 11:46:50.947284
2025-07-23,124884,2025072303008275,MLBL,Aryatara Investment & Securities,Sumeru Securities Pvt. Ltd.,500,434.0,217000.0,2025-07-23 11:47:12.488672
2025-07-23,124883,2025072303008276,MLBL,Premier Securities Company Ltd.,Sumeru Securities Pvt. Ltd.,20,433.0,8660.0,2025-07-23 11:47:12.489172
2025-07-23,124882,2025072303008277,MLBL,Oxford Securities Pvt. Ltd.,Sumeru Securities Pvt. Ltd.,180,433.0,77940.0,2025-07-23 11:47:12.489448
2025-07-23,124110,2025072303008402,MLBL,Bhrikuti Stock Broking Co. Pvt. Ltd.,Sri Hari Securities Pvt. Ltd.,1,430.0,430.0,2025-07-23 11:48:11.611446
2025-07-23,121826,2025072303008705,MLBL,Vision Securities Pvt. Ltd,Cristal Kanchanjanga Securites Pvt. Ltd.,15,433.7,6505.5,2025-07-23 11:51:21.503498
2025-07-23,119818,2025072303008981,MLBL,Vision Securities Pvt. Ltd,Thrive Brokerage House Pvt. Ltd,300,436.0,130800.0,2025-07-23 11:54:12.606607
2025-07-23,119289,2025072303009060,MLBL,Trisul Securities & Invt. Ltd.,Deevyaa Securities & Stock House Pvt. Ltd,1000,435.0,435000.0,2025-07-23 11:54:53.164049
2025-07-23,119288,2025072303009061,MLBL,Infinity Securities Limited,Deevyaa Securities & Stock House Pvt. Ltd,500,434.1,217050.0,2025-07-23 11:54:53.164320
2025-07-23,118295,2025072303009174,MLBL,Aryatara Investment & Securities,Sweta Securities Private Limited,515,437.0,225055.0,2025-07-23 11:55:56.407305
2025-07-23,118294,2025072303009175,MLBL,Aryatara Investment & Securities,Dynamic Money Managers Securities Pvt. Ltd.,23,437.0,10051.0,2025-07-23 11:55:56.407562
2025-07-23,117746,2025072303009256,MLBL,Aryatara Investment & Securities,Sani Securities Company Ltd.,162,438.0,70956.0,2025-07-23 11:56:37.235748
2025-07-23,117310,2025072303009303,MLBL,Neev Securities Pvt. Ltd.,Sani Securities Company Ltd.,50,438.0,21900.0,2025-07-23 11:57:10.425983
2025-07-23,116470,2025072303009491,MLBL,Bhrikuti Stock Broking Co. Pvt. Ltd.,Thrive Brokerage House Pvt. Ltd,1,430.0,430.0,2025-07-23 11:58:19.802171
2025-07-23,116266,2025072303009520,MLBL,Bhrikuti Stock Broking Co. Pvt. Ltd.,South Asian Bulls Pvt. Ltd.,3,432.0,1296.0,2025-07-23 11:58:40.198910
2025-07-23,116133,2025072303009543,MLBL,Dakshinkali Investment & Securities Pvt. Ltd.,Aakashbhairab Securities Ltd.,100,437.0,43700.0,2025-07-23 11:58:55.517519
2025-07-23,116008,2025072303009559,MLBL,Dakshinkali Investment & Securities Pvt. Ltd.,Primo Securities (PVT) Ltd.,200,437.0,87400.0,2025-07-23 11:59:03.738232
2025-07-23,115654,2025072303009610,MLBL,Asian Securities Private Ltd.,Primo Securities (PVT) Ltd.,500,437.0,218500.0,2025-07-23 11:59:33.998759
2025-07-23,115100,2025072303009691,MLBL,Bhrikuti Stock Broking Co. Pvt. Ltd.,Dipshikha Dhitopatra Karobar Co. Pvt Ltd.,1,432.0,432.0,2025-07-23 12:00:28.416779
2025-07-23,114858,2025072303009732,MLBL,Trishakti Securities Public Limited,Sweta Securities Private Limited,60,435.5,26130.0,2025-07-23 12:00:46.181837
2025-07-23,114857,2025072303009733,MLBL,Vision Securities Pvt. Ltd,Sweta Securities Private Limited,130,435.2,56576.0,2025-07-23 12:00:46.182082
2025-07-23,114469,2025072303009796,MLBL,Dipshikha Dhitopatra Karobar Co. Pvt Ltd.,Primo Securities (PVT) Ltd.,200,435.1,87020.0,2025-07-23 12:01:21.069893
2025-07-23,114468,2025072303009797,MLBL,Imperial Securities Company Pvt. Ltd.,Primo Securities (PVT) Ltd.,500,435.1,217550.0,2025-07-23 12:01:21.070393
2025-07-23,114467,2025072303009798,MLBL,Thrive Brokerage House Pvt. Ltd,Primo Securities (PVT) Ltd.,923,435.1,401597.3,2025-07-23 12:01:21.070682
2025-07-23,114466,2025072303009799,MLBL,Naasa Securities Co. Ltd.,Primo Securities (PVT) Ltd.,187,435.0,81345.0,2025-07-23 12:01:21.070989
2025-07-23,114465,2025072303009800,MLBL,Linch Stock Market Ltd.,Primo Securities (PVT) Ltd.,30,435.0,13050.0,2025-07-23 12:01:21.071296
2025-07-23,114464,2025072303009801,MLBL,Kumari Securities Private Limited,Primo Securities (PVT) Ltd.,500,434.1,217050.0,2025-07-23 12:01:21.071577
2025-07-23,113757,2025072303009912,MLBL,Aryatara Investment & Securities,Primo Securities (PVT) Ltd.,500,434.0,217000.0,2025-07-23 12:02:32.867327
2025-07-23,113722,2025072303009918,MLBL,Bhrikuti Stock Broking Co. Pvt. Ltd.,Sani Securities Company Ltd.,1,430.0,430.0,2025-07-23 12:02:37.267991
2025-07-23,112466,2025072303010127,MLBL,Imperial Securities Company Pvt. Ltd.,Bhrikuti Stock Broking Co. Pvt. Ltd.,500,433.8,216900.0,2025-07-23 12:04:38.646841
2025-07-23,111698,2025072303010276,MLBL,Market Securities & Exchange (PVT) Ltd.,Primo Securities (PVT) Ltd.,1560,434.0,677040.0,2025-07-23 12:05:55.244410
2025-07-23,111546,2025072303010315,MLBL,Vision Securities Pvt. Ltd,Bhrikuti Stock Broking Co. Pvt. Ltd.,385,433.7,166974.5,2025-07-23 12:06:10.325496
2025-07-23,111545,2025072303010316,MLBL,K.B.L. Securities Limited ,Bhrikuti Stock Broking Co. Pvt. Ltd.,115,433.7,49875.5,2025-07-23 12:06:10.325765
2025-07-23,111227,2025072303010359,MLBL,Kumari Securities Private Limited,Naasa Securities Co. Ltd.,24,433.9,10413.6,2025-07-23 12:06:37.328432
2025-07-23,111044,2025072303010401,MLBL,Agrawal Securities (PVT) Ltd.,Aryatara Investment & Securities,250,436.0,109000.0,2025-07-23 12:06:57.271129
2025-07-23,110052,2025072303010574,MLBL,Kumari Securities Private Limited,Primo Securities (PVT) Ltd.,476,434.0,206584.0,2025-07-23 12:08:42.359411
2025-07-23,109647,2025072303010676,MLBL,Vision Securities Pvt. Ltd,Primo Securities (PVT) Ltd.,24,434.9,10437.6,2025-07-23 12:09:20.910197
2025-07-23,109646,2025072303010677,MLBL,Vision Securities Pvt. Ltd,Agrawal Securities (PVT) Ltd.,536,435.0,233160.0,2025-07-23 12:09:20.910459
2025-07-23,109629,2025072303010678,MLBL,K.B.L. Securities Limited ,Naasa Securities Co. Ltd.,68,433.7,29491.6,2025-07-23 12:09:22.131204
2025-07-23,107421,2025072303011215,MLBL,K.B.L. Securities Limited ,Premier Securities Company Ltd.,17,433.7,7372.9,2025-07-23 12:12:16.433721
2025-07-23,107420,2025072303011216,MLBL,Sani Securities Company Ltd.,Premier Securities Company Ltd.,183,433.7,79367.1,2025-07-23 12:12:16.433996
2025-07-23,106139,2025072303011451,MLBL,Nepal Investment And Securities Trading Private Limited,Aryatara Investment & Securities,5,433.0,2165.0,2025-07-23 12:14:04.474247
2025-07-23,105783,2025072303011525,MLBL,Sani Securities Company Ltd.,Dipshikha Dhitopatra Karobar Co. Pvt Ltd.,137,433.7,59416.9,2025-07-23 12:14:34.787103
2025-07-23,105782,2025072303011526,MLBL,Imperial Securities Company Pvt. Ltd.,Dipshikha Dhitopatra Karobar Co. Pvt Ltd.,363,433.7,157433.1,2025-07-23 12:14:34.787357
2025-07-23,105221,2025072303011661,MLBL,Bhrikuti Stock Broking Co. Pvt. Ltd.,Malla & Malla Stock Broking Company Pvt. Limited,4,425.1,1700.4,2025-07-23 12:15:24.258706
2025-07-23,105089,2025072303011686,MLBL,Imperial Securities Company Pvt. Ltd.,Vision Securities Pvt. Ltd,123,433.7,53345.1,2025-07-23 12:15:36.818315
2025-07-23,105028,2025072303011700,MLBL,Bhrikuti Stock Broking Co. Pvt. Ltd.,Imperial Securities Company Pvt. Ltd.,1,425.1,425.1,2025-07-23 12:15:42.401197
2025-07-23,105021,2025072303011705,MLBL,Imperial Securities Company Pvt. Ltd.,MILKY WAY SHARE BROKER COMPANY LTD ,14,433.7,6071.8,2025-07-23 12:15:43.130333
2025-07-23,104685,2025072303011786,MLBL,Primo Securities (PVT) Ltd.,Agrawal Securities (PVT) Ltd.,200,433.6,86720.0,2025-07-23 12:16:08.066163
2025-07-23,104684,2025072303011787,MLBL,Kumari Securities Private Limited,Agrawal Securities (PVT) Ltd.,200,433.6,86720.0,2025-07-23 12:16:08.066400
2025-07-23,104683,2025072303011788,MLBL,Sani Securities Company Ltd.,Agrawal Securities (PVT) Ltd.,200,433.5,86700.0,2025-07-23 12:16:08.066504
2025-07-23,104682,2025072303011789,MLBL,Imperial Securities Company Pvt. Ltd.,Agrawal Securities (PVT) Ltd.,364,433.1,157648.4,2025-07-23 12:16:08.066603
2025-07-23,103002,2025072303012156,MLBL,Imperial Securities Company Pvt. Ltd.,Primo Securities (PVT) Ltd.,103,433.1,44609.3,2025-07-23 12:18:28.504981
2025-07-23,102726,2025072303012246,MLBL,Imperial Securities Company Pvt. Ltd.,Midas Stock Broking Company Private Limited,33,433.1,14292.3,2025-07-23 12:18:48.826826
2025-07-23,102725,2025072303012247,MLBL,Oxford Securities Pvt. Ltd.,Midas Stock Broking Company Private Limited,67,433.0,29011.0,2025-07-23 12:18:48.827096
2025-07-23,102321,2025072303012327,MLBL,Oxford Securities Pvt. Ltd.,Aryatara Investment & Securities,53,433.0,22949.0,2025-07-23 12:19:18.687331
2025-07-23,102320,2025072303012328,MLBL,Midas Stock Broking Company Private Limited,Aryatara Investment & Securities,14,433.0,6062.0,2025-07-23 12:19:18.687807
2025-07-23,102054,2025072303012397,MLBL,South Asian Bulls Pvt. Ltd.,Bhrikuti Stock Broking Co. Pvt. Ltd.,300,432.8,129840.0,2025-07-23 12:19:43.741908
2025-07-23,101766,2025072303012477,MLBL,Imperial Securities Company Pvt. Ltd.,Vision Securities Pvt. Ltd,500,432.6,216300.0,2025-07-23 12:20:09.306183
2025-07-23,101763,2025072303012478,MLBL,Vision Securities Pvt. Ltd,Bhrikuti Stock Broking Co. Pvt. Ltd.,50,432.8,21640.0,2025-07-23 12:20:09.636705
2025-07-23,101762,2025072303012479,MLBL,Vision Securities Pvt. Ltd,Aryatara Investment & Securities,488,433.0,211304.0,2025-07-23 12:20:09.636946
2025-07-23,101605,2025072303012507,MLBL,Bhrikuti Stock Broking Co. Pvt. Ltd.,Online Securities Pvt. Ltd.,1,430.0,430.0,2025-07-23 12:20:22.212016
2025-07-23,101463,2025072303012546,MLBL,Vision Securities Pvt. Ltd,Aryatara Investment & Securities,12,433.0,5196.0,2025-07-23 12:20:36.278141
2025-07-23,101462,2025072303012547,MLBL,Sewa Securities Pvt. Ltd.,Aryatara Investment & Securities,100,432.5,43250.0,2025-07-23 12:20:36.278191
2025-07-23,101461,2025072303012548,MLBL,Online Securities Pvt. Ltd.,Aryatara Investment & Securities,80,432.3,34584.0,2025-07-23 12:20:36.278228
2025-07-23,101460,2025072303012549,MLBL,Siprabi Securities Pvt. Ltd.,Aryatara Investment & Securities,44,432.3,19021.2,2025-07-23 12:20:36.278266
2025-07-23,100796,2025072303012724,MLBL,Siprabi Securities Pvt. Ltd.,Aryatara Investment & Securities,456,432.3,197128.8,2025-07-23 12:21:30.970959
2025-07-23,100795,2025072303012725,MLBL,Sri Hari Securities Pvt. Ltd.,Aryatara Investment & Securities,246,432.2,106321.2,2025-07-23 12:21:30.971225
2025-07-23,100794,2025072303012726,MLBL,Cristal Kanchanjanga Securites Pvt. Ltd.,Aryatara Investment & Securities,35,432.1,15123.5,2025-07-23 12:21:30.971332
2025-07-23,100793,2025072303012727,MLBL,Premier Securities Company Ltd.,Aryatara Investment & Securities,263,432.0,113616.0,2025-07-23 12:21:30.971433
2025-07-23,100048,2025072303012908,MLBL,Premier Securities Company Ltd.,Vision Securities Pvt. Ltd,290,432.0,125280.0,2025-07-23 12:22:40.483508
2025-07-23,99876,2025072303012936,MLBL,Premier Securities Company Ltd.,Vision Securities Pvt. Ltd,447,432.0,193104.0,2025-07-23 12:22:52.659819
2025-07-23,99875,2025072303012937,MLBL,Kalika Securities Pvt. Ltd.,Vision Securities Pvt. Ltd,136,432.0,58752.0,2025-07-23 12:22:52.660088
2025-07-23,99874,2025072303012938,MLBL,Bhrikuti Stock Broking Co. Pvt. Ltd.,Vision Securities Pvt. Ltd,10,432.0,4320.0,2025-07-23 12:22:52.660203
2025-07-23,99764,2025072303012959,MLBL,Cristal Kanchanjanga Securites Pvt. Ltd.,Vision Securities Pvt. Ltd,1000,431.4,431400.0,2025-07-23 12:23:04.274805
2025-07-23,98188,2025072303013428,MLBL,Thrive Brokerage House Pvt. Ltd,Vision Securities Pvt. Ltd,407,431.3,175539.1,2025-07-23 12:25:07.223556
2025-07-23,97838,2025072303013555,MLBL,Kalika Securities Pvt. Ltd.,J.F. Securites (PVT) Ltd.,20,431.4,8628.0,2025-07-23 12:25:40.266224
2025-07-23,97767,2025072303013572,MLBL,Thrive Brokerage House Pvt. Ltd,Vision Securities Pvt. Ltd,10,431.3,4313.0,2025-07-23 12:25:43.551131
2025-07-23,97542,2025072303013622,MLBL,Neev Securities Pvt. Ltd.,J.F. Securites (PVT) Ltd.,230,431.4,99222.0,2025-07-23 12:26:02.142188
2025-07-23,97114,2025072303013694,MLBL,Neev Securities Pvt. Ltd.,Sani Securities Company Ltd.,20,431.4,8628.0,2025-07-23 12:26:41.575462
2025-07-23,97113,2025072303013695,MLBL,Thrive Brokerage House Pvt. Ltd,Sani Securities Company Ltd.,981,431.3,423105.3,2025-07-23 12:26:41.575779
2025-07-23,96663,2025072303013818,MLBL,Siprabi Securities Pvt. Ltd.,Midas Stock Broking Company Private Limited,500,431.5,215750.0,2025-07-23 12:27:29.475181
2025-07-23,96015,2025072303013961,MLBL,Agrawal Securities (PVT) Ltd.,Vision Securities Pvt. Ltd,100,431.5,43150.0,2025-07-23 12:28:41.663812
2025-07-23,96014,2025072303013962,MLBL,Midas Stock Broking Company Private Limited,Vision Securities Pvt. Ltd,150,431.4,64710.0,2025-07-23 12:28:41.663863
2025-07-23,94644,2025072303014330,MLBL,Sumeru Securities Pvt. Ltd.,Opal Securities Investment (PVT) Ltd.,100,431.5,43150.0,2025-07-23 12:31:10.539175
2025-07-23,94090,2025072303014453,MLBL,Deevyaa Securities & Stock House Pvt. Ltd,Opal Securities Investment (PVT) Ltd.,100,431.5,43150.0,2025-07-23 12:32:06.970002
2025-07-23,93445,2025072303014602,MLBL,Sundhara Securities Limited,Asian Securities Private Ltd.,10,433.0,4330.0,2025-07-23 12:33:17.548116
2025-07-23,92782,2025072303014737,MLBL,Sundhara Securities Limited,Asian Securities Private Ltd.,27,433.0,11691.0,2025-07-23 12:34:32.590882
2025-07-23,92781,2025072303014738,MLBL,Sundhara Securities Limited,Naasa Securities Co. Ltd.,73,433.0,31609.0,2025-07-23 12:34:32.591384
2025-07-23,91849,2025072303014925,MLBL,Deevyaa Securities & Stock House Pvt. Ltd,NIMB Stock Markets Limited,100,432.0,43200.0,2025-07-23 12:36:18.083559
2025-07-23,91848,2025072303014926,MLBL,Sharepro Securities Private Limited,NIMB Stock Markets Limited,1900,431.8,820420.0,2025-07-23 12:36:18.083820
2025-07-23,91265,2025072303015022,MLBL,Sumeru Securities Pvt. Ltd.,Midas Stock Broking Company Private Limited,400,432.9,173160.0,2025-07-23 12:37:25.085296
2025-07-23,90886,2025072303015098,MLBL,Dipshikha Dhitopatra Karobar Co. Pvt Ltd.,Sundhara Securities Limited,11,433.0,4763.0,2025-07-23 12:38:14.508745
2025-07-23,89489,2025072303015366,MLBL,Kalika Securities Pvt. Ltd.,Naasa Securities Co. Ltd.,50,433.0,21650.0,2025-07-23 12:40:27.134170
2025-07-23,89488,2025072303015367,MLBL,Kalika Securities Pvt. Ltd.,Naasa Securities Co. Ltd.,10,433.0,4330.0,2025-07-23 12:40:27.134640
2025-07-23,89487,2025072303015368,MLBL,Kalika Securities Pvt. Ltd.,Siprabi Securities Pvt. Ltd.,100,433.0,43300.0,2025-07-23 12:40:27.134955
2025-07-23,88377,2025072303015557,MLBL,Sundhara Securities Limited,Opal Securities Investment (PVT) Ltd.,10,433.6,4336.0,2025-07-23 12:42:33.473755
2025-07-23,87531,2025072303015762,MLBL,Nepal Stock House (PVT) Ltd.,Opal Securities Investment (PVT) Ltd.,130,433.6,56368.0,2025-07-23 12:44:28.623064
2025-07-23,86787,2025072303015954,MLBL,Nepal Stock House (PVT) Ltd.,Aryatara Investment & Securities,18,433.6,7804.8,2025-07-23 12:45:57.922389
2025-07-23,86531,2025072303016017,MLBL,Nepal Stock House (PVT) Ltd.,Naasa Securities Co. Ltd.,452,433.6,195987.2,2025-07-23 12:46:38.064340
2025-07-23,86324,2025072303016055,MLBL,Imperial Securities Company Pvt. Ltd.,Naasa Securities Co. Ltd.,488,433.6,211596.8,2025-07-23 12:47:05.255917
2025-07-23,86323,2025072303016056,MLBL,Imperial Securities Company Pvt. Ltd.,MILKY WAY SHARE BROKER COMPANY LTD ,12,433.7,5204.4,2025-07-23 12:47:05.256444
2025-07-23,85628,2025072303016191,MLBL,Online Securities Pvt. Ltd.,Naasa Securities Co. Ltd.,10,433.0,4330.0,2025-07-23 12:48:15.093102
2025-07-23,84611,2025072303016341,MLBL,KALASH STOCK MARKET PVT. LTD.,MILKY WAY SHARE BROKER COMPANY LTD ,700,433.7,303590.0,2025-07-23 12:50:11.590058
2025-07-23,84170,2025072303016432,MLBL,Midas Stock Broking Company Private Limited,MILKY WAY SHARE BROKER COMPANY LTD ,100,433.7,43370.0,2025-07-23 12:51:07.662989
2025-07-23,84169,2025072303016433,MLBL,Imperial Securities Company Pvt. Ltd.,J.F. Securites (PVT) Ltd.,15,433.1,6496.5,2025-07-23 12:51:07.722281
2025-07-23,84168,2025072303016434,MLBL,Malla & Malla Stock Broking Company Pvt. Limited,J.F. Securites (PVT) Ltd.,85,433.0,36805.0,2025-07-23 12:51:07.722431
2025-07-23,83537,2025072303016510,MLBL,Malla & Malla Stock Broking Company Pvt. Limited,Primo Securities (PVT) Ltd.,114,433.0,49362.0,2025-07-23 12:52:09.334658
2025-07-23,83536,2025072303016511,MLBL,Malla & Malla Stock Broking Company Pvt. Limited,Imperial Securities Company Pvt. Ltd.,1,433.0,433.0,2025-07-23 12:52:09.334938
2025-07-23,81949,2025072303016779,MLBL,Kalika Securities Pvt. Ltd.,Imperial Securities Company Pvt. Ltd.,500,433.1,216550.0,2025-07-23 12:55:45.821888
2025-07-23,81881,2025072303016796,MLBL,Creative Securities Pvt Ltd,Imperial Securities Company Pvt. Ltd.,100,433.0,43300.0,2025-07-23 12:55:52.483366
2025-07-23,81880,2025072303016797,MLBL,Deevyaa Securities & Stock House Pvt. Ltd,Imperial Securities Company Pvt. Ltd.,200,433.0,86600.0,2025-07-23 12:55:52.483640
2025-07-23,81879,2025072303016798,MLBL,Midas Stock Broking Company Private Limited,Imperial Securities Company Pvt. Ltd.,32,433.0,13856.0,2025-07-23 12:55:52.483752
2025-07-23,81666,2025072303016865,MLBL,Kohinoor Investment & Securities Pvt. Ltd.,Asian Securities Private Ltd.,1,425.0,425.0,2025-07-23 12:56:17.760447
2025-07-23,81507,2025072303016899,MLBL,Online Securities Pvt. Ltd.,Imperial Securities Company Pvt. Ltd.,100,433.0,43300.0,2025-07-23 12:56:41.640195
2025-07-23,81085,2025072303016976,MLBL,Asian Securities Private Ltd.,Trishakti Securities Public Limited,300,432.5,129750.0,2025-07-23 12:57:39.643767
2025-07-23,81001,2025072303016995,MLBL,Deevyaa Securities & Stock House Pvt. Ltd,Imperial Securities Company Pvt. Ltd.,68,433.0,29444.0,2025-07-23 12:57:48.683843
2025-07-23,81000,2025072303016996,MLBL,Deevyaa Securities & Stock House Pvt. Ltd,Imperial Securities Company Pvt. Ltd.,712,433.0,308296.0,2025-07-23 12:57:48.684112
2025-07-23,80047,2025072303017166,MLBL,Citizens Share Broker Limited,Naasa Securities Co. Ltd.,100,433.1,43310.0,2025-07-23 12:59:46.933573
2025-07-23,80046,2025072303017167,MLBL,KALASH STOCK MARKET PVT. LTD.,Naasa Securities Co. Ltd.,200,433.1,86620.0,2025-07-23 12:59:46.933871
2025-07-23,80045,2025072303017168,MLBL,Deevyaa Securities & Stock House Pvt. Ltd,Naasa Securities Co. Ltd.,200,433.0,86600.0,2025-07-23 12:59:46.933985
2025-07-23,79931,2025072303017182,MLBL,Deevyaa Securities & Stock House Pvt. Ltd,Naasa Securities Co. Ltd.,30,433.0,12990.0,2025-07-23 13:00:05.373243
2025-07-23,79603,2025072303017267,MLBL,Deevyaa Securities & Stock House Pvt. Ltd,Creative Securities Pvt Ltd,300,433.0,129900.0,2025-07-23 13:01:00.777929
2025-07-23,79123,2025072303017353,MLBL,Deevyaa Securities & Stock House Pvt. Ltd,Nepal Stock House (PVT) Ltd.,650,433.0,281450.0,2025-07-23 13:02:11.416452
2025-07-23,78564,2025072303017430,MLBL,APPLE SECURITIES PRIVATE LIMITED,MILKY WAY SHARE BROKER COMPANY LTD ,182,433.7,78933.4,2025-07-23 13:03:11.364737
2025-07-23,77359,2025072303017686,MLBL,Dakshinkali Investment & Securities Pvt. Ltd.,Midas Stock Broking Company Private Limited,29,434.0,12586.0,2025-07-23 13:05:37.442662
2025-07-23,77358,2025072303017687,MLBL,Dakshinkali Investment & Securities Pvt. Ltd.,Shree Krishna Securities Ltd.,11,434.5,4779.5,2025-07-23 13:05:37.442950
2025-07-23,77357,2025072303017688,MLBL,Dakshinkali Investment & Securities Pvt. Ltd.,Premier Securities Company Ltd.,201,435.0,87435.0,2025-07-23 13:05:37.443072
2025-07-23,77356,2025072303017689,MLBL,Dakshinkali Investment & Securities Pvt. Ltd.,Vision Securities Pvt. Ltd,210,435.0,91350.0,2025-07-23 13:05:37.443188
2025-07-23,77355,2025072303017690,MLBL,Dakshinkali Investment & Securities Pvt. Ltd.,Premier Securities Company Ltd.,64,435.0,27840.0,2025-07-23 13:05:37.443296
2025-07-23,77354,2025072303017691,MLBL,Dakshinkali Investment & Securities Pvt. Ltd.,ABC Securities Private Limited,10,435.0,4350.0,2025-07-23 13:05:37.443406
2025-07-23,77353,2025072303017692,MLBL,Dakshinkali Investment & Securities Pvt. Ltd.,Citizens Share Broker Limited,475,435.0,206625.0,2025-07-23 13:05:37.443514
2025-07-23,75276,2025072303018111,MLBL,Vision Securities Pvt. Ltd,Kohinoor Investment & Securities Pvt. Ltd.,200,434.0,86800.0,2025-07-23 13:09:34.968220
2025-07-23,73034,2025072303018650,MLBL,Naasa Securities Co. Ltd.,Siprabi Securities Pvt. Ltd.,10,434.0,4340.0,2025-07-23 13:14:04.621930
2025-07-23,73033,2025072303018651,MLBL,Ashutosh Brokerage & Securities (PVT) Ltd.,Siprabi Securities Pvt. Ltd.,50,433.8,21690.0,2025-07-23 13:14:04.622522
2025-07-23,73032,2025072303018652,MLBL,APPLE SECURITIES PRIVATE LIMITED,Siprabi Securities Pvt. Ltd.,318,433.7,137916.6,2025-07-23 13:14:04.622874
2025-07-23,73031,2025072303018653,MLBL,Vision Securities Pvt. Ltd,Siprabi Securities Pvt. Ltd.,200,433.7,86740.0,2025-07-23 13:14:04.623219
2025-07-23,73030,2025072303018654,MLBL,Deevyaa Securities & Stock House Pvt. Ltd,Siprabi Securities Pvt. Ltd.,422,433.0,182726.0,2025-07-23 13:14:04.623563
2025-07-23,72805,2025072303018725,MLBL,Deevyaa Securities & Stock House Pvt. Ltd,Prabhu Stock Market Limited,793,433.0,343369.0,2025-07-23 13:14:28.433491
2025-07-23,72804,2025072303018726,MLBL,Dakshinkali Investment & Securities Pvt. Ltd.,Prabhu Stock Market Limited,1000,433.0,433000.0,2025-07-23 13:14:28.433783
2025-07-23,72803,2025072303018727,MLBL,SUN SECURITIES PVT LTD,Prabhu Stock Market Limited,50,433.0,21650.0,2025-07-23 13:14:28.433896
2025-07-23,72802,2025072303018728,MLBL,Deevyaa Securities & Stock House Pvt. Ltd,Prabhu Stock Market Limited,957,433.0,414381.0,2025-07-23 13:14:28.434010
2025-07-23,72127,2025072303018913,MLBL,Deevyaa Securities & Stock House Pvt. Ltd,Nepal Stock House (PVT) Ltd.,371,433.0,160643.0,2025-07-23 13:15:51.182115
2025-07-23,72126,2025072303018914,MLBL,Dipshikha Dhitopatra Karobar Co. Pvt Ltd.,Nepal Stock House (PVT) Ltd.,20,433.0,8660.0,2025-07-23 13:15:51.182387
2025-07-23,72125,2025072303018915,MLBL,Sani Securities Company Ltd.,Nepal Stock House (PVT) Ltd.,10,433.0,4330.0,2025-07-23 13:15:51.182497
2025-07-23,72124,2025072303018916,MLBL,Dipshikha Dhitopatra Karobar Co. Pvt Ltd.,Nepal Stock House (PVT) Ltd.,20,433.0,8660.0,2025-07-23 13:15:51.182604
2025-07-23,72123,2025072303018917,MLBL,Aryatara Investment & Securities,Nepal Stock House (PVT) Ltd.,10,433.0,4330.0,2025-07-23 13:15:51.182709
2025-07-23,72076,2025072303018926,MLBL,Oxford Securities Pvt. Ltd.,Infinity Securities Limited,2000,432.6,865200.0,2025-07-23 13:15:56.896923
2025-07-23,72075,2025072303018927,MLBL,Asian Securities Private Ltd.,Infinity Securities Limited,200,432.5,86500.0,2025-07-23 13:15:56.896973
2025-07-23,72074,2025072303018928,MLBL,Vision Securities Pvt. Ltd,Infinity Securities Limited,390,432.2,168558.0,2025-07-23 13:15:56.897006
2025-07-23,72073,2025072303018929,MLBL,Imperial Securities Company Pvt. Ltd.,Infinity Securities Limited,500,432.1,216050.0,2025-07-23 13:15:56.897037
2025-07-23,72072,2025072303018930,MLBL,Siprabi Securities Pvt. Ltd.,Infinity Securities Limited,150,432.0,64800.0,2025-07-23 13:15:56.897061
2025-07-23,72071,2025072303018931,MLBL,Kumari Securities Private Limited,Infinity Securities Limited,100,432.0,43200.0,2025-07-23 13:15:56.897083
2025-07-23,72070,2025072303018932,MLBL,South Asian Bulls Pvt. Ltd.,Infinity Securities Limited,50,432.0,21600.0,2025-07-23 13:15:56.897130
2025-07-23,72069,2025072303018933,MLBL,Oxford Securities Pvt. Ltd.,Infinity Securities Limited,100,432.0,43200.0,2025-07-23 13:15:56.897169
2025-07-23,72068,2025072303018934,MLBL,Malla & Malla Stock Broking Company Pvt. Limited,Infinity Securities Limited,1000,432.0,432000.0,2025-07-23 13:15:56.897210
2025-07-23,72067,2025072303018935,MLBL,Online Securities Pvt. Ltd.,Infinity Securities Limited,200,431.9,86380.0,2025-07-23 13:15:56.897242
2025-07-23,72066,2025072303018936,MLBL,Sharepro Securities Private Limited,Infinity Securities Limited,100,431.8,43180.0,2025-07-23 13:15:56.897265
2025-07-23,72065,2025072303018937,MLBL,Dynamic Money Managers Securities Pvt. Ltd.,Infinity Securities Limited,500,431.6,215800.0,2025-07-23 13:15:56.897296
2025-07-23,72064,2025072303018938,MLBL,J.F. Securites (PVT) Ltd.,Infinity Securities Limited,1000,431.5,431500.0,2025-07-23 13:15:56.897319
2025-07-23,72063,2025072303018939,MLBL,Dipshikha Dhitopatra Karobar Co. Pvt Ltd.,Infinity Securities Limited,500,431.5,215750.0,2025-07-23 13:15:56.897338
2025-07-23,72062,2025072303018940,MLBL,Midas Stock Broking Company Private Limited,Infinity Securities Limited,50,431.4,21570.0,2025-07-23 13:15:56.897359
2025-07-23,72061,2025072303018941,MLBL,Thrive Brokerage House Pvt. Ltd,Infinity Securities Limited,229,431.3,98767.7,2025-07-23 13:15:56.897389
2025-07-23,71989,2025072303018952,MLBL,Thrive Brokerage House Pvt. Ltd,Online Securities Pvt. Ltd.,537,431.3,231608.1,2025-07-23 13:16:01.086984
2025-07-23,71032,2025072303019165,MLBL,Thrive Brokerage House Pvt. Ltd,SHUBHAKAMANA SECURITIES PVT. LTD,836,431.3,360566.8,2025-07-23 13:17:57.883784
2025-07-23,71031,2025072303019166,MLBL,Primo Securities (PVT) Ltd.,SHUBHAKAMANA SECURITIES PVT. LTD,300,431.2,129360.0,2025-07-23 13:17:57.884107
2025-07-23,71030,2025072303019167,MLBL,Cristal Kanchanjanga Securites Pvt. Ltd.,SHUBHAKAMANA SECURITIES PVT. LTD,1000,431.1,431100.0,2025-07-23 13:17:57.884262
2025-07-23,71029,2025072303019168,MLBL,ABC Securities Private Limited,SHUBHAKAMANA SECURITIES PVT. LTD,2864,431.0,1234384.0,2025-07-23 13:17:57.884369
2025-07-23,70689,2025072303019246,MLBL,Trisul Securities & Invt. Ltd.,Dipshikha Dhitopatra Karobar Co. Pvt Ltd.,19,432.0,8208.0,2025-07-23 13:18:36.634619
2025-07-23,70328,2025072303019338,MLBL,Trisul Securities & Invt. Ltd.,Himalayan Brokerage Company Limited,181,432.0,78192.0,2025-07-23 13:19:22.975879
2025-07-23,70134,2025072303019394,MLBL,ABC Securities Private Limited,Himalayan Brokerage Company Limited,219,431.0,94389.0,2025-07-23 13:19:50.911647
2025-07-23,69773,2025072303019481,MLBL,ABC Securities Private Limited,Global IME Securities Limited,50,431.0,21550.0,2025-07-23 13:20:35.770482
2025-07-23,69587,2025072303019510,MLBL,Kohinoor Investment & Securities Pvt. Ltd.,Bhrikuti Stock Broking Co. Pvt. Ltd.,1,424.4,424.4,2025-07-23 13:20:53.183683
2025-07-23,69469,2025072303019544,MLBL,Vision Securities Pvt. Ltd,Dynamic Money Managers Securities Pvt. Ltd.,200,432.9,86580.0,2025-07-23 13:21:07.550985
2025-07-23,69275,2025072303019595,MLBL,ABC Securities Private Limited,Dynamic Money Managers Securities Pvt. Ltd.,106,431.0,45686.0,2025-07-23 13:21:35.984765
2025-07-23,68454,2025072303019840,MLBL,Kohinoor Investment & Securities Pvt. Ltd.,Premier Securities Company Ltd.,30,432.0,12960.0,2025-07-23 13:23:22.000800
2025-07-23,68167,2025072303019910,MLBL,Premier Securities Company Ltd.,Nepal Stock House (PVT) Ltd.,69,433.0,29877.0,2025-07-23 13:24:00.616743
2025-07-23,68166,2025072303019911,MLBL,Premier Securities Company Ltd.,Nabil Stock Dealer Ltd.,100,433.0,43300.0,2025-07-23 13:24:00.617047
2025-07-23,67850,2025072303019981,MLBL,Kohinoor Investment & Securities Pvt. Ltd.,Capital Max Securities Ltd,12,432.0,5184.0,2025-07-23 13:24:55.779616
2025-07-23,66970,2025072303020197,MLBL,Linch Stock Market Ltd.,Naasa Securities Co. Ltd.,100,432.1,43210.0,2025-07-23 13:26:34.509942
2025-07-23,66969,2025072303020198,MLBL,Kohinoor Investment & Securities Pvt. Ltd.,Naasa Securities Co. Ltd.,347,432.0,149904.0,2025-07-23 13:26:34.510255
2025-07-23,66688,2025072303020272,MLBL,Kohinoor Investment & Securities Pvt. Ltd.,Investment Management Nepal Pvt. Ltd.,611,432.0,263952.0,2025-07-23 13:27:12.621349
2025-07-23,66416,2025072303020351,MLBL,Naasa Securities Co. Ltd.,Investment Management Nepal Pvt. Ltd.,100,432.0,43200.0,2025-07-23 13:27:53.595248
2025-07-23,66146,2025072303020408,MLBL,Premier Securities Company Ltd.,Investment Management Nepal Pvt. Ltd.,289,432.0,124848.0,2025-07-23 13:28:30.326056
2025-07-23,64015,2025072303021014,MLBL,Premier Securities Company Ltd.,Naasa Securities Co. Ltd.,100,432.0,43200.0,2025-07-23 13:32:21.598678
2025-07-23,63850,2025072303021051,MLBL,ABC Securities Private Limited,N.M.B. SECURITIES LIMITED,1003,431.0,432293.0,2025-07-23 13:32:39.984916
2025-07-23,63849,2025072303021052,MLBL,Trishakti Securities Public Limited,N.M.B. SECURITIES LIMITED,240,431.0,103440.0,2025-07-23 13:32:39.985213
2025-07-23,63848,2025072303021053,MLBL,Dakshinkali Investment & Securities Pvt. Ltd.,N.M.B. SECURITIES LIMITED,300,431.0,129300.0,2025-07-23 13:32:39.985328
2025-07-23,63847,2025072303021054,MLBL,Sewa Securities Pvt. Ltd.,N.M.B. SECURITIES LIMITED,100,431.0,43100.0,2025-07-23 13:32:39.985438
2025-07-23,63846,2025072303021055,MLBL,Kalika Securities Pvt. Ltd.,N.M.B. SECURITIES LIMITED,20,431.0,8620.0,2025-07-23 13:32:39.985549
2025-07-23,63845,2025072303021056,MLBL,Nagarik Stock Dealer ,N.M.B. SECURITIES LIMITED,500,430.4,215200.0,2025-07-23 13:32:39.985658
2025-07-23,63844,2025072303021057,MLBL,Dynamic Money Managers Securities Pvt. Ltd.,N.M.B. SECURITIES LIMITED,100,430.3,43030.0,2025-07-23 13:32:39.985793
2025-07-23,63843,2025072303021058,MLBL,Thrive Brokerage House Pvt. Ltd,N.M.B. SECURITIES LIMITED,100,430.3,43030.0,2025-07-23 13:32:39.985917
2025-07-23,63842,2025072303021059,MLBL,Primo Securities (PVT) Ltd.,N.M.B. SECURITIES LIMITED,250,430.2,107550.0,2025-07-23 13:32:39.986049
2025-07-23,63841,2025072303021060,MLBL,Thrive Brokerage House Pvt. Ltd,N.M.B. SECURITIES LIMITED,5000,430.2,2151000.0,2025-07-23 13:32:39.986158
2025-07-23,63840,2025072303021061,MLBL,Nepal Investment And Securities Trading Private Limited,N.M.B. SECURITIES LIMITED,10,430.2,4302.0,2025-07-23 13:32:39.986286
2025-07-23,63839,2025072303021062,MLBL,Kumari Securities Private Limited,N.M.B. SECURITIES LIMITED,200,430.1,86020.0,2025-07-23 13:32:39.986397
2025-07-23,63838,2025072303021063,MLBL,Sri Hari Securities Pvt. Ltd.,N.M.B. SECURITIES LIMITED,200,430.1,86020.0,2025-07-23 13:32:39.986499
2025-07-23,63837,2025072303021064,MLBL,KALASH STOCK MARKET PVT. LTD.,N.M.B. SECURITIES LIMITED,500,430.1,215050.0,2025-07-23 13:32:39.986603
2025-07-23,63836,2025072303021065,MLBL,South Asian Bulls Pvt. Ltd.,N.M.B. SECURITIES LIMITED,500,430.0,215000.0,2025-07-23 13:32:39.986710
2025-07-23,63835,2025072303021066,MLBL,Himalayan Brokerage Company Limited,N.M.B. SECURITIES LIMITED,100,430.0,43000.0,2025-07-23 13:32:39.986815
2025-07-23,63834,2025072303021067,MLBL,Premier Securities Company Ltd.,N.M.B. SECURITIES LIMITED,500,430.0,215000.0,2025-07-23 13:32:39.986919
2025-07-23,63833,2025072303021068,MLBL,Premier Securities Company Ltd.,N.M.B. SECURITIES LIMITED,300,430.0,129000.0,2025-07-23 13:32:39.987046
2025-07-23,63832,2025072303021069,MLBL,Nepal Stock House (PVT) Ltd.,N.M.B. SECURITIES LIMITED,77,430.0,33110.0,2025-07-23 13:32:39.987148
2025-07-23,62443,2025072303021473,MLBL,Aryatara Investment & Securities,Asian Securities Private Ltd.,300,430.1,129030.0,2025-07-23 13:34:54.502038
2025-07-23,62442,2025072303021474,MLBL,Nepal Stock House (PVT) Ltd.,Asian Securities Private Ltd.,123,430.0,52890.0,2025-07-23 13:34:54.502299
2025-07-23,62441,2025072303021475,MLBL,Siprabi Securities Pvt. Ltd.,Asian Securities Private Ltd.,1000,430.0,430000.0,2025-07-23 13:34:54.502405
2025-07-23,62440,2025072303021476,MLBL,Dipshikha Dhitopatra Karobar Co. Pvt Ltd.,Asian Securities Private Ltd.,161,430.0,69230.0,2025-07-23 13:34:54.502530
2025-07-23,62363,2025072303021490,MLBL,Dipshikha Dhitopatra Karobar Co. Pvt Ltd.,Neev Securities Pvt. Ltd.,339,430.0,145770.0,2025-07-23 13:35:04.072196
2025-07-23,62362,2025072303021491,MLBL,Neev Securities Pvt. Ltd.,Neev Securities Pvt. Ltd.,200,430.0,86000.0,2025-07-23 13:35:04.072478
2025-07-23,62361,2025072303021492,MLBL,Dakshinkali Investment & Securities Pvt. Ltd.,Neev Securities Pvt. Ltd.,458,430.0,196940.0,2025-07-23 13:35:04.072584
2025-07-23,61891,2025072303021684,MLBL,Dakshinkali Investment & Securities Pvt. Ltd.,Nepal Stock House (PVT) Ltd.,900,430.0,387000.0,2025-07-23 13:35:51.561898
2025-07-23,61003,2025072303021997,MLBL,Dakshinkali Investment & Securities Pvt. Ltd.,Vision Securities Pvt. Ltd,942,430.0,405060.0,2025-07-23 13:37:18.686637
2025-07-23,61002,2025072303021998,MLBL,Bhrikuti Stock Broking Co. Pvt. Ltd.,Vision Securities Pvt. Ltd,150,430.0,64500.0,2025-07-23 13:37:18.686933
2025-07-23,61001,2025072303021999,MLBL,Trishakti Securities Public Limited,Vision Securities Pvt. Ltd,100,430.0,43000.0,2025-07-23 13:37:18.687043
2025-07-23,61000,2025072303022000,MLBL,Bhrikuti Stock Broking Co. Pvt. Ltd.,Vision Securities Pvt. Ltd,10,430.0,4300.0,2025-07-23 13:37:18.687145
2025-07-23,60999,2025072303022001,MLBL,Sri Hari Securities Pvt. Ltd.,Vision Securities Pvt. Ltd,200,430.0,86000.0,2025-07-23 13:37:18.687239
2025-07-23,60998,2025072303022002,MLBL,Kumari Securities Private Limited,Vision Securities Pvt. Ltd,500,430.0,215000.0,2025-07-23 13:37:18.687334
2025-07-23,60997,2025072303022003,MLBL,Neev Securities Pvt. Ltd.,Vision Securities Pvt. Ltd,200,430.0,86000.0,2025-07-23 13:37:18.687434
2025-07-23,60996,2025072303022004,MLBL,Kumari Securities Private Limited,Vision Securities Pvt. Ltd,50,430.0,21500.0,2025-07-23 13:37:18.687543
2025-07-23,60995,2025072303022005,MLBL,Naasa Securities Co. Ltd.,Vision Securities Pvt. Ltd,50,430.0,21500.0,2025-07-23 13:37:18.687643
2025-07-23,60994,2025072303022006,MLBL,Aryatara Investment & Securities,Vision Securities Pvt. Ltd,200,430.0,86000.0,2025-07-23 13:37:18.687743
2025-07-23,60993,2025072303022007,MLBL,Dipshikha Dhitopatra Karobar Co. Pvt Ltd.,Vision Securities Pvt. Ltd,10,430.0,4300.0,2025-07-23 13:37:18.687841
2025-07-23,60992,2025072303022008,MLBL,K.B.L. Securities Limited ,Vision Securities Pvt. Ltd,500,430.0,215000.0,2025-07-23 13:37:18.687938
2025-07-23,60991,2025072303022009,MLBL,Naasa Securities Co. Ltd.,Vision Securities Pvt. Ltd,400,430.0,172000.0,2025-07-23 13:37:18.688038
2025-07-23,60990,2025072303022010,MLBL,Bhrikuti Stock Broking Co. Pvt. Ltd.,Vision Securities Pvt. Ltd,30,430.0,12900.0,2025-07-23 13:37:18.688130
2025-07-23,60989,2025072303022011,MLBL,Sagarmatha Securities Private Limited,Vision Securities Pvt. Ltd,500,430.0,215000.0,2025-07-23 13:37:18.688226
2025-07-23,60988,2025072303022012,MLBL,Deevyaa Securities & Stock House Pvt. Ltd,Vision Securities Pvt. Ltd,100,430.0,43000.0,2025-07-23 13:37:18.688322
2025-07-23,60987,2025072303022013,MLBL,Cristal Kanchanjanga Securites Pvt. Ltd.,Vision Securities Pvt. Ltd,250,430.0,107500.0,2025-07-23 13:37:18.688415
2025-07-23,60986,2025072303022014,MLBL,Dipshikha Dhitopatra Karobar Co. Pvt Ltd.,Vision Securities Pvt. Ltd,20,430.0,8600.0,2025-07-23 13:37:18.688508
2025-07-23,60985,2025072303022015,MLBL,Premier Securities Company Ltd.,Vision Securities Pvt. Ltd,300,430.0,129000.0,2025-07-23 13:37:18.688601
2025-07-23,60984,2025072303022016,MLBL,Linch Stock Market Ltd.,Vision Securities Pvt. Ltd,100,430.0,43000.0,2025-07-23 13:37:18.688691
2025-07-23,60983,2025072303022017,MLBL,Premier Securities Company Ltd.,Vision Securities Pvt. Ltd,200,430.0,86000.0,2025-07-23 13:37:18.688786
2025-07-23,60982,2025072303022018,MLBL,Vision Securities Pvt. Ltd,Vision Securities Pvt. Ltd,188,430.0,80840.0,2025-07-23 13:37:18.688882
2025-07-23,59571,2025072303022563,MLBL,Vision Securities Pvt. Ltd,Vision Securities Pvt. Ltd,12,430.0,5160.0,2025-07-23 13:39:44.315460
2025-07-23,58742,2025072303022877,MLBL,Bhrikuti Stock Broking Co. Pvt. Ltd.,Online Securities Pvt. Ltd.,2,425.0,850.0,2025-07-23 13:41:10.328144
2025-07-23,57509,2025072303023343,MLBL,Thrive Brokerage House Pvt. Ltd,Sumeru Securities Pvt. Ltd.,100,429.2,42920.0,2025-07-23 13:43:32.867553
2025-07-23,57382,2025072303023380,MLBL,Cristal Kanchanjanga Securites Pvt. Ltd.,Vision Securities Pvt. Ltd,489,429.1,209829.9,2025-07-23 13:43:44.312294
2025-07-23,57265,2025072303023431,MLBL,Cristal Kanchanjanga Securites Pvt. Ltd.,Trisul Securities & Invt. Ltd.,11,429.1,4720.1,2025-07-23 13:43:58.364476
2025-07-23,57264,2025072303023432,MLBL,Nagarik Stock Dealer ,Trisul Securities & Invt. Ltd.,39,429.0,16731.0,2025-07-23 13:43:58.364929
2025-07-23,56800,2025072303023567,MLBL,Dipshikha Dhitopatra Karobar Co. Pvt Ltd.,Dakshinkali Investment & Securities Pvt. Ltd.,8,433.0,3464.0,2025-07-23 13:44:46.445537
2025-07-23,56493,2025072303023667,MLBL,Aryatara Investment & Securities,Prabhu Stock Market Limited,10,430.0,4300.0,2025-07-23 13:45:16.481275
2025-07-23,55378,2025072303024026,MLBL,Naasa Securities Co. Ltd.,Dakshinkali Investment & Securities Pvt. Ltd.,1,422.0,422.0,2025-07-23 13:46:52.678694
2025-07-23,54815,2025072303024236,MLBL,Aryatara Investment & Securities,Nabil Stock Dealer Ltd.,50,430.0,21500.0,2025-07-23 13:47:39.567760
2025-07-23,54791,2025072303024238,MLBL,Naasa Securities Co. Ltd.,Cristal Kanchanjanga Securites Pvt. Ltd.,50,429.1,21455.0,2025-07-23 13:47:41.722185
2025-07-23,54790,2025072303024239,MLBL,Cristal Kanchanjanga Securites Pvt. Ltd.,Cristal Kanchanjanga Securites Pvt. Ltd.,500,429.1,214550.0,2025-07-23 13:47:41.722433
2025-07-23,54789,2025072303024240,MLBL,Nagarik Stock Dealer ,Cristal Kanchanjanga Securites Pvt. Ltd.,461,429.0,197769.0,2025-07-23 13:47:41.722534
2025-07-23,54788,2025072303024241,MLBL,Nepal Stock House (PVT) Ltd.,Cristal Kanchanjanga Securites Pvt. Ltd.,100,429.0,42900.0,2025-07-23 13:47:41.722631
2025-07-23,54787,2025072303024242,MLBL,Trishakti Securities Public Limited,Cristal Kanchanjanga Securites Pvt. Ltd.,100,429.0,42900.0,2025-07-23 13:47:41.722725
2025-07-23,54786,2025072303024243,MLBL,South Asian Bulls Pvt. Ltd.,Cristal Kanchanjanga Securites Pvt. Ltd.,1145,429.0,491205.0,2025-07-23 13:47:41.722821
2025-07-23,54592,2025072303024296,MLBL,South Asian Bulls Pvt. Ltd.,J.F. Securites (PVT) Ltd.,297,429.0,127413.0,2025-07-23 13:48:02.952217
2025-07-23,54553,2025072303024311,MLBL,South Asian Bulls Pvt. Ltd.,Secured Securities Ltd.,558,429.0,239382.0,2025-07-23 13:48:07.020610
2025-07-23,54370,2025072303024387,MLBL,Vision Securities Pvt. Ltd,Midas Stock Broking Company Private Limited,900,428.4,385560.0,2025-07-23 13:48:25.009680
2025-07-23,54258,2025072303024403,MLBL,Neev Securities Pvt. Ltd.,Secured Securities Ltd.,142,429.0,60918.0,2025-07-23 13:48:31.367910
2025-07-23,53716,2025072303024511,MLBL,Vision Securities Pvt. Ltd,Primo Securities (PVT) Ltd.,100,428.4,42840.0,2025-07-23 13:49:11.718558
2025-07-23,53715,2025072303024512,MLBL,Dynamic Money Managers Securities Pvt. Ltd.,Primo Securities (PVT) Ltd.,14,428.3,5996.2,2025-07-23 13:49:11.718820
2025-07-23,53358,2025072303024599,MLBL,Aryatara Investment & Securities,Prabhu Stock Market Limited,15,429.9,6448.5,2025-07-23 13:49:42.751100
2025-07-23,53008,2025072303024709,MLBL,Dynamic Money Managers Securities Pvt. Ltd.,Sumeru Securities Pvt. Ltd.,200,428.3,85660.0,2025-07-23 13:50:11.200413
2025-07-23,52861,2025072303024763,MLBL,Dynamic Money Managers Securities Pvt. Ltd.,South Asian Bulls Pvt. Ltd.,286,428.3,122493.8,2025-07-23 13:50:23.724566
2025-07-23,52858,2025072303024764,MLBL,Premier Securities Company Ltd.,South Asian Bulls Pvt. Ltd.,200,428.3,85660.0,2025-07-23 13:50:23.807959
2025-07-23,52672,2025072303024810,MLBL,Kumari Securities Private Limited,Midas Stock Broking Company Private Limited,100,428.0,42800.0,2025-07-23 13:50:37.393340
2025-07-23,52671,2025072303024811,MLBL,ABC Securities Private Limited,Midas Stock Broking Company Private Limited,35,428.0,14980.0,2025-07-23 13:50:37.393609
2025-07-23,52591,2025072303024837,MLBL,Thrive Brokerage House Pvt. Ltd,South Asian Bulls Pvt. Ltd.,14,428.3,5996.2,2025-07-23 13:50:44.544799
2025-07-23,52206,2025072303024948,MLBL,Thrive Brokerage House Pvt. Ltd,SUN SECURITIES PVT LTD,50,428.3,21415.0,2025-07-23 13:51:25.604088
2025-07-23,51560,2025072303025066,MLBL,Thrive Brokerage House Pvt. Ltd,Sewa Securities Pvt. Ltd.,158,428.3,67671.4,2025-07-23 13:52:11.298797
2025-07-23,51276,2025072303025140,MLBL,Thrive Brokerage House Pvt. Ltd,Sagarmatha Securities Private Limited,200,428.3,85660.0,2025-07-23 13:52:33.124743
2025-07-23,50246,2025072303025442,MLBL,Thrive Brokerage House Pvt. Ltd,Dipshikha Dhitopatra Karobar Co. Pvt Ltd.,78,428.3,33407.4,2025-07-23 13:53:58.190953
2025-07-23,50245,2025072303025443,MLBL,Swarna Laxmi Securities Pvt. Ltd.,Dipshikha Dhitopatra Karobar Co. Pvt Ltd.,422,428.1,180658.2,2025-07-23 13:53:58.191236
2025-07-23,49645,2025072303025590,MLBL,Neev Securities Pvt. Ltd.,Naasa Securities Co. Ltd.,20,429.0,8580.0,2025-07-23 13:54:55.601751
2025-07-23,49400,2025072303025636,MLBL,Swarna Laxmi Securities Pvt. Ltd.,Online Securities Pvt. Ltd.,40,428.1,17124.0,2025-07-23 13:55:13.462363
2025-07-23,48955,2025072303025739,MLBL,Swarna Laxmi Securities Pvt. Ltd.,Trishakti Securities Public Limited,38,428.1,16267.8,2025-07-23 13:55:56.154437
2025-07-23,48954,2025072303025740,MLBL,Sweta Securities Private Limited,Trishakti Securities Public Limited,100,428.1,42810.0,2025-07-23 13:55:56.154482
2025-07-23,48953,2025072303025741,MLBL,Swarna Laxmi Securities Pvt. Ltd.,Trishakti Securities Public Limited,12,428.1,5137.2,2025-07-23 13:55:56.154509
2025-07-23,47530,2025072303026140,MLBL,Premier Securities Company Ltd.,Prabhu Stock Market Limited,85,429.9,36541.5,2025-07-23 13:57:46.036108
2025-07-23,47529,2025072303026141,MLBL,Premier Securities Company Ltd.,Nabil Stock Dealer Ltd.,100,429.9,42990.0,2025-07-23 13:57:46.036390
2025-07-23,47528,2025072303026142,MLBL,Premier Securities Company Ltd.,Naasa Securities Co. Ltd.,107,429.9,45999.3,2025-07-23 13:57:46.036503
2025-07-23,46500,2025072303026362,MLBL,Swarna Laxmi Securities Pvt. Ltd.,Dipshikha Dhitopatra Karobar Co. Pvt Ltd.,288,428.1,123292.8,2025-07-23 13:59:15.407678
2025-07-23,46499,2025072303026363,MLBL,Neev Securities Pvt. Ltd.,Dipshikha Dhitopatra Karobar Co. Pvt Ltd.,500,428.1,214050.0,2025-07-23 13:59:15.407724
2025-07-23,46498,2025072303026364,MLBL,ABC Securities Private Limited,Dipshikha Dhitopatra Karobar Co. Pvt Ltd.,165,428.0,70620.0,2025-07-23 13:59:15.407757
2025-07-23,46497,2025072303026365,MLBL,Vision Securities Pvt. Ltd,Dipshikha Dhitopatra Karobar Co. Pvt Ltd.,77,428.0,32956.0,2025-07-23 13:59:15.407788
2025-07-23,46276,2025072303026401,MLBL,Sani Securities Company Ltd.,Naasa Securities Co. Ltd.,13,428.1,5565.3,2025-07-23 13:59:39.332709
2025-07-23,45940,2025072303026477,MLBL,Shree Krishna Securities Ltd.,Thrive Brokerage House Pvt. Ltd,250,428.2,107050.0,2025-07-23 14:00:09.621787
2025-07-23,45939,2025072303026478,MLBL,Sani Securities Company Ltd.,Thrive Brokerage House Pvt. Ltd,487,428.1,208484.7,2025-07-23 14:00:09.622052
2025-07-23,45938,2025072303026479,MLBL,Vision Securities Pvt. Ltd,Thrive Brokerage House Pvt. Ltd,23,428.0,9844.0,2025-07-23 14:00:09.622342
2025-07-23,45937,2025072303026480,MLBL,Kumari Securities Private Limited,Thrive Brokerage House Pvt. Ltd,400,428.0,171200.0,2025-07-23 14:00:09.622640
2025-07-23,45936,2025072303026481,MLBL,Online Securities Pvt. Ltd.,Thrive Brokerage House Pvt. Ltd,300,428.0,128400.0,2025-07-23 14:00:09.622933
2025-07-23,45935,2025072303026482,MLBL,Imperial Securities Company Pvt. Ltd.,Thrive Brokerage House Pvt. Ltd,30,428.0,12840.0,2025-07-23 14:00:09.623237
2025-07-23,45934,2025072303026483,MLBL,Asian Securities Private Ltd.,Thrive Brokerage House Pvt. Ltd,130,428.0,55640.0,2025-07-23 14:00:09.623526
2025-07-23,45933,2025072303026484,MLBL,Midas Stock Broking Company Private Limited,Thrive Brokerage House Pvt. Ltd,500,428.0,214000.0,2025-07-23 14:00:09.623818
2025-07-23,45932,2025072303026485,MLBL,Opal Securities Investment (PVT) Ltd.,Thrive Brokerage House Pvt. Ltd,250,428.0,107000.0,2025-07-23 14:00:09.624134
2025-07-23,45931,2025072303026486,MLBL,Nepal Stock House (PVT) Ltd.,Thrive Brokerage House Pvt. Ltd,200,428.0,85600.0,2025-07-23 14:00:09.624444
2025-07-23,45930,2025072303026487,MLBL,Imperial Securities Company Pvt. Ltd.,Thrive Brokerage House Pvt. Ltd,200,428.0,85600.0,2025-07-23 14:00:09.624748
2025-07-23,45929,2025072303026488,MLBL,Trishakti Securities Public Limited,Thrive Brokerage House Pvt. Ltd,2000,428.0,856000.0,2025-07-23 14:00:09.625075
2025-07-23,45928,2025072303026489,MLBL,Imperial Securities Company Pvt. Ltd.,Thrive Brokerage House Pvt. Ltd,1000,428.0,428000.0,2025-07-23 14:00:09.625373
2025-07-23,45927,2025072303026490,MLBL,Kalika Securities Pvt. Ltd.,Thrive Brokerage House Pvt. Ltd,20,428.0,8560.0,2025-07-23 14:00:09.625656
2025-07-23,45575,2025072303026552,MLBL,Sweta Securities Private Limited,Aakashbhairab Securities Ltd.,20,427.3,8546.0,2025-07-23 14:00:47.056092
2025-07-23,45574,2025072303026553,MLBL,Cristal Kanchanjanga Securites Pvt. Ltd.,Aakashbhairab Securities Ltd.,1000,427.3,427300.0,2025-07-23 14:00:47.056601
2025-07-23,45573,2025072303026554,MLBL,Primo Securities (PVT) Ltd.,Aakashbhairab Securities Ltd.,200,427.1,85420.0,2025-07-23 14:00:47.057068
2025-07-23,45572,2025072303026555,MLBL,Dipshikha Dhitopatra Karobar Co. Pvt Ltd.,Aakashbhairab Securities Ltd.,5000,427.0,2135000.0,2025-07-23 14:00:47.057422
2025-07-23,45571,2025072303026556,MLBL,Kumari Securities Private Limited,Aakashbhairab Securities Ltd.,200,427.0,85400.0,2025-07-23 14:00:47.057816
2025-07-23,45570,2025072303026557,MLBL,Thrive Brokerage House Pvt. Ltd,Aakashbhairab Securities Ltd.,500,427.0,213500.0,2025-07-23 14:00:47.058252
2025-07-23,45503,2025072303026565,MLBL,Dipshikha Dhitopatra Karobar Co. Pvt Ltd.,Trishakti Securities Public Limited,20,426.1,8522.0,2025-07-23 14:00:54.308387
2025-07-23,45502,2025072303026566,MLBL,Linch Stock Market Ltd.,Trishakti Securities Public Limited,480,426.0,204480.0,2025-07-23 14:00:54.308668
2025-07-23,45235,2025072303026639,MLBL,Linch Stock Market Ltd.,Sani Securities Company Ltd.,120,426.0,51120.0,2025-07-23 14:01:21.214060
2025-07-23,45234,2025072303026640,MLBL,Malla & Malla Stock Broking Company Pvt. Limited,Sani Securities Company Ltd.,50,426.0,21300.0,2025-07-23 14:01:21.214302
2025-07-23,45233,2025072303026641,MLBL,Trishakti Securities Public Limited,Sani Securities Company Ltd.,139,426.0,59214.0,2025-07-23 14:01:21.214498
2025-07-23,45149,2025072303026661,MLBL,Sumeru Securities Pvt. Ltd.,Aakashbhairab Securities Ltd.,500,427.0,213500.0,2025-07-23 14:01:30.265463
2025-07-23,45108,2025072303026678,MLBL,Creative Securities Pvt Ltd,Aakashbhairab Securities Ltd.,20,427.0,8540.0,2025-07-23 14:01:34.923920
2025-07-23,44634,2025072303026790,MLBL,Kalika Securities Pvt. Ltd.,Aakashbhairab Securities Ltd.,300,427.0,128100.0,2025-07-23 14:02:22.222563
2025-07-23,44590,2025072303026804,MLBL,Oxford Securities Pvt. Ltd.,Aakashbhairab Securities Ltd.,50,427.0,21350.0,2025-07-23 14:02:25.696705
2025-07-23,44579,2025072303026805,MLBL,Trishakti Securities Public Limited,South Asian Bulls Pvt. Ltd.,61,426.0,25986.0,2025-07-23 14:02:27.403701
2025-07-23,44578,2025072303026806,MLBL,Kalika Securities Pvt. Ltd.,South Asian Bulls Pvt. Ltd.,100,426.0,42600.0,2025-07-23 14:02:27.403957
2025-07-23,44016,2025072303026900,MLBL,Oxford Securities Pvt. Ltd.,South Asian Bulls Pvt. Ltd.,50,426.0,21300.0,2025-07-23 14:03:22.787002
2025-07-23,43815,2025072303026951,MLBL,J.F. Securites (PVT) Ltd.,South Asian Bulls Pvt. Ltd.,29,426.0,12354.0,2025-07-23 14:03:47.675985
2025-07-23,43814,2025072303026952,MLBL,J.F. Securites (PVT) Ltd.,Aakashbhairab Securities Ltd.,210,427.0,89670.0,2025-07-23 14:03:47.676242
2025-07-23,43769,2025072303026964,MLBL,J.F. Securites (PVT) Ltd.,Thrive Brokerage House Pvt. Ltd,761,427.0,324947.0,2025-07-23 14:03:53.143221
2025-07-23,43768,2025072303026965,MLBL,Dakshinkali Investment & Securities Pvt. Ltd.,Thrive Brokerage House Pvt. Ltd,50,425.6,21280.0,2025-07-23 14:03:53.143515
2025-07-23,43767,2025072303026966,MLBL,Oxford Securities Pvt. Ltd.,Thrive Brokerage House Pvt. Ltd,100,425.6,42560.0,2025-07-23 14:03:53.143624
2025-07-23,43766,2025072303026967,MLBL,Sweta Securities Private Limited,Thrive Brokerage House Pvt. Ltd,500,425.5,212750.0,2025-07-23 14:03:53.143721
2025-07-23,43765,2025072303026968,MLBL,Kumari Securities Private Limited,Thrive Brokerage House Pvt. Ltd,299,425.5,127224.5,2025-07-23 14:03:53.143853
2025-07-23,43447,2025072303027081,MLBL,Imperial Securities Company Pvt. Ltd.,Nabil Stock Dealer Ltd.,10,430.0,4300.0,2025-07-23 14:04:24.085811
2025-07-23,41957,2025072303027428,MLBL,Premier Securities Company Ltd.,Prabhu Stock Market Limited,10,429.7,4297.0,2025-07-23 14:07:15.654114
2025-07-23,39742,2025072303027960,MLBL,Aryatara Investment & Securities,BHOLE GANESH SECURITIES LTD,250,429.0,107250.0,2025-07-23 14:11:33.706637
2025-07-23,39428,2025072303028011,MLBL,Neev Securities Pvt. Ltd.,BHOLE GANESH SECURITIES LTD,250,429.0,107250.0,2025-07-23 14:12:04.900436
2025-07-23,39271,2025072303028053,MLBL,Sani Securities Company Ltd.,Trishakti Securities Public Limited,10,428.9,4289.0,2025-07-23 14:12:22.652908
2025-07-23,38836,2025072303028176,MLBL,Sewa Securities Pvt. Ltd.,Naasa Securities Co. Ltd.,81,428.5,34708.5,2025-07-23 14:13:10.144160
2025-07-23,38835,2025072303028177,MLBL,Sewa Securities Pvt. Ltd.,Trishakti Securities Public Limited,69,428.9,29594.1,2025-07-23 14:13:10.144731
2025-07-23,38502,2025072303028265,MLBL,Neev Securities Pvt. Ltd.,Trishakti Securities Public Limited,433,428.9,185713.7,2025-07-23 14:13:36.418911
2025-07-23,37770,2025072303028485,MLBL,Trishakti Securities Public Limited,Dipshikha Dhitopatra Karobar Co. Pvt Ltd.,100,429.4,42940.0,2025-07-23 14:14:31.883050
2025-07-23,37540,2025072303028541,MLBL,Sipla Securities Private Limited,Dipshikha Dhitopatra Karobar Co. Pvt Ltd.,100,429.5,42950.0,2025-07-23 14:14:47.575433
2025-07-23,37486,2025072303028549,MLBL,Trishakti Securities Public Limited,Dipshikha Dhitopatra Karobar Co. Pvt Ltd.,100,429.5,42950.0,2025-07-23 14:14:51.376941
2025-07-23,37225,2025072303028598,MLBL,Sanima Securities Limited,Aryatara Investment & Securities,500,429.7,214850.0,2025-07-23 14:15:11.318923
2025-07-23,37056,2025072303028639,MLBL,Linch Stock Market Ltd.,Trisul Securities & Invt. Ltd.,45,428.9,19300.5,2025-07-23 14:15:25.600636
2025-07-23,36433,2025072303028812,MLBL,Indira securities pvt. ltd,Primo Securities (PVT) Ltd.,1000,429.8,429800.0,2025-07-23 14:16:10.307560
2025-07-23,36432,2025072303028813,MLBL,Indira securities pvt. ltd,Sani Securities Company Ltd.,200,429.9,85980.0,2025-07-23 14:16:10.308121
2025-07-23,36279,2025072303028851,MLBL,Sundhara Securities Limited,Sani Securities Company Ltd.,10,429.9,4299.0,2025-07-23 14:16:18.664768
2025-07-23,36186,2025072303028873,MLBL,Midas Stock Broking Company Private Limited,Nepal Investment And Securities Trading Private Limited,25,429.0,10725.0,2025-07-23 14:16:25.758621
2025-07-23,36180,2025072303028876,MLBL,Midas Stock Broking Company Private Limited,Aryatara Investment & Securities,50,429.0,21450.0,2025-07-23 14:16:26.409432
2025-07-23,36079,2025072303028890,MLBL,KALASH STOCK MARKET PVT. LTD.,Sani Securities Company Ltd.,1200,429.9,515880.0,2025-07-23 14:16:32.278831
2025-07-23,36078,2025072303028891,MLBL,KALASH STOCK MARKET PVT. LTD.,Nabil Stock Dealer Ltd.,3800,430.0,1634000.0,2025-07-23 14:16:32.278878
2025-07-23,35691,2025072303028949,MLBL,Midas Stock Broking Company Private Limited,Nabil Stock Dealer Ltd.,50,430.0,21500.0,2025-07-23 14:16:57.050648
2025-07-23,35642,2025072303028959,MLBL,Agrawal Securities (PVT) Ltd.,Nabil Stock Dealer Ltd.,200,430.0,86000.0,2025-07-23 14:17:01.353360
2025-07-23,35484,2025072303029015,MLBL,Sanima Securities Limited,Nabil Stock Dealer Ltd.,500,430.0,215000.0,2025-07-23 14:17:13.447556
2025-07-23,35418,2025072303029029,MLBL,Dipshikha Dhitopatra Karobar Co. Pvt Ltd.,Nabil Stock Dealer Ltd.,390,430.0,167700.0,2025-07-23 14:17:18.961208
2025-07-23,35417,2025072303029030,MLBL,Dipshikha Dhitopatra Karobar Co. Pvt Ltd.,Sharepro Securities Private Limited,2000,430.0,860000.0,2025-07-23 14:17:18.961462
2025-07-23,35416,2025072303029031,MLBL,Dipshikha Dhitopatra Karobar Co. Pvt Ltd.,Imperial Securities Company Pvt. Ltd.,512,430.0,220160.0,2025-07-23 14:17:18.961594
2025-07-23,35415,2025072303029032,MLBL,Dipshikha Dhitopatra Karobar Co. Pvt Ltd.,Dakshinkali Investment & Securities Pvt. Ltd.,206,430.0,88580.0,2025-07-23 14:17:18.961701
2025-07-23,35414,2025072303029033,MLBL,Dipshikha Dhitopatra Karobar Co. Pvt Ltd.,Nepal Stock House (PVT) Ltd.,90,430.0,38700.0,2025-07-23 14:17:18.961822
2025-07-23,35413,2025072303029034,MLBL,Dipshikha Dhitopatra Karobar Co. Pvt Ltd.,Prabhu Stock Market Limited,100,430.0,43000.0,2025-07-23 14:17:18.961924
2025-07-23,35271,2025072303029068,MLBL,Dipshikha Dhitopatra Karobar Co. Pvt Ltd.,Nepal Investment And Securities Trading Private Limited,49,430.0,21070.0,2025-07-23 14:17:26.549057
2025-07-23,35128,2025072303029094,MLBL,Dipshikha Dhitopatra Karobar Co. Pvt Ltd.,Premier Securities Company Ltd.,653,430.0,280790.0,2025-07-23 14:17:36.966834
2025-07-23,35127,2025072303029095,MLBL,KALASH STOCK MARKET PVT. LTD.,Premier Securities Company Ltd.,47,430.0,20210.0,2025-07-23 14:17:36.967128
2025-07-23,34911,2025072303029150,MLBL,Bhrikuti Stock Broking Co. Pvt. Ltd.,Online Securities Pvt. Ltd.,1,426.0,426.0,2025-07-23 14:17:52.698663
2025-07-23,34754,2025072303029175,MLBL,Bhrikuti Stock Broking Co. Pvt. Ltd.,Deevyaa Securities & Stock House Pvt. Ltd,1,427.0,427.0,2025-07-23 14:18:03.026603
2025-07-23,34240,2025072303029275,MLBL,Midas Stock Broking Company Private Limited,Naasa Securities Co. Ltd.,107,431.0,46117.0,2025-07-23 14:18:39.784250
2025-07-23,33648,2025072303029443,MLBL,Capital Hub P. Ltd,Cristal Kanchanjanga Securites Pvt. Ltd.,500,431.9,215950.0,2025-07-23 14:19:32.427520
2025-07-23,33647,2025072303029444,MLBL,Capital Hub P. Ltd,Naasa Securities Co. Ltd.,400,432.0,172800.0,2025-07-23 14:19:32.428019
2025-07-23,33646,2025072303029445,MLBL,Capital Hub P. Ltd,K.B.L. Securities Limited ,100,432.0,43200.0,2025-07-23 14:19:32.428355
2025-07-23,33645,2025072303029446,MLBL,Capital Hub P. Ltd,Opal Securities Investment (PVT) Ltd.,12,432.0,5184.0,2025-07-23 14:19:32.428653
2025-07-23,33638,2025072303029448,MLBL,Capital Hub P. Ltd,Trisul Securities & Invt. Ltd.,500,432.0,216000.0,2025-07-23 14:19:33.070350
2025-07-23,33220,2025072303029552,MLBL,Primo Securities (PVT) Ltd.,Primo Securities (PVT) Ltd.,1000,433.6,433600.0,2025-07-23 14:20:08.691379
2025-07-23,32900,2025072303029616,MLBL,Agrawal Securities (PVT) Ltd.,Dynamic Money Managers Securities Pvt. Ltd.,200,434.9,86980.0,2025-07-23 14:20:41.106001
2025-07-23,32899,2025072303029617,MLBL,Agrawal Securities (PVT) Ltd.,Siprabi Securities Pvt. Ltd.,500,434.9,217450.0,2025-07-23 14:20:41.106287
2025-07-23,32898,2025072303029618,MLBL,Agrawal Securities (PVT) Ltd.,Citizens Share Broker Limited,300,435.0,130500.0,2025-07-23 14:20:41.106464
2025-07-23,32778,2025072303029645,MLBL,Online Securities Pvt. Ltd.,Citizens Share Broker Limited,105,435.0,45675.0,2025-07-23 14:20:48.514880
2025-07-23,32468,2025072303029698,MLBL,Linch Stock Market Ltd.,Citizens Share Broker Limited,180,435.0,78300.0,2025-07-23 14:21:17.915098
2025-07-23,32467,2025072303029699,MLBL,Linch Stock Market Ltd.,Siprabi Securities Pvt. Ltd.,422,435.0,183570.0,2025-07-23 14:21:17.915368
2025-07-23,32466,2025072303029700,MLBL,Linch Stock Market Ltd.,Kohinoor Investment & Securities Pvt. Ltd.,64,435.0,27840.0,2025-07-23 14:21:17.915469
2025-07-23,32465,2025072303029701,MLBL,Linch Stock Market Ltd.,Imperial Securities Company Pvt. Ltd.,334,435.0,145290.0,2025-07-23 14:21:17.915567
2025-07-23,32061,2025072303029777,MLBL,Primo Securities (PVT) Ltd.,Imperial Securities Company Pvt. Ltd.,115,435.0,50025.0,2025-07-23 14:21:53.516074
2025-07-23,31922,2025072303029812,MLBL,Investment Management Nepal Pvt. Ltd.,Imperial Securities Company Pvt. Ltd.,66,435.0,28710.0,2025-07-23 14:22:04.788416
2025-07-23,30251,2025072303030161,MLBL,Sundhara Securities Limited,Dipshikha Dhitopatra Karobar Co. Pvt Ltd.,15,435.5,6532.5,2025-07-23 14:24:44.721576
2025-07-23,30053,2025072303030219,MLBL,Vision Securities Pvt. Ltd,Bhrikuti Stock Broking Co. Pvt. Ltd.,12,436.0,5232.0,2025-07-23 14:25:03.160471
2025-07-23,29734,2025072303030301,MLBL,Sundhara Securities Limited,Shree Krishna Securities Ltd.,85,435.5,37017.5,2025-07-23 14:25:33.263733
2025-07-23,29733,2025072303030302,MLBL,Investment Management Nepal Pvt. Ltd.,Shree Krishna Securities Ltd.,165,435.0,71775.0,2025-07-23 14:25:33.264238
2025-07-23,29726,2025072303030304,MLBL,Investment Management Nepal Pvt. Ltd.,J.F. Securites (PVT) Ltd.,269,435.0,117015.0,2025-07-23 14:25:33.973251
2025-07-23,29219,2025072303030406,MLBL,Midas Stock Broking Company Private Limited,J.F. Securites (PVT) Ltd.,70,435.0,30450.0,2025-07-23 14:26:14.045593
2025-07-23,27628,2025072303030869,MLBL,Imperial Securities Company Pvt. Ltd.,Bhrikuti Stock Broking Co. Pvt. Ltd.,416,436.0,181376.0,2025-07-23 14:28:36.317862
2025-07-23,27627,2025072303030870,MLBL,Imperial Securities Company Pvt. Ltd.,Naasa Securities Co. Ltd.,51,436.0,22236.0,2025-07-23 14:28:36.318144
2025-07-23,27626,2025072303030871,MLBL,Imperial Securities Company Pvt. Ltd.,Sundhara Securities Limited,93,436.0,40548.0,2025-07-23 14:28:36.318260
2025-07-23,27625,2025072303030872,MLBL,Imperial Securities Company Pvt. Ltd.,Nepal Investment And Securities Trading Private Limited,54,436.0,23544.0,2025-07-23 14:28:36.318362
2025-07-23,27385,2025072303030976,MLBL,Bhrikuti Stock Broking Co. Pvt. Ltd.,Siprabi Securities Pvt. Ltd.,4,430.0,1720.0,2025-07-23 14:29:02.191368
2025-07-23,26659,2025072303031149,MLBL,Imperial Securities Company Pvt. Ltd.,Kohinoor Investment & Securities Pvt. Ltd.,40,436.0,17440.0,2025-07-23 14:30:19.070690
2025-07-23,26610,2025072303031159,MLBL,Bhrikuti Stock Broking Co. Pvt. Ltd.,Bhrikuti Stock Broking Co. Pvt. Ltd.,1,430.0,430.0,2025-07-23 14:30:24.252433
2025-07-23,26440,2025072303031187,MLBL,Swarna Laxmi Securities Pvt. Ltd.,J.F. Securites (PVT) Ltd.,21,437.0,9177.0,2025-07-23 14:30:36.564276
2025-07-23,26439,2025072303031188,MLBL,Swarna Laxmi Securities Pvt. Ltd.,Siprabi Securities Pvt. Ltd.,500,437.8,218900.0,2025-07-23 14:30:36.564534
2025-07-23,25046,2025072303031490,MLBL,Imperial Securities Company Pvt. Ltd.,Nabil Stock Dealer Ltd.,346,436.0,150856.0,2025-07-23 14:32:57.459109
2025-07-23,25045,2025072303031491,MLBL,Elite Stock House Limited,Nabil Stock Dealer Ltd.,1000,436.0,436000.0,2025-07-23 14:32:57.459368
2025-07-23,25044,2025072303031492,MLBL,Nepal Investment And Securities Trading Private Limited,Nabil Stock Dealer Ltd.,50,436.0,21800.0,2025-07-23 14:32:57.459465
2025-07-23,24995,2025072303031501,MLBL,Aryatara Investment & Securities,Nabil Stock Dealer Ltd.,200,436.0,87200.0,2025-07-23 14:33:01.647068
2025-07-23,24625,2025072303031574,MLBL,Imperial Securities Company Pvt. Ltd.,Himalayan Brokerage Company Limited,1000,435.1,435100.0,2025-07-23 14:33:34.440981
2025-07-23,24545,2025072303031589,MLBL,Premier Securities Company Ltd.,Thrive Brokerage House Pvt. Ltd,10,435.0,4350.0,2025-07-23 14:33:40.054152
2025-07-23,24544,2025072303031590,MLBL,Aryatara Investment & Securities,Thrive Brokerage House Pvt. Ltd,15,435.0,6525.0,2025-07-23 14:33:40.054413
2025-07-23,24405,2025072303031612,MLBL,Aryatara Investment & Securities,Himalayan Brokerage Company Limited,85,435.0,36975.0,2025-07-23 14:33:56.135250
2025-07-23,24404,2025072303031613,MLBL,Cristal Kanchanjanga Securites Pvt. Ltd.,Himalayan Brokerage Company Limited,415,435.0,180525.0,2025-07-23 14:33:56.135561
2025-07-23,24143,2025072303031669,MLBL,Cristal Kanchanjanga Securites Pvt. Ltd.,Blue Chip Securities Ltd,35,435.0,15225.0,2025-07-23 14:34:24.460019
2025-07-23,24142,2025072303031670,MLBL,Capital Hub P. Ltd,Blue Chip Securities Ltd,465,434.1,201856.5,2025-07-23 14:34:24.460074
2025-07-23,23815,2025072303031744,MLBL,Sani Securities Company Ltd.,Sani Securities Company Ltd.,130,435.0,56550.0,2025-07-23 14:34:51.132207
2025-07-23,23000,2025072303031919,MLBL,Sani Securities Company Ltd.,Online Securities Pvt. Ltd.,370,435.0,160950.0,2025-07-23 14:36:14.907901
2025-07-23,22999,2025072303031920,MLBL,Nepal Investment And Securities Trading Private Limited,Online Securities Pvt. Ltd.,50,435.0,21750.0,2025-07-23 14:36:14.908272
2025-07-23,22998,2025072303031921,MLBL,Online Securities Pvt. Ltd.,Online Securities Pvt. Ltd.,160,434.2,69472.0,2025-07-23 14:36:14.908410
2025-07-23,22997,2025072303031922,MLBL,Capital Hub P. Ltd,Online Securities Pvt. Ltd.,420,434.1,182322.0,2025-07-23 14:36:14.908524
2025-07-23,22815,2025072303031957,MLBL,Capital Hub P. Ltd,Naasa Securities Co. Ltd.,500,434.1,217050.0,2025-07-23 14:36:30.622194
2025-07-23,22794,2025072303031959,MLBL,Capital Hub P. Ltd,Online Securities Pvt. Ltd.,1000,434.1,434100.0,2025-07-23 14:36:33.374265
2025-07-23,22765,2025072303031965,MLBL,Capital Hub P. Ltd,Sani Securities Company Ltd.,64,434.1,27782.4,2025-07-23 14:36:36.456989
2025-07-23,22422,2025072303032042,MLBL,Imperial Securities Company Pvt. Ltd.,Online Securities Pvt. Ltd.,300,435.0,130500.0,2025-07-23 14:37:02.448540
2025-07-23,22421,2025072303032043,MLBL,Imperial Securities Company Pvt. Ltd.,Nagarik Stock Dealer ,700,435.0,304500.0,2025-07-23 14:37:02.448824
2025-07-23,22322,2025072303032055,MLBL,Imperial Securities Company Pvt. Ltd.,Nagarik Stock Dealer ,250,435.0,108750.0,2025-07-23 14:37:11.823599
2025-07-23,21825,2025072303032144,MLBL,Imperial Securities Company Pvt. Ltd.,Himalayan Brokerage Company Limited,500,435.0,217500.0,2025-07-23 14:37:44.395582
2025-07-23,21436,2025072303032201,MLBL,Imperial Securities Company Pvt. Ltd.,Dipshikha Dhitopatra Karobar Co. Pvt Ltd.,250,435.0,108750.0,2025-07-23 14:38:10.492405
2025-07-23,21435,2025072303032202,MLBL,Elite Stock House Limited,Dipshikha Dhitopatra Karobar Co. Pvt Ltd.,200,435.0,87000.0,2025-07-23 14:38:10.492726
2025-07-23,20625,2025072303032375,MLBL,J.F. Securites (PVT) Ltd.,Online Securities Pvt. Ltd.,200,434.2,86840.0,2025-07-23 14:38:59.261056
2025-07-23,20624,2025072303032376,MLBL,Capital Hub P. Ltd,Online Securities Pvt. Ltd.,800,434.1,347280.0,2025-07-23 14:38:59.261361
2025-07-23,20446,2025072303032401,MLBL,Capital Hub P. Ltd,Online Securities Pvt. Ltd.,1000,434.1,434100.0,2025-07-23 14:39:12.014668
2025-07-23,20275,2025072303032426,MLBL,Capital Hub P. Ltd,Online Securities Pvt. Ltd.,1000,434.1,434100.0,2025-07-23 14:39:23.716866
2025-07-23,20176,2025072303032447,MLBL,Capital Hub P. Ltd,Dakshinkali Investment & Securities Pvt. Ltd.,500,434.1,217050.0,2025-07-23 14:39:30.063334
2025-07-23,19834,2025072303032519,MLBL,Capital Hub P. Ltd,Market Securities & Exchange (PVT) Ltd.,500,434.1,217050.0,2025-07-23 14:39:54.251149
2025-07-23,19751,2025072303032536,MLBL,Capital Hub P. Ltd,Online Securities Pvt. Ltd.,1000,434.1,434100.0,2025-07-23 14:39:59.467132
2025-07-23,19562,2025072303032576,MLBL,Capital Hub P. Ltd,Online Securities Pvt. Ltd.,1000,434.1,434100.0,2025-07-23 14:40:14.070852
2025-07-23,19545,2025072303032581,MLBL,Capital Hub P. Ltd,Online Securities Pvt. Ltd.,64,434.1,27782.4,2025-07-23 14:40:15.006727
2025-07-23,19456,2025072303032600,MLBL,Capital Hub P. Ltd,Dipshikha Dhitopatra Karobar Co. Pvt Ltd.,175,434.1,75967.5,2025-07-23 14:40:22.459599
2025-07-23,19455,2025072303032601,MLBL,Deevyaa Securities & Stock House Pvt. Ltd,Dipshikha Dhitopatra Karobar Co. Pvt Ltd.,200,434.1,86820.0,2025-07-23 14:40:22.459872
2025-07-23,19454,2025072303032602,MLBL,Vision Securities Pvt. Ltd,Dipshikha Dhitopatra Karobar Co. Pvt Ltd.,1000,434.0,434000.0,2025-07-23 14:40:22.459976
2025-07-23,19453,2025072303032603,MLBL,SUN SECURITIES PVT LTD,Dipshikha Dhitopatra Karobar Co. Pvt Ltd.,50,434.0,21700.0,2025-07-23 14:40:22.460088
2025-07-23,19452,2025072303032604,MLBL,Online Securities Pvt. Ltd.,Dipshikha Dhitopatra Karobar Co. Pvt Ltd.,200,434.0,86800.0,2025-07-23 14:40:22.460197
2025-07-23,19451,2025072303032605,MLBL,Online Securities Pvt. Ltd.,Dipshikha Dhitopatra Karobar Co. Pvt Ltd.,200,434.0,86800.0,2025-07-23 14:40:22.460298
2025-07-23,18571,2025072303032799,MLBL,Sani Securities Company Ltd.,Trisul Securities & Invt. Ltd.,13,433.0,5629.0,2025-07-23 14:41:34.907833
2025-07-23,18570,2025072303032800,MLBL,Midas Stock Broking Company Private Limited,Trisul Securities & Invt. Ltd.,200,432.1,86420.0,2025-07-23 14:41:34.908091
2025-07-23,18569,2025072303032801,MLBL,Imperial Securities Company Pvt. Ltd.,Trisul Securities & Invt. Ltd.,787,432.0,339984.0,2025-07-23 14:41:34.908222
2025-07-23,17213,2025072303033121,MLBL,Pragyan Securities (PVT) Ltd.,Hatemalo Financial Services Private Limited,16,433.0,6928.0,2025-07-23 14:43:24.157138
2025-07-23,16166,2025072303033330,MLBL,Pragyan Securities (PVT) Ltd.,Hatemalo Financial Services Private Limited,50,433.0,21650.0,2025-07-23 14:44:55.679437
2025-07-23,16080,2025072303033355,MLBL,Pragyan Securities (PVT) Ltd.,Nepal Stock House (PVT) Ltd.,54,433.0,23382.0,2025-07-23 14:45:00.675341
2025-07-23,15875,2025072303033405,MLBL,South Asian Bulls Pvt. Ltd.,Asian Securities Private Ltd.,32,432.1,13827.2,2025-07-23 14:45:17.296930
2025-07-23,15522,2025072303033469,MLBL,Vision Securities Pvt. Ltd,Nepal Stock House (PVT) Ltd.,46,433.0,19918.0,2025-07-23 14:45:54.796543
2025-07-23,15350,2025072303033492,MLBL,Vision Securities Pvt. Ltd,Asian Securities Private Ltd.,20,434.0,8680.0,2025-07-23 14:46:09.479983
2025-07-23,14832,2025072303033578,MLBL,Vision Securities Pvt. Ltd,Asian Securities Private Ltd.,87,434.0,37758.0,2025-07-23 14:46:57.441879
2025-07-23,14831,2025072303033579,MLBL,Vision Securities Pvt. Ltd,Dipshikha Dhitopatra Karobar Co. Pvt Ltd.,13,434.0,5642.0,2025-07-23 14:46:57.441935
2025-07-23,14628,2025072303033618,MLBL,Infinity Securities Limited,Kohinoor Investment & Securities Pvt. Ltd.,234,433.0,101322.0,2025-07-23 14:47:15.136653
2025-07-23,14627,2025072303033619,MLBL,Infinity Securities Limited,Dipshikha Dhitopatra Karobar Co. Pvt Ltd.,187,434.0,81158.0,2025-07-23 14:47:15.136770
2025-07-23,14626,2025072303033620,MLBL,Infinity Securities Limited,Aryatara Investment & Securities,150,434.0,65100.0,2025-07-23 14:47:15.136853
2025-07-23,14625,2025072303033621,MLBL,Infinity Securities Limited,Primo Securities (PVT) Ltd.,429,434.8,186529.2,2025-07-23 14:47:15.136964
2025-07-23,14433,2025072303033647,MLBL,South Asian Bulls Pvt. Ltd.,Primo Securities (PVT) Ltd.,97,434.0,42098.0,2025-07-23 14:47:35.012397
2025-07-23,13548,2025072303033849,MLBL,Dynamic Money Managers Securities Pvt. Ltd.,J.F. Securites (PVT) Ltd.,100,434.0,43400.0,2025-07-23 14:48:58.645199
2025-07-23,13495,2025072303033862,MLBL,Nepal Investment And Securities Trading Private Limited,Blue Chip Securities Ltd,50,433.0,21650.0,2025-07-23 14:49:03.267214
2025-07-23,13494,2025072303033863,MLBL,South Asian Bulls Pvt. Ltd.,Blue Chip Securities Ltd,171,432.1,73889.1,2025-07-23 14:49:03.267270
2025-07-23,13493,2025072303033864,MLBL,Imperial Securities Company Pvt. Ltd.,Blue Chip Securities Ltd,213,432.0,92016.0,2025-07-23 14:49:03.267300
2025-07-23,13492,2025072303033865,MLBL,Vision Securities Pvt. Ltd,Blue Chip Securities Ltd,500,431.1,215550.0,2025-07-23 14:49:03.267333
2025-07-23,13491,2025072303033866,MLBL,KALASH STOCK MARKET PVT. LTD.,Blue Chip Securities Ltd,66,431.1,28452.6,2025-07-23 14:49:03.267357
2025-07-23,13278,2025072303033943,MLBL,Kalika Securities Pvt. Ltd.,Primo Securities (PVT) Ltd.,90,434.8,39132.0,2025-07-23 14:49:23.051890
2025-07-23,13037,2025072303033995,MLBL,Sundhara Securities Limited,Primo Securities (PVT) Ltd.,300,434.8,130440.0,2025-07-23 14:49:39.635036
2025-07-23,12969,2025072303034024,MLBL,Dynamic Money Managers Securities Pvt. Ltd.,Primo Securities (PVT) Ltd.,30,434.8,13044.0,2025-07-23 14:49:45.867362
2025-07-23,12522,2025072303034099,MLBL,Sani Securities Company Ltd.,Dipshikha Dhitopatra Karobar Co. Pvt Ltd.,200,434.9,86980.0,2025-07-23 14:50:16.308099
2025-07-23,12252,2025072303034142,MLBL,Kalika Securities Pvt. Ltd.,Dipshikha Dhitopatra Karobar Co. Pvt Ltd.,10,434.9,4349.0,2025-07-23 14:50:39.957822
2025-07-23,12180,2025072303034155,MLBL,KALASH STOCK MARKET PVT. LTD.,Dipshikha Dhitopatra Karobar Co. Pvt Ltd.,887,434.9,385756.3,2025-07-23 14:50:47.005499
2025-07-23,11220,2025072303034359,MLBL,ABC Securities Private Limited,Dipshikha Dhitopatra Karobar Co. Pvt Ltd.,78,434.9,33922.2,2025-07-23 14:52:07.975051
2025-07-23,10403,2025072303034527,MLBL,Dynamic Money Managers Securities Pvt. Ltd.,Dipshikha Dhitopatra Karobar Co. Pvt Ltd.,18,435.0,7830.0,2025-07-23 14:53:08.800229
2025-07-23,10279,2025072303034560,MLBL,Dynamic Money Managers Securities Pvt. Ltd.,Sani Securities Company Ltd.,60,434.8,26088.0,2025-07-23 14:53:17.307394
2025-07-23,10046,2025072303034627,MLBL,Siprabi Securities Pvt. Ltd.,Dipshikha Dhitopatra Karobar Co. Pvt Ltd.,450,435.0,195750.0,2025-07-23 14:53:30.894740
2025-07-23,10045,2025072303034628,MLBL,Siprabi Securities Pvt. Ltd.,Sagarmatha Securities Private Limited,500,435.0,217500.0,2025-07-23 14:53:30.895010
2025-07-23,10044,2025072303034629,MLBL,Siprabi Securities Pvt. Ltd.,Premier Securities Company Ltd.,50,435.0,21750.0,2025-07-23 14:53:30.895127
2025-07-23,9914,2025072303034660,MLBL,Dynamic Money Managers Securities Pvt. Ltd.,Imperial Securities Company Pvt. Ltd.,10,434.8,4348.0,2025-07-23 14:53:40.753878
2025-07-23,9913,2025072303034661,MLBL,Sani Securities Company Ltd.,Imperial Securities Company Pvt. Ltd.,200,434.6,86920.0,2025-07-23 14:53:40.754158
2025-07-23,9912,2025072303034662,MLBL,Imperial Securities Company Pvt. Ltd.,Imperial Securities Company Pvt. Ltd.,47,434.5,20421.5,2025-07-23 14:53:40.754264
2025-07-23,9903,2025072303034663,MLBL,Dynamic Money Managers Securities Pvt. Ltd.,Premier Securities Company Ltd.,10,435.0,4350.0,2025-07-23 14:53:41.222445
2025-07-23,9751,2025072303034695,MLBL,Siprabi Securities Pvt. Ltd.,Premier Securities Company Ltd.,340,435.0,147900.0,2025-07-23 14:53:51.279432
2025-07-23,9670,2025072303034703,MLBL,Siprabi Securities Pvt. Ltd.,K.B.L. Securities Limited ,55,435.0,23925.0,2025-07-23 14:53:57.234290
2025-07-23,8631,2025072303034974,MLBL,Siprabi Securities Pvt. Ltd.,Dynamic Money Managers Securities Pvt. Ltd.,105,435.0,45675.0,2025-07-23 14:54:55.495346
2025-07-23,7491,2025072303035289,MLBL,Sagarmatha Securities Private Limited,Naasa Securities Co. Ltd.,280,435.0,121800.0,2025-07-23 14:55:54.292822
2025-07-23,6480,2025072303035456,MLBL,Sagarmatha Securities Private Limited,Imperial Securities Company Pvt. Ltd.,31,435.0,13485.0,2025-07-23 14:56:39.240090
2025-07-23,5800,2025072303035583,MLBL,Sagarmatha Securities Private Limited,Nepal Stock House (PVT) Ltd.,25,435.0,10875.0,2025-07-23 14:57:12.063345
2025-07-23,4946,2025072303035728,MLBL,Sagarmatha Securities Private Limited,Kohinoor Investment & Securities Pvt. Ltd.,164,435.0,71340.0,2025-07-23 14:57:39.108053
2025-07-23,4945,2025072303035729,MLBL,Nepal Stock House (PVT) Ltd.,Kohinoor Investment & Securities Pvt. Ltd.,200,435.0,87000.0,2025-07-23 14:57:39.108342
2025-07-23,4944,2025072303035730,MLBL,Swarna Laxmi Securities Pvt. Ltd.,Kohinoor Investment & Securities Pvt. Ltd.,150,435.0,65250.0,2025-07-23 14:57:39.108504
2025-07-23,4943,2025072303035731,MLBL,South Asian Bulls Pvt. Ltd.,Kohinoor Investment & Securities Pvt. Ltd.,105,435.0,45675.0,2025-07-23 14:57:39.108652
2025-07-23,4942,2025072303035732,MLBL,Linch Stock Market Ltd.,Kohinoor Investment & Securities Pvt. Ltd.,381,435.0,165735.0,2025-07-23 14:57:39.108771
2025-07-23,4885,2025072303035748,MLBL,Linch Stock Market Ltd.,Trisul Securities & Invt. Ltd.,74,435.0,32190.0,2025-07-23 14:57:42.683758
2025-07-23,4824,2025072303035770,MLBL,Imperial Securities Company Pvt. Ltd.,APPLE SECURITIES PRIVATE LIMITED,95,434.5,41277.5,2025-07-23 14:57:45.039754
2025-07-23,4753,2025072303035790,MLBL,Imperial Securities Company Pvt. Ltd.,Nabil Stock Dealer Ltd.,858,434.5,372801.0,2025-07-23 14:57:48.587864
2025-07-23,4752,2025072303035791,MLBL,Sajilo Broker Limited,Nabil Stock Dealer Ltd.,50,434.5,21725.0,2025-07-23 14:57:48.588151
2025-07-23,4751,2025072303035792,MLBL,Kumari Securities Private Limited,Nabil Stock Dealer Ltd.,500,434.0,217000.0,2025-07-23 14:57:48.588293
2025-07-23,4120,2025072303035929,MLBL,Pragyan Securities (PVT) Ltd.,Nabil Stock Dealer Ltd.,130,434.0,56420.0,2025-07-23 14:58:14.298270
2025-07-23,3893,2025072303035939,MLBL,Naasa Securities Co. Ltd.,Nabil Stock Dealer Ltd.,50,434.0,21700.0,2025-07-23 14:58:19.064220
2025-07-23,3549,2025072303036039,MLBL,Imperial Securities Company Pvt. Ltd.,Capital Max Securities Ltd,10,433.9,4339.0,2025-07-23 14:58:30.821172
2025-07-23,3548,2025072303036040,MLBL,Swarna Laxmi Securities Pvt. Ltd.,Nabil Stock Dealer Ltd.,20,434.0,8680.0,2025-07-23 14:58:30.821622
2025-07-23,3007,2025072303036167,MLBL,Imperial Securities Company Pvt. Ltd.,Dakshinkali Investment & Securities Pvt. Ltd.,500,433.9,216950.0,2025-07-23 14:58:50.152674
2025-07-23,1977,2025072303036359,MLBL,Imperial Securities Company Pvt. Ltd.,Investment Management Nepal Pvt. Ltd.,490,433.9,212611.0,2025-07-23 14:59:21.470814
2025-07-23,1976,2025072303036360,MLBL,Swarna Laxmi Securities Pvt. Ltd.,Investment Management Nepal Pvt. Ltd.,50,433.9,21695.0,2025-07-23 14:59:21.471092
2025-07-23,1975,2025072303036361,MLBL,Kumari Securities Private Limited,Investment Management Nepal Pvt. Ltd.,60,433.0,25980.0,2025-07-23 14:59:21.471221
2025-07-23,1681,2025072303036431,MLBL,Trishakti Securities Public Limited,Nabil Stock Dealer Ltd.,200,434.0,86800.0,2025-07-23 14:59:27.667044
2025-07-23,981,2025072303036609,MLBL,Kumari Securities Private Limited,Aakashbhairab Securities Ltd.,440,433.0,190520.0,2025-07-23 14:59:42.725334
2025-07-23,980,2025072303036610,MLBL,Sani Securities Company Ltd.,Aakashbhairab Securities Ltd.,100,433.0,43300.0,2025-07-23 14:59:42.725767
2025-07-23,979,2025072303036611,MLBL,Sri Hari Securities Pvt. Ltd.,Aakashbhairab Securities Ltd.,200,433.0,86600.0,2025-07-23 14:59:42.726089
2025-07-23,978,2025072303036612,MLBL,Oxford Securities Pvt. Ltd.,Aakashbhairab Securities Ltd.,100,433.0,43300.0,2025-07-23 14:59:42.726389
2025-07-23,977,2025072303036613,MLBL,Sumeru Securities Pvt. Ltd.,Aakashbhairab Securities Ltd.,50,433.0,21650.0,2025-07-23 14:59:42.726665
2025-07-23,976,2025072303036614,MLBL,Kumari Securities Private Limited,Aakashbhairab Securities Ltd.,125,433.0,54125.0,2025-07-23 14:59:42.726946
2025-07-23,303,2025072303036738,MLBL,Kumari Securities Private Limited,Opal Securities Investment (PVT) Ltd.,150,433.0,64950.0,2025-07-23 14:59:55.562219
