Date,S.N.,contract_id,symbol,buyer_broker,seller_broker,volume,price,amount,transaction_time
2025-07-23,170318,2025072301000001,NABIL,Oxford Securities Pvt. Ltd.,Trisul Securities & Invt. Ltd.,10,543.6,5436.0,2025-07-23 10:46:00.005222
2025-07-23,167591,2025072301000552,NABIL,Imperial Securities Company Pvt. Ltd.,Naasa Securities Co. Ltd.,150,554.4,83160.0,2025-07-23 11:04:00.999171
2025-07-23,167590,2025072301000553,NABIL,Midas Stock Broking Company Private Limited,Naasa Securities Co. Ltd.,170,554.4,94248.0,2025-07-23 11:04:00.999271
2025-07-23,167589,2025072301000554,NABIL,Sweta Securities Private Limited,Naasa Securities Co. Ltd.,10,554.3,5543.0,2025-07-23 11:04:00.999321
2025-07-23,167588,2025072301000555,NABIL,Primo Securities (PVT) Ltd.,Naasa Securities Co. Ltd.,50,554.3,27715.0,2025-07-23 11:04:00.999372
2025-07-23,167587,2025072301000556,NABIL,Roadshow securities limited,Naasa Securities Co. Ltd.,100,554.2,55420.0,2025-07-23 11:04:00.999418
2025-07-23,167586,2025072301000557,NABIL,Cristal Kanchanjanga Securites Pvt. Ltd.,Naasa Securities Co. Ltd.,20,554.2,11084.0,2025-07-23 11:04:00.999464
2025-07-23,166635,2025072301000749,NABIL,Nabil Stock Dealer Ltd.,Online Securities Pvt. Ltd.,10,555.0,5550.0,2025-07-23 11:05:12.976350
2025-07-23,166082,2025072301000865,NABIL,Naasa Securities Co. Ltd.,Malla & Malla Stock Broking Company Pvt. Limited,18,558.0,10044.0,2025-07-23 11:05:53.361149
2025-07-23,165695,2025072301000930,NABIL,Cristal Kanchanjanga Securites Pvt. Ltd.,Malla & Malla Stock Broking Company Pvt. Limited,100,558.0,55800.0,2025-07-23 11:06:19.011667
2025-07-23,165694,2025072301000931,NABIL,Cristal Kanchanjanga Securites Pvt. Ltd.,Nagarik Stock Dealer ,50,558.0,27900.0,2025-07-23 11:06:19.011821
2025-07-23,165526,2025072301000960,NABIL,Cristal Kanchanjanga Securites Pvt. Ltd.,Opal Securities Investment (PVT) Ltd.,260,558.0,145080.0,2025-07-23 11:06:32.926036
2025-07-23,165443,2025072301000975,NABIL,Cristal Kanchanjanga Securites Pvt. Ltd.,Online Securities Pvt. Ltd.,10,558.0,5580.0,2025-07-23 11:06:36.655397
2025-07-23,165424,2025072301000979,NABIL,Naasa Securities Co. Ltd.,Vision Securities Pvt. Ltd,182,558.7,101683.4,2025-07-23 11:06:37.867117
2025-07-23,165337,2025072301001004,NABIL,Cristal Kanchanjanga Securites Pvt. Ltd.,Vision Securities Pvt. Ltd,459,558.7,256443.3,2025-07-23 11:06:45.407675
2025-07-23,164825,2025072301001120,NABIL,Bhrikuti Stock Broking Co. Pvt. Ltd.,Linch Stock Market Ltd.,20,560.0,11200.0,2025-07-23 11:07:19.406486
2025-07-23,164824,2025072301001121,NABIL,Bhrikuti Stock Broking Co. Pvt. Ltd.,Sri Hari Securities Pvt. Ltd.,10,560.0,5600.0,2025-07-23 11:07:19.406626
2025-07-23,164823,2025072301001122,NABIL,Bhrikuti Stock Broking Co. Pvt. Ltd.,Sani Securities Company Ltd.,53,560.0,29680.0,2025-07-23 11:07:19.406697
2025-07-23,164822,2025072301001123,NABIL,Bhrikuti Stock Broking Co. Pvt. Ltd.,Sweta Securities Private Limited,660,561.0,370260.0,2025-07-23 11:07:19.406759
2025-07-23,164333,2025072301001234,NABIL,Sewa Securities Pvt. Ltd.,Sweta Securities Private Limited,11,561.0,6171.0,2025-07-23 11:07:48.838694
2025-07-23,164121,2025072301001287,NABIL,Nabil Stock Dealer Ltd.,Neev Securities Pvt. Ltd.,40,559.0,22360.0,2025-07-23 11:08:04.514868
2025-07-23,164120,2025072301001288,NABIL,Imperial Securities Company Pvt. Ltd.,Neev Securities Pvt. Ltd.,160,559.0,89440.0,2025-07-23 11:08:04.515017
2025-07-23,164088,2025072301001296,NABIL,Bhrikuti Stock Broking Co. Pvt. Ltd.,Sani Securities Company Ltd.,20,560.0,11200.0,2025-07-23 11:08:07.723338
2025-07-23,164087,2025072301001297,NABIL,Bhrikuti Stock Broking Co. Pvt. Ltd.,Sweta Securities Private Limited,72,561.0,40392.0,2025-07-23 11:08:07.723505
2025-07-23,164086,2025072301001298,NABIL,Bhrikuti Stock Broking Co. Pvt. Ltd.,Trisul Securities & Invt. Ltd.,40,561.0,22440.0,2025-07-23 11:08:07.723576
2025-07-23,163976,2025072301001335,NABIL,Trishakti Securities Public Limited,Imperial Securities Company Pvt. Ltd.,200,560.0,112000.0,2025-07-23 11:08:18.005281
2025-07-23,163975,2025072301001336,NABIL,Trishakti Securities Public Limited,Sani Securities Company Ltd.,100,560.0,56000.0,2025-07-23 11:08:18.031972
2025-07-23,163717,2025072301001393,NABIL,Neev Securities Pvt. Ltd.,Trisul Securities & Invt. Ltd.,20,561.0,11220.0,2025-07-23 11:08:31.346602
2025-07-23,163577,2025072301001419,NABIL,Neev Securities Pvt. Ltd.,Dakshinkali Investment & Securities Pvt. Ltd.,293,561.0,164373.0,2025-07-23 11:08:43.270052
2025-07-23,163558,2025072301001423,NABIL,Capital Max Securities Ltd,Kohinoor Investment & Securities Pvt. Ltd.,50,561.8,28090.0,2025-07-23 11:08:44.874350
2025-07-23,163557,2025072301001424,NABIL,Capital Max Securities Ltd,South Asian Bulls Pvt. Ltd.,100,562.0,56200.0,2025-07-23 11:08:44.874498
2025-07-23,163099,2025072301001544,NABIL,Kumari Securities Private Limited,Deevyaa Securities & Stock House Pvt. Ltd,100,561.9,56190.0,2025-07-23 11:09:17.815986
2025-07-23,163062,2025072301001550,NABIL,Neev Securities Pvt. Ltd.,Kohinoor Investment & Securities Pvt. Ltd.,187,561.0,104907.0,2025-07-23 11:09:20.408431
2025-07-23,162924,2025072301001591,NABIL,Aryatara Investment & Securities,Vision Securities Pvt. Ltd,40,561.0,22440.0,2025-07-23 11:09:31.591316
2025-07-23,162812,2025072301001614,NABIL,Kohinoor Investment & Securities Pvt. Ltd.,Vision Securities Pvt. Ltd,392,560.1,219559.2,2025-07-23 11:09:40.357186
2025-07-23,162811,2025072301001615,NABIL,Trishakti Securities Public Limited,Vision Securities Pvt. Ltd,200,560.0,112000.0,2025-07-23 11:09:40.357505
2025-07-23,162810,2025072301001616,NABIL,Linch Stock Market Ltd.,Vision Securities Pvt. Ltd,100,560.0,56000.0,2025-07-23 11:09:40.357708
2025-07-23,162809,2025072301001617,NABIL,Sri Hari Securities Pvt. Ltd.,Vision Securities Pvt. Ltd,108,560.0,60480.0,2025-07-23 11:09:40.357905
2025-07-23,162764,2025072301001624,NABIL,Sri Hari Securities Pvt. Ltd.,Infinity Securities Limited,392,560.0,219520.0,2025-07-23 11:09:42.767916
2025-07-23,162763,2025072301001625,NABIL,Opal Securities Investment (PVT) Ltd.,Infinity Securities Limited,28,560.0,15680.0,2025-07-23 11:09:42.768264
2025-07-23,162732,2025072301001629,NABIL,Dipshikha Dhitopatra Karobar Co. Pvt Ltd.,Infinity Securities Limited,40,560.0,22400.0,2025-07-23 11:09:44.780782
2025-07-23,162608,2025072301001651,NABIL,Global IME Securities Limited,Infinity Securities Limited,40,560.0,22400.0,2025-07-23 11:09:53.305246
2025-07-23,162607,2025072301001652,NABIL,Global IME Securities Limited,Neev Securities Pvt. Ltd.,10,560.0,5600.0,2025-07-23 11:09:53.305404
2025-07-23,162555,2025072301001659,NABIL,Dipshikha Dhitopatra Karobar Co. Pvt Ltd.,Neev Securities Pvt. Ltd.,90,560.0,50400.0,2025-07-23 11:09:56.093133
2025-07-23,162282,2025072301001700,NABIL,Dipshikha Dhitopatra Karobar Co. Pvt Ltd.,Vision Securities Pvt. Ltd,10,560.0,5600.0,2025-07-23 11:10:11.784037
2025-07-23,162159,2025072301001738,NABIL,Imperial Securities Company Pvt. Ltd.,Vision Securities Pvt. Ltd,40,559.0,22360.0,2025-07-23 11:10:20.322299
2025-07-23,162158,2025072301001739,NABIL,Vision Securities Pvt. Ltd,Vision Securities Pvt. Ltd,50,559.0,27950.0,2025-07-23 11:10:20.322616
2025-07-23,162004,2025072301001772,NABIL,Cristal Kanchanjanga Securites Pvt. Ltd.,Asian Securities Private Ltd.,21,558.7,11732.7,2025-07-23 11:10:30.157231
2025-07-23,162003,2025072301001773,NABIL,Cristal Kanchanjanga Securites Pvt. Ltd.,Asian Securities Private Ltd.,80,558.0,44640.0,2025-07-23 11:10:30.157407
2025-07-23,162002,2025072301001774,NABIL,Naasa Securities Co. Ltd.,Asian Securities Private Ltd.,10,558.0,5580.0,2025-07-23 11:10:30.157485
2025-07-23,162001,2025072301001775,NABIL,Online Securities Pvt. Ltd.,Asian Securities Private Ltd.,175,558.0,97650.0,2025-07-23 11:10:30.157573
2025-07-23,162000,2025072301001776,NABIL,Capital Max Securities Ltd,Asian Securities Private Ltd.,60,558.0,33480.0,2025-07-23 11:10:30.157648
2025-07-23,161831,2025072301001822,NABIL,MILKY WAY SHARE BROKER COMPANY LTD ,Linch Stock Market Ltd.,30,560.0,16800.0,2025-07-23 11:10:41.866511
2025-07-23,161552,2025072301001898,NABIL,Capital Max Securities Ltd,Vision Securities Pvt. Ltd,540,558.0,301320.0,2025-07-23 11:10:59.712032
2025-07-23,161551,2025072301001899,NABIL,Sani Securities Company Ltd.,Vision Securities Pvt. Ltd,50,558.0,27900.0,2025-07-23 11:10:59.712232
2025-07-23,161549,2025072301001900,NABIL,Neev Securities Pvt. Ltd.,ABC Securities Private Limited,500,556.1,278050.0,2025-07-23 11:10:59.868145
2025-07-23,161548,2025072301001901,NABIL,Cristal Kanchanjanga Securites Pvt. Ltd.,ABC Securities Private Limited,200,556.1,111220.0,2025-07-23 11:10:59.868328
2025-07-23,161547,2025072301001902,NABIL,Cristal Kanchanjanga Securites Pvt. Ltd.,ABC Securities Private Limited,300,555.1,166530.0,2025-07-23 11:10:59.868412
2025-07-23,161546,2025072301001903,NABIL,Neev Securities Pvt. Ltd.,ABC Securities Private Limited,500,555.0,277500.0,2025-07-23 11:10:59.868485
2025-07-23,161545,2025072301001904,NABIL,Kumari Securities Private Limited,ABC Securities Private Limited,100,555.0,55500.0,2025-07-23 11:10:59.868560
2025-07-23,161544,2025072301001905,NABIL,Ashutosh Brokerage & Securities (PVT) Ltd.,ABC Securities Private Limited,500,555.0,277500.0,2025-07-23 11:10:59.868646
2025-07-23,161543,2025072301001906,NABIL,Imperial Securities Company Pvt. Ltd.,ABC Securities Private Limited,100,555.0,55500.0,2025-07-23 11:10:59.868728
2025-07-23,161542,2025072301001907,NABIL,Secured Securities Ltd.,ABC Securities Private Limited,48,555.0,26640.0,2025-07-23 11:10:59.868805
2025-07-23,161541,2025072301001908,NABIL,Aryatara Investment & Securities,ABC Securities Private Limited,200,555.0,111000.0,2025-07-23 11:10:59.868887
2025-07-23,161540,2025072301001909,NABIL,Siprabi Securities Pvt. Ltd.,ABC Securities Private Limited,900,555.0,499500.0,2025-07-23 11:10:59.868961
2025-07-23,161539,2025072301001910,NABIL,Vision Securities Pvt. Ltd,ABC Securities Private Limited,500,554.5,277250.0,2025-07-23 11:10:59.869046
2025-07-23,161538,2025072301001911,NABIL,Aryatara Investment & Securities,ABC Securities Private Limited,304,554.5,168568.0,2025-07-23 11:10:59.869118
2025-07-23,161537,2025072301001912,NABIL,Naasa Securities Co. Ltd.,ABC Securities Private Limited,10,554.1,5541.0,2025-07-23 11:10:59.869225
2025-07-23,161536,2025072301001913,NABIL,Thrive Brokerage House Pvt. Ltd,ABC Securities Private Limited,250,554.0,138500.0,2025-07-23 11:10:59.869302
2025-07-23,161535,2025072301001914,NABIL,Imperial Securities Company Pvt. Ltd.,ABC Securities Private Limited,140,554.0,77560.0,2025-07-23 11:10:59.869377
2025-07-23,161534,2025072301001915,NABIL,Imperial Securities Company Pvt. Ltd.,ABC Securities Private Limited,180,554.0,99720.0,2025-07-23 11:10:59.869451
2025-07-23,161533,2025072301001916,NABIL,Thrive Brokerage House Pvt. Ltd,ABC Securities Private Limited,100,554.0,55400.0,2025-07-23 11:10:59.869529
2025-07-23,160950,2025072301002061,NABIL,Secured Securities Ltd.,ABC Securities Private Limited,27,554.0,14958.0,2025-07-23 11:11:31.332825
2025-07-23,160773,2025072301002095,NABIL,Primo Securities (PVT) Ltd.,ABC Securities Private Limited,141,554.0,78114.0,2025-07-23 11:11:42.753682
2025-07-23,160649,2025072301002119,NABIL,Midas Stock Broking Company Private Limited,Sani Securities Company Ltd.,40,558.0,22320.0,2025-07-23 11:11:49.818713
2025-07-23,160648,2025072301002120,NABIL,Primo Securities (PVT) Ltd.,Sani Securities Company Ltd.,150,555.0,83250.0,2025-07-23 11:11:49.819088
2025-07-23,160251,2025072301002191,NABIL,Primo Securities (PVT) Ltd.,Naasa Securities Co. Ltd.,20,555.0,11100.0,2025-07-23 11:12:18.116017
2025-07-23,160031,2025072301002233,NABIL,Bhrikuti Stock Broking Co. Pvt. Ltd.,Sani Securities Company Ltd.,63,557.9,35147.7,2025-07-23 11:12:31.514376
2025-07-23,160030,2025072301002234,NABIL,Bhrikuti Stock Broking Co. Pvt. Ltd.,Primo Securities (PVT) Ltd.,193,558.0,107694.0,2025-07-23 11:12:31.514550
2025-07-23,160024,2025072301002238,NABIL,Primo Securities (PVT) Ltd.,Oxford Securities Pvt. Ltd.,10,555.0,5550.0,2025-07-23 11:12:31.947926
2025-07-23,159984,2025072301002247,NABIL,Primo Securities (PVT) Ltd.,Online Securities Pvt. Ltd.,160,555.0,88800.0,2025-07-23 11:12:33.881792
2025-07-23,159920,2025072301002262,NABIL,Primo Securities (PVT) Ltd.,Nepal Stock House (PVT) Ltd.,319,555.0,177045.0,2025-07-23 11:12:38.801748
2025-07-23,159919,2025072301002263,NABIL,Secured Securities Ltd.,Nepal Stock House (PVT) Ltd.,100,555.0,55500.0,2025-07-23 11:12:38.801907
2025-07-23,159384,2025072301002383,NABIL,Capital Max Securities Ltd,ABC Securities Private Limited,25,553.0,13825.0,2025-07-23 11:13:12.243695
2025-07-23,159383,2025072301002384,NABIL,Dipshikha Dhitopatra Karobar Co. Pvt Ltd.,ABC Securities Private Limited,100,553.0,55300.0,2025-07-23 11:13:12.243874
2025-07-23,159382,2025072301002385,NABIL,Sweta Securities Private Limited,ABC Securities Private Limited,10,552.0,5520.0,2025-07-23 11:13:12.243956
2025-07-23,159381,2025072301002386,NABIL,Siprabi Securities Pvt. Ltd.,ABC Securities Private Limited,905,552.0,499560.0,2025-07-23 11:13:12.244040
2025-07-23,159380,2025072301002387,NABIL,Sweta Securities Private Limited,ABC Securities Private Limited,10,550.1,5501.0,2025-07-23 11:13:12.244115
2025-07-23,159379,2025072301002388,NABIL,Opal Securities Investment (PVT) Ltd.,ABC Securities Private Limited,100,550.0,55000.0,2025-07-23 11:13:12.244193
2025-07-23,159378,2025072301002389,NABIL,Secured Securities Ltd.,ABC Securities Private Limited,85,550.0,46750.0,2025-07-23 11:13:12.244321
2025-07-23,159377,2025072301002390,NABIL,Dipshikha Dhitopatra Karobar Co. Pvt Ltd.,ABC Securities Private Limited,100,550.0,55000.0,2025-07-23 11:13:12.244405
2025-07-23,159376,2025072301002391,NABIL,KALASH STOCK MARKET PVT. LTD.,ABC Securities Private Limited,1000,550.0,550000.0,2025-07-23 11:13:12.244476
2025-07-23,159375,2025072301002392,NABIL,J.F. Securites (PVT) Ltd.,ABC Securities Private Limited,90,550.0,49500.0,2025-07-23 11:13:12.244546
2025-07-23,159374,2025072301002393,NABIL,J.F. Securites (PVT) Ltd.,ABC Securities Private Limited,12,550.0,6600.0,2025-07-23 11:13:12.244616
2025-07-23,159373,2025072301002394,NABIL,Nepal Stock House (PVT) Ltd.,ABC Securities Private Limited,10,550.0,5500.0,2025-07-23 11:13:12.244714
2025-07-23,159372,2025072301002395,NABIL,Vision Securities Pvt. Ltd,ABC Securities Private Limited,20,550.0,11000.0,2025-07-23 11:13:12.244789
2025-07-23,159371,2025072301002396,NABIL,Kumari Securities Private Limited,ABC Securities Private Limited,200,550.0,110000.0,2025-07-23 11:13:12.244860
2025-07-23,159370,2025072301002397,NABIL,Secured Securities Ltd.,ABC Securities Private Limited,30,550.0,16500.0,2025-07-23 11:13:12.244938
2025-07-23,159369,2025072301002398,NABIL,Kalika Securities Pvt. Ltd.,ABC Securities Private Limited,100,550.0,55000.0,2025-07-23 11:13:12.245007
2025-07-23,159368,2025072301002399,NABIL,Opal Securities Investment (PVT) Ltd.,ABC Securities Private Limited,1500,550.0,825000.0,2025-07-23 11:13:12.245087
2025-07-23,159367,2025072301002400,NABIL,Sani Securities Company Ltd.,ABC Securities Private Limited,70,550.0,38500.0,2025-07-23 11:13:12.245172
2025-07-23,159366,2025072301002401,NABIL,Aryatara Investment & Securities,ABC Securities Private Limited,100,550.0,55000.0,2025-07-23 11:13:12.245249
2025-07-23,159365,2025072301002402,NABIL,Siprabi Securities Pvt. Ltd.,ABC Securities Private Limited,909,550.0,499950.0,2025-07-23 11:13:12.245317
2025-07-23,159364,2025072301002403,NABIL,Dipshikha Dhitopatra Karobar Co. Pvt Ltd.,ABC Securities Private Limited,160,550.0,88000.0,2025-07-23 11:13:12.245397
2025-07-23,159363,2025072301002404,NABIL,Naasa Securities Co. Ltd.,ABC Securities Private Limited,100,550.0,55000.0,2025-07-23 11:13:12.245466
2025-07-23,159352,2025072301002405,NABIL,Aryatara Investment & Securities,ABC Securities Private Limited,60,550.0,33000.0,2025-07-23 11:13:12.807122
2025-07-23,159141,2025072301002471,NABIL,Midas Stock Broking Company Private Limited,ABC Securities Private Limited,79,550.0,43450.0,2025-07-23 11:13:21.400095
2025-07-23,157935,2025072301002763,NABIL,Midas Stock Broking Company Private Limited,Kalika Securities Pvt. Ltd.,18,552.0,9936.0,2025-07-23 11:14:26.799454
2025-07-23,157462,2025072301002886,NABIL,South Asian Bulls Pvt. Ltd.,Naasa Securities Co. Ltd.,300,550.0,165000.0,2025-07-23 11:14:51.566210
2025-07-23,157461,2025072301002887,NABIL,Sani Securities Company Ltd.,Naasa Securities Co. Ltd.,500,550.0,275000.0,2025-07-23 11:14:51.566646
2025-07-23,157114,2025072301002949,NABIL,Trishakti Securities Public Limited,Naasa Securities Co. Ltd.,15,549.0,8235.0,2025-07-23 11:15:10.192627
2025-07-23,156833,2025072301003004,NABIL,Vision Securities Pvt. Ltd,Naasa Securities Co. Ltd.,185,549.0,101565.0,2025-07-23 11:15:23.169547
2025-07-23,156674,2025072301003037,NABIL,Vision Securities Pvt. Ltd,Naasa Securities Co. Ltd.,15,549.0,8235.0,2025-07-23 11:15:32.718075
2025-07-23,156401,2025072301003101,NABIL,Nepal Stock House (PVT) Ltd.,Malla & Malla Stock Broking Company Pvt. Limited,194,548.7,106447.8,2025-07-23 11:15:43.983470
2025-07-23,156018,2025072301003179,NABIL,Imperial Securities Company Pvt. Ltd.,Naasa Securities Co. Ltd.,85,549.0,46665.0,2025-07-23 11:16:06.565155
2025-07-23,155674,2025072301003266,NABIL,Imperial Securities Company Pvt. Ltd.,ABC Securities Private Limited,915,549.0,502335.0,2025-07-23 11:16:25.178936
2025-07-23,155673,2025072301003267,NABIL,Bhrikuti Stock Broking Co. Pvt. Ltd.,ABC Securities Private Limited,85,549.0,46665.0,2025-07-23 11:16:25.179139
2025-07-23,155105,2025072301003403,NABIL,Ashutosh Brokerage & Securities (PVT) Ltd.,Sani Securities Company Ltd.,100,549.0,54900.0,2025-07-23 11:16:56.308762
2025-07-23,155104,2025072301003404,NABIL,Ashutosh Brokerage & Securities (PVT) Ltd.,Machhapuchchhre Securities Limited,900,550.0,495000.0,2025-07-23 11:16:56.309138
2025-07-23,155036,2025072301003420,NABIL,Nepal Stock House (PVT) Ltd.,Ashutosh Brokerage & Securities (PVT) Ltd.,79,548.7,43347.3,2025-07-23 11:17:00.850962
2025-07-23,154559,2025072301003501,NABIL,J.F. Securites (PVT) Ltd.,Opal Securities Investment (PVT) Ltd.,130,548.8,71344.0,2025-07-23 11:17:25.914113
2025-07-23,154545,2025072301003506,NABIL,J.F. Securites (PVT) Ltd.,Imperial Securities Company Pvt. Ltd.,70,548.8,38416.0,2025-07-23 11:17:26.968044
2025-07-23,154495,2025072301003522,NABIL,Capital Max Securities Ltd,Imperial Securities Company Pvt. Ltd.,346,548.8,189884.8,2025-07-23 11:17:30.515970
2025-07-23,154247,2025072301003593,NABIL,Capital Max Securities Ltd,Naasa Securities Co. Ltd.,20,548.9,10978.0,2025-07-23 11:17:43.746924
2025-07-23,153794,2025072301003721,NABIL,Capital Max Securities Ltd,Imperial Securities Company Pvt. Ltd.,234,548.9,128442.6,2025-07-23 11:18:08.398100
2025-07-23,153793,2025072301003722,NABIL,Aryatara Investment & Securities,Imperial Securities Company Pvt. Ltd.,12,548.9,6586.8,2025-07-23 11:18:08.398301
2025-07-23,153440,2025072301003817,NABIL,Nepal Stock House (PVT) Ltd.,Imperial Securities Company Pvt. Ltd.,27,548.7,14814.9,2025-07-23 11:18:28.307133
2025-07-23,153439,2025072301003818,NABIL,Nepal Investment And Securities Trading Private Limited,Imperial Securities Company Pvt. Ltd.,100,548.7,54870.0,2025-07-23 11:18:28.307347
2025-07-23,153253,2025072301003866,NABIL,Naasa Securities Co. Ltd.,ABC Securities Private Limited,10,548.0,5480.0,2025-07-23 11:18:39.459961
2025-07-23,153252,2025072301003867,NABIL,Naasa Securities Co. Ltd.,ABC Securities Private Limited,10,548.0,5480.0,2025-07-23 11:18:39.460405
2025-07-23,153251,2025072301003868,NABIL,Thrive Brokerage House Pvt. Ltd,ABC Securities Private Limited,33,548.0,18084.0,2025-07-23 11:18:39.460663
2025-07-23,153250,2025072301003869,NABIL,Cristal Kanchanjanga Securites Pvt. Ltd.,ABC Securities Private Limited,47,548.0,25756.0,2025-07-23 11:18:39.460906
2025-07-23,153136,2025072301003894,NABIL,Cristal Kanchanjanga Securites Pvt. Ltd.,Imperial Securities Company Pvt. Ltd.,53,548.0,29044.0,2025-07-23 11:18:45.003049
2025-07-23,152951,2025072301003958,NABIL,Nepal Stock House (PVT) Ltd.,Imperial Securities Company Pvt. Ltd.,10,548.0,5480.0,2025-07-23 11:18:55.886109
2025-07-23,152917,2025072301003964,NABIL,Dipshikha Dhitopatra Karobar Co. Pvt Ltd.,Imperial Securities Company Pvt. Ltd.,220,548.0,120560.0,2025-07-23 11:18:58.535255
2025-07-23,152884,2025072301003969,NABIL,Nepal Stock House (PVT) Ltd.,Imperial Securities Company Pvt. Ltd.,200,548.0,109600.0,2025-07-23 11:19:00.810038
2025-07-23,152849,2025072301003978,NABIL,Bhrikuti Stock Broking Co. Pvt. Ltd.,Imperial Securities Company Pvt. Ltd.,84,548.0,46032.0,2025-07-23 11:19:03.750904
2025-07-23,152787,2025072301003991,NABIL,Bhrikuti Stock Broking Co. Pvt. Ltd.,Sewa Securities Pvt. Ltd.,100,548.0,54800.0,2025-07-23 11:19:07.384966
2025-07-23,152785,2025072301003992,NABIL,Bhrikuti Stock Broking Co. Pvt. Ltd.,Dynamic Money Managers Securities Pvt. Ltd.,118,548.0,64664.0,2025-07-23 11:19:07.544821
2025-07-23,152667,2025072301004015,NABIL,Bhrikuti Stock Broking Co. Pvt. Ltd.,Agrawal Securities (PVT) Ltd.,100,548.0,54800.0,2025-07-23 11:19:15.849735
2025-07-23,152639,2025072301004026,NABIL,Bhrikuti Stock Broking Co. Pvt. Ltd.,Agrawal Securities (PVT) Ltd.,28,548.0,15344.0,2025-07-23 11:19:17.448601
2025-07-23,152592,2025072301004036,NABIL,Bhrikuti Stock Broking Co. Pvt. Ltd.,Naasa Securities Co. Ltd.,70,548.0,38360.0,2025-07-23 11:19:20.325804
2025-07-23,152591,2025072301004037,NABIL,Naasa Securities Co. Ltd.,Naasa Securities Co. Ltd.,100,548.0,54800.0,2025-07-23 11:19:20.326044
2025-07-23,152547,2025072301004045,NABIL,Naasa Securities Co. Ltd.,Premier Securities Company Ltd.,50,548.0,27400.0,2025-07-23 11:19:23.239915
2025-07-23,152507,2025072301004049,NABIL,Vision Securities Pvt. Ltd,Shree Krishna Securities Ltd.,20,547.6,10952.0,2025-07-23 11:19:24.804624
2025-07-23,152506,2025072301004050,NABIL,Imperial Securities Company Pvt. Ltd.,Shree Krishna Securities Ltd.,20,547.6,10952.0,2025-07-23 11:19:24.804892
2025-07-23,152505,2025072301004051,NABIL,Naasa Securities Co. Ltd.,Shree Krishna Securities Ltd.,30,547.1,16413.0,2025-07-23 11:19:24.805067
2025-07-23,152504,2025072301004052,NABIL,Naasa Securities Co. Ltd.,Shree Krishna Securities Ltd.,100,547.0,54700.0,2025-07-23 11:19:24.805193
2025-07-23,152503,2025072301004053,NABIL,ABC Securities Private Limited,Shree Krishna Securities Ltd.,130,547.0,71110.0,2025-07-23 11:19:24.805315
2025-07-23,152142,2025072301004132,NABIL,Sani Securities Company Ltd.,Premier Securities Company Ltd.,77,548.0,42196.0,2025-07-23 11:19:43.221607
2025-07-23,151124,2025072301004277,NABIL,Sani Securities Company Ltd.,Sani Securities Company Ltd.,200,548.0,109600.0,2025-07-23 11:20:15.037796
2025-07-23,151102,2025072301004284,NABIL,ABC Securities Private Limited,Sani Securities Company Ltd.,100,548.0,54800.0,2025-07-23 11:20:15.611892
2025-07-23,150942,2025072301004307,NABIL,Sipla Securities Private Limited,Sani Securities Company Ltd.,200,548.0,109600.0,2025-07-23 11:20:21.032805
2025-07-23,150902,2025072301004314,NABIL,Cristal Kanchanjanga Securites Pvt. Ltd.,Sani Securities Company Ltd.,500,548.0,274000.0,2025-07-23 11:20:22.299859
2025-07-23,150856,2025072301004316,NABIL,Sani Securities Company Ltd.,Agrawal Securities (PVT) Ltd.,50,549.0,27450.0,2025-07-23 11:20:23.693440
2025-07-23,150566,2025072301004366,NABIL,Sani Securities Company Ltd.,Agrawal Securities (PVT) Ltd.,300,549.0,164700.0,2025-07-23 11:20:34.362488
2025-07-23,150271,2025072301004441,NABIL,Sri Hari Securities Pvt. Ltd.,ABC Securities Private Limited,275,550.0,151250.0,2025-07-23 11:20:47.083454
2025-07-23,150270,2025072301004442,NABIL,Sri Hari Securities Pvt. Ltd.,Online Securities Pvt. Ltd.,38,550.0,20900.0,2025-07-23 11:20:47.083689
2025-07-23,150269,2025072301004443,NABIL,Sri Hari Securities Pvt. Ltd.,Opal Securities Investment (PVT) Ltd.,10,550.0,5500.0,2025-07-23 11:20:47.083786
2025-07-23,150268,2025072301004444,NABIL,Sri Hari Securities Pvt. Ltd.,ABC Securities Private Limited,427,550.0,234850.0,2025-07-23 11:20:47.083876
2025-07-23,150161,2025072301004463,NABIL,Cristal Kanchanjanga Securites Pvt. Ltd.,ABC Securities Private Limited,500,550.0,275000.0,2025-07-23 11:20:50.422497
2025-07-23,149894,2025072301004535,NABIL,Sani Securities Company Ltd.,Nepal Stock House (PVT) Ltd.,50,549.0,27450.0,2025-07-23 11:21:00.255387
2025-07-23,149893,2025072301004536,NABIL,Naasa Securities Co. Ltd.,Nepal Stock House (PVT) Ltd.,45,549.0,24705.0,2025-07-23 11:21:00.255619
2025-07-23,149831,2025072301004552,NABIL,Primo Securities (PVT) Ltd.,ABC Securities Private Limited,73,550.0,40150.0,2025-07-23 11:21:03.431710
2025-07-23,149830,2025072301004553,NABIL,Primo Securities (PVT) Ltd.,Sani Securities Company Ltd.,100,550.0,55000.0,2025-07-23 11:21:03.431924
2025-07-23,149829,2025072301004554,NABIL,Primo Securities (PVT) Ltd.,Creative Securities Pvt Ltd,20,550.0,11000.0,2025-07-23 11:21:03.432012
2025-07-23,149828,2025072301004555,NABIL,Primo Securities (PVT) Ltd.,Thrive Brokerage House Pvt. Ltd,207,550.0,113850.0,2025-07-23 11:21:03.432111
2025-07-23,149786,2025072301004562,NABIL,South Asian Bulls Pvt. Ltd.,Thrive Brokerage House Pvt. Ltd,293,550.0,161150.0,2025-07-23 11:21:05.781193
2025-07-23,149785,2025072301004563,NABIL,South Asian Bulls Pvt. Ltd.,Primo Securities (PVT) Ltd.,60,550.0,33000.0,2025-07-23 11:21:05.781615
2025-07-23,149784,2025072301004564,NABIL,South Asian Bulls Pvt. Ltd.,Linch Stock Market Ltd.,35,550.0,19250.0,2025-07-23 11:21:05.781844
2025-07-23,149689,2025072301004584,NABIL,South Asian Bulls Pvt. Ltd.,Nepal Stock House (PVT) Ltd.,100,550.0,55000.0,2025-07-23 11:21:09.510257
2025-07-23,148600,2025072301004793,NABIL,Sani Securities Company Ltd.,Kumari Securities Private Limited,10,551.0,5510.0,2025-07-23 11:21:41.639442
2025-07-23,148094,2025072301004911,NABIL,South Asian Bulls Pvt. Ltd.,Dipshikha Dhitopatra Karobar Co. Pvt Ltd.,50,550.1,27505.0,2025-07-23 11:22:03.247251
2025-07-23,148093,2025072301004912,NABIL,Naasa Securities Co. Ltd.,Dipshikha Dhitopatra Karobar Co. Pvt Ltd.,100,550.1,55010.0,2025-07-23 11:22:03.247673
2025-07-23,147980,2025072301004933,NABIL,Sani Securities Company Ltd.,Kalika Securities Pvt. Ltd.,15,552.0,8280.0,2025-07-23 11:22:07.729496
2025-07-23,147828,2025072301004974,NABIL,Secured Securities Ltd.,Agrawal Securities (PVT) Ltd.,100,552.0,55200.0,2025-07-23 11:22:14.733243
2025-07-23,147283,2025072301005166,NABIL,Neev Securities Pvt. Ltd.,Nepal Stock House (PVT) Ltd.,11,555.0,6105.0,2025-07-23 11:22:33.272196
2025-07-23,147282,2025072301005167,NABIL,Neev Securities Pvt. Ltd.,Sewa Securities Pvt. Ltd.,56,555.0,31080.0,2025-07-23 11:22:33.272417
2025-07-23,147281,2025072301005168,NABIL,Neev Securities Pvt. Ltd.,Vision Securities Pvt. Ltd,133,555.0,73815.0,2025-07-23 11:22:33.272514
2025-07-23,146373,2025072301005363,NABIL,J.F. Securites (PVT) Ltd.,Vision Securities Pvt. Ltd,27,555.0,14985.0,2025-07-23 11:23:07.977443
2025-07-23,146372,2025072301005364,NABIL,J.F. Securites (PVT) Ltd.,Sharepro Securities Private Limited,73,555.0,40515.0,2025-07-23 11:23:07.977652
2025-07-23,145867,2025072301005430,NABIL,Sani Securities Company Ltd.,Sharepro Securities Private Limited,77,555.0,42735.0,2025-07-23 11:23:20.746299
2025-07-23,145866,2025072301005431,NABIL,Sani Securities Company Ltd.,Sani Securities Company Ltd.,20,555.0,11100.0,2025-07-23 11:23:20.746525
2025-07-23,145865,2025072301005432,NABIL,Sani Securities Company Ltd.,Property Wiard Limited,20,555.0,11100.0,2025-07-23 11:23:20.746625
2025-07-23,145006,2025072301005631,NABIL,Magnet Securities and Investment Company Private Limited,Premier Securities Company Ltd.,20,555.5,11110.0,2025-07-23 11:24:08.611784
2025-07-23,144589,2025072301005738,NABIL,Naasa Securities Co. Ltd.,Naasa Securities Co. Ltd.,35,555.6,19446.0,2025-07-23 11:24:27.543478
2025-07-23,144347,2025072301005839,NABIL,Linch Stock Market Ltd.,Naasa Securities Co. Ltd.,150,555.6,83340.0,2025-07-23 11:24:37.744780
2025-07-23,144227,2025072301005887,NABIL,Market Securities & Exchange (PVT) Ltd.,Naasa Securities Co. Ltd.,58,555.6,32224.8,2025-07-23 11:24:44.637596
2025-07-23,144178,2025072301005897,NABIL,Market Securities & Exchange (PVT) Ltd.,Deevyaa Securities & Stock House Pvt. Ltd,142,555.6,78895.2,2025-07-23 11:24:47.291262
2025-07-23,144177,2025072301005898,NABIL,Sani Securities Company Ltd.,Deevyaa Securities & Stock House Pvt. Ltd,210,555.0,116550.0,2025-07-23 11:24:47.291484
2025-07-23,144176,2025072301005899,NABIL,Kumari Securities Private Limited,Deevyaa Securities & Stock House Pvt. Ltd,10,555.0,5550.0,2025-07-23 11:24:47.291584
2025-07-23,144175,2025072301005900,NABIL,Neev Securities Pvt. Ltd.,Deevyaa Securities & Stock House Pvt. Ltd,500,555.0,277500.0,2025-07-23 11:24:47.291685
2025-07-23,144174,2025072301005901,NABIL,Sani Securities Company Ltd.,Deevyaa Securities & Stock House Pvt. Ltd,90,555.0,49950.0,2025-07-23 11:24:47.291779
2025-07-23,144019,2025072301005926,NABIL,Magnet Securities and Investment Company Private Limited,Deevyaa Securities & Stock House Pvt. Ltd,48,555.0,26640.0,2025-07-23 11:24:54.854493
2025-07-23,143265,2025072301006090,NABIL,Magnet Securities and Investment Company Private Limited,Opal Securities Investment (PVT) Ltd.,70,555.0,38850.0,2025-07-23 11:25:40.569617
2025-07-23,142149,2025072301006321,NABIL,Sani Securities Company Ltd.,Bhrikuti Stock Broking Co. Pvt. Ltd.,50,556.0,27800.0,2025-07-23 11:26:39.065732
2025-07-23,142072,2025072301006340,NABIL,Sani Securities Company Ltd.,Sewa Securities Pvt. Ltd.,53,556.0,29468.0,2025-07-23 11:26:44.370812
2025-07-23,141186,2025072301006564,NABIL,Trishakti Securities Public Limited,Secured Securities Ltd.,100,556.5,55650.0,2025-07-23 11:27:37.121720
2025-07-23,140918,2025072301006613,NABIL,Sani Securities Company Ltd.,Secured Securities Ltd.,50,556.5,27825.0,2025-07-23 11:27:53.063192
2025-07-23,140635,2025072301006690,NABIL,Sani Securities Company Ltd.,Sweta Securities Private Limited,47,556.0,26132.0,2025-07-23 11:28:08.204639
2025-07-23,140612,2025072301006694,NABIL,Aryatara Investment & Securities,Secured Securities Ltd.,150,556.5,83475.0,2025-07-23 11:28:09.925768
2025-07-23,140276,2025072301006758,NABIL,Vision Securities Pvt. Ltd,Vision Securities Pvt. Ltd,100,557.9,55790.0,2025-07-23 11:28:31.981267
2025-07-23,140175,2025072301006772,NABIL,Naasa Securities Co. Ltd.,Primo Securities (PVT) Ltd.,43,558.0,23994.0,2025-07-23 11:28:39.731093
2025-07-23,140174,2025072301006773,NABIL,Naasa Securities Co. Ltd.,Linch Stock Market Ltd.,20,558.0,11160.0,2025-07-23 11:28:39.731331
2025-07-23,139796,2025072301006852,NABIL,Aryatara Investment & Securities,Kumari Securities Private Limited,38,557.0,21166.0,2025-07-23 11:29:02.055304
2025-07-23,138846,2025072301007073,NABIL,Market Securities & Exchange (PVT) Ltd.,Siprabi Securities Pvt. Ltd.,200,557.5,111500.0,2025-07-23 11:30:09.410757
2025-07-23,138651,2025072301007126,NABIL,Online Securities Pvt. Ltd.,Linch Stock Market Ltd.,30,558.0,16740.0,2025-07-23 11:30:22.042525
2025-07-23,138261,2025072301007200,NABIL,Pragyan Securities (PVT) Ltd.,Dipshikha Dhitopatra Karobar Co. Pvt Ltd.,50,557.9,27895.0,2025-07-23 11:30:50.029388
2025-07-23,138260,2025072301007201,NABIL,Kohinoor Investment & Securities Pvt. Ltd.,Dipshikha Dhitopatra Karobar Co. Pvt Ltd.,50,557.9,27895.0,2025-07-23 11:30:50.029650
2025-07-23,138259,2025072301007202,NABIL,Market Securities & Exchange (PVT) Ltd.,Dipshikha Dhitopatra Karobar Co. Pvt Ltd.,118,557.5,65785.0,2025-07-23 11:30:50.029791
2025-07-23,137682,2025072301007356,NABIL,Naasa Securities Co. Ltd.,Linch Stock Market Ltd.,15,558.0,8370.0,2025-07-23 11:31:31.524644
2025-07-23,137681,2025072301007357,NABIL,Naasa Securities Co. Ltd.,Siprabi Securities Pvt. Ltd.,10,558.0,5580.0,2025-07-23 11:31:31.524906
2025-07-23,137650,2025072301007361,NABIL,Market Securities & Exchange (PVT) Ltd.,SUN SECURITIES PVT LTD,182,557.5,101465.0,2025-07-23 11:31:33.485090
2025-07-23,137649,2025072301007362,NABIL,Shree Krishna Securities Ltd.,SUN SECURITIES PVT LTD,100,557.5,55750.0,2025-07-23 11:31:33.485144
2025-07-23,137648,2025072301007363,NABIL,Aryatara Investment & Securities,SUN SECURITIES PVT LTD,418,557.0,232826.0,2025-07-23 11:31:33.485176
2025-07-23,137581,2025072301007375,NABIL,Imperial Securities Company Pvt. Ltd.,SUN SECURITIES PVT LTD,60,558.0,33480.0,2025-07-23 11:31:37.464646
2025-07-23,137226,2025072301007458,NABIL,ABC Securities Private Limited,SUN SECURITIES PVT LTD,90,558.0,50220.0,2025-07-23 11:32:00.502212
2025-07-23,137040,2025072301007513,NABIL,Sani Securities Company Ltd.,SUN SECURITIES PVT LTD,270,558.0,150660.0,2025-07-23 11:32:14.154113
2025-07-23,136899,2025072301007561,NABIL,Naasa Securities Co. Ltd.,SUN SECURITIES PVT LTD,80,558.0,44640.0,2025-07-23 11:32:22.714642
2025-07-23,136809,2025072301007580,NABIL,J.F. Securites (PVT) Ltd.,Aryatara Investment & Securities,40,558.0,22320.0,2025-07-23 11:32:28.456632
2025-07-23,136693,2025072301007608,NABIL,Aryatara Investment & Securities,Secured Securities Ltd.,428,557.0,238396.0,2025-07-23 11:32:36.019736
2025-07-23,136667,2025072301007615,NABIL,Aryatara Investment & Securities,ABC Securities Private Limited,11,557.0,6127.0,2025-07-23 11:32:38.984577
2025-07-23,136135,2025072301007780,NABIL,Aryatara Investment & Securities,Pragyan Securities (PVT) Ltd.,50,557.0,27850.0,2025-07-23 11:33:17.621869
2025-07-23,135993,2025072301007816,NABIL,Aryatara Investment & Securities,Aryatara Investment & Securities,50,558.0,27900.0,2025-07-23 11:33:27.546044
2025-07-23,135897,2025072301007836,NABIL,Aryatara Investment & Securities,Linch Stock Market Ltd.,100,557.0,55700.0,2025-07-23 11:33:31.736230
2025-07-23,135795,2025072301007858,NABIL,Nepal Stock House (PVT) Ltd.,Cristal Kanchanjanga Securites Pvt. Ltd.,100,557.9,55790.0,2025-07-23 11:33:37.728563
2025-07-23,135794,2025072301007859,NABIL,Nepal Stock House (PVT) Ltd.,Aryatara Investment & Securities,20,558.0,11160.0,2025-07-23 11:33:37.728888
2025-07-23,135787,2025072301007861,NABIL,Aryatara Investment & Securities,Nepal Investment And Securities Trading Private Limited,20,557.0,11140.0,2025-07-23 11:33:38.035917
2025-07-23,135708,2025072301007880,NABIL,Aryatara Investment & Securities,Aryatara Investment & Securities,500,558.0,279000.0,2025-07-23 11:33:43.024053
2025-07-23,135440,2025072301007931,NABIL,Machhapuchchhre Securities Limited,Aryatara Investment & Securities,10,558.0,5580.0,2025-07-23 11:33:56.301500
2025-07-23,134338,2025072301008146,NABIL,Market Securities & Exchange (PVT) Ltd.,J.F. Securites (PVT) Ltd.,10,557.5,5575.0,2025-07-23 11:34:56.413550
2025-07-23,134288,2025072301008158,NABIL,Naasa Securities Co. Ltd.,Aryatara Investment & Securities,30,558.0,16740.0,2025-07-23 11:34:59.044320
2025-07-23,134242,2025072301008161,NABIL,Market Securities & Exchange (PVT) Ltd.,Linch Stock Market Ltd.,100,557.5,55750.0,2025-07-23 11:35:01.387146
2025-07-23,134181,2025072301008175,NABIL,Market Securities & Exchange (PVT) Ltd.,Nepal Investment And Securities Trading Private Limited,20,557.5,11150.0,2025-07-23 11:35:05.280539
2025-07-23,134153,2025072301008181,NABIL,Nepal Investment And Securities Trading Private Limited,Aryatara Investment & Securities,100,558.0,55800.0,2025-07-23 11:35:07.618053
2025-07-23,134087,2025072301008212,NABIL,Market Securities & Exchange (PVT) Ltd.,ABC Securities Private Limited,370,557.5,206275.0,2025-07-23 11:35:11.079487
2025-07-23,134086,2025072301008213,NABIL,Kohinoor Investment & Securities Pvt. Ltd.,ABC Securities Private Limited,100,557.0,55700.0,2025-07-23 11:35:11.079766
2025-07-23,134085,2025072301008214,NABIL,Sri Hari Securities Pvt. Ltd.,ABC Securities Private Limited,500,557.0,278500.0,2025-07-23 11:35:11.079884
2025-07-23,134084,2025072301008215,NABIL,Vision Securities Pvt. Ltd,ABC Securities Private Limited,30,557.0,16710.0,2025-07-23 11:35:11.080002
2025-07-23,133168,2025072301008464,NABIL,Vision Securities Pvt. Ltd,Dipshikha Dhitopatra Karobar Co. Pvt Ltd.,10,557.0,5570.0,2025-07-23 11:36:01.506156
2025-07-23,132546,2025072301008593,NABIL,Oxford Securities Pvt. Ltd.,Vision Securities Pvt. Ltd,75,557.5,41812.5,2025-07-23 11:36:41.781367
2025-07-23,132545,2025072301008594,NABIL,Oxford Securities Pvt. Ltd.,ABC Securities Private Limited,25,557.8,13945.0,2025-07-23 11:36:41.781660
2025-07-23,132393,2025072301008633,NABIL,Vision Securities Pvt. Ltd,Kumari Securities Private Limited,60,557.0,33420.0,2025-07-23 11:36:52.156634
2025-07-23,132392,2025072301008634,NABIL,Dynamic Money Managers Securities Pvt. Ltd.,Kumari Securities Private Limited,50,557.0,27850.0,2025-07-23 11:36:52.157008
2025-07-23,132391,2025072301008635,NABIL,Pragyan Securities (PVT) Ltd.,Kumari Securities Private Limited,50,557.0,27850.0,2025-07-23 11:36:52.157199
2025-07-23,132044,2025072301008722,NABIL,Oxford Securities Pvt. Ltd.,Shree Krishna Securities Ltd.,187,556.0,103972.0,2025-07-23 11:37:16.517386
2025-07-23,131623,2025072301008843,NABIL,Oxford Securities Pvt. Ltd.,Imperial Securities Company Pvt. Ltd.,100,556.0,55600.0,2025-07-23 11:37:44.839941
2025-07-23,131611,2025072301008845,NABIL,Oxford Securities Pvt. Ltd.,Sundhara Securities Limited,57,556.0,31692.0,2025-07-23 11:37:46.069239
2025-07-23,131237,2025072301008927,NABIL,Oxford Securities Pvt. Ltd.,Online Securities Pvt. Ltd.,100,556.0,55600.0,2025-07-23 11:38:16.091697
2025-07-23,131173,2025072301008950,NABIL,Naasa Securities Co. Ltd.,Kumari Securities Private Limited,40,557.0,22280.0,2025-07-23 11:38:19.814395
2025-07-23,131072,2025072301008986,NABIL,Secured Securities Ltd.,Opal Securities Investment (PVT) Ltd.,100,557.0,55700.0,2025-07-23 11:38:29.070184
2025-07-23,131071,2025072301008987,NABIL,Secured Securities Ltd.,Midas Stock Broking Company Private Limited,60,557.0,33420.0,2025-07-23 11:38:29.070491
2025-07-23,130757,2025072301009057,NABIL,Secured Securities Ltd.,Kohinoor Investment & Securities Pvt. Ltd.,95,557.0,52915.0,2025-07-23 11:38:56.108596
2025-07-23,130741,2025072301009062,NABIL,Secured Securities Ltd.,South Asian Bulls Pvt. Ltd.,70,557.0,38990.0,2025-07-23 11:38:58.372164
2025-07-23,130153,2025072301009216,NABIL,Naasa Securities Co. Ltd.,South Asian Bulls Pvt. Ltd.,10,557.1,5571.0,2025-07-23 11:39:43.228564
2025-07-23,129575,2025072301009335,NABIL,Secured Securities Ltd.,Vision Securities Pvt. Ltd,15,557.0,8355.0,2025-07-23 11:40:30.920676
2025-07-23,129574,2025072301009336,NABIL,Trishakti Securities Public Limited,Vision Securities Pvt. Ltd,60,557.0,33420.0,2025-07-23 11:40:30.921036
2025-07-23,129336,2025072301009407,NABIL,Trishakti Securities Public Limited,Kohinoor Investment & Securities Pvt. Ltd.,40,557.0,22280.0,2025-07-23 11:40:55.183750
2025-07-23,129335,2025072301009408,NABIL,Secured Securities Ltd.,Kohinoor Investment & Securities Pvt. Ltd.,60,557.0,33420.0,2025-07-23 11:40:55.184096
2025-07-23,129073,2025072301009477,NABIL,Online Securities Pvt. Ltd.,Linch Stock Market Ltd.,10,556.0,5560.0,2025-07-23 11:41:21.291874
2025-07-23,129072,2025072301009478,NABIL,Vision Securities Pvt. Ltd,Linch Stock Market Ltd.,40,556.0,22240.0,2025-07-23 11:41:21.292540
2025-07-23,128934,2025072301009515,NABIL,Vision Securities Pvt. Ltd,Imperial Securities Company Pvt. Ltd.,10,556.0,5560.0,2025-07-23 11:41:34.554014
2025-07-23,128870,2025072301009538,NABIL,Naasa Securities Co. Ltd.,Imperial Securities Company Pvt. Ltd.,11,556.0,6116.0,2025-07-23 11:41:42.131190
2025-07-23,128518,2025072301009661,NABIL,Magnet Securities and Investment Company Private Limited,Ashutosh Brokerage & Securities (PVT) Ltd.,200,555.0,111000.0,2025-07-23 11:42:07.753039
2025-07-23,128473,2025072301009670,NABIL,Magnet Securities and Investment Company Private Limited,Investment Management Nepal Pvt. Ltd.,13,555.0,7215.0,2025-07-23 11:42:10.776514
2025-07-23,127885,2025072301009805,NABIL,Magnet Securities and Investment Company Private Limited,Dynamic Money Managers Securities Pvt. Ltd.,149,555.0,82695.0,2025-07-23 11:43:02.128569
2025-07-23,127884,2025072301009806,NABIL,Kohinoor Investment & Securities Pvt. Ltd.,Dynamic Money Managers Securities Pvt. Ltd.,30,555.0,16650.0,2025-07-23 11:43:02.128609
2025-07-23,127883,2025072301009807,NABIL,Siprabi Securities Pvt. Ltd.,Dynamic Money Managers Securities Pvt. Ltd.,897,555.0,497835.0,2025-07-23 11:43:02.128631
2025-07-23,127882,2025072301009808,NABIL,Sani Securities Company Ltd.,Dynamic Money Managers Securities Pvt. Ltd.,30,555.0,16650.0,2025-07-23 11:43:02.128669
2025-07-23,127881,2025072301009809,NABIL,Trishakti Securities Public Limited,Dynamic Money Managers Securities Pvt. Ltd.,270,555.0,149850.0,2025-07-23 11:43:02.128693
2025-07-23,127880,2025072301009810,NABIL,Ashutosh Brokerage & Securities (PVT) Ltd.,Dynamic Money Managers Securities Pvt. Ltd.,15,555.0,8325.0,2025-07-23 11:43:02.128715
2025-07-23,127879,2025072301009811,NABIL,Online Securities Pvt. Ltd.,Dynamic Money Managers Securities Pvt. Ltd.,10,555.0,5550.0,2025-07-23 11:43:02.128734
2025-07-23,127878,2025072301009812,NABIL,Nepal Stock House (PVT) Ltd.,Dynamic Money Managers Securities Pvt. Ltd.,50,555.0,27750.0,2025-07-23 11:43:02.128755
2025-07-23,127877,2025072301009813,NABIL,Online Securities Pvt. Ltd.,Dynamic Money Managers Securities Pvt. Ltd.,50,555.0,27750.0,2025-07-23 11:43:02.128777
2025-07-23,127876,2025072301009814,NABIL,Nepal Investment And Securities Trading Private Limited,Dynamic Money Managers Securities Pvt. Ltd.,65,555.0,36075.0,2025-07-23 11:43:02.128796
2025-07-23,127875,2025072301009815,NABIL,Oxford Securities Pvt. Ltd.,Dynamic Money Managers Securities Pvt. Ltd.,20,555.0,11100.0,2025-07-23 11:43:02.128820
2025-07-23,127874,2025072301009816,NABIL,Aryatara Investment & Securities,Dynamic Money Managers Securities Pvt. Ltd.,50,555.0,27750.0,2025-07-23 11:43:02.128840
2025-07-23,127873,2025072301009817,NABIL,Trisul Securities & Invt. Ltd.,Dynamic Money Managers Securities Pvt. Ltd.,579,554.0,320766.0,2025-07-23 11:43:02.128864
2025-07-23,127778,2025072301009832,NABIL,Trisul Securities & Invt. Ltd.,Kohinoor Investment & Securities Pvt. Ltd.,100,554.0,55400.0,2025-07-23 11:43:11.596257
2025-07-23,127566,2025072301009883,NABIL,Naasa Securities Co. Ltd.,Arun Securities (PVT) Ltd.,65,555.5,36107.5,2025-07-23 11:43:31.187702
2025-07-23,125808,2025072301010319,NABIL,Naasa Securities Co. Ltd.,Trishakti Securities Public Limited,50,555.0,27750.0,2025-07-23 11:46:02.694669
2025-07-23,125684,2025072301010337,NABIL,Trisul Securities & Invt. Ltd.,Naasa Securities Co. Ltd.,10,554.0,5540.0,2025-07-23 11:46:14.744293
2025-07-23,125595,2025072301010354,NABIL,Sumeru Securities Pvt. Ltd.,Trishakti Securities Public Limited,48,555.0,26640.0,2025-07-23 11:46:19.920143
2025-07-23,125594,2025072301010355,NABIL,Sumeru Securities Pvt. Ltd.,Trishakti Securities Public Limited,52,555.0,28860.0,2025-07-23 11:46:19.920853
2025-07-23,125294,2025072301010460,NABIL,Naasa Securities Co. Ltd.,Trishakti Securities Public Limited,48,555.0,26640.0,2025-07-23 11:46:41.850795
2025-07-23,125293,2025072301010461,NABIL,Naasa Securities Co. Ltd.,Shree Krishna Securities Ltd.,102,555.0,56610.0,2025-07-23 11:46:41.851143
2025-07-23,125062,2025072301010512,NABIL,Sharepro Securities Private Limited,Shree Krishna Securities Ltd.,104,555.0,57720.0,2025-07-23 11:46:59.814082
2025-07-23,125061,2025072301010513,NABIL,Sharepro Securities Private Limited,Dipshikha Dhitopatra Karobar Co. Pvt Ltd.,76,555.0,42180.0,2025-07-23 11:46:59.814433
2025-07-23,125017,2025072301010527,NABIL,Kohinoor Investment & Securities Pvt. Ltd.,Dipshikha Dhitopatra Karobar Co. Pvt Ltd.,100,555.0,55500.0,2025-07-23 11:47:03.474828
2025-07-23,124617,2025072301010609,NABIL,Naasa Securities Co. Ltd.,Dipshikha Dhitopatra Karobar Co. Pvt Ltd.,50,555.0,27750.0,2025-07-23 11:47:33.981828
2025-07-23,124368,2025072301010660,NABIL,Sundhara Securities Limited,Vision Securities Pvt. Ltd,36,554.1,19947.6,2025-07-23 11:47:51.783790
2025-07-23,123684,2025072301010804,NABIL,Naasa Securities Co. Ltd.,Naasa Securities Co. Ltd.,5,549.0,2745.0,2025-07-23 11:48:46.278590
2025-07-23,123435,2025072301010837,NABIL,Sundhara Securities Limited,Vision Securities Pvt. Ltd,200,554.1,110820.0,2025-07-23 11:49:03.026857
2025-07-23,122215,2025072301011109,NABIL,Midas Stock Broking Company Private Limited,Sani Securities Company Ltd.,1,550.0,550.0,2025-07-23 11:50:43.059237
2025-07-23,122127,2025072301011133,NABIL,Investment Management Nepal Pvt. Ltd.,Dipshikha Dhitopatra Karobar Co. Pvt Ltd.,75,555.0,41625.0,2025-07-23 11:50:52.659871
2025-07-23,122126,2025072301011134,NABIL,Investment Management Nepal Pvt. Ltd.,Primo Securities (PVT) Ltd.,425,555.0,235875.0,2025-07-23 11:50:52.660607
2025-07-23,121149,2025072301011345,NABIL,Infinity Securities Limited,Naasa Securities Co. Ltd.,100,554.3,55430.0,2025-07-23 11:52:13.925944
2025-07-23,120954,2025072301011383,NABIL,Aryatara Investment & Securities,Naasa Securities Co. Ltd.,64,554.2,35468.8,2025-07-23 11:52:32.768435
2025-07-23,120808,2025072301011425,NABIL,Sundhara Securities Limited,Naasa Securities Co. Ltd.,26,554.1,14406.6,2025-07-23 11:52:47.688065
2025-07-23,120751,2025072301011437,NABIL,Naasa Securities Co. Ltd.,Primo Securities (PVT) Ltd.,50,555.0,27750.0,2025-07-23 11:52:53.045013
2025-07-23,120238,2025072301011575,NABIL,Trisul Securities & Invt. Ltd.,Primo Securities (PVT) Ltd.,70,555.0,38850.0,2025-07-23 11:53:34.490094
2025-07-23,119955,2025072301011627,NABIL,Agrawal Securities (PVT) Ltd.,Primo Securities (PVT) Ltd.,90,555.0,49950.0,2025-07-23 11:53:56.757599
2025-07-23,119454,2025072301011766,NABIL,Aryatara Investment & Securities,Primo Securities (PVT) Ltd.,40,555.0,22200.0,2025-07-23 11:54:40.440167
2025-07-23,119326,2025072301011800,NABIL,Asian Securities Private Ltd.,Primo Securities (PVT) Ltd.,100,555.0,55500.0,2025-07-23 11:54:51.435326
2025-07-23,119188,2025072301011826,NABIL,Sundhara Securities Limited,Nepal Stock House (PVT) Ltd.,18,554.1,9973.8,2025-07-23 11:54:57.198355
2025-07-23,119075,2025072301011860,NABIL,Sundhara Securities Limited,Naasa Securities Co. Ltd.,220,554.1,121902.0,2025-07-23 11:55:08.416605
2025-07-23,119074,2025072301011861,NABIL,Online Securities Pvt. Ltd.,Naasa Securities Co. Ltd.,50,554.1,27705.0,2025-07-23 11:55:08.416993
2025-07-23,119073,2025072301011862,NABIL,Sani Securities Company Ltd.,Naasa Securities Co. Ltd.,62,554.1,34354.2,2025-07-23 11:55:08.417167
2025-07-23,118189,2025072301012033,NABIL,Imperial Securities Company Pvt. Ltd.,Aryatara Investment & Securities,47,554.5,26061.5,2025-07-23 11:56:06.496081
2025-07-23,118188,2025072301012034,NABIL,Imperial Securities Company Pvt. Ltd.,Primo Securities (PVT) Ltd.,61,555.0,33855.0,2025-07-23 11:56:06.496556
2025-07-23,118187,2025072301012035,NABIL,Imperial Securities Company Pvt. Ltd.,Sewa Securities Pvt. Ltd.,300,555.0,166500.0,2025-07-23 11:56:06.496861
2025-07-23,118186,2025072301012036,NABIL,Imperial Securities Company Pvt. Ltd.,ABC Securities Private Limited,366,555.0,203130.0,2025-07-23 11:56:06.497158
2025-07-23,118069,2025072301012077,NABIL,ABC Securities Private Limited,Infinity Securities Limited,20,554.5,11090.0,2025-07-23 11:56:16.285330
2025-07-23,118068,2025072301012078,NABIL,Sani Securities Company Ltd.,Infinity Securities Limited,38,554.1,21055.8,2025-07-23 11:56:16.285714
2025-07-23,118067,2025072301012079,NABIL,South Asian Bulls Pvt. Ltd.,Infinity Securities Limited,100,554.1,55410.0,2025-07-23 11:56:16.285878
2025-07-23,118066,2025072301012080,NABIL,Trisul Securities & Invt. Ltd.,Infinity Securities Limited,1311,554.0,726294.0,2025-07-23 11:56:16.286067
2025-07-23,118065,2025072301012081,NABIL,Sri Hari Securities Pvt. Ltd.,Infinity Securities Limited,731,554.0,404974.0,2025-07-23 11:56:16.286238
2025-07-23,117573,2025072301012229,NABIL,Imperial Securities Company Pvt. Ltd.,ABC Securities Private Limited,134,555.0,74370.0,2025-07-23 11:56:54.134614
2025-07-23,117572,2025072301012230,NABIL,Imperial Securities Company Pvt. Ltd.,ABC Securities Private Limited,366,555.0,203130.0,2025-07-23 11:56:54.135013
2025-07-23,117179,2025072301012344,NABIL,Nepal Stock House (PVT) Ltd.,ABC Securities Private Limited,100,555.0,55500.0,2025-07-23 11:57:20.372706
2025-07-23,116782,2025072301012398,NABIL,Sani Securities Company Ltd.,Sweta Securities Private Limited,35,554.5,19407.5,2025-07-23 11:57:54.342203
2025-07-23,116256,2025072301012519,NABIL,Oxford Securities Pvt. Ltd.,J.F. Securites (PVT) Ltd.,1,556.0,556.0,2025-07-23 11:58:41.276864
2025-07-23,116159,2025072301012545,NABIL,Aryatara Investment & Securities,Naasa Securities Co. Ltd.,10,554.2,5542.0,2025-07-23 11:58:52.945984
2025-07-23,116158,2025072301012546,NABIL,Aryatara Investment & Securities,Sweta Securities Private Limited,83,554.5,46023.5,2025-07-23 11:58:52.946406
2025-07-23,115653,2025072301012681,NABIL,Naasa Securities Co. Ltd.,Thrive Brokerage House Pvt. Ltd,150,554.1,83115.0,2025-07-23 11:59:34.259417
2025-07-23,115652,2025072301012682,NABIL,Sri Hari Securities Pvt. Ltd.,Thrive Brokerage House Pvt. Ltd,239,554.0,132406.0,2025-07-23 11:59:34.259466
2025-07-23,115651,2025072301012683,NABIL,Linch Stock Market Ltd.,Thrive Brokerage House Pvt. Ltd,50,554.0,27700.0,2025-07-23 11:59:34.259494
2025-07-23,115650,2025072301012684,NABIL,Imperial Securities Company Pvt. Ltd.,Thrive Brokerage House Pvt. Ltd,75,554.0,41550.0,2025-07-23 11:59:34.259527
2025-07-23,115649,2025072301012685,NABIL,Sumeru Securities Pvt. Ltd.,Thrive Brokerage House Pvt. Ltd,11,554.0,6094.0,2025-07-23 11:59:34.259556
2025-07-23,115648,2025072301012686,NABIL,Market Securities & Exchange (PVT) Ltd.,Thrive Brokerage House Pvt. Ltd,275,554.0,152350.0,2025-07-23 11:59:34.259584
2025-07-23,115631,2025072301012691,NABIL,Aryatara Investment & Securities,Trishakti Securities Public Limited,40,554.9,22196.0,2025-07-23 11:59:35.519086
2025-07-23,115377,2025072301012755,NABIL,Kohinoor Investment & Securities Pvt. Ltd.,Shree Krishna Securities Ltd.,100,554.1,55410.0,2025-07-23 12:00:03.102086
2025-07-23,115373,2025072301012757,NABIL,Aryatara Investment & Securities,ABC Securities Private Limited,34,555.0,18870.0,2025-07-23 12:00:03.292142
2025-07-23,114997,2025072301012879,NABIL,Imperial Securities Company Pvt. Ltd.,Sani Securities Company Ltd.,30,555.0,16650.0,2025-07-23 12:00:35.034959
2025-07-23,114996,2025072301012880,NABIL,Imperial Securities Company Pvt. Ltd.,Naasa Securities Co. Ltd.,10,555.0,5550.0,2025-07-23 12:00:35.035374
2025-07-23,114995,2025072301012881,NABIL,Imperial Securities Company Pvt. Ltd.,Sani Securities Company Ltd.,100,555.0,55500.0,2025-07-23 12:00:35.035600
2025-07-23,114994,2025072301012882,NABIL,Imperial Securities Company Pvt. Ltd.,Naasa Securities Co. Ltd.,50,555.0,27750.0,2025-07-23 12:00:35.035775
2025-07-23,114993,2025072301012883,NABIL,Imperial Securities Company Pvt. Ltd.,Dipshikha Dhitopatra Karobar Co. Pvt Ltd.,100,555.0,55500.0,2025-07-23 12:00:35.035949
2025-07-23,114992,2025072301012884,NABIL,Imperial Securities Company Pvt. Ltd.,Online Securities Pvt. Ltd.,10,555.0,5550.0,2025-07-23 12:00:35.036131
2025-07-23,114806,2025072301012931,NABIL,Vision Securities Pvt. Ltd,Deevyaa Securities & Stock House Pvt. Ltd,1,543.9,543.9,2025-07-23 12:00:52.319674
2025-07-23,114796,2025072301012940,NABIL,Naasa Securities Co. Ltd.,Online Securities Pvt. Ltd.,10,555.0,5550.0,2025-07-23 12:00:53.278230
2025-07-23,114654,2025072301013001,NABIL,Vision Securities Pvt. Ltd,Aryatara Investment & Securities,3,547.0,1641.0,2025-07-23 12:01:04.332238
2025-07-23,114586,2025072301013019,NABIL,Kohinoor Investment & Securities Pvt. Ltd.,KALASH STOCK MARKET PVT. LTD.,15,555.4,8331.0,2025-07-23 12:01:08.651374
2025-07-23,114571,2025072301013021,NABIL,Kohinoor Investment & Securities Pvt. Ltd.,Imperial Securities Company Pvt. Ltd.,99,554.1,54855.9,2025-07-23 12:01:11.881229
2025-07-23,114570,2025072301013022,NABIL,Siprabi Securities Pvt. Ltd.,Imperial Securities Company Pvt. Ltd.,100,554.1,55410.0,2025-07-23 12:01:11.881623
2025-07-23,114569,2025072301013023,NABIL,Market Securities & Exchange (PVT) Ltd.,Imperial Securities Company Pvt. Ltd.,225,554.0,124650.0,2025-07-23 12:01:11.881796
2025-07-23,114568,2025072301013024,NABIL,Market Securities & Exchange (PVT) Ltd.,Imperial Securities Company Pvt. Ltd.,20,554.0,11080.0,2025-07-23 12:01:11.881960
2025-07-23,114201,2025072301013125,NABIL,Online Securities Pvt. Ltd.,Online Securities Pvt. Ltd.,44,553.0,24332.0,2025-07-23 12:01:45.312375
2025-07-23,113980,2025072301013183,NABIL,Online Securities Pvt. Ltd.,Neev Securities Pvt. Ltd.,28,553.0,15484.0,2025-07-23 12:02:08.362985
2025-07-23,113979,2025072301013184,NABIL,Imperial Securities Company Pvt. Ltd.,Neev Securities Pvt. Ltd.,10,553.0,5530.0,2025-07-23 12:02:08.363375
2025-07-23,113614,2025072301013262,NABIL,Sundhara Securities Limited,Premier Securities Company Ltd.,8,543.9,4351.2,2025-07-23 12:02:48.276071
2025-07-23,113067,2025072301013446,NABIL,Sundhara Securities Limited,Online Securities Pvt. Ltd.,1,545.0,545.0,2025-07-23 12:03:37.107478
2025-07-23,112910,2025072301013469,NABIL,Naasa Securities Co. Ltd.,Neev Securities Pvt. Ltd.,21,553.0,11613.0,2025-07-23 12:03:51.345526
2025-07-23,112700,2025072301013539,NABIL,Midas Stock Broking Company Private Limited,Dipshikha Dhitopatra Karobar Co. Pvt Ltd.,1,545.0,545.0,2025-07-23 12:04:14.822331
2025-07-23,112668,2025072301013542,NABIL,Sri Hari Securities Pvt. Ltd.,Imperial Securities Company Pvt. Ltd.,30,554.0,16620.0,2025-07-23 12:04:17.869717
2025-07-23,111863,2025072301013744,NABIL,Aryatara Investment & Securities,South Asian Bulls Pvt. Ltd.,20,553.9,11078.0,2025-07-23 12:05:38.791038
2025-07-23,111862,2025072301013745,NABIL,Aryatara Investment & Securities,Naasa Securities Co. Ltd.,10,553.9,5539.0,2025-07-23 12:05:38.791444
2025-07-23,111861,2025072301013746,NABIL,Aryatara Investment & Securities,Nepal Stock House (PVT) Ltd.,110,553.9,60929.0,2025-07-23 12:05:38.791621
2025-07-23,111514,2025072301013841,NABIL,Online Securities Pvt. Ltd.,Nepal Stock House (PVT) Ltd.,10,553.9,5539.0,2025-07-23 12:06:13.308469
2025-07-23,111423,2025072301013875,NABIL,Naasa Securities Co. Ltd.,Trisul Securities & Invt. Ltd.,29,553.0,16037.0,2025-07-23 12:06:21.734243
2025-07-23,111422,2025072301013876,NABIL,Imperial Securities Company Pvt. Ltd.,Trisul Securities & Invt. Ltd.,30,553.0,16590.0,2025-07-23 12:06:21.734648
2025-07-23,110691,2025072301014135,NABIL,Imperial Securities Company Pvt. Ltd.,Nepal Stock House (PVT) Ltd.,200,553.9,110780.0,2025-07-23 12:07:35.378827
2025-07-23,110629,2025072301014153,NABIL,Kumari Securities Private Limited,Vision Securities Pvt. Ltd,5,550.0,2750.0,2025-07-23 12:07:41.743260
2025-07-23,110625,2025072301014155,NABIL,Imperial Securities Company Pvt. Ltd.,Sundhara Securities Limited,60,553.0,33180.0,2025-07-23 12:07:41.918076
2025-07-23,110624,2025072301014156,NABIL,Premier Securities Company Ltd.,Sundhara Securities Limited,30,552.0,16560.0,2025-07-23 12:07:41.919096
2025-07-23,110623,2025072301014157,NABIL,Opal Securities Investment (PVT) Ltd.,Sundhara Securities Limited,10,552.0,5520.0,2025-07-23 12:07:41.919980
2025-07-23,110622,2025072301014158,NABIL,Trisul Securities & Invt. Ltd.,Sundhara Securities Limited,100,552.0,55200.0,2025-07-23 12:07:41.920933
2025-07-23,110621,2025072301014159,NABIL,Naasa Securities Co. Ltd.,Sundhara Securities Limited,20,552.0,11040.0,2025-07-23 12:07:41.921852
2025-07-23,110620,2025072301014160,NABIL,Market Securities & Exchange (PVT) Ltd.,Sundhara Securities Limited,10,552.0,5520.0,2025-07-23 12:07:41.922607
2025-07-23,110619,2025072301014161,NABIL,Naasa Securities Co. Ltd.,Sundhara Securities Limited,36,552.0,19872.0,2025-07-23 12:07:41.923380
2025-07-23,109770,2025072301014369,NABIL,Sani Securities Company Ltd.,Deevyaa Securities & Stock House Pvt. Ltd,80,553.0,44240.0,2025-07-23 12:09:10.174507
2025-07-23,109769,2025072301014370,NABIL,Sani Securities Company Ltd.,Deevyaa Securities & Stock House Pvt. Ltd,60,552.3,33138.0,2025-07-23 12:09:10.174940
2025-07-23,109768,2025072301014371,NABIL,Naasa Securities Co. Ltd.,Deevyaa Securities & Stock House Pvt. Ltd,64,552.0,35328.0,2025-07-23 12:09:10.175132
2025-07-23,109767,2025072301014372,NABIL,Imperial Securities Company Pvt. Ltd.,Deevyaa Securities & Stock House Pvt. Ltd,119,552.0,65688.0,2025-07-23 12:09:10.175526
2025-07-23,109766,2025072301014373,NABIL,Online Securities Pvt. Ltd.,Deevyaa Securities & Stock House Pvt. Ltd,500,552.0,276000.0,2025-07-23 12:09:10.175761
2025-07-23,109765,2025072301014374,NABIL,Dipshikha Dhitopatra Karobar Co. Pvt Ltd.,Deevyaa Securities & Stock House Pvt. Ltd,50,551.3,27565.0,2025-07-23 12:09:10.175943
2025-07-23,109764,2025072301014375,NABIL,Asian Securities Private Ltd.,Deevyaa Securities & Stock House Pvt. Ltd,300,551.2,165360.0,2025-07-23 12:09:10.176135
2025-07-23,109763,2025072301014376,NABIL,Vision Securities Pvt. Ltd,Deevyaa Securities & Stock House Pvt. Ltd,100,551.2,55120.0,2025-07-23 12:09:10.176313
2025-07-23,109762,2025072301014377,NABIL,Trisul Securities & Invt. Ltd.,Deevyaa Securities & Stock House Pvt. Ltd,100,551.1,55110.0,2025-07-23 12:09:10.176490
2025-07-23,109761,2025072301014378,NABIL,Trisul Securities & Invt. Ltd.,Deevyaa Securities & Stock House Pvt. Ltd,627,551.1,345539.7,2025-07-23 12:09:10.176669
2025-07-23,109413,2025072301014494,NABIL,Sipla Securities Private Limited,Oxford Securities Pvt. Ltd.,100,552.0,55200.0,2025-07-23 12:09:40.855903
2025-07-23,109412,2025072301014495,NABIL,Thrive Brokerage House Pvt. Ltd,Oxford Securities Pvt. Ltd.,185,551.2,101972.0,2025-07-23 12:09:40.855947
2025-07-23,109150,2025072301014559,NABIL,Thrive Brokerage House Pvt. Ltd,Kohinoor Investment & Securities Pvt. Ltd.,10,551.2,5512.0,2025-07-23 12:10:05.796266
2025-07-23,108861,2025072301014638,NABIL,Vision Securities Pvt. Ltd,Thrive Brokerage House Pvt. Ltd,27,553.8,14952.6,2025-07-23 12:10:29.300059
2025-07-23,108853,2025072301014643,NABIL,Sanima Securities Limited,Thrive Brokerage House Pvt. Ltd,10,553.8,5538.0,2025-07-23 12:10:30.237043
2025-07-23,108214,2025072301014834,NABIL,Thrive Brokerage House Pvt. Ltd,Naasa Securities Co. Ltd.,36,551.2,19843.2,2025-07-23 12:11:24.703690
2025-07-23,108213,2025072301014835,NABIL,Naasa Securities Co. Ltd.,Naasa Securities Co. Ltd.,14,551.2,7716.8,2025-07-23 12:11:24.704534
2025-07-23,108208,2025072301014837,NABIL,Naasa Securities Co. Ltd.,Opal Securities Investment (PVT) Ltd.,16,551.2,8819.2,2025-07-23 12:11:25.276487
2025-07-23,108207,2025072301014838,NABIL,Trisul Securities & Invt. Ltd.,Opal Securities Investment (PVT) Ltd.,64,551.1,35270.4,2025-07-23 12:11:25.276600
2025-07-23,106998,2025072301015129,NABIL,J.F. Securites (PVT) Ltd.,Trisul Securities & Invt. Ltd.,10,551.3,5513.0,2025-07-23 12:12:48.616702
2025-07-23,105796,2025072301015455,NABIL,Naasa Securities Co. Ltd.,Thrive Brokerage House Pvt. Ltd,463,552.0,255576.0,2025-07-23 12:14:33.170174
2025-07-23,105040,2025072301015636,NABIL,Naasa Securities Co. Ltd.,J.F. Securites (PVT) Ltd.,126,552.0,69552.0,2025-07-23 12:15:41.186493
2025-07-23,104984,2025072301015648,NABIL,Midas Stock Broking Company Private Limited,South Asian Bulls Pvt. Ltd.,15,552.5,8287.5,2025-07-23 12:15:46.508585
2025-07-23,104965,2025072301015656,NABIL,Naasa Securities Co. Ltd.,Aryatara Investment & Securities,103,552.0,56856.0,2025-07-23 12:15:48.537900
2025-07-23,104826,2025072301015682,NABIL,Sani Securities Company Ltd.,South Asian Bulls Pvt. Ltd.,362,552.5,200005.0,2025-07-23 12:15:59.093975
2025-07-23,104725,2025072301015705,NABIL,Naasa Securities Co. Ltd.,Trishakti Securities Public Limited,10,552.0,5520.0,2025-07-23 12:16:05.600767
2025-07-23,104155,2025072301015823,NABIL,Naasa Securities Co. Ltd.,Sweta Securities Private Limited,98,552.0,54096.0,2025-07-23 12:16:54.121722
2025-07-23,104154,2025072301015824,NABIL,Malla & Malla Stock Broking Company Pvt. Limited,Sweta Securities Private Limited,115,552.0,63480.0,2025-07-23 12:16:54.122163
2025-07-23,104153,2025072301015825,NABIL,Thrive Brokerage House Pvt. Ltd,Sweta Securities Private Limited,287,552.0,158424.0,2025-07-23 12:16:54.122406
2025-07-23,103709,2025072301015919,NABIL,Sani Securities Company Ltd.,South Asian Bulls Pvt. Ltd.,90,552.5,49725.0,2025-07-23 12:17:29.825292
2025-07-23,103658,2025072301015927,NABIL,Vision Securities Pvt. Ltd,South Asian Bulls Pvt. Ltd.,11,552.5,6077.5,2025-07-23 12:17:33.942589
2025-07-23,103542,2025072301015960,NABIL,Thrive Brokerage House Pvt. Ltd,Trisul Securities & Invt. Ltd.,50,552.0,27600.0,2025-07-23 12:17:43.016678
2025-07-23,103535,2025072301015962,NABIL,Thrive Brokerage House Pvt. Ltd,Nepal Stock House (PVT) Ltd.,17,552.0,9384.0,2025-07-23 12:17:43.655885
2025-07-23,103090,2025072301016093,NABIL,Aryatara Investment & Securities,South Asian Bulls Pvt. Ltd.,522,552.5,288405.0,2025-07-23 12:18:20.616310
2025-07-23,103056,2025072301016096,NABIL,Aryatara Investment & Securities,Thrive Brokerage House Pvt. Ltd,20,552.5,11050.0,2025-07-23 12:18:23.758633
2025-07-23,101663,2025072301016399,NABIL,Aryatara Investment & Securities,Naasa Securities Co. Ltd.,20,552.5,11050.0,2025-07-23 12:20:17.628043
2025-07-23,101414,2025072301016443,NABIL,Aryatara Investment & Securities,Siprabi Securities Pvt. Ltd.,50,553.0,27650.0,2025-07-23 12:20:39.804279
2025-07-23,101413,2025072301016444,NABIL,Aryatara Investment & Securities,Dipshikha Dhitopatra Karobar Co. Pvt Ltd.,48,553.0,26544.0,2025-07-23 12:20:39.804738
2025-07-23,101297,2025072301016482,NABIL,Sani Securities Company Ltd.,Dipshikha Dhitopatra Karobar Co. Pvt Ltd.,180,553.0,99540.0,2025-07-23 12:20:49.289528
2025-07-23,101296,2025072301016483,NABIL,Sani Securities Company Ltd.,Online Securities Pvt. Ltd.,100,553.0,55300.0,2025-07-23 12:20:49.290457
2025-07-23,101295,2025072301016484,NABIL,Sani Securities Company Ltd.,Trishakti Securities Public Limited,17,553.0,9401.0,2025-07-23 12:20:49.291105
2025-07-23,101294,2025072301016485,NABIL,Sani Securities Company Ltd.,Kumari Securities Private Limited,103,553.0,56959.0,2025-07-23 12:20:49.291731
2025-07-23,100003,2025072301016800,NABIL,Agrawal Securities (PVT) Ltd.,Online Securities Pvt. Ltd.,50,552.5,27625.0,2025-07-23 12:22:44.355531
2025-07-23,100002,2025072301016801,NABIL,Thrive Brokerage House Pvt. Ltd,Online Securities Pvt. Ltd.,95,552.0,52440.0,2025-07-23 12:22:44.355984
2025-07-23,99366,2025072301016947,NABIL,Thrive Brokerage House Pvt. Ltd,Naasa Securities Co. Ltd.,51,552.0,28152.0,2025-07-23 12:23:31.459323
2025-07-23,99365,2025072301016948,NABIL,Bhrikuti Stock Broking Co. Pvt. Ltd.,Naasa Securities Co. Ltd.,100,552.0,55200.0,2025-07-23 12:23:31.459812
2025-07-23,99358,2025072301016950,NABIL,Naasa Securities Co. Ltd.,Naasa Securities Co. Ltd.,81,552.0,44712.0,2025-07-23 12:23:32.074932
2025-07-23,99357,2025072301016951,NABIL,Naasa Securities Co. Ltd.,Linch Stock Market Ltd.,71,552.9,39255.9,2025-07-23 12:23:32.075408
2025-07-23,99356,2025072301016952,NABIL,Naasa Securities Co. Ltd.,Kumari Securities Private Limited,98,553.0,54194.0,2025-07-23 12:23:32.075636
2025-07-23,98238,2025072301017213,NABIL,Oxford Securities Pvt. Ltd.,Kumari Securities Private Limited,400,553.0,221200.0,2025-07-23 12:25:00.424384
2025-07-23,98185,2025072301017235,NABIL,Oxford Securities Pvt. Ltd.,Dipshikha Dhitopatra Karobar Co. Pvt Ltd.,240,553.8,132912.0,2025-07-23 12:25:08.407515
2025-07-23,97517,2025072301017438,NABIL,NIMB Stock Markets Limited,Naasa Securities Co. Ltd.,108,553.0,59724.0,2025-07-23 12:26:05.669963
2025-07-23,96964,2025072301017597,NABIL,NIMB Stock Markets Limited,Vision Securities Pvt. Ltd,36,553.0,19908.0,2025-07-23 12:26:58.805086
2025-07-23,96963,2025072301017598,NABIL,Oxford Securities Pvt. Ltd.,Vision Securities Pvt. Ltd,500,553.0,276500.0,2025-07-23 12:26:58.805575
2025-07-23,96962,2025072301017599,NABIL,Online Securities Pvt. Ltd.,Vision Securities Pvt. Ltd,904,553.0,499912.0,2025-07-23 12:26:58.805804
2025-07-23,96586,2025072301017698,NABIL,Online Securities Pvt. Ltd.,Sani Securities Company Ltd.,1000,552.1,552100.0,2025-07-23 12:27:38.307978
2025-07-23,96585,2025072301017699,NABIL,Naasa Securities Co. Ltd.,Sani Securities Company Ltd.,800,552.0,441600.0,2025-07-23 12:27:38.308474
2025-07-23,96584,2025072301017700,NABIL,J.F. Securites (PVT) Ltd.,Sani Securities Company Ltd.,37,551.3,20398.1,2025-07-23 12:27:38.308726
2025-07-23,96486,2025072301017721,NABIL,Investment Management Nepal Pvt. Ltd.,Siprabi Securities Pvt. Ltd.,42,551.2,23150.4,2025-07-23 12:27:48.353096
2025-07-23,96460,2025072301017727,NABIL,Investment Management Nepal Pvt. Ltd.,Sani Securities Company Ltd.,163,551.2,89845.6,2025-07-23 12:27:51.405986
2025-07-23,95456,2025072301017963,NABIL,Sumeru Securities Pvt. Ltd.,Naasa Securities Co. Ltd.,20,552.0,11040.0,2025-07-23 12:29:36.440913
2025-07-23,95356,2025072301017990,NABIL,Investment Management Nepal Pvt. Ltd.,Naasa Securities Co. Ltd.,100,551.2,55120.0,2025-07-23 12:29:47.436738
2025-07-23,95340,2025072301017991,NABIL,Investment Management Nepal Pvt. Ltd.,Sundhara Securities Limited,50,551.2,27560.0,2025-07-23 12:29:49.754184
2025-07-23,95174,2025072301018028,NABIL,Investment Management Nepal Pvt. Ltd.,Dipshikha Dhitopatra Karobar Co. Pvt Ltd.,145,551.2,79924.0,2025-07-23 12:30:08.436196
2025-07-23,95173,2025072301018029,NABIL,Trisul Securities & Invt. Ltd.,Dipshikha Dhitopatra Karobar Co. Pvt Ltd.,17,551.1,9368.7,2025-07-23 12:30:08.436717
2025-07-23,94706,2025072301018148,NABIL,Imperial Securities Company Pvt. Ltd.,Naasa Securities Co. Ltd.,10,551.2,5512.0,2025-07-23 12:31:02.767169
2025-07-23,94653,2025072301018157,NABIL,Imperial Securities Company Pvt. Ltd.,Premier Securities Company Ltd.,11,551.2,6063.2,2025-07-23 12:31:09.081953
2025-07-23,93740,2025072301018413,NABIL,Premier Securities Company Ltd.,Naasa Securities Co. Ltd.,10,552.0,5520.0,2025-07-23 12:32:38.802335
2025-07-23,93383,2025072301018510,NABIL,Deevyaa Securities & Stock House Pvt. Ltd,Vision Securities Pvt. Ltd,901,551.6,496991.6,2025-07-23 12:33:26.072332
2025-07-23,93382,2025072301018511,NABIL,Naasa Securities Co. Ltd.,Vision Securities Pvt. Ltd,99,551.5,54598.5,2025-07-23 12:33:26.073339
2025-07-23,93260,2025072301018523,NABIL,Naasa Securities Co. Ltd.,Vision Securities Pvt. Ltd,266,551.5,146699.0,2025-07-23 12:33:36.067400
2025-07-23,93259,2025072301018524,NABIL,Dakshinkali Investment & Securities Pvt. Ltd.,Vision Securities Pvt. Ltd,500,551.3,275650.0,2025-07-23 12:33:36.067992
2025-07-23,93258,2025072301018525,NABIL,Imperial Securities Company Pvt. Ltd.,Vision Securities Pvt. Ltd,79,551.2,43544.8,2025-07-23 12:33:36.068402
2025-07-23,93257,2025072301018526,NABIL,Sumeru Securities Pvt. Ltd.,Vision Securities Pvt. Ltd,155,551.2,85436.0,2025-07-23 12:33:36.068717
2025-07-23,93135,2025072301018565,NABIL,Sumeru Securities Pvt. Ltd.,Vision Securities Pvt. Ltd,845,551.2,465764.0,2025-07-23 12:33:49.100620
2025-07-23,93134,2025072301018566,NABIL,Trisul Securities & Invt. Ltd.,Vision Securities Pvt. Ltd,155,551.1,85420.5,2025-07-23 12:33:49.101123
2025-07-23,93043,2025072301018596,NABIL,Trisul Securities & Invt. Ltd.,Vision Securities Pvt. Ltd,37,551.1,20390.7,2025-07-23 12:33:59.878103
2025-07-23,93042,2025072301018597,NABIL,Roadshow securities limited,Vision Securities Pvt. Ltd,963,551.1,530709.3,2025-07-23 12:33:59.878686
2025-07-23,92745,2025072301018675,NABIL,Roadshow securities limited,Vision Securities Pvt. Ltd,230,551.1,126753.0,2025-07-23 12:34:35.831883
2025-07-23,92255,2025072301018783,NABIL,Asian Securities Private Ltd.,Cristal Kanchanjanga Securites Pvt. Ltd.,10,551.3,5513.0,2025-07-23 12:35:27.035623
2025-07-23,91999,2025072301018871,NABIL,Nabil Stock Dealer Ltd.,Thrive Brokerage House Pvt. Ltd,20,551.7,11034.0,2025-07-23 12:35:57.032225
2025-07-23,91716,2025072301018972,NABIL,Naasa Securities Co. Ltd.,SHUBHAKAMANA SECURITIES PVT. LTD,20,551.5,11030.0,2025-07-23 12:36:27.868275
2025-07-23,91342,2025072301019050,NABIL,Sweta Securities Private Limited,Thrive Brokerage House Pvt. Ltd,112,551.7,61790.4,2025-07-23 12:37:16.818547
2025-07-23,91341,2025072301019051,NABIL,Sweta Securities Private Limited,Naasa Securities Co. Ltd.,400,551.8,220720.0,2025-07-23 12:37:16.819104
2025-07-23,91340,2025072301019052,NABIL,Sweta Securities Private Limited,Agrawal Securities (PVT) Ltd.,38,551.9,20972.2,2025-07-23 12:37:16.819429
2025-07-23,90996,2025072301019191,NABIL,Aryatara Investment & Securities,Agrawal Securities (PVT) Ltd.,419,551.9,231246.1,2025-07-23 12:38:00.959942
2025-07-23,90812,2025072301019240,NABIL,Naasa Securities Co. Ltd.,KALASH STOCK MARKET PVT. LTD.,47,551.5,25920.5,2025-07-23 12:38:20.928982
2025-07-23,90775,2025072301019251,NABIL,Naasa Securities Co. Ltd.,Capital Max Securities Ltd,200,551.5,110300.0,2025-07-23 12:38:24.937866
2025-07-23,90489,2025072301019334,NABIL,Kalika Securities Pvt. Ltd.,Naasa Securities Co. Ltd.,160,552.0,88320.0,2025-07-23 12:38:51.376632
2025-07-23,90488,2025072301019335,NABIL,Kalika Securities Pvt. Ltd.,Vision Securities Pvt. Ltd,340,552.0,187680.0,2025-07-23 12:38:51.377137
2025-07-23,89879,2025072301019493,NABIL,Dipshikha Dhitopatra Karobar Co. Pvt Ltd.,Vision Securities Pvt. Ltd,50,552.0,27600.0,2025-07-23 12:39:48.403857
2025-07-23,89742,2025072301019538,NABIL,Naasa Securities Co. Ltd.,Swarna Laxmi Securities Pvt. Ltd.,28,551.5,15442.0,2025-07-23 12:39:59.859477
2025-07-23,89622,2025072301019582,NABIL,Naasa Securities Co. Ltd.,Kohinoor Investment & Securities Pvt. Ltd.,200,551.5,110300.0,2025-07-23 12:40:12.953549
2025-07-23,88642,2025072301019908,NABIL,Naasa Securities Co. Ltd.,Opal Securities Investment (PVT) Ltd.,35,551.5,19302.5,2025-07-23 12:42:02.340874
2025-07-23,88274,2025072301019998,NABIL,Naasa Securities Co. Ltd.,Trisul Securities & Invt. Ltd.,20,551.5,11030.0,2025-07-23 12:42:42.564215
2025-07-23,88156,2025072301020021,NABIL,Naasa Securities Co. Ltd.,Thrive Brokerage House Pvt. Ltd,20,551.5,11030.0,2025-07-23 12:42:58.050191
2025-07-23,88154,2025072301020022,NABIL,Naasa Securities Co. Ltd.,Pragyan Securities (PVT) Ltd.,330,551.5,181995.0,2025-07-23 12:42:58.359156
2025-07-23,88153,2025072301020023,NABIL,Deevyaa Securities & Stock House Pvt. Ltd,Pragyan Securities (PVT) Ltd.,12,551.5,6618.0,2025-07-23 12:42:58.359694
2025-07-23,88152,2025072301020024,NABIL,Deevyaa Securities & Stock House Pvt. Ltd,Pragyan Securities (PVT) Ltd.,100,551.2,55120.0,2025-07-23 12:42:58.360009
2025-07-23,88151,2025072301020025,NABIL,Roadshow securities limited,Pragyan Securities (PVT) Ltd.,58,551.1,31963.8,2025-07-23 12:42:58.360298
2025-07-23,87059,2025072301020284,NABIL,Dipshikha Dhitopatra Karobar Co. Pvt Ltd.,South Asian Bulls Pvt. Ltd.,100,551.9,55190.0,2025-07-23 12:45:23.885148
2025-07-23,86819,2025072301020332,NABIL,Vision Securities Pvt. Ltd,South Asian Bulls Pvt. Ltd.,17,551.9,9382.3,2025-07-23 12:45:53.382327
2025-07-23,86611,2025072301020382,NABIL,J.F. Securites (PVT) Ltd.,Aryatara Investment & Securities,80,551.2,44096.0,2025-07-23 12:46:29.923593
2025-07-23,86507,2025072301020420,NABIL,Sundhara Securities Limited,South Asian Bulls Pvt. Ltd.,765,551.9,422203.5,2025-07-23 12:46:42.179907
2025-07-23,86255,2025072301020486,NABIL,Aryatara Investment & Securities,South Asian Bulls Pvt. Ltd.,41,551.9,22627.9,2025-07-23 12:47:17.532806
2025-07-23,85991,2025072301020561,NABIL,J.F. Securites (PVT) Ltd.,Imperial Securities Company Pvt. Ltd.,120,551.2,66144.0,2025-07-23 12:47:41.682677
2025-07-23,85953,2025072301020573,NABIL,Roadshow securities limited,Dipshikha Dhitopatra Karobar Co. Pvt Ltd.,600,551.1,330660.0,2025-07-23 12:47:45.593220
2025-07-23,85809,2025072301020608,NABIL,Roadshow securities limited,Dipshikha Dhitopatra Karobar Co. Pvt Ltd.,149,551.1,82113.9,2025-07-23 12:47:56.069614
2025-07-23,85808,2025072301020609,NABIL,Sewa Securities Pvt. Ltd.,Dipshikha Dhitopatra Karobar Co. Pvt Ltd.,451,551.0,248501.0,2025-07-23 12:47:56.069719
2025-07-23,85209,2025072301020727,NABIL,SUN SECURITIES PVT LTD,Kohinoor Investment & Securities Pvt. Ltd.,9,540.0,4860.0,2025-07-23 12:48:54.734789
2025-07-23,84661,2025072301020887,NABIL,Roadshow securities limited,Sani Securities Company Ltd.,82,551.1,45190.2,2025-07-23 12:50:04.327958
2025-07-23,83813,2025072301021098,NABIL,Asian Securities Private Ltd.,Imperial Securities Company Pvt. Ltd.,50,551.2,27560.0,2025-07-23 12:51:51.286684
2025-07-23,83305,2025072301021254,NABIL,Imperial Securities Company Pvt. Ltd.,Imperial Securities Company Pvt. Ltd.,60,551.2,33072.0,2025-07-23 12:52:42.444048
2025-07-23,83304,2025072301021255,NABIL,Imperial Securities Company Pvt. Ltd.,Primo Securities (PVT) Ltd.,20,551.2,11024.0,2025-07-23 12:52:42.444598
2025-07-23,83290,2025072301021258,NABIL,Kumari Securities Private Limited,Oxford Securities Pvt. Ltd.,15,551.5,8272.5,2025-07-23 12:52:45.199033
2025-07-23,83202,2025072301021286,NABIL,Premier Securities Company Ltd.,Oxford Securities Pvt. Ltd.,36,551.5,19854.0,2025-07-23 12:52:56.774449
2025-07-23,83185,2025072301021293,NABIL,Naasa Securities Co. Ltd.,Oxford Securities Pvt. Ltd.,22,551.5,12133.0,2025-07-23 12:52:59.439430
2025-07-23,83005,2025072301021334,NABIL,Kumari Securities Private Limited,Oxford Securities Pvt. Ltd.,15,551.5,8272.5,2025-07-23 12:53:17.532366
2025-07-23,82642,2025072301021424,NABIL,Sri Hari Securities Pvt. Ltd.,Oxford Securities Pvt. Ltd.,300,551.5,165450.0,2025-07-23 12:54:01.526859
2025-07-23,82434,2025072301021483,NABIL,Imperial Securities Company Pvt. Ltd.,Naasa Securities Co. Ltd.,17,551.2,9370.4,2025-07-23 12:54:30.213555
2025-07-23,82387,2025072301021501,NABIL,Aryatara Investment & Securities,Oxford Securities Pvt. Ltd.,10,551.5,5515.0,2025-07-23 12:54:35.341063
2025-07-23,82039,2025072301021607,NABIL,Aryatara Investment & Securities,Oxford Securities Pvt. Ltd.,500,551.5,275750.0,2025-07-23 12:55:30.019198
2025-07-23,81902,2025072301021649,NABIL,Infinity Securities Limited,South Asian Bulls Pvt. Ltd.,77,551.2,42442.4,2025-07-23 12:55:51.949775
2025-07-23,81135,2025072301021828,NABIL,Infinity Securities Limited,Oxford Securities Pvt. Ltd.,10,551.2,5512.0,2025-07-23 12:57:29.867785
2025-07-23,81055,2025072301021872,NABIL,Online Securities Pvt. Ltd.,Oxford Securities Pvt. Ltd.,300,551.5,165450.0,2025-07-23 12:57:41.441787
2025-07-23,80839,2025072301021918,NABIL,Linch Stock Market Ltd.,Oxford Securities Pvt. Ltd.,20,551.5,11030.0,2025-07-23 12:58:06.995136
2025-07-23,80273,2025072301022101,NABIL,Nabil Stock Dealer Ltd.,Vision Securities Pvt. Ltd,90,552.0,49680.0,2025-07-23 12:59:23.928655
2025-07-23,80249,2025072301022112,NABIL,Agrawal Securities (PVT) Ltd.,Vision Securities Pvt. Ltd,200,552.0,110400.0,2025-07-23 12:59:28.714135
2025-07-23,80241,2025072301022114,NABIL,Nepal Stock House (PVT) Ltd.,Investment Management Nepal Pvt. Ltd.,100,551.3,55130.0,2025-07-23 12:59:29.359213
2025-07-23,79416,2025072301022362,NABIL,Infinity Securities Limited,Elite Stock House Limited,13,551.2,7165.6,2025-07-23 13:01:25.821121
2025-07-23,79415,2025072301022363,NABIL,Imperial Securities Company Pvt. Ltd.,Elite Stock House Limited,162,551.2,89294.4,2025-07-23 13:01:25.821698
2025-07-23,78568,2025072301022611,NABIL,Imperial Securities Company Pvt. Ltd.,Opal Securities Investment (PVT) Ltd.,36,551.5,19854.0,2025-07-23 13:03:10.521977
2025-07-23,78503,2025072301022621,NABIL,Imperial Securities Company Pvt. Ltd.,Dynamic Money Managers Securities Pvt. Ltd.,266,551.2,146619.2,2025-07-23 13:03:19.677726
2025-07-23,78414,2025072301022645,NABIL,Dynamic Money Managers Securities Pvt. Ltd.,Opal Securities Investment (PVT) Ltd.,100,551.5,55150.0,2025-07-23 13:03:33.544503
2025-07-23,78317,2025072301022679,NABIL,Kohinoor Investment & Securities Pvt. Ltd.,Opal Securities Investment (PVT) Ltd.,50,551.5,27575.0,2025-07-23 13:03:44.717766
2025-07-23,78075,2025072301022779,NABIL,Imperial Securities Company Pvt. Ltd.,Imperial Securities Company Pvt. Ltd.,10,551.2,5512.0,2025-07-23 13:04:14.198980
2025-07-23,77985,2025072301022824,NABIL,Imperial Securities Company Pvt. Ltd.,Neev Securities Pvt. Ltd.,62,551.2,34174.4,2025-07-23 13:04:25.163563
2025-07-23,77984,2025072301022825,NABIL,Roadshow securities limited,Neev Securities Pvt. Ltd.,38,551.1,20941.8,2025-07-23 13:04:25.164174
2025-07-23,77617,2025072301022911,NABIL,Roadshow securities limited,Dipshikha Dhitopatra Karobar Co. Pvt Ltd.,50,551.1,27555.0,2025-07-23 13:05:09.371859
2025-07-23,77332,2025072301022982,NABIL,Online Securities Pvt. Ltd.,Opal Securities Investment (PVT) Ltd.,42,551.5,23163.0,2025-07-23 13:05:40.646044
2025-07-23,77222,2025072301022999,NABIL,Roadshow securities limited,ABC Securities Private Limited,712,551.1,392383.2,2025-07-23 13:05:56.182960
2025-07-23,77181,2025072301023009,NABIL,Roadshow securities limited,Cristal Kanchanjanga Securites Pvt. Ltd.,490,551.1,270039.0,2025-07-23 13:06:01.648240
2025-07-23,77038,2025072301023047,NABIL,Roadshow securities limited,Aryatara Investment & Securities,100,551.1,55110.0,2025-07-23 13:06:13.926109
2025-07-23,77023,2025072301023048,NABIL,Roadshow securities limited,Dynamic Money Managers Securities Pvt. Ltd.,28,551.1,15430.8,2025-07-23 13:06:15.945402
2025-07-23,76905,2025072301023083,NABIL,Roadshow securities limited,Online Securities Pvt. Ltd.,11,551.1,6062.1,2025-07-23 13:06:29.482169
2025-07-23,76611,2025072301023175,NABIL,Sani Securities Company Ltd.,Opal Securities Investment (PVT) Ltd.,20,551.5,11030.0,2025-07-23 13:07:04.997999
2025-07-23,76324,2025072301023280,NABIL,Roadshow securities limited,Kumari Securities Private Limited,20,551.1,11022.0,2025-07-23 13:07:35.003796
2025-07-23,76271,2025072301023296,NABIL,Roadshow securities limited,Sani Securities Company Ltd.,469,551.1,258465.9,2025-07-23 13:07:40.617232
2025-07-23,76270,2025072301023297,NABIL,Nepal Investment And Securities Trading Private Limited,Sani Securities Company Ltd.,100,551.1,55110.0,2025-07-23 13:07:40.618434
2025-07-23,76075,2025072301023335,NABIL,Dipshikha Dhitopatra Karobar Co. Pvt Ltd.,Sani Securities Company Ltd.,100,551.1,55110.0,2025-07-23 13:08:02.050938
2025-07-23,75836,2025072301023403,NABIL,Siprabi Securities Pvt. Ltd.,Sani Securities Company Ltd.,231,551.1,127304.1,2025-07-23 13:08:29.386272
2025-07-23,75835,2025072301023404,NABIL,Siprabi Securities Pvt. Ltd.,Imperial Securities Company Pvt. Ltd.,69,551.1,38025.9,2025-07-23 13:08:29.387478
2025-07-23,75535,2025072301023483,NABIL,Sani Securities Company Ltd.,Imperial Securities Company Pvt. Ltd.,368,551.1,202804.8,2025-07-23 13:09:12.540179
2025-07-23,75380,2025072301023523,NABIL,ABC Securities Private Limited,Imperial Securities Company Pvt. Ltd.,240,551.1,132264.0,2025-07-23 13:09:28.194863
2025-07-23,75091,2025072301023622,NABIL,ABC Securities Private Limited,Asian Securities Private Ltd.,200,551.1,110220.0,2025-07-23 13:09:57.264230
2025-07-23,75001,2025072301023641,NABIL,ABC Securities Private Limited,Linch Stock Market Ltd.,20,551.4,11028.0,2025-07-23 13:10:07.355405
2025-07-23,75000,2025072301023642,NABIL,ABC Securities Private Limited,Opal Securities Investment (PVT) Ltd.,308,551.5,169862.0,2025-07-23 13:10:07.356073
2025-07-23,74616,2025072301023722,NABIL,ABC Securities Private Limited,Dipshikha Dhitopatra Karobar Co. Pvt Ltd.,1000,551.5,551500.0,2025-07-23 13:11:02.792059
2025-07-23,74600,2025072301023726,NABIL,Sweta Securities Private Limited,Vision Securities Pvt. Ltd,10,552.0,5520.0,2025-07-23 13:11:05.165918
2025-07-23,74535,2025072301023740,NABIL,Dipshikha Dhitopatra Karobar Co. Pvt Ltd.,Nepal Stock House (PVT) Ltd.,20,551.5,11030.0,2025-07-23 13:11:12.415713
2025-07-23,74473,2025072301023758,NABIL,Deevyaa Securities & Stock House Pvt. Ltd,Vision Securities Pvt. Ltd,100,552.0,55200.0,2025-07-23 13:11:20.719153
2025-07-23,74223,2025072301023822,NABIL,ABC Securities Private Limited,Vision Securities Pvt. Ltd,80,552.0,44160.0,2025-07-23 13:11:53.400365
2025-07-23,74222,2025072301023823,NABIL,ABC Securities Private Limited,ABC Securities Private Limited,20,552.0,11040.0,2025-07-23 13:11:53.400981
2025-07-23,73999,2025072301023900,NABIL,Sani Securities Company Ltd.,Dipshikha Dhitopatra Karobar Co. Pvt Ltd.,55,551.9,30354.5,2025-07-23 13:12:18.591391
2025-07-23,73317,2025072301024108,NABIL,Dipshikha Dhitopatra Karobar Co. Pvt Ltd.,Malla & Malla Stock Broking Company Pvt. Limited,50,551.5,27575.0,2025-07-23 13:13:36.028531
2025-07-23,73246,2025072301024117,NABIL,Dipshikha Dhitopatra Karobar Co. Pvt Ltd.,Sri Hari Securities Pvt. Ltd.,30,551.5,16545.0,2025-07-23 13:13:43.888285
2025-07-23,73192,2025072301024137,NABIL,ABC Securities Private Limited,Kumari Securities Private Limited,1000,551.4,551400.0,2025-07-23 13:13:49.709187
2025-07-23,72886,2025072301024205,NABIL,ABC Securities Private Limited,Online Securities Pvt. Ltd.,250,551.4,137850.0,2025-07-23 13:14:19.307320
2025-07-23,72774,2025072301024234,NABIL,Premier Securities Company Ltd.,Online Securities Pvt. Ltd.,550,551.4,303270.0,2025-07-23 13:14:29.998477
2025-07-23,72773,2025072301024235,NABIL,Premier Securities Company Ltd.,Sri Hari Securities Pvt. Ltd.,10,551.5,5515.0,2025-07-23 13:14:29.999077
2025-07-23,72772,2025072301024236,NABIL,Premier Securities Company Ltd.,Imperial Securities Company Pvt. Ltd.,53,551.5,29229.5,2025-07-23 13:14:29.999380
2025-07-23,72295,2025072301024346,NABIL,Premier Securities Company Ltd.,Ashutosh Brokerage & Securities (PVT) Ltd.,437,551.5,241005.5,2025-07-23 13:15:28.682310
2025-07-23,72271,2025072301024358,NABIL,Online Securities Pvt. Ltd.,Imperial Securities Company Pvt. Ltd.,100,551.4,55140.0,2025-07-23 13:15:32.468138
2025-07-23,71981,2025072301024432,NABIL,Kohinoor Investment & Securities Pvt. Ltd.,Agrawal Securities (PVT) Ltd.,80,551.5,44120.0,2025-07-23 13:16:02.070044
2025-07-23,71970,2025072301024435,NABIL,Vision Securities Pvt. Ltd,Agrawal Securities (PVT) Ltd.,120,551.5,66180.0,2025-07-23 13:16:05.884450
2025-07-23,71969,2025072301024436,NABIL,Vision Securities Pvt. Ltd,Dipshikha Dhitopatra Karobar Co. Pvt Ltd.,137,551.9,75610.3,2025-07-23 13:16:05.885671
2025-07-23,71968,2025072301024437,NABIL,Vision Securities Pvt. Ltd,Naasa Securities Co. Ltd.,50,551.9,27595.0,2025-07-23 13:16:05.886599
2025-07-23,71967,2025072301024438,NABIL,Vision Securities Pvt. Ltd,Sewa Securities Pvt. Ltd.,93,551.9,51326.7,2025-07-23 13:16:05.887512
2025-07-23,71566,2025072301024552,NABIL,Vision Securities Pvt. Ltd,Sewa Securities Pvt. Ltd.,50,551.9,27595.0,2025-07-23 13:16:49.355947
2025-07-23,71227,2025072301024654,NABIL,Imperial Securities Company Pvt. Ltd.,South Asian Bulls Pvt. Ltd.,17,551.6,9377.2,2025-07-23 13:17:32.776884
2025-07-23,71102,2025072301024682,NABIL,Online Securities Pvt. Ltd.,SUN SECURITIES PVT LTD,40,551.4,22056.0,2025-07-23 13:17:48.940639
2025-07-23,70938,2025072301024713,NABIL,Online Securities Pvt. Ltd.,Vision Securities Pvt. Ltd,500,551.4,275700.0,2025-07-23 13:18:06.414488
2025-07-23,70847,2025072301024741,NABIL,Online Securities Pvt. Ltd.,Sani Securities Company Ltd.,160,551.4,88224.0,2025-07-23 13:18:16.993330
2025-07-23,70527,2025072301024810,NABIL,J.F. Securites (PVT) Ltd.,Asian Securities Private Ltd.,20,551.3,11026.0,2025-07-23 13:18:54.334813
2025-07-23,70526,2025072301024811,NABIL,Sewa Securities Pvt. Ltd.,Asian Securities Private Ltd.,549,551.0,302499.0,2025-07-23 13:18:54.335455
2025-07-23,70525,2025072301024812,NABIL,Sanima Securities Limited,Asian Securities Private Ltd.,10,551.0,5510.0,2025-07-23 13:18:54.335802
2025-07-23,70524,2025072301024813,NABIL,Nepal Stock House (PVT) Ltd.,Asian Securities Private Ltd.,90,551.0,49590.0,2025-07-23 13:18:54.336119
2025-07-23,70523,2025072301024814,NABIL,Thrive Brokerage House Pvt. Ltd,Asian Securities Private Ltd.,500,551.0,275500.0,2025-07-23 13:18:54.336430
2025-07-23,70522,2025072301024815,NABIL,Imperial Securities Company Pvt. Ltd.,Asian Securities Private Ltd.,30,551.0,16530.0,2025-07-23 13:18:54.336736
2025-07-23,70521,2025072301024816,NABIL,Sani Securities Company Ltd.,Asian Securities Private Ltd.,100,551.0,55100.0,2025-07-23 13:18:54.337035
2025-07-23,70520,2025072301024817,NABIL,Asian Securities Private Ltd.,Asian Securities Private Ltd.,10,551.0,5510.0,2025-07-23 13:18:54.337354
2025-07-23,70519,2025072301024818,NABIL,Oxford Securities Pvt. Ltd.,Asian Securities Private Ltd.,50,551.0,27550.0,2025-07-23 13:18:54.337651
2025-07-23,70518,2025072301024819,NABIL,Naasa Securities Co. Ltd.,Asian Securities Private Ltd.,30,551.0,16530.0,2025-07-23 13:18:54.337942
2025-07-23,70517,2025072301024820,NABIL,South Asian Bulls Pvt. Ltd.,Asian Securities Private Ltd.,400,551.0,220400.0,2025-07-23 13:18:54.338233
2025-07-23,70516,2025072301024821,NABIL,Deevyaa Securities & Stock House Pvt. Ltd,Asian Securities Private Ltd.,10,551.0,5510.0,2025-07-23 13:18:54.338532
2025-07-23,70515,2025072301024822,NABIL,Trishakti Securities Public Limited,Asian Securities Private Ltd.,300,551.0,165300.0,2025-07-23 13:18:54.338879
2025-07-23,70514,2025072301024823,NABIL,Beni Securities Pvt.Ltd.,Asian Securities Private Ltd.,100,551.0,55100.0,2025-07-23 13:18:54.339189
2025-07-23,70513,2025072301024824,NABIL,Online Securities Pvt. Ltd.,Asian Securities Private Ltd.,14,551.0,7714.0,2025-07-23 13:18:54.339480
2025-07-23,70512,2025072301024825,NABIL,Creative Securities Pvt Ltd,Asian Securities Private Ltd.,90,551.0,49590.0,2025-07-23 13:18:54.339772
2025-07-23,70511,2025072301024826,NABIL,Arun Securities (PVT) Ltd.,Asian Securities Private Ltd.,500,551.0,275500.0,2025-07-23 13:18:54.340100
2025-07-23,70510,2025072301024827,NABIL,Agrawal Securities (PVT) Ltd.,Asian Securities Private Ltd.,20,551.0,11020.0,2025-07-23 13:18:54.340390
2025-07-23,70446,2025072301024850,NABIL,Aryatara Investment & Securities,Asian Securities Private Ltd.,1000,551.0,551000.0,2025-07-23 13:19:02.386531
2025-07-23,70326,2025072301024887,NABIL,Aryatara Investment & Securities,Online Securities Pvt. Ltd.,8,550.0,4400.0,2025-07-23 13:19:24.370006
2025-07-23,70277,2025072301024897,NABIL,Aryatara Investment & Securities,Dakshinkali Investment & Securities Pvt. Ltd.,1,545.0,545.0,2025-07-23 13:19:33.085904
2025-07-23,70252,2025072301024902,NABIL,Naasa Securities Co. Ltd.,Neev Securities Pvt. Ltd.,13,550.5,7156.5,2025-07-23 13:19:36.885830
2025-07-23,70173,2025072301024920,NABIL,Aryatara Investment & Securities,Oxford Securities Pvt. Ltd.,1,550.0,550.0,2025-07-23 13:19:46.557177
2025-07-23,69793,2025072301025036,NABIL,Naasa Securities Co. Ltd.,Asian Securities Private Ltd.,20,551.0,11020.0,2025-07-23 13:20:31.336600
2025-07-23,69199,2025072301025180,NABIL,Secured Securities Ltd.,Asian Securities Private Ltd.,200,551.0,110200.0,2025-07-23 13:21:48.593005
2025-07-23,68455,2025072301025397,NABIL,ABC Securities Private Limited,South Asian Bulls Pvt. Ltd.,232,550.8,127785.6,2025-07-23 13:23:21.306381
2025-07-23,68091,2025072301025466,NABIL,Ashutosh Brokerage & Securities (PVT) Ltd.,Asian Securities Private Ltd.,28,550.6,15416.8,2025-07-23 13:24:10.073637
2025-07-23,68014,2025072301025492,NABIL,Ashutosh Brokerage & Securities (PVT) Ltd.,Online Securities Pvt. Ltd.,50,550.6,27530.0,2025-07-23 13:24:25.564801
2025-07-23,67901,2025072301025543,NABIL,Dynamic Money Managers Securities Pvt. Ltd.,South Asian Bulls Pvt. Ltd.,20,550.8,11016.0,2025-07-23 13:24:47.004248
2025-07-23,65687,2025072301026144,NABIL,South Asian Bulls Pvt. Ltd.,Naasa Securities Co. Ltd.,50,550.7,27535.0,2025-07-23 13:29:23.100134
2025-07-23,65386,2025072301026217,NABIL,Vision Securities Pvt. Ltd,Online Securities Pvt. Ltd.,30,550.7,16521.0,2025-07-23 13:30:01.010077
2025-07-23,65298,2025072301026233,NABIL,Vision Securities Pvt. Ltd,Nepal Investment And Securities Trading Private Limited,25,550.7,13767.5,2025-07-23 13:30:12.046203
2025-07-23,65197,2025072301026259,NABIL,Arun Securities (PVT) Ltd.,South Asian Bulls Pvt. Ltd.,731,550.8,402634.8,2025-07-23 13:30:22.266333
2025-07-23,65196,2025072301026260,NABIL,Arun Securities (PVT) Ltd.,Kumari Securities Private Limited,154,550.8,84823.2,2025-07-23 13:30:22.267063
2025-07-23,65195,2025072301026261,NABIL,Arun Securities (PVT) Ltd.,Stoxkarts Securities Limited,15,550.8,8262.0,2025-07-23 13:30:22.267632
2025-07-23,64867,2025072301026348,NABIL,Dipshikha Dhitopatra Karobar Co. Pvt Ltd.,Stoxkarts Securities Limited,60,550.8,33048.0,2025-07-23 13:30:56.527465
2025-07-23,64761,2025072301026375,NABIL,Dipshikha Dhitopatra Karobar Co. Pvt Ltd.,Pragyan Securities (PVT) Ltd.,40,550.8,22032.0,2025-07-23 13:31:05.385139
2025-07-23,64760,2025072301026376,NABIL,Vision Securities Pvt. Ltd,Pragyan Securities (PVT) Ltd.,45,550.7,24781.5,2025-07-23 13:31:05.386653
2025-07-23,64411,2025072301026465,NABIL,Ashutosh Brokerage & Securities (PVT) Ltd.,Online Securities Pvt. Ltd.,20,550.6,11012.0,2025-07-23 13:31:40.764822
2025-07-23,64356,2025072301026478,NABIL,Thrive Brokerage House Pvt. Ltd,Pragyan Securities (PVT) Ltd.,90,550.7,49563.0,2025-07-23 13:31:46.649016
2025-07-23,64303,2025072301026493,NABIL,Ashutosh Brokerage & Securities (PVT) Ltd.,Midas Stock Broking Company Private Limited,62,550.6,34137.2,2025-07-23 13:31:53.560523
2025-07-23,64302,2025072301026494,NABIL,Naasa Securities Co. Ltd.,Midas Stock Broking Company Private Limited,61,550.5,33580.5,2025-07-23 13:31:53.561843
2025-07-23,64301,2025072301026495,NABIL,Oxford Securities Pvt. Ltd.,Midas Stock Broking Company Private Limited,377,550.3,207463.1,2025-07-23 13:31:53.562866
2025-07-23,64171,2025072301026517,NABIL,Oxford Securities Pvt. Ltd.,Online Securities Pvt. Ltd.,830,550.3,456749.0,2025-07-23 13:32:07.054697
2025-07-23,64069,2025072301026536,NABIL,Oxford Securities Pvt. Ltd.,Sri Hari Securities Pvt. Ltd.,100,550.3,55030.0,2025-07-23 13:32:17.845139
2025-07-23,63868,2025072301026588,NABIL,Oxford Securities Pvt. Ltd.,Online Securities Pvt. Ltd.,126,550.3,69337.8,2025-07-23 13:32:37.695149
2025-07-23,63756,2025072301026605,NABIL,Oxford Securities Pvt. Ltd.,Secured Securities Ltd.,285,550.3,156835.5,2025-07-23 13:32:48.261602
2025-07-23,63727,2025072301026609,NABIL,Oxford Securities Pvt. Ltd.,Aryatara Investment & Securities,100,550.3,55030.0,2025-07-23 13:32:50.761175
2025-07-23,63614,2025072301026653,NABIL,Oxford Securities Pvt. Ltd.,Trisul Securities & Invt. Ltd.,100,550.3,55030.0,2025-07-23 13:32:59.820638
2025-07-23,63502,2025072301026681,NABIL,Oxford Securities Pvt. Ltd.,Dakshinkali Investment & Securities Pvt. Ltd.,82,550.3,45124.6,2025-07-23 13:33:12.826894
2025-07-23,63501,2025072301026682,NABIL,Aryatara Investment & Securities,Dakshinkali Investment & Securities Pvt. Ltd.,353,550.3,194255.9,2025-07-23 13:33:12.828524
2025-07-23,63500,2025072301026683,NABIL,Thrive Brokerage House Pvt. Ltd,Dakshinkali Investment & Securities Pvt. Ltd.,1000,550.2,550200.0,2025-07-23 13:33:12.829989
2025-07-23,63196,2025072301026730,NABIL,Primo Securities (PVT) Ltd.,Sani Securities Company Ltd.,340,550.1,187034.0,2025-07-23 13:33:43.097837
2025-07-23,63161,2025072301026746,NABIL,Primo Securities (PVT) Ltd.,Online Securities Pvt. Ltd.,115,550.1,63261.5,2025-07-23 13:33:49.180458
2025-07-23,63160,2025072301026747,NABIL,Thrive Brokerage House Pvt. Ltd,Dakshinkali Investment & Securities Pvt. Ltd.,25,550.2,13755.0,2025-07-23 13:33:49.532364
2025-07-23,62681,2025072301026868,NABIL,Primo Securities (PVT) Ltd.,Secured Securities Ltd.,45,550.1,24754.5,2025-07-23 13:34:34.336621
2025-07-23,62680,2025072301026869,NABIL,Kumari Securities Private Limited,Secured Securities Ltd.,50,550.1,27505.0,2025-07-23 13:34:34.337343
2025-07-23,62679,2025072301026870,NABIL,Vision Securities Pvt. Ltd,Secured Securities Ltd.,50,550.1,27505.0,2025-07-23 13:34:34.337763
2025-07-23,62678,2025072301026871,NABIL,Sweta Securities Private Limited,Secured Securities Ltd.,50,550.1,27505.0,2025-07-23 13:34:34.338173
2025-07-23,62677,2025072301026872,NABIL,ABC Securities Private Limited,Secured Securities Ltd.,40,550.1,22004.0,2025-07-23 13:34:34.338568
2025-07-23,62676,2025072301026873,NABIL,Himalayan Securities Limited,Secured Securities Ltd.,150,550.1,82515.0,2025-07-23 13:34:34.339074
2025-07-23,62675,2025072301026874,NABIL,Asian Securities Private Ltd.,Secured Securities Ltd.,110,550.1,60511.0,2025-07-23 13:34:34.339739
2025-07-23,62513,2025072301026907,NABIL,South Asian Bulls Pvt. Ltd.,Sweta Securities Private Limited,12,550.0,6600.0,2025-07-23 13:34:50.598091
2025-07-23,62512,2025072301026908,NABIL,Aryatara Investment & Securities,Sweta Securities Private Limited,50,550.0,27500.0,2025-07-23 13:34:50.598724
2025-07-23,62511,2025072301026909,NABIL,Investment Management Nepal Pvt. Ltd.,Sweta Securities Private Limited,50,550.0,27500.0,2025-07-23 13:34:50.599116
2025-07-23,62510,2025072301026910,NABIL,Dipshikha Dhitopatra Karobar Co. Pvt Ltd.,Sweta Securities Private Limited,88,550.0,48400.0,2025-07-23 13:34:50.599440
2025-07-23,62119,2025072301027004,NABIL,Dipshikha Dhitopatra Karobar Co. Pvt Ltd.,Online Securities Pvt. Ltd.,620,550.0,341000.0,2025-07-23 13:35:25.223877
2025-07-23,61893,2025072301027030,NABIL,Oxford Securities Pvt. Ltd.,Naasa Securities Co. Ltd.,15,550.1,8251.5,2025-07-23 13:35:51.080264
2025-07-23,61892,2025072301027031,NABIL,Oxford Securities Pvt. Ltd.,Primo Securities (PVT) Ltd.,1000,550.1,550100.0,2025-07-23 13:35:51.460199
2025-07-23,61766,2025072301027062,NABIL,Arun Securities (PVT) Ltd.,Dakshinkali Investment & Securities Pvt. Ltd.,482,550.2,265196.4,2025-07-23 13:36:02.316754
2025-07-23,61756,2025072301027064,NABIL,Arun Securities (PVT) Ltd.,Nepal Investment And Securities Trading Private Limited,30,550.2,16506.0,2025-07-23 13:36:03.947264
2025-07-23,61434,2025072301027135,NABIL,Arun Securities (PVT) Ltd.,Online Securities Pvt. Ltd.,80,550.2,44016.0,2025-07-23 13:36:37.416925
2025-07-23,60807,2025072301027263,NABIL,Arun Securities (PVT) Ltd.,Pragyan Securities (PVT) Ltd.,925,550.2,508935.0,2025-07-23 13:37:36.156734
2025-07-23,60561,2025072301027322,NABIL,Kohinoor Investment & Securities Pvt. Ltd.,Vision Securities Pvt. Ltd,500,550.3,275150.0,2025-07-23 13:37:57.148311
2025-07-23,60454,2025072301027348,NABIL,Vision Securities Pvt. Ltd,South Asian Bulls Pvt. Ltd.,12,550.6,6607.2,2025-07-23 13:38:05.466851
2025-07-23,60196,2025072301027399,NABIL,Aryatara Investment & Securities,Ashutosh Brokerage & Securities (PVT) Ltd.,20,550.6,11012.0,2025-07-23 13:38:32.926971
2025-07-23,60104,2025072301027413,NABIL,Arun Securities (PVT) Ltd.,Sani Securities Company Ltd.,470,550.2,258594.0,2025-07-23 13:38:41.891278
2025-07-23,59344,2025072301027567,NABIL,Thrive Brokerage House Pvt. Ltd,Sundhara Securities Limited,100,550.6,55060.0,2025-07-23 13:40:09.306219
2025-07-23,58892,2025072301027651,NABIL,Arun Securities (PVT) Ltd.,Sri Hari Securities Pvt. Ltd.,13,550.2,7152.6,2025-07-23 13:40:52.312922
2025-07-23,58891,2025072301027652,NABIL,Oxford Securities Pvt. Ltd.,Sri Hari Securities Pvt. Ltd.,164,550.1,90216.4,2025-07-23 13:40:52.313635
2025-07-23,58862,2025072301027664,NABIL,Oxford Securities Pvt. Ltd.,Naasa Securities Co. Ltd.,15,550.1,8251.5,2025-07-23 13:40:56.677785
2025-07-23,58802,2025072301027674,NABIL,Agrawal Securities (PVT) Ltd.,Asian Securities Private Ltd.,10,551.0,5510.0,2025-07-23 13:41:03.228134
2025-07-23,58729,2025072301027684,NABIL,Oxford Securities Pvt. Ltd.,South Asian Bulls Pvt. Ltd.,57,550.1,31355.7,2025-07-23 13:41:11.793545
2025-07-23,58499,2025072301027745,NABIL,Oxford Securities Pvt. Ltd.,Kohinoor Investment & Securities Pvt. Ltd.,50,550.1,27505.0,2025-07-23 13:41:39.986716
2025-07-23,58435,2025072301027752,NABIL,Oxford Securities Pvt. Ltd.,Secured Securities Ltd.,100,550.1,55010.0,2025-07-23 13:41:45.359198
2025-07-23,58396,2025072301027761,NABIL,Oxford Securities Pvt. Ltd.,ABC Securities Private Limited,50,550.1,27505.0,2025-07-23 13:41:49.265429
2025-07-23,58363,2025072301027766,NABIL,Oxford Securities Pvt. Ltd.,Naasa Securities Co. Ltd.,151,550.1,83065.1,2025-07-23 13:41:55.989811
2025-07-23,58348,2025072301027767,NABIL,Naasa Securities Co. Ltd.,Asian Securities Private Ltd.,54,551.0,29754.0,2025-07-23 13:41:58.098455
2025-07-23,58248,2025072301027794,NABIL,Naasa Securities Co. Ltd.,Vision Securities Pvt. Ltd,100,550.2,55020.0,2025-07-23 13:42:12.536930
2025-07-23,57996,2025072301027846,NABIL,ABC Securities Private Limited,Imperial Securities Company Pvt. Ltd.,74,550.2,40714.8,2025-07-23 13:42:43.074488
2025-07-23,57995,2025072301027847,NABIL,Oxford Securities Pvt. Ltd.,Imperial Securities Company Pvt. Ltd.,26,550.1,14302.6,2025-07-23 13:42:43.075805
2025-07-23,57884,2025072301027875,NABIL,Global IME Securities Limited,Sundhara Securities Limited,10,550.2,5502.0,2025-07-23 13:42:55.655398
2025-07-23,57883,2025072301027876,NABIL,Oxford Securities Pvt. Ltd.,Sundhara Securities Limited,88,550.1,48408.8,2025-07-23 13:42:55.656041
2025-07-23,57876,2025072301027879,NABIL,Oxford Securities Pvt. Ltd.,Naasa Securities Co. Ltd.,284,550.1,156228.4,2025-07-23 13:42:57.098410
2025-07-23,57875,2025072301027880,NABIL,Secured Securities Ltd.,Naasa Securities Co. Ltd.,316,550.1,173831.6,2025-07-23 13:42:57.099095
2025-07-23,57145,2025072301028018,NABIL,Dakshinkali Investment & Securities Pvt. Ltd.,Sundhara Securities Limited,124,550.2,68224.8,2025-07-23 13:44:12.100885
2025-07-23,57144,2025072301028019,NABIL,Secured Securities Ltd.,Sundhara Securities Limited,192,550.1,105619.2,2025-07-23 13:44:12.101590
2025-07-23,56986,2025072301028050,NABIL,Secured Securities Ltd.,Citizens Share Broker Limited,250,550.1,137525.0,2025-07-23 13:44:25.383472
2025-07-23,56479,2025072301028170,NABIL,Secured Securities Ltd.,Opal Securities Investment (PVT) Ltd.,50,550.1,27505.0,2025-07-23 13:45:17.568409
2025-07-23,55946,2025072301028299,NABIL,Nabil Stock Dealer Ltd.,Kohinoor Investment & Securities Pvt. Ltd.,10,550.5,5505.0,2025-07-23 13:46:05.115640
2025-07-23,55472,2025072301028403,NABIL,Oxford Securities Pvt. Ltd.,Kohinoor Investment & Securities Pvt. Ltd.,30,550.5,16515.0,2025-07-23 13:46:39.210777
2025-07-23,54683,2025072301028592,NABIL,Naasa Securities Co. Ltd.,Premier Securities Company Ltd.,100,550.4,55040.0,2025-07-23 13:47:52.079348
2025-07-23,54016,2025072301028723,NABIL,Secured Securities Ltd.,Kohinoor Investment & Securities Pvt. Ltd.,60,550.4,33024.0,2025-07-23 13:48:53.465808
2025-07-23,54015,2025072301028724,NABIL,Secured Securities Ltd.,Neev Securities Pvt. Ltd.,100,550.5,55050.0,2025-07-23 13:48:53.466484
2025-07-23,54014,2025072301028725,NABIL,Secured Securities Ltd.,Thrive Brokerage House Pvt. Ltd,35,550.5,19267.5,2025-07-23 13:48:53.466817
2025-07-23,53685,2025072301028785,NABIL,Secured Securities Ltd.,Sumeru Securities Pvt. Ltd.,300,550.5,165150.0,2025-07-23 13:49:16.685634
2025-07-23,53480,2025072301028812,NABIL,Naasa Securities Co. Ltd.,Sani Securities Company Ltd.,100,550.5,55050.0,2025-07-23 13:49:31.033377
2025-07-23,53345,2025072301028834,NABIL,Sundhara Securities Limited,Sani Securities Company Ltd.,100,550.5,55050.0,2025-07-23 13:49:43.382866
2025-07-23,53328,2025072301028843,NABIL,Secured Securities Ltd.,Siprabi Securities Pvt. Ltd.,50,550.4,27520.0,2025-07-23 13:49:45.335230
2025-07-23,52594,2025072301028983,NABIL,Oxford Securities Pvt. Ltd.,Secured Securities Ltd.,504,550.3,277351.2,2025-07-23 13:50:44.232520
2025-07-23,52181,2025072301029074,NABIL,Oxford Securities Pvt. Ltd.,Creative Securities Pvt Ltd,900,550.3,495270.0,2025-07-23 13:51:27.025361
2025-07-23,51823,2025072301029149,NABIL,Oxford Securities Pvt. Ltd.,Dipshikha Dhitopatra Karobar Co. Pvt Ltd.,10,550.3,5503.0,2025-07-23 13:51:52.923442
2025-07-23,51488,2025072301029218,NABIL,Oxford Securities Pvt. Ltd.,Sri Hari Securities Pvt. Ltd.,586,550.3,322475.8,2025-07-23 13:52:18.183198
2025-07-23,51487,2025072301029219,NABIL,ABC Securities Private Limited,Sri Hari Securities Pvt. Ltd.,54,550.2,29710.8,2025-07-23 13:52:18.183955
2025-07-23,51234,2025072301029269,NABIL,ABC Securities Private Limited,Linch Stock Market Ltd.,200,550.2,110040.0,2025-07-23 13:52:36.761404
2025-07-23,50927,2025072301029314,NABIL,Naasa Securities Co. Ltd.,Thrive Brokerage House Pvt. Ltd,225,550.3,123817.5,2025-07-23 13:52:59.552015
2025-07-23,50478,2025072301029425,NABIL,ABC Securities Private Limited,Aryatara Investment & Securities,35,550.2,19257.0,2025-07-23 13:53:37.844099
2025-07-23,50476,2025072301029427,NABIL,ABC Securities Private Limited,Aryatara Investment & Securities,80,550.2,44016.0,2025-07-23 13:53:38.032019
2025-07-23,50431,2025072301029435,NABIL,ABC Securities Private Limited,Dipshikha Dhitopatra Karobar Co. Pvt Ltd.,50,550.2,27510.0,2025-07-23 13:53:44.901795
