Date,S.N.,contract_id,symbol,buyer_broker,seller_broker,volume,price,amount,transaction_time
2025-07-23,170168,2025072301000012,NMB,Shree Krishna Securities Ltd.,Trisul Securities & Invt. Ltd.,10,268.1,2681.0,2025-07-23 10:46:00.183847
2025-07-23,168366,2025072301000387,NMB,Secured Securities Ltd.,Siprabi Securities Pvt. Ltd.,19,273.4,5194.6,2025-07-23 11:03:00.895515
2025-07-23,168365,2025072301000388,NMB,Secured Securities Ltd.,Imperial Securities Company Pvt. Ltd.,500,273.4,136700.0,2025-07-23 11:03:00.895545
2025-07-23,168364,2025072301000389,NMB,Secured Securities Ltd.,Opal Securities Investment (PVT) Ltd.,100,278.4,27840.0,2025-07-23 11:03:00.895570
2025-07-23,165214,2025072301001041,NMB,Imperial Securities Company Pvt. Ltd.,Naasa Securities Co. Ltd.,13,273.2,3551.6,2025-07-23 11:06:52.861320
2025-07-23,165209,2025072301001043,NMB,Imperial Securities Company Pvt. Ltd.,Agrawal Securities (PVT) Ltd.,11,273.2,3005.2,2025-07-23 11:06:53.518601
2025-07-23,164737,2025072301001146,NMB,Cristal Kanchanjanga Securites Pvt. Ltd.,Aryatara Investment & Securities,97,274.0,26578.0,2025-07-23 11:07:26.521909
2025-07-23,164169,2025072301001277,NMB,Imperial Securities Company Pvt. Ltd.,Sumeru Securities Pvt. Ltd.,21,273.2,5737.2,2025-07-23 11:08:01.305352
2025-07-23,163960,2025072301001338,NMB,Secured Securities Ltd.,Deevyaa Securities & Stock House Pvt. Ltd,50,276.0,13800.0,2025-07-23 11:08:19.094935
2025-07-23,162715,2025072301001633,NMB,Siprabi Securities Pvt. Ltd.,Oxford Securities Pvt. Ltd.,200,275.9,55180.0,2025-07-23 11:09:45.810982
2025-07-23,162714,2025072301001634,NMB,Siprabi Securities Pvt. Ltd.,Deevyaa Securities & Stock House Pvt. Ltd,165,276.0,45540.0,2025-07-23 11:09:45.811187
2025-07-23,161870,2025072301001810,NMB,Thrive Brokerage House Pvt. Ltd,Shree Krishna Securities Ltd.,500,273.3,136650.0,2025-07-23 11:10:40.414592
2025-07-23,161869,2025072301001811,NMB,Imperial Securities Company Pvt. Ltd.,Shree Krishna Securities Ltd.,255,273.2,69666.0,2025-07-23 11:10:40.414694
2025-07-23,161868,2025072301001812,NMB,Machhapuchchhre Securities Limited,Shree Krishna Securities Ltd.,300,273.2,81960.0,2025-07-23 11:10:40.414742
2025-07-23,161867,2025072301001813,NMB,Primo Securities (PVT) Ltd.,Shree Krishna Securities Ltd.,1000,273.1,273100.0,2025-07-23 11:10:40.414789
2025-07-23,161866,2025072301001814,NMB,J.F. Securites (PVT) Ltd.,Shree Krishna Securities Ltd.,50,273.0,13650.0,2025-07-23 11:10:40.414831
2025-07-23,161865,2025072301001815,NMB,Miyo Securities Pvt Ltd,Shree Krishna Securities Ltd.,1800,273.0,491400.0,2025-07-23 11:10:40.414877
2025-07-23,161864,2025072301001816,NMB,Thrive Brokerage House Pvt. Ltd,Shree Krishna Securities Ltd.,500,272.9,136450.0,2025-07-23 11:10:40.414921
2025-07-23,161863,2025072301001817,NMB,Pragyan Securities (PVT) Ltd.,Shree Krishna Securities Ltd.,500,271.3,135650.0,2025-07-23 11:10:40.414961
2025-07-23,161862,2025072301001818,NMB,Machhapuchchhre Securities Limited,Shree Krishna Securities Ltd.,95,271.2,25764.0,2025-07-23 11:10:40.415005
2025-07-23,161570,2025072301001895,NMB,Machhapuchchhre Securities Limited,Asian Securities Private Ltd.,205,271.2,55596.0,2025-07-23 11:10:59.089438
2025-07-23,161569,2025072301001896,NMB,Nagarik Stock Dealer ,Asian Securities Private Ltd.,767,271.1,207933.7,2025-07-23 11:10:59.089540
2025-07-23,159584,2025072301002353,NMB,Midas Stock Broking Company Private Limited,Aryatara Investment & Securities,1000,272.0,272000.0,2025-07-23 11:12:58.520916
2025-07-23,159238,2025072301002445,NMB,Machhapuchchhre Securities Limited,Primo Securities (PVT) Ltd.,153,271.3,41508.9,2025-07-23 11:13:18.195729
2025-07-23,158599,2025072301002612,NMB,Machhapuchchhre Securities Limited,Shree Krishna Securities Ltd.,47,271.3,12751.1,2025-07-23 11:13:51.608174
2025-07-23,158598,2025072301002613,NMB,Nepal Stock House (PVT) Ltd.,Shree Krishna Securities Ltd.,300,271.2,81360.0,2025-07-23 11:13:51.608423
2025-07-23,158597,2025072301002614,NMB,Nagarik Stock Dealer ,Shree Krishna Securities Ltd.,33,271.1,8946.3,2025-07-23 11:13:51.608578
2025-07-23,158596,2025072301002615,NMB,Asian Securities Private Ltd.,Shree Krishna Securities Ltd.,620,271.0,168020.0,2025-07-23 11:13:51.608724
2025-07-23,157319,2025072301002912,NMB,Nepal Stock House (PVT) Ltd.,Aryatara Investment & Securities,38,271.1,10301.8,2025-07-23 11:15:00.175442
2025-07-23,156673,2025072301003038,NMB,Vision Securities Pvt. Ltd,Primo Securities (PVT) Ltd.,57,271.5,15475.5,2025-07-23 11:15:32.764996
2025-07-23,156504,2025072301003064,NMB,Nepal Stock House (PVT) Ltd.,Kumari Securities Private Limited,1000,272.0,272000.0,2025-07-23 11:15:38.912078
2025-07-23,154214,2025072301003602,NMB,Naasa Securities Co. Ltd.,Primo Securities (PVT) Ltd.,23,272.0,6256.0,2025-07-23 11:17:45.125925
2025-07-23,154213,2025072301003603,NMB,Machhapuchchhre Securities Limited,Primo Securities (PVT) Ltd.,200,272.0,54400.0,2025-07-23 11:17:45.126204
2025-07-23,154212,2025072301003604,NMB,Vision Securities Pvt. Ltd,Primo Securities (PVT) Ltd.,777,271.5,210955.5,2025-07-23 11:17:45.126362
2025-07-23,153781,2025072301003727,NMB,Vision Securities Pvt. Ltd,Dynamic Money Managers Securities Pvt. Ltd.,165,271.5,44797.5,2025-07-23 11:18:09.386610
2025-07-23,153427,2025072301003824,NMB,Nepal Stock House (PVT) Ltd.,Dakshinkali Investment & Securities Pvt. Ltd.,962,271.1,260798.2,2025-07-23 11:18:29.337258
2025-07-23,153314,2025072301003853,NMB,Creative Securities Pvt Ltd,Dynamic Money Managers Securities Pvt. Ltd.,335,271.5,90952.5,2025-07-23 11:18:34.683357
2025-07-23,153045,2025072301003918,NMB,Online Securities Pvt. Ltd.,Primo Securities (PVT) Ltd.,1000,272.0,272000.0,2025-07-23 11:18:50.436665
2025-07-23,150369,2025072301004410,NMB,Machhapuchchhre Securities Limited,Nepal Stock House (PVT) Ltd.,200,272.9,54580.0,2025-07-23 11:20:43.872643
2025-07-23,150218,2025072301004453,NMB,Asian Securities Private Ltd.,Thrive Brokerage House Pvt. Ltd,700,273.0,191100.0,2025-07-23 11:20:49.088403
2025-07-23,150217,2025072301004454,NMB,Asian Securities Private Ltd.,Imperial Securities Company Pvt. Ltd.,300,273.0,81900.0,2025-07-23 11:20:49.088528
2025-07-23,149774,2025072301004567,NMB,Asian Securities Private Ltd.,Imperial Securities Company Pvt. Ltd.,500,273.0,136500.0,2025-07-23 11:21:06.005588
2025-07-23,149378,2025072301004665,NMB,Online Securities Pvt. Ltd.,Malla & Malla Stock Broking Company Pvt. Limited,1000,273.9,273900.0,2025-07-23 11:21:17.482962
2025-07-23,148315,2025072301004851,NMB,Imperial Securities Company Pvt. Ltd.,Sani Securities Company Ltd.,32,273.0,8736.0,2025-07-23 11:21:54.315127
2025-07-23,147899,2025072301004960,NMB,Imperial Securities Company Pvt. Ltd.,Aryatara Investment & Securities,68,273.0,18564.0,2025-07-23 11:22:11.763279
2025-07-23,147592,2025072301005083,NMB,Nepal Stock House (PVT) Ltd.,Linch Stock Market Ltd.,8,272.9,2183.2,2025-07-23 11:22:20.541527
2025-07-23,147295,2025072301005159,NMB,Online Securities Pvt. Ltd.,Aryatara Investment & Securities,32,273.0,8736.0,2025-07-23 11:22:32.661465
2025-07-23,147294,2025072301005160,NMB,Online Securities Pvt. Ltd.,Linch Stock Market Ltd.,62,273.0,16926.0,2025-07-23 11:22:32.661678
2025-07-23,145554,2025072301005491,NMB,Online Securities Pvt. Ltd.,Sri Hari Securities Pvt. Ltd.,100,274.0,27400.0,2025-07-23 11:23:37.312366
2025-07-23,145553,2025072301005492,NMB,Online Securities Pvt. Ltd.,Nepal Stock House (PVT) Ltd.,300,274.9,82470.0,2025-07-23 11:23:37.312514
2025-07-23,145552,2025072301005493,NMB,Online Securities Pvt. Ltd.,Asian Securities Private Ltd.,500,275.0,137500.0,2025-07-23 11:23:37.312584
2025-07-23,145551,2025072301005494,NMB,Online Securities Pvt. Ltd.,Dakshinkali Investment & Securities Pvt. Ltd.,5000,275.0,1375000.0,2025-07-23 11:23:37.312639
2025-07-23,145550,2025072301005495,NMB,Online Securities Pvt. Ltd.,Sani Securities Company Ltd.,100,275.0,27500.0,2025-07-23 11:23:37.312691
2025-07-23,144827,2025072301005700,NMB,Market Securities & Exchange (PVT) Ltd.,Sani Securities Company Ltd.,100,275.0,27500.0,2025-07-23 11:24:16.577263
2025-07-23,143637,2025072301006017,NMB,Market Securities & Exchange (PVT) Ltd.,Miyo Securities Pvt Ltd,238,275.0,65450.0,2025-07-23 11:25:17.877145
2025-07-23,143636,2025072301006018,NMB,Imperial Securities Company Pvt. Ltd.,Miyo Securities Pvt Ltd,1000,275.0,275000.0,2025-07-23 11:25:17.877254
2025-07-23,143635,2025072301006019,NMB,Imperial Securities Company Pvt. Ltd.,Miyo Securities Pvt Ltd,1000,274.0,274000.0,2025-07-23 11:25:17.877346
2025-07-23,143634,2025072301006020,NMB,Sundhara Securities Limited,Miyo Securities Pvt Ltd,200,274.0,54800.0,2025-07-23 11:25:17.877419
2025-07-23,143633,2025072301006021,NMB,Online Securities Pvt. Ltd.,Miyo Securities Pvt Ltd,206,273.0,56238.0,2025-07-23 11:25:17.877491
2025-07-23,143632,2025072301006022,NMB,Nepal Investment And Securities Trading Private Limited,Miyo Securities Pvt Ltd,500,272.0,136000.0,2025-07-23 11:25:17.877583
2025-07-23,143631,2025072301006023,NMB,Nepal Investment And Securities Trading Private Limited,Miyo Securities Pvt Ltd,100,272.0,27200.0,2025-07-23 11:25:17.877667
2025-07-23,143630,2025072301006024,NMB,Creative Securities Pvt Ltd,Miyo Securities Pvt Ltd,756,271.6,205329.6,2025-07-23 11:25:17.877742
2025-07-23,143338,2025072301006073,NMB,Siprabi Securities Pvt. Ltd.,Vision Securities Pvt. Ltd,10,275.1,2751.0,2025-07-23 11:25:34.930522
2025-07-23,141477,2025072301006485,NMB,Shree Krishna Securities Ltd.,Nepal Stock House (PVT) Ltd.,300,275.0,82500.0,2025-07-23 11:27:19.679169
2025-07-23,138256,2025072301007203,NMB,Swarna Laxmi Securities Pvt. Ltd.,Investment Management Nepal Pvt. Ltd.,300,275.0,82500.0,2025-07-23 11:30:50.349851
2025-07-23,138255,2025072301007204,NMB,Swarna Laxmi Securities Pvt. Ltd.,Vision Securities Pvt. Ltd,490,275.1,134799.0,2025-07-23 11:30:50.349890
2025-07-23,138254,2025072301007205,NMB,Swarna Laxmi Securities Pvt. Ltd.,Himalayan Securities Limited,500,275.2,137600.0,2025-07-23 11:30:50.349917
2025-07-23,138253,2025072301007206,NMB,Swarna Laxmi Securities Pvt. Ltd.,Nepal Stock House (PVT) Ltd.,600,275.6,165360.0,2025-07-23 11:30:50.349946
2025-07-23,138252,2025072301007207,NMB,Swarna Laxmi Securities Pvt. Ltd.,Kumari Securities Private Limited,610,275.7,168177.0,2025-07-23 11:30:50.349971
2025-07-23,137510,2025072301007399,NMB,Swarna Laxmi Securities Pvt. Ltd.,Kumari Securities Private Limited,390,275.7,107523.0,2025-07-23 11:31:42.053495
2025-07-23,137509,2025072301007400,NMB,Swarna Laxmi Securities Pvt. Ltd.,Kumari Securities Private Limited,110,275.8,30338.0,2025-07-23 11:31:42.053539
2025-07-23,136716,2025072301007600,NMB,Swarna Laxmi Securities Pvt. Ltd.,Kumari Securities Private Limited,100,275.8,27580.0,2025-07-23 11:32:34.538053
2025-07-23,136263,2025072301007749,NMB,Trisul Securities & Invt. Ltd.,Kumari Securities Private Limited,900,275.8,248220.0,2025-07-23 11:33:10.288738
2025-07-23,136076,2025072301007793,NMB,Naasa Securities Co. Ltd.,Sundhara Securities Limited,10,275.7,2757.0,2025-07-23 11:33:22.753130
2025-07-23,135894,2025072301007838,NMB,Naasa Securities Co. Ltd.,Secured Securities Ltd.,285,275.7,78574.5,2025-07-23 11:33:31.831494
2025-07-23,135426,2025072301007936,NMB,Siprabi Securities Pvt. Ltd.,Online Securities Pvt. Ltd.,100,274.0,27400.0,2025-07-23 11:33:57.621021
2025-07-23,135425,2025072301007937,NMB,Nepal Stock House (PVT) Ltd.,Online Securities Pvt. Ltd.,500,273.2,136600.0,2025-07-23 11:33:57.621210
2025-07-23,134023,2025072301008231,NMB,Nepal Stock House (PVT) Ltd.,Primo Securities (PVT) Ltd.,134,274.0,36716.0,2025-07-23 11:35:15.530772
2025-07-23,134022,2025072301008232,NMB,Nepal Stock House (PVT) Ltd.,Vision Securities Pvt. Ltd,4866,274.0,1333284.0,2025-07-23 11:35:15.530951
2025-07-23,133583,2025072301008345,NMB,Nepal Stock House (PVT) Ltd.,Cristal Kanchanjanga Securites Pvt. Ltd.,29,273.2,7922.8,2025-07-23 11:35:39.216952
2025-07-23,133398,2025072301008402,NMB,Capital Max Securities Ltd,Vision Securities Pvt. Ltd,134,274.0,36716.0,2025-07-23 11:35:48.393715
2025-07-23,133397,2025072301008403,NMB,Capital Max Securities Ltd,Opal Securities Investment (PVT) Ltd.,50,275.6,13780.0,2025-07-23 11:35:48.393869
2025-07-23,133396,2025072301008404,NMB,Capital Max Securities Ltd,Kumari Securities Private Limited,390,275.8,107562.0,2025-07-23 11:35:48.393937
2025-07-23,133395,2025072301008405,NMB,Capital Max Securities Ltd,Kumari Securities Private Limited,1426,275.9,393433.4,2025-07-23 11:35:48.394004
2025-07-23,133213,2025072301008459,NMB,Sani Securities Company Ltd.,Siprabi Securities Pvt. Ltd.,20,273.5,5470.0,2025-07-23 11:35:59.855410
2025-07-23,132700,2025072301008561,NMB,Nepal Stock House (PVT) Ltd.,Opal Securities Investment (PVT) Ltd.,171,273.2,46717.2,2025-07-23 11:36:30.804418
2025-07-23,132699,2025072301008562,NMB,Naasa Securities Co. Ltd.,Opal Securities Investment (PVT) Ltd.,329,273.2,89882.8,2025-07-23 11:36:30.804730
2025-07-23,132697,2025072301008563,NMB,Naasa Securities Co. Ltd.,Sumeru Securities Pvt. Ltd.,40,273.2,10928.0,2025-07-23 11:36:30.843727
2025-07-23,132626,2025072301008582,NMB,Naasa Securities Co. Ltd.,Nepal Stock House (PVT) Ltd.,230,273.2,62836.0,2025-07-23 11:36:36.349096
2025-07-23,131799,2025072301008794,NMB,Naasa Securities Co. Ltd.,Vision Securities Pvt. Ltd,12,273.2,3278.4,2025-07-23 11:37:32.950873
2025-07-23,131440,2025072301008882,NMB,Naasa Securities Co. Ltd.,Aryatara Investment & Securities,1000,273.2,273200.0,2025-07-23 11:37:59.430108
2025-07-23,131313,2025072301008903,NMB,Sani Securities Company Ltd.,Siprabi Securities Pvt. Ltd.,18,273.5,4923.0,2025-07-23 11:38:10.650943
2025-07-23,131312,2025072301008904,NMB,Sani Securities Company Ltd.,Naasa Securities Co. Ltd.,100,273.5,27350.0,2025-07-23 11:38:10.651116
2025-07-23,131305,2025072301008905,NMB,Sani Securities Company Ltd.,Aryatara Investment & Securities,382,273.5,104477.0,2025-07-23 11:38:11.311668
2025-07-23,131304,2025072301008906,NMB,Naasa Securities Co. Ltd.,Aryatara Investment & Securities,618,273.2,168837.6,2025-07-23 11:38:11.311834
2025-07-23,130174,2025072301009206,NMB,Naasa Securities Co. Ltd.,Malla & Malla Stock Broking Company Pvt. Limited,2771,273.2,757037.2,2025-07-23 11:39:42.454691
2025-07-23,130173,2025072301009207,NMB,Naasa Securities Co. Ltd.,Malla & Malla Stock Broking Company Pvt. Limited,20,273.2,5464.0,2025-07-23 11:39:42.454860
2025-07-23,130172,2025072301009208,NMB,Premier Securities Company Ltd.,Malla & Malla Stock Broking Company Pvt. Limited,100,273.1,27310.0,2025-07-23 11:39:42.454994
2025-07-23,130171,2025072301009209,NMB,Thrive Brokerage House Pvt. Ltd,Malla & Malla Stock Broking Company Pvt. Limited,500,273.1,136550.0,2025-07-23 11:39:42.455078
2025-07-23,130170,2025072301009210,NMB,Dipshikha Dhitopatra Karobar Co. Pvt Ltd.,Malla & Malla Stock Broking Company Pvt. Limited,25,273.1,6827.5,2025-07-23 11:39:42.455146
2025-07-23,130169,2025072301009211,NMB,Naasa Securities Co. Ltd.,Malla & Malla Stock Broking Company Pvt. Limited,7584,273.0,2070432.0,2025-07-23 11:39:42.455216
2025-07-23,129800,2025072301009279,NMB,Capital Hub P. Ltd,Premier Securities Company Ltd.,230,273.3,62859.0,2025-07-23 11:40:09.053467
2025-07-23,129492,2025072301009369,NMB,Capital Hub P. Ltd,Malla & Malla Stock Broking Company Pvt. Limited,770,273.3,210441.0,2025-07-23 11:40:40.856673
2025-07-23,129491,2025072301009370,NMB,Thrive Brokerage House Pvt. Ltd,Malla & Malla Stock Broking Company Pvt. Limited,60,273.3,16398.0,2025-07-23 11:40:40.856850
2025-07-23,129490,2025072301009371,NMB,Vision Securities Pvt. Ltd,Malla & Malla Stock Broking Company Pvt. Limited,200,273.1,54620.0,2025-07-23 11:40:40.856936
2025-07-23,129489,2025072301009372,NMB,Naasa Securities Co. Ltd.,Malla & Malla Stock Broking Company Pvt. Limited,970,273.0,264810.0,2025-07-23 11:40:40.857004
2025-07-23,129066,2025072301009479,NMB,Naasa Securities Co. Ltd.,Malla & Malla Stock Broking Company Pvt. Limited,10000,273.0,2730000.0,2025-07-23 11:41:21.878304
2025-07-23,128667,2025072301009611,NMB,Asian Securities Private Ltd.,Malla & Malla Stock Broking Company Pvt. Limited,250,273.1,68275.0,2025-07-23 11:41:55.469546
2025-07-23,128666,2025072301009612,NMB,Naasa Securities Co. Ltd.,Malla & Malla Stock Broking Company Pvt. Limited,4750,273.0,1296750.0,2025-07-23 11:41:55.469742
2025-07-23,128406,2025072301009684,NMB,Machhapuchchhre Securities Limited,Dipshikha Dhitopatra Karobar Co. Pvt Ltd.,50,273.1,13655.0,2025-07-23 11:42:16.846161
2025-07-23,128405,2025072301009685,NMB,Naasa Securities Co. Ltd.,Dipshikha Dhitopatra Karobar Co. Pvt Ltd.,62,273.0,16926.0,2025-07-23 11:42:16.846342
2025-07-23,127608,2025072301009870,NMB,Naasa Securities Co. Ltd.,Aryatara Investment & Securities,800,273.0,218400.0,2025-07-23 11:43:26.814332
2025-07-23,127518,2025072301009905,NMB,Naasa Securities Co. Ltd.,Online Securities Pvt. Ltd.,25,273.0,6825.0,2025-07-23 11:43:34.826003
2025-07-23,126908,2025072301010061,NMB,Trisul Securities & Invt. Ltd.,Investment Management Nepal Pvt. Ltd.,200,274.0,54800.0,2025-07-23 11:44:31.957772
2025-07-23,125262,2025072301010467,NMB,Thrive Brokerage House Pvt. Ltd,Imperial Securities Company Pvt. Ltd.,50,273.2,13660.0,2025-07-23 11:46:45.197380
2025-07-23,124693,2025072301010600,NMB,Thrive Brokerage House Pvt. Ltd,Malla & Malla Stock Broking Company Pvt. Limited,50,273.2,13660.0,2025-07-23 11:47:29.521362
2025-07-23,124692,2025072301010601,NMB,Pragyan Securities (PVT) Ltd.,Malla & Malla Stock Broking Company Pvt. Limited,650,273.2,177580.0,2025-07-23 11:47:29.521532
2025-07-23,124691,2025072301010602,NMB,Vision Securities Pvt. Ltd,Malla & Malla Stock Broking Company Pvt. Limited,400,273.1,109240.0,2025-07-23 11:47:29.521613
2025-07-23,124690,2025072301010603,NMB,Trisul Securities & Invt. Ltd.,Malla & Malla Stock Broking Company Pvt. Limited,900,273.1,245790.0,2025-07-23 11:47:29.521687
2025-07-23,124189,2025072301010710,NMB,Secured Securities Ltd.,Premier Securities Company Ltd.,480,274.9,131952.0,2025-07-23 11:48:04.930573
2025-07-23,124179,2025072301010712,NMB,Kalika Securities Pvt. Ltd.,Malla & Malla Stock Broking Company Pvt. Limited,500,273.3,136650.0,2025-07-23 11:48:05.902585
2025-07-23,124178,2025072301010713,NMB,Trisul Securities & Invt. Ltd.,Malla & Malla Stock Broking Company Pvt. Limited,1500,273.1,409650.0,2025-07-23 11:48:05.902762
2025-07-23,123637,2025072301010807,NMB,Trisul Securities & Invt. Ltd.,Kumari Securities Private Limited,25,273.1,6827.5,2025-07-23 11:48:48.234995
2025-07-23,122512,2025072301011042,NMB,Shree Krishna Securities Ltd.,Agrawal Securities (PVT) Ltd.,200,273.3,54660.0,2025-07-23 11:50:19.823129
2025-07-23,122328,2025072301011086,NMB,Secured Securities Ltd.,Premier Securities Company Ltd.,10,274.9,2749.0,2025-07-23 11:50:34.359443
2025-07-23,121711,2025072301011223,NMB,Ashutosh Brokerage & Securities (PVT) Ltd.,Sweta Securities Private Limited,100,275.0,27500.0,2025-07-23 11:51:31.514674
2025-07-23,121273,2025072301011305,NMB,Naasa Securities Co. Ltd.,Sweta Securities Private Limited,4900,275.0,1347500.0,2025-07-23 11:52:04.711718
2025-07-23,121272,2025072301011306,NMB,Naasa Securities Co. Ltd.,Trishakti Securities Public Limited,1700,275.0,467500.0,2025-07-23 11:52:04.712133
2025-07-23,121271,2025072301011307,NMB,Naasa Securities Co. Ltd.,Investment Management Nepal Pvt. Ltd.,20,275.0,5500.0,2025-07-23 11:52:04.712371
2025-07-23,121270,2025072301011308,NMB,Naasa Securities Co. Ltd.,Deevyaa Securities & Stock House Pvt. Ltd,400,275.0,110000.0,2025-07-23 11:52:04.712590
2025-07-23,121269,2025072301011309,NMB,Naasa Securities Co. Ltd.,Imperial Securities Company Pvt. Ltd.,1000,275.0,275000.0,2025-07-23 11:52:04.712815
2025-07-23,121268,2025072301011310,NMB,Naasa Securities Co. Ltd.,Kumari Securities Private Limited,74,275.9,20416.6,2025-07-23 11:52:04.713056
2025-07-23,121267,2025072301011311,NMB,Naasa Securities Co. Ltd.,Thrive Brokerage House Pvt. Ltd,112,275.9,30900.8,2025-07-23 11:52:04.713282
2025-07-23,121266,2025072301011312,NMB,Naasa Securities Co. Ltd.,Secured Securities Ltd.,2000,275.9,551800.0,2025-07-23 11:52:04.713520
2025-07-23,121265,2025072301011313,NMB,Naasa Securities Co. Ltd.,Deevyaa Securities & Stock House Pvt. Ltd,139,276.0,38364.0,2025-07-23 11:52:04.713736
2025-07-23,121264,2025072301011314,NMB,Naasa Securities Co. Ltd.,South Asian Bulls Pvt. Ltd.,100,276.0,27600.0,2025-07-23 11:52:04.713955
2025-07-23,121263,2025072301011315,NMB,Naasa Securities Co. Ltd.,Nepal Stock House (PVT) Ltd.,300,276.0,82800.0,2025-07-23 11:52:04.714205
2025-07-23,121262,2025072301011316,NMB,Naasa Securities Co. Ltd.,Sewa Securities Pvt. Ltd.,46,276.0,12696.0,2025-07-23 11:52:04.714407
2025-07-23,121261,2025072301011317,NMB,Naasa Securities Co. Ltd.,Blue Chip Securities Ltd,3000,276.0,828000.0,2025-07-23 11:52:04.714609
2025-07-23,121260,2025072301011318,NMB,Naasa Securities Co. Ltd.,Malla & Malla Stock Broking Company Pvt. Limited,50,276.0,13800.0,2025-07-23 11:52:04.714813
2025-07-23,121259,2025072301011319,NMB,Naasa Securities Co. Ltd.,Imperial Securities Company Pvt. Ltd.,150,276.0,41400.0,2025-07-23 11:52:04.715082
2025-07-23,121258,2025072301011320,NMB,Naasa Securities Co. Ltd.,Neev Securities Pvt. Ltd.,20,276.0,5520.0,2025-07-23 11:52:04.715274
2025-07-23,121257,2025072301011321,NMB,Naasa Securities Co. Ltd.,Primo Securities (PVT) Ltd.,516,276.0,142416.0,2025-07-23 11:52:04.715473
2025-07-23,121256,2025072301011322,NMB,Naasa Securities Co. Ltd.,South Asian Bulls Pvt. Ltd.,500,276.0,138000.0,2025-07-23 11:52:04.715672
2025-07-23,121255,2025072301011323,NMB,Naasa Securities Co. Ltd.,Kalika Securities Pvt. Ltd.,100,276.0,27600.0,2025-07-23 11:52:04.715867
2025-07-23,121254,2025072301011324,NMB,Naasa Securities Co. Ltd.,Sri Hari Securities Pvt. Ltd.,100,276.0,27600.0,2025-07-23 11:52:04.716079
2025-07-23,121253,2025072301011325,NMB,Naasa Securities Co. Ltd.,Sumeru Securities Pvt. Ltd.,1080,276.0,298080.0,2025-07-23 11:52:04.716273
2025-07-23,121252,2025072301011326,NMB,Naasa Securities Co. Ltd.,Nepal Stock House (PVT) Ltd.,200,276.0,55200.0,2025-07-23 11:52:04.716454
2025-07-23,121214,2025072301011330,NMB,Naasa Securities Co. Ltd.,Vision Securities Pvt. Ltd,1000,276.0,276000.0,2025-07-23 11:52:07.980141
2025-07-23,120721,2025072301011449,NMB,Capital Max Securities Ltd,Primo Securities (PVT) Ltd.,188,276.4,51963.2,2025-07-23 11:52:55.083094
2025-07-23,120720,2025072301011450,NMB,Capital Max Securities Ltd,Nepal Stock House (PVT) Ltd.,300,276.9,83070.0,2025-07-23 11:52:55.083264
2025-07-23,120719,2025072301011451,NMB,Capital Max Securities Ltd,Sri Hari Securities Pvt. Ltd.,500,277.0,138500.0,2025-07-23 11:52:55.083335
2025-07-23,120718,2025072301011452,NMB,Capital Max Securities Ltd,Trishakti Securities Public Limited,12,277.0,3324.0,2025-07-23 11:52:55.083401
2025-07-23,120620,2025072301011468,NMB,Secured Securities Ltd.,Trishakti Securities Public Limited,13,277.0,3601.0,2025-07-23 11:53:04.984971
2025-07-23,120619,2025072301011469,NMB,Secured Securities Ltd.,Trisul Securities & Invt. Ltd.,73,277.0,20221.0,2025-07-23 11:53:04.985142
2025-07-23,120618,2025072301011470,NMB,Secured Securities Ltd.,Dipshikha Dhitopatra Karobar Co. Pvt Ltd.,1000,277.0,277000.0,2025-07-23 11:53:04.985212
2025-07-23,120617,2025072301011471,NMB,Secured Securities Ltd.,Sagarmatha Securities Private Limited,1914,277.7,531517.8,2025-07-23 11:53:04.985310
2025-07-23,119950,2025072301011630,NMB,Naasa Securities Co. Ltd.,Vision Securities Pvt. Ltd,200,276.0,55200.0,2025-07-23 11:53:58.039782
2025-07-23,118849,2025072301011909,NMB,Naasa Securities Co. Ltd.,Vision Securities Pvt. Ltd,10,276.0,2760.0,2025-07-23 11:55:20.684488
2025-07-23,118719,2025072301011923,NMB,Naasa Securities Co. Ltd.,Aryatara Investment & Securities,1500,276.0,414000.0,2025-07-23 11:55:29.864691
2025-07-23,118419,2025072301011945,NMB,Naasa Securities Co. Ltd.,Aryatara Investment & Securities,783,276.0,216108.0,2025-07-23 11:55:45.861454
2025-07-23,117461,2025072301012273,NMB,Linch Stock Market Ltd.,Naasa Securities Co. Ltd.,100,275.0,27500.0,2025-07-23 11:57:01.316006
2025-07-23,117282,2025072301012318,NMB,Naasa Securities Co. Ltd.,Aryatara Investment & Securities,717,276.0,197892.0,2025-07-23 11:57:11.544597
2025-07-23,117281,2025072301012319,NMB,Naasa Securities Co. Ltd.,Siprabi Securities Pvt. Ltd.,200,276.0,55200.0,2025-07-23 11:57:11.544789
2025-07-23,117280,2025072301012320,NMB,Naasa Securities Co. Ltd.,Aryatara Investment & Securities,1500,276.0,414000.0,2025-07-23 11:57:11.544873
2025-07-23,117279,2025072301012321,NMB,Naasa Securities Co. Ltd.,Aryatara Investment & Securities,1024,276.0,282624.0,2025-07-23 11:57:11.544946
2025-07-23,116657,2025072301012426,NMB,Secured Securities Ltd.,Opal Securities Investment (PVT) Ltd.,400,277.0,110800.0,2025-07-23 11:58:07.917130
2025-07-23,116411,2025072301012457,NMB,SHUBHAKAMANA SECURITIES PVT. LTD,Opal Securities Investment (PVT) Ltd.,300,277.0,83100.0,2025-07-23 11:58:25.608301
2025-07-23,115766,2025072301012648,NMB,SHUBHAKAMANA SECURITIES PVT. LTD,Siprabi Securities Pvt. Ltd.,100,277.0,27700.0,2025-07-23 11:59:22.901927
2025-07-23,115596,2025072301012700,NMB,SHUBHAKAMANA SECURITIES PVT. LTD,Opal Securities Investment (PVT) Ltd.,46,277.0,12742.0,2025-07-23 11:59:38.877395
2025-07-23,114964,2025072301012898,NMB,SHUBHAKAMANA SECURITIES PVT. LTD,Citizens Share Broker Limited,554,277.0,153458.0,2025-07-23 12:00:38.188067
2025-07-23,114963,2025072301012899,NMB,Nepal Investment And Securities Trading Private Limited,Citizens Share Broker Limited,46,277.0,12742.0,2025-07-23 12:00:38.188169
2025-07-23,114684,2025072301012995,NMB,Neev Securities Pvt. Ltd.,Sri Hari Securities Pvt. Ltd.,200,277.5,55500.0,2025-07-23 12:01:00.952813
2025-07-23,114491,2025072301013046,NMB,Agrawal Securities (PVT) Ltd.,Dipshikha Dhitopatra Karobar Co. Pvt Ltd.,50,277.0,13850.0,2025-07-23 12:01:19.431132
2025-07-23,114065,2025072301013152,NMB,ABC Securities Private Limited,Dipshikha Dhitopatra Karobar Co. Pvt Ltd.,50,277.0,13850.0,2025-07-23 12:02:00.882971
2025-07-23,114064,2025072301013153,NMB,ABC Securities Private Limited,Online Securities Pvt. Ltd.,100,277.0,27700.0,2025-07-23 12:02:00.883209
2025-07-23,113613,2025072301013263,NMB,Sharepro Securities Private Limited,Sundhara Securities Limited,127,276.1,35064.7,2025-07-23 12:02:48.524109
2025-07-23,113523,2025072301013292,NMB,Sharepro Securities Private Limited,Vision Securities Pvt. Ltd,160,276.1,44176.0,2025-07-23 12:02:57.319779
2025-07-23,113507,2025072301013302,NMB,Nepal Investment And Securities Trading Private Limited,Sweta Securities Private Limited,20,277.0,5540.0,2025-07-23 12:02:59.399869
2025-07-23,112897,2025072301013478,NMB,Opal Securities Investment (PVT) Ltd.,Siprabi Securities Pvt. Ltd.,25,277.0,6925.0,2025-07-23 12:03:54.346225
2025-07-23,112896,2025072301013479,NMB,Naasa Securities Co. Ltd.,Siprabi Securities Pvt. Ltd.,25,277.0,6925.0,2025-07-23 12:03:54.346452
2025-07-23,112595,2025072301013559,NMB,Naasa Securities Co. Ltd.,Kumari Securities Private Limited,225,277.0,62325.0,2025-07-23 12:04:25.526143
2025-07-23,112356,2025072301013615,NMB,Sharepro Securities Private Limited,South Asian Bulls Pvt. Ltd.,40,277.4,11096.0,2025-07-23 12:04:50.626275
2025-07-23,112355,2025072301013616,NMB,Sharepro Securities Private Limited,Sri Hari Securities Pvt. Ltd.,658,277.5,182595.0,2025-07-23 12:04:50.626517
2025-07-23,112198,2025072301013656,NMB,Sharepro Securities Private Limited,Kumari Securities Private Limited,15,277.6,4164.0,2025-07-23 12:05:05.075111
2025-07-23,111971,2025072301013707,NMB,Naasa Securities Co. Ltd.,Dakshinkali Investment & Securities Pvt. Ltd.,5000,277.0,1385000.0,2025-07-23 12:05:25.860880
2025-07-23,111845,2025072301013747,NMB,Naasa Securities Co. Ltd.,Siprabi Securities Pvt. Ltd.,50,277.0,13850.0,2025-07-23 12:05:40.387473
2025-07-23,111172,2025072301013942,NMB,Midas Stock Broking Company Private Limited,Kumari Securities Private Limited,185,277.6,51356.0,2025-07-23 12:06:44.229940
2025-07-23,111171,2025072301013943,NMB,Midas Stock Broking Company Private Limited,Vision Securities Pvt. Ltd,15,277.6,4164.0,2025-07-23 12:06:44.230222
2025-07-23,110836,2025072301014080,NMB,Nepal Stock House (PVT) Ltd.,Vision Securities Pvt. Ltd,85,277.6,23596.0,2025-07-23 12:07:18.317655
2025-07-23,110835,2025072301014081,NMB,Nepal Stock House (PVT) Ltd.,South Asian Bulls Pvt. Ltd.,100,277.6,27760.0,2025-07-23 12:07:18.317875
2025-07-23,110834,2025072301014082,NMB,Nepal Stock House (PVT) Ltd.,Nepal Stock House (PVT) Ltd.,32,277.6,8883.2,2025-07-23 12:07:18.317966
2025-07-23,109701,2025072301014387,NMB,Naasa Securities Co. Ltd.,Secured Securities Ltd.,12,277.6,3331.2,2025-07-23 12:09:18.006587
2025-07-23,109700,2025072301014388,NMB,Naasa Securities Co. Ltd.,Sagarmatha Securities Private Limited,1086,277.7,301582.2,2025-07-23 12:09:18.006868
2025-07-23,109699,2025072301014389,NMB,Naasa Securities Co. Ltd.,Nepal Stock House (PVT) Ltd.,300,277.9,83370.0,2025-07-23 12:09:18.006962
2025-07-23,109698,2025072301014390,NMB,Naasa Securities Co. Ltd.,Premier Securities Company Ltd.,500,277.9,138950.0,2025-07-23 12:09:18.007079
2025-07-23,109697,2025072301014391,NMB,Naasa Securities Co. Ltd.,Premier Securities Company Ltd.,497,277.9,138116.3,2025-07-23 12:09:18.007187
2025-07-23,109696,2025072301014392,NMB,Naasa Securities Co. Ltd.,Dakshinkali Investment & Securities Pvt. Ltd.,1000,278.0,278000.0,2025-07-23 12:09:18.007292
2025-07-23,109695,2025072301014393,NMB,Naasa Securities Co. Ltd.,Nabil Stock Dealer Ltd.,100,278.0,27800.0,2025-07-23 12:09:18.007404
2025-07-23,109694,2025072301014394,NMB,Naasa Securities Co. Ltd.,Naasa Securities Co. Ltd.,90,278.0,25020.0,2025-07-23 12:09:18.007501
2025-07-23,109693,2025072301014395,NMB,Naasa Securities Co. Ltd.,Creative Securities Pvt Ltd,250,278.0,69500.0,2025-07-23 12:09:18.007599
2025-07-23,109692,2025072301014396,NMB,Naasa Securities Co. Ltd.,Thrive Brokerage House Pvt. Ltd,100,278.0,27800.0,2025-07-23 12:09:18.007710
2025-07-23,109691,2025072301014397,NMB,Naasa Securities Co. Ltd.,Sani Securities Company Ltd.,101,278.0,28078.0,2025-07-23 12:09:18.007818
2025-07-23,109690,2025072301014398,NMB,Naasa Securities Co. Ltd.,Aryatara Investment & Securities,50,278.0,13900.0,2025-07-23 12:09:18.007905
2025-07-23,109689,2025072301014399,NMB,Naasa Securities Co. Ltd.,Linch Stock Market Ltd.,200,278.0,55600.0,2025-07-23 12:09:18.007988
2025-07-23,109688,2025072301014400,NMB,Naasa Securities Co. Ltd.,Imperial Securities Company Pvt. Ltd.,414,278.0,115092.0,2025-07-23 12:09:18.008082
2025-07-23,108661,2025072301014693,NMB,Naasa Securities Co. Ltd.,Thrive Brokerage House Pvt. Ltd,21,277.5,5827.5,2025-07-23 12:10:44.235948
2025-07-23,107582,2025072301014967,NMB,Naasa Securities Co. Ltd.,Dakshinkali Investment & Securities Pvt. Ltd.,49,277.5,13597.5,2025-07-23 12:12:03.936752
2025-07-23,107374,2025072301015028,NMB,Sharepro Securities Private Limited,Trishakti Securities Public Limited,300,277.4,83220.0,2025-07-23 12:12:20.036264
2025-07-23,107174,2025072301015089,NMB,Sharepro Securities Private Limited,Nepal Stock House (PVT) Ltd.,51,277.4,14147.4,2025-07-23 12:12:33.098151
2025-07-23,106415,2025072301015256,NMB,Sharepro Securities Private Limited,Dakshinkali Investment & Securities Pvt. Ltd.,649,277.4,180032.6,2025-07-23 12:13:39.033693
2025-07-23,106414,2025072301015257,NMB,Nepal Stock House (PVT) Ltd.,Dakshinkali Investment & Securities Pvt. Ltd.,1000,277.3,277300.0,2025-07-23 12:13:39.034205
2025-07-23,106413,2025072301015258,NMB,Siprabi Securities Pvt. Ltd.,Dakshinkali Investment & Securities Pvt. Ltd.,100,277.1,27710.0,2025-07-23 12:13:39.034523
2025-07-23,106412,2025072301015259,NMB,Naasa Securities Co. Ltd.,Dakshinkali Investment & Securities Pvt. Ltd.,3251,277.1,900852.1,2025-07-23 12:13:39.034816
2025-07-23,106390,2025072301015268,NMB,Naasa Securities Co. Ltd.,Bhrikuti Stock Broking Co. Pvt. Ltd.,1180,277.1,326978.0,2025-07-23 12:13:40.515330
2025-07-23,106043,2025072301015366,NMB,Naasa Securities Co. Ltd.,Thrive Brokerage House Pvt. Ltd,500,277.1,138550.0,2025-07-23 12:14:12.223420
2025-07-23,105748,2025072301015460,NMB,Nepal Stock House (PVT) Ltd.,Vision Securities Pvt. Ltd,5000,277.2,1386000.0,2025-07-23 12:14:39.482041
2025-07-23,105147,2025072301015597,NMB,Dipshikha Dhitopatra Karobar Co. Pvt Ltd.,Kumari Securities Private Limited,144,277.3,39931.2,2025-07-23 12:15:31.176779
2025-07-23,105146,2025072301015598,NMB,Naasa Securities Co. Ltd.,Kumari Securities Private Limited,69,277.1,19119.9,2025-07-23 12:15:31.177008
2025-07-23,105145,2025072301015599,NMB,Premier Securities Company Ltd.,Kumari Securities Private Limited,1093,277.0,302761.0,2025-07-23 12:15:31.177117
2025-07-23,104165,2025072301015816,NMB,Premier Securities Company Ltd.,Dipshikha Dhitopatra Karobar Co. Pvt Ltd.,100,277.0,27700.0,2025-07-23 12:16:53.710158
2025-07-23,104089,2025072301015831,NMB,Premier Securities Company Ltd.,Kohinoor Investment & Securities Pvt. Ltd.,100,277.0,27700.0,2025-07-23 12:16:58.165720
2025-07-23,102347,2025072301016273,NMB,Premier Securities Company Ltd.,Sri Hari Securities Pvt. Ltd.,400,277.0,110800.0,2025-07-23 12:19:18.014113
2025-07-23,101570,2025072301016411,NMB,Premier Securities Company Ltd.,Malla & Malla Stock Broking Company Pvt. Limited,107,277.0,29639.0,2025-07-23 12:20:25.473143
2025-07-23,100615,2025072301016672,NMB,Creative Securities Pvt Ltd,Online Securities Pvt. Ltd.,300,276.1,82830.0,2025-07-23 12:21:50.000176
2025-07-23,99374,2025072301016939,NMB,Siprabi Securities Pvt. Ltd.,Asian Securities Private Ltd.,50,276.0,13800.0,2025-07-23 12:23:31.284999
2025-07-23,99373,2025072301016940,NMB,Linch Stock Market Ltd.,Asian Securities Private Ltd.,400,275.0,110000.0,2025-07-23 12:23:31.285265
2025-07-23,99372,2025072301016941,NMB,Naasa Securities Co. Ltd.,Asian Securities Private Ltd.,181,275.0,49775.0,2025-07-23 12:23:31.285371
2025-07-23,99371,2025072301016942,NMB,Dipshikha Dhitopatra Karobar Co. Pvt Ltd.,Asian Securities Private Ltd.,200,275.0,55000.0,2025-07-23 12:23:31.285471
2025-07-23,99370,2025072301016943,NMB,Naasa Securities Co. Ltd.,Asian Securities Private Ltd.,100,274.0,27400.0,2025-07-23 12:23:31.285586
2025-07-23,99369,2025072301016944,NMB,Aryatara Investment & Securities,Asian Securities Private Ltd.,100,274.0,27400.0,2025-07-23 12:23:31.285717
2025-07-23,99368,2025072301016945,NMB,Dipshikha Dhitopatra Karobar Co. Pvt Ltd.,Asian Securities Private Ltd.,27,274.0,7398.0,2025-07-23 12:23:31.285828
2025-07-23,99367,2025072301016946,NMB,Online Securities Pvt. Ltd.,Asian Securities Private Ltd.,200,274.0,54800.0,2025-07-23 12:23:31.285949
2025-07-23,98384,2025072301017177,NMB,Naasa Securities Co. Ltd.,Asian Securities Private Ltd.,242,274.0,66308.0,2025-07-23 12:24:51.586964
2025-07-23,98383,2025072301017178,NMB,Naasa Securities Co. Ltd.,Asian Securities Private Ltd.,1000,274.0,274000.0,2025-07-23 12:24:51.587325
2025-07-23,95668,2025072301017917,NMB,Naasa Securities Co. Ltd.,Sri Hari Securities Pvt. Ltd.,112,274.0,30688.0,2025-07-23 12:29:15.082011
2025-07-23,93277,2025072301018518,NMB,Naasa Securities Co. Ltd.,Premier Securities Company Ltd.,19,274.0,5206.0,2025-07-23 12:33:32.775692
2025-07-23,92767,2025072301018671,NMB,Naasa Securities Co. Ltd.,Malla & Malla Stock Broking Company Pvt. Limited,267,274.0,73158.0,2025-07-23 12:34:34.116925
2025-07-23,92766,2025072301018672,NMB,Sharepro Securities Private Limited,Malla & Malla Stock Broking Company Pvt. Limited,1000,274.0,274000.0,2025-07-23 12:34:34.117211
2025-07-23,92586,2025072301018700,NMB,Nepal Stock House (PVT) Ltd.,Trishakti Securities Public Limited,900,273.6,246240.0,2025-07-23 12:34:51.962146
2025-07-23,92585,2025072301018701,NMB,Trishakti Securities Public Limited,Trishakti Securities Public Limited,100,273.5,27350.0,2025-07-23 12:34:51.962419
2025-07-23,92584,2025072301018702,NMB,Nepal Stock House (PVT) Ltd.,Trishakti Securities Public Limited,400,273.5,109400.0,2025-07-23 12:34:51.962540
2025-07-23,92583,2025072301018703,NMB,Kohinoor Investment & Securities Pvt. Ltd.,Trishakti Securities Public Limited,15,273.4,4101.0,2025-07-23 12:34:51.962654
2025-07-23,92582,2025072301018704,NMB,Thrive Brokerage House Pvt. Ltd,Trishakti Securities Public Limited,500,273.4,136700.0,2025-07-23 12:34:51.962768
2025-07-23,92581,2025072301018705,NMB,Nepal Stock House (PVT) Ltd.,Trishakti Securities Public Limited,500,273.4,136700.0,2025-07-23 12:34:51.962916
2025-07-23,92580,2025072301018706,NMB,Shree Krishna Securities Ltd.,Trishakti Securities Public Limited,500,273.3,136650.0,2025-07-23 12:34:51.963116
2025-07-23,92579,2025072301018707,NMB,Naasa Securities Co. Ltd.,Trishakti Securities Public Limited,2085,273.3,569830.5,2025-07-23 12:34:51.963288
2025-07-23,91894,2025072301018907,NMB,Vision Securities Pvt. Ltd,Malla & Malla Stock Broking Company Pvt. Limited,200,274.0,54800.0,2025-07-23 12:36:10.455263
2025-07-23,91414,2025072301019037,NMB,Sharepro Securities Private Limited,Malla & Malla Stock Broking Company Pvt. Limited,226,274.0,61924.0,2025-07-23 12:37:06.711390
2025-07-23,91413,2025072301019038,NMB,Sharepro Securities Private Limited,ABC Securities Private Limited,50,274.0,13700.0,2025-07-23 12:37:06.711979
2025-07-23,90405,2025072301019356,NMB,Malla & Malla Stock Broking Company Pvt. Limited,Vision Securities Pvt. Ltd,97,274.0,26578.0,2025-07-23 12:38:59.998718
2025-07-23,90232,2025072301019388,NMB,Thrive Brokerage House Pvt. Ltd,Aryatara Investment & Securities,30,274.5,8235.0,2025-07-23 12:39:17.687455
2025-07-23,89814,2025072301019510,NMB,Linch Stock Market Ltd.,Aryatara Investment & Securities,250,274.5,68625.0,2025-07-23 12:39:55.137705
2025-07-23,89708,2025072301019556,NMB,Linch Stock Market Ltd.,KALASH STOCK MARKET PVT. LTD.,12,274.5,3294.0,2025-07-23 12:40:03.090919
2025-07-23,89692,2025072301019560,NMB,Linch Stock Market Ltd.,Deevyaa Securities & Stock House Pvt. Ltd,32,274.5,8784.0,2025-07-23 12:40:05.061117
2025-07-23,89319,2025072301019680,NMB,Sharepro Securities Private Limited,South Asian Bulls Pvt. Ltd.,40,274.9,10996.0,2025-07-23 12:40:49.349587
2025-07-23,89318,2025072301019681,NMB,Sharepro Securities Private Limited,Midas Stock Broking Company Private Limited,50,275.0,13750.0,2025-07-23 12:40:49.349878
2025-07-23,89317,2025072301019682,NMB,Sharepro Securities Private Limited,Premier Securities Company Ltd.,200,275.0,55000.0,2025-07-23 12:40:49.349999
2025-07-23,89316,2025072301019683,NMB,Sharepro Securities Private Limited,Imperial Securities Company Pvt. Ltd.,260,275.0,71500.0,2025-07-23 12:40:49.350133
2025-07-23,89315,2025072301019684,NMB,Sharepro Securities Private Limited,Midas Stock Broking Company Private Limited,112,275.0,30800.0,2025-07-23 12:40:49.350255
2025-07-23,89314,2025072301019685,NMB,Sharepro Securities Private Limited,Aryatara Investment & Securities,62,275.0,17050.0,2025-07-23 12:40:49.350372
2025-07-23,89127,2025072301019753,NMB,Dipshikha Dhitopatra Karobar Co. Pvt Ltd.,Aryatara Investment & Securities,38,275.0,10450.0,2025-07-23 12:41:07.505447
2025-07-23,89126,2025072301019754,NMB,Dipshikha Dhitopatra Karobar Co. Pvt Ltd.,Naasa Securities Co. Ltd.,100,275.0,27500.0,2025-07-23 12:41:07.505731
2025-07-23,87831,2025072301020093,NMB,Dipshikha Dhitopatra Karobar Co. Pvt Ltd.,Primo Securities (PVT) Ltd.,17,275.0,4675.0,2025-07-23 12:43:45.713199
2025-07-23,86789,2025072301020344,NMB,Dipshikha Dhitopatra Karobar Co. Pvt Ltd.,Sani Securities Company Ltd.,100,275.5,27550.0,2025-07-23 12:45:57.497948
2025-07-23,86788,2025072301020345,NMB,Dipshikha Dhitopatra Karobar Co. Pvt Ltd.,Aryatara Investment & Securities,245,276.0,67620.0,2025-07-23 12:45:57.498598
2025-07-23,86754,2025072301020358,NMB,Kalika Securities Pvt. Ltd.,Aryatara Investment & Securities,255,276.0,70380.0,2025-07-23 12:46:04.647193
2025-07-23,86753,2025072301020359,NMB,Kalika Securities Pvt. Ltd.,Trisul Securities & Invt. Ltd.,365,276.0,100740.0,2025-07-23 12:46:04.647500
2025-07-23,86752,2025072301020360,NMB,Kalika Securities Pvt. Ltd.,Siprabi Securities Pvt. Ltd.,97,276.0,26772.0,2025-07-23 12:46:04.647614
2025-07-23,86171,2025072301020511,NMB,Kalika Securities Pvt. Ltd.,Imperial Securities Company Pvt. Ltd.,100,276.0,27600.0,2025-07-23 12:47:26.187575
2025-07-23,85705,2025072301020622,NMB,Linch Stock Market Ltd.,Opal Securities Investment (PVT) Ltd.,1706,276.9,472391.4,2025-07-23 12:48:06.052177
2025-07-23,84914,2025072301020809,NMB,Kalika Securities Pvt. Ltd.,Naasa Securities Co. Ltd.,50,276.0,13800.0,2025-07-23 12:49:36.519218
2025-07-23,84744,2025072301020863,NMB,Kalika Securities Pvt. Ltd.,ABC Securities Private Limited,95,276.0,26220.0,2025-07-23 12:49:51.478503
2025-07-23,84743,2025072301020864,NMB,Siprabi Securities Pvt. Ltd.,ABC Securities Private Limited,105,276.0,28980.0,2025-07-23 12:49:51.479014
2025-07-23,83448,2025072301021204,NMB,Market Securities & Exchange (PVT) Ltd.,Opal Securities Investment (PVT) Ltd.,60,276.9,16614.0,2025-07-23 12:52:25.168890
2025-07-23,83321,2025072301021250,NMB,Siprabi Securities Pvt. Ltd.,Premier Securities Company Ltd.,19,276.0,5244.0,2025-07-23 12:52:39.486389
2025-07-23,83177,2025072301021296,NMB,Siprabi Securities Pvt. Ltd.,Online Securities Pvt. Ltd.,11,276.0,3036.0,2025-07-23 12:53:00.681918
2025-07-23,81218,2025072301021808,NMB,Siprabi Securities Pvt. Ltd.,Premier Securities Company Ltd.,165,276.0,45540.0,2025-07-23 12:57:19.455309
2025-07-23,81217,2025072301021809,NMB,Nepal Stock House (PVT) Ltd.,Premier Securities Company Ltd.,65,276.0,17940.0,2025-07-23 12:57:19.455847
2025-07-23,80397,2025072301022061,NMB,Nepal Stock House (PVT) Ltd.,Agrawal Securities (PVT) Ltd.,100,276.0,27600.0,2025-07-23 12:59:08.237699
2025-07-23,79882,2025072301022237,NMB,Nepal Stock House (PVT) Ltd.,Malla & Malla Stock Broking Company Pvt. Limited,262,276.0,72312.0,2025-07-23 13:00:16.658259
2025-07-23,79796,2025072301022273,NMB,Dakshinkali Investment & Securities Pvt. Ltd.,Naasa Securities Co. Ltd.,50,276.8,13840.0,2025-07-23 13:00:28.405070
2025-07-23,79795,2025072301022274,NMB,Dakshinkali Investment & Securities Pvt. Ltd.,Opal Securities Investment (PVT) Ltd.,234,276.9,64794.6,2025-07-23 13:00:28.405372
2025-07-23,79794,2025072301022275,NMB,Dakshinkali Investment & Securities Pvt. Ltd.,Online Securities Pvt. Ltd.,200,277.0,55400.0,2025-07-23 13:00:28.405496
2025-07-23,79793,2025072301022276,NMB,Dakshinkali Investment & Securities Pvt. Ltd.,Sani Securities Company Ltd.,50,277.0,13850.0,2025-07-23 13:00:28.405616
2025-07-23,79792,2025072301022277,NMB,Dakshinkali Investment & Securities Pvt. Ltd.,Primo Securities (PVT) Ltd.,1000,277.0,277000.0,2025-07-23 13:00:28.405726
2025-07-23,79791,2025072301022278,NMB,Dakshinkali Investment & Securities Pvt. Ltd.,Naasa Securities Co. Ltd.,326,277.0,90302.0,2025-07-23 13:00:28.405842
2025-07-23,79790,2025072301022279,NMB,Dakshinkali Investment & Securities Pvt. Ltd.,Agrawal Securities (PVT) Ltd.,1000,277.0,277000.0,2025-07-23 13:00:28.405983
2025-07-23,79789,2025072301022280,NMB,Dakshinkali Investment & Securities Pvt. Ltd.,Trisul Securities & Invt. Ltd.,1100,277.0,304700.0,2025-07-23 13:00:28.406123
2025-07-23,79788,2025072301022281,NMB,Dakshinkali Investment & Securities Pvt. Ltd.,Sajilo Broker Limited,500,277.0,138500.0,2025-07-23 13:00:28.406652
2025-07-23,79787,2025072301022282,NMB,Dakshinkali Investment & Securities Pvt. Ltd.,Sri Hari Securities Pvt. Ltd.,1500,277.0,415500.0,2025-07-23 13:00:28.407108
2025-07-23,79742,2025072301022287,NMB,Dakshinkali Investment & Securities Pvt. Ltd.,South Asian Bulls Pvt. Ltd.,40,277.0,11080.0,2025-07-23 13:00:35.235875
2025-07-23,79362,2025072301022377,NMB,Nepal Stock House (PVT) Ltd.,Naasa Securities Co. Ltd.,15,276.0,4140.0,2025-07-23 13:01:32.335566
2025-07-23,79262,2025072301022408,NMB,Nepal Stock House (PVT) Ltd.,Citizens Share Broker Limited,558,276.0,154008.0,2025-07-23 13:01:49.861366
2025-07-23,79261,2025072301022409,NMB,Kohinoor Investment & Securities Pvt. Ltd.,Citizens Share Broker Limited,20,275.0,5500.0,2025-07-23 13:01:49.861418
2025-07-23,79260,2025072301022410,NMB,Asian Securities Private Ltd.,Citizens Share Broker Limited,10,275.0,2750.0,2025-07-23 13:01:49.861446
2025-07-23,79259,2025072301022411,NMB,Sharepro Securities Private Limited,Citizens Share Broker Limited,412,275.0,113300.0,2025-07-23 13:01:49.861472
2025-07-23,77725,2025072301022883,NMB,Nepal Stock House (PVT) Ltd.,ABC Securities Private Limited,200,274.4,54880.0,2025-07-23 13:05:00.900092
2025-07-23,76644,2025072301023170,NMB,Nepal Stock House (PVT) Ltd.,Premier Securities Company Ltd.,19,274.4,5213.6,2025-07-23 13:07:01.000041
2025-07-23,76260,2025072301023299,NMB,Sharepro Securities Private Limited,Siprabi Securities Pvt. Ltd.,2588,274.5,710406.0,2025-07-23 13:07:43.919766
2025-07-23,76259,2025072301023300,NMB,Nepal Stock House (PVT) Ltd.,Siprabi Securities Pvt. Ltd.,381,274.4,104546.4,2025-07-23 13:07:43.920067
2025-07-23,76258,2025072301023301,NMB,Naasa Securities Co. Ltd.,Siprabi Securities Pvt. Ltd.,31,274.2,8500.2,2025-07-23 13:07:43.920190
2025-07-23,75414,2025072301023519,NMB,Naasa Securities Co. Ltd.,Opal Securities Investment (PVT) Ltd.,500,274.2,137100.0,2025-07-23 13:09:24.648852
2025-07-23,74497,2025072301023752,NMB,Sri Hari Securities Pvt. Ltd.,Imperial Securities Company Pvt. Ltd.,200,274.3,54860.0,2025-07-23 13:11:17.628314
2025-07-23,74421,2025072301023771,NMB,Sri Hari Securities Pvt. Ltd.,Thrive Brokerage House Pvt. Ltd,50,274.3,13715.0,2025-07-23 13:11:29.502140
2025-07-23,72611,2025072301024265,NMB,Malla & Malla Stock Broking Company Pvt. Limited,ABC Securities Private Limited,200,274.4,54880.0,2025-07-23 13:14:55.215274
2025-07-23,71509,2025072301024568,NMB,Sri Hari Securities Pvt. Ltd.,Global IME Securities Limited,500,274.3,137150.0,2025-07-23 13:16:56.672829
2025-07-23,71403,2025072301024602,NMB,Sri Hari Securities Pvt. Ltd.,South Asian Bulls Pvt. Ltd.,97,274.3,26607.1,2025-07-23 13:17:09.185290
2025-07-23,71313,2025072301024635,NMB,Sri Hari Securities Pvt. Ltd.,Online Securities Pvt. Ltd.,553,274.3,151687.9,2025-07-23 13:17:20.917388
2025-07-23,71312,2025072301024636,NMB,Kumari Securities Private Limited,Online Securities Pvt. Ltd.,1000,274.3,274300.0,2025-07-23 13:17:20.917990
2025-07-23,71311,2025072301024637,NMB,Naasa Securities Co. Ltd.,Online Securities Pvt. Ltd.,304,274.2,83356.8,2025-07-23 13:17:20.918473
2025-07-23,71160,2025072301024674,NMB,Naasa Securities Co. Ltd.,Deevyaa Securities & Stock House Pvt. Ltd,11,274.2,3016.2,2025-07-23 13:17:42.126710
2025-07-23,70001,2025072301024964,NMB,Naasa Securities Co. Ltd.,Naasa Securities Co. Ltd.,2069,274.2,567319.8,2025-07-23 13:20:04.775544
2025-07-23,70000,2025072301024965,NMB,Malla & Malla Stock Broking Company Pvt. Limited,Naasa Securities Co. Ltd.,103,274.0,28222.0,2025-07-23 13:20:04.775866
2025-07-23,69999,2025072301024966,NMB,Sani Securities Company Ltd.,Naasa Securities Co. Ltd.,17,274.0,4658.0,2025-07-23 13:20:04.776032
2025-07-23,69998,2025072301024967,NMB,Agrawal Securities (PVT) Ltd.,Naasa Securities Co. Ltd.,1000,274.0,274000.0,2025-07-23 13:20:04.776257
2025-07-23,69997,2025072301024968,NMB,Pragyan Securities (PVT) Ltd.,Naasa Securities Co. Ltd.,540,274.0,147960.0,2025-07-23 13:20:04.776396
2025-07-23,69996,2025072301024969,NMB,Trisul Securities & Invt. Ltd.,Naasa Securities Co. Ltd.,500,274.0,137000.0,2025-07-23 13:20:04.776637
2025-07-23,69995,2025072301024970,NMB,Sweta Securities Private Limited,Naasa Securities Co. Ltd.,500,274.0,137000.0,2025-07-23 13:20:04.776874
2025-07-23,69994,2025072301024971,NMB,Imperial Securities Company Pvt. Ltd.,Naasa Securities Co. Ltd.,851,274.0,233174.0,2025-07-23 13:20:04.777099
2025-07-23,69756,2025072301025051,NMB,Thrive Brokerage House Pvt. Ltd,Cristal Kanchanjanga Securites Pvt. Ltd.,11,273.4,3007.4,2025-07-23 13:20:39.061904
2025-07-23,69340,2025072301025155,NMB,Thrive Brokerage House Pvt. Ltd,Sani Securities Company Ltd.,370,273.4,101158.0,2025-07-23 13:21:27.648570
2025-07-23,68878,2025072301025278,NMB,Asian Securities Private Ltd.,Naasa Securities Co. Ltd.,420,274.0,115080.0,2025-07-23 13:22:27.799280
2025-07-23,68877,2025072301025279,NMB,Asian Securities Private Ltd.,Sewa Securities Pvt. Ltd.,20,274.0,5480.0,2025-07-23 13:22:27.799584
2025-07-23,68876,2025072301025280,NMB,Asian Securities Private Ltd.,Online Securities Pvt. Ltd.,4483,274.0,1228342.0,2025-07-23 13:22:27.799712
2025-07-23,67838,2025072301025568,NMB,Asian Securities Private Ltd.,Online Securities Pvt. Ltd.,77,274.0,21098.0,2025-07-23 13:24:57.916646
2025-07-23,67837,2025072301025569,NMB,Online Securities Pvt. Ltd.,Online Securities Pvt. Ltd.,1923,274.0,526902.0,2025-07-23 13:24:57.916700
2025-07-23,67716,2025072301025605,NMB,Online Securities Pvt. Ltd.,Online Securities Pvt. Ltd.,77,274.0,21098.0,2025-07-23 13:25:14.123209
2025-07-23,67058,2025072301025785,NMB,Global IME Securities Limited,Premier Securities Company Ltd.,20,274.2,5484.0,2025-07-23 13:26:24.476286
2025-07-23,66581,2025072301025916,NMB,Creative Securities Pvt Ltd,Agrawal Securities (PVT) Ltd.,200,273.5,54700.0,2025-07-23 13:27:28.016274
2025-07-23,66580,2025072301025917,NMB,Oxford Securities Pvt. Ltd.,Agrawal Securities (PVT) Ltd.,290,273.5,79315.0,2025-07-23 13:27:28.016565
2025-07-23,65582,2025072301026174,NMB,Oxford Securities Pvt. Ltd.,Vision Securities Pvt. Ltd,200,273.5,54700.0,2025-07-23 13:29:38.986079
2025-07-23,65491,2025072301026194,NMB,Oxford Securities Pvt. Ltd.,Siprabi Securities Pvt. Ltd.,1000,273.5,273500.0,2025-07-23 13:29:49.205584
2025-07-23,65471,2025072301026198,NMB,Oxford Securities Pvt. Ltd.,Premier Securities Company Ltd.,380,273.5,103930.0,2025-07-23 13:29:51.824475
2025-07-23,65380,2025072301026219,NMB,Oxford Securities Pvt. Ltd.,Dynamic Money Managers Securities Pvt. Ltd.,50,273.5,13675.0,2025-07-23 13:30:02.471543
2025-07-23,65090,2025072301026279,NMB,Oxford Securities Pvt. Ltd.,Imperial Securities Company Pvt. Ltd.,15,273.5,4102.5,2025-07-23 13:30:31.949534
2025-07-23,64769,2025072301026368,NMB,Oxford Securities Pvt. Ltd.,Online Securities Pvt. Ltd.,65,273.5,17777.5,2025-07-23 13:31:04.145719
2025-07-23,64768,2025072301026369,NMB,Kalika Securities Pvt. Ltd.,Online Securities Pvt. Ltd.,69,273.5,18871.5,2025-07-23 13:31:04.145765
2025-07-23,64767,2025072301026370,NMB,Thrive Brokerage House Pvt. Ltd,Online Securities Pvt. Ltd.,619,273.4,169234.6,2025-07-23 13:31:04.145792
2025-07-23,64766,2025072301026371,NMB,Thrive Brokerage House Pvt. Ltd,Online Securities Pvt. Ltd.,500,273.3,136650.0,2025-07-23 13:31:04.145823
2025-07-23,64765,2025072301026372,NMB,Nepal Stock House (PVT) Ltd.,Online Securities Pvt. Ltd.,300,273.3,81990.0,2025-07-23 13:31:04.145853
2025-07-23,64764,2025072301026373,NMB,Thrive Brokerage House Pvt. Ltd,Online Securities Pvt. Ltd.,500,273.2,136600.0,2025-07-23 13:31:04.145883
2025-07-23,64763,2025072301026374,NMB,Secured Securities Ltd.,Online Securities Pvt. Ltd.,514,273.2,140424.8,2025-07-23 13:31:04.145912
2025-07-23,63964,2025072301026552,NMB,Kumari Securities Private Limited,Online Securities Pvt. Ltd.,123,273.5,33640.5,2025-07-23 13:32:29.372931
2025-07-23,63963,2025072301026553,NMB,Kumari Securities Private Limited,Thrive Brokerage House Pvt. Ltd,19,273.5,5196.5,2025-07-23 13:32:29.373255
2025-07-23,63962,2025072301026554,NMB,Kumari Securities Private Limited,Midas Stock Broking Company Private Limited,60,273.5,16410.0,2025-07-23 13:32:29.373407
2025-07-23,63948,2025072301026563,NMB,Kumari Securities Private Limited,Linch Stock Market Ltd.,182,273.5,49777.0,2025-07-23 13:32:30.979082
2025-07-23,61884,2025072301027036,NMB,Kumari Securities Private Limited,Naasa Securities Co. Ltd.,19,273.5,5196.5,2025-07-23 13:35:52.499695
2025-07-23,61122,2025072301027201,NMB,Kumari Securities Private Limited,Linch Stock Market Ltd.,97,273.5,26529.5,2025-07-23 13:37:07.829418
2025-07-23,61121,2025072301027202,NMB,Oxford Securities Pvt. Ltd.,Linch Stock Market Ltd.,256,273.3,69964.8,2025-07-23 13:37:07.829991
2025-07-23,61043,2025072301027213,NMB,Oxford Securities Pvt. Ltd.,Premier Securities Company Ltd.,325,273.3,88822.5,2025-07-23 13:37:13.780763
2025-07-23,59937,2025072301027434,NMB,Thrive Brokerage House Pvt. Ltd,Dipshikha Dhitopatra Karobar Co. Pvt Ltd.,19,273.5,5196.5,2025-07-23 13:38:59.068267
2025-07-23,58758,2025072301027679,NMB,Arun Securities (PVT) Ltd.,Naasa Securities Co. Ltd.,227,273.4,62061.8,2025-07-23 13:41:07.993419
2025-07-23,57583,2025072301027930,NMB,Thrive Brokerage House Pvt. Ltd,Naasa Securities Co. Ltd.,40,273.5,10940.0,2025-07-23 13:43:27.785525
2025-07-23,57582,2025072301027931,NMB,Arun Securities (PVT) Ltd.,Naasa Securities Co. Ltd.,57,273.4,15583.8,2025-07-23 13:43:27.785646
2025-07-23,57448,2025072301027957,NMB,Arun Securities (PVT) Ltd.,Secured Securities Ltd.,337,273.4,92135.8,2025-07-23 13:43:37.762803
2025-07-23,55579,2025072301028384,NMB,Arun Securities (PVT) Ltd.,South Asian Bulls Pvt. Ltd.,1179,273.4,322338.6,2025-07-23 13:46:28.560087
2025-07-23,55142,2025072301028497,NMB,Oxford Securities Pvt. Ltd.,Online Securities Pvt. Ltd.,100,273.3,27330.0,2025-07-23 13:47:13.083359
2025-07-23,54872,2025072301028535,NMB,Oxford Securities Pvt. Ltd.,Vision Securities Pvt. Ltd,1000,273.3,273300.0,2025-07-23 13:47:35.519188
2025-07-23,54595,2025072301028607,NMB,Oxford Securities Pvt. Ltd.,Opal Securities Investment (PVT) Ltd.,2800,273.3,765240.0,2025-07-23 13:48:02.368297
2025-07-23,54448,2025072301028636,NMB,Oxford Securities Pvt. Ltd.,Dakshinkali Investment & Securities Pvt. Ltd.,20,273.3,5466.0,2025-07-23 13:48:17.412646
2025-07-23,53614,2025072301028795,NMB,Oxford Securities Pvt. Ltd.,Market Securities & Exchange (PVT) Ltd.,499,273.3,136376.7,2025-07-23 13:49:22.504493
2025-07-23,53417,2025072301028820,NMB,Secured Securities Ltd.,Citizens Share Broker Limited,500,273.2,136600.0,2025-07-23 13:49:35.633125
2025-07-23,52983,2025072301028904,NMB,Secured Securities Ltd.,Sewa Securities Pvt. Ltd.,2986,273.2,815775.2,2025-07-23 13:50:13.873563
2025-07-23,52982,2025072301028905,NMB,Asian Securities Private Ltd.,Sewa Securities Pvt. Ltd.,100,273.0,27300.0,2025-07-23 13:50:13.873892
2025-07-23,52981,2025072301028906,NMB,Aakashbhairab Securities Ltd.,Sewa Securities Pvt. Ltd.,40,273.0,10920.0,2025-07-23 13:50:13.874040
2025-07-23,52980,2025072301028907,NMB,Trishakti Securities Public Limited,Sewa Securities Pvt. Ltd.,100,273.0,27300.0,2025-07-23 13:50:13.874179
2025-07-23,52979,2025072301028908,NMB,Online Securities Pvt. Ltd.,Sewa Securities Pvt. Ltd.,150,273.0,40950.0,2025-07-23 13:50:13.874305
2025-07-23,52319,2025072301029047,NMB,Online Securities Pvt. Ltd.,Online Securities Pvt. Ltd.,18,273.0,4914.0,2025-07-23 13:51:13.465391
2025-07-23,52318,2025072301029048,NMB,Secured Securities Ltd.,Online Securities Pvt. Ltd.,80,273.0,21840.0,2025-07-23 13:51:13.466090
2025-07-23,52317,2025072301029049,NMB,Capital Max Securities Ltd,Online Securities Pvt. Ltd.,15,273.0,4095.0,2025-07-23 13:51:13.466523
2025-07-23,52316,2025072301029050,NMB,Sumeru Securities Pvt. Ltd.,Online Securities Pvt. Ltd.,1000,273.0,273000.0,2025-07-23 13:51:13.466910
2025-07-23,52315,2025072301029051,NMB,Linch Stock Market Ltd.,Online Securities Pvt. Ltd.,137,273.0,37401.0,2025-07-23 13:51:13.467290
2025-07-23,51885,2025072301029132,NMB,Linch Stock Market Ltd.,Online Securities Pvt. Ltd.,20,273.0,5460.0,2025-07-23 13:51:47.000262
2025-07-23,51004,2025072301029308,NMB,Linch Stock Market Ltd.,Premier Securities Company Ltd.,43,273.0,11739.0,2025-07-23 13:52:53.841840
2025-07-23,49892,2025072301029545,NMB,ABC Securities Private Limited,Premier Securities Company Ltd.,100,273.0,27300.0,2025-07-23 13:54:37.389180
2025-07-23,49025,2025072301029794,NMB,ABC Securities Private Limited,Deevyaa Securities & Stock House Pvt. Ltd,334,272.5,91015.0,2025-07-23 13:55:49.610587
2025-07-23,47840,2025072301030117,NMB,ABC Securities Private Limited,Agrawal Securities (PVT) Ltd.,166,272.5,45235.0,2025-07-23 13:57:20.789612
2025-07-23,47839,2025072301030118,NMB,Nepal Stock House (PVT) Ltd.,Agrawal Securities (PVT) Ltd.,300,272.3,81690.0,2025-07-23 13:57:20.789914
2025-07-23,47838,2025072301030119,NMB,Thrive Brokerage House Pvt. Ltd,Agrawal Securities (PVT) Ltd.,500,272.3,136150.0,2025-07-23 13:57:20.790057
2025-07-23,47837,2025072301030120,NMB,Thrive Brokerage House Pvt. Ltd,Agrawal Securities (PVT) Ltd.,30,272.3,8169.0,2025-07-23 13:57:20.790185
2025-07-23,47327,2025072301030230,NMB,Shree Krishna Securities Ltd.,Vision Securities Pvt. Ltd,50,272.2,13610.0,2025-07-23 13:58:04.902683
2025-07-23,46660,2025072301030388,NMB,Asian Securities Private Ltd.,Primo Securities (PVT) Ltd.,200,272.3,54460.0,2025-07-23 13:59:05.717630
2025-07-23,46462,2025072301030457,NMB,Naasa Securities Co. Ltd.,Midas Stock Broking Company Private Limited,40,272.5,10900.0,2025-07-23 13:59:18.892825
2025-07-23,46461,2025072301030458,NMB,Naasa Securities Co. Ltd.,Premier Securities Company Ltd.,160,273.0,43680.0,2025-07-23 13:59:18.893136
2025-07-23,46446,2025072301030461,NMB,Asian Securities Private Ltd.,Capital Max Securities Ltd,50,272.3,13615.0,2025-07-23 13:59:20.488407
2025-07-23,46030,2025072301030551,NMB,Asian Securities Private Ltd.,Agrawal Securities (PVT) Ltd.,20,272.3,5446.0,2025-07-23 14:00:01.478267
2025-07-23,44815,2025072301030835,NMB,Asian Securities Private Ltd.,Opal Securities Investment (PVT) Ltd.,230,272.3,62629.0,2025-07-23 14:02:01.049373
2025-07-23,44814,2025072301030836,NMB,Asian Securities Private Ltd.,Opal Securities Investment (PVT) Ltd.,500,272.3,136150.0,2025-07-23 14:02:01.049410
2025-07-23,44813,2025072301030837,NMB,Sharepro Securities Private Limited,Opal Securities Investment (PVT) Ltd.,270,272.3,73521.0,2025-07-23 14:02:01.049434
2025-07-23,44781,2025072301030848,NMB,Sharepro Securities Private Limited,Aryatara Investment & Securities,112,272.3,30497.6,2025-07-23 14:02:05.757913
2025-07-23,44697,2025072301030864,NMB,Sharepro Securities Private Limited,Imperial Securities Company Pvt. Ltd.,12,272.3,3267.6,2025-07-23 14:02:15.972346
2025-07-23,44028,2025072301031025,NMB,Sharepro Securities Private Limited,Sani Securities Company Ltd.,4606,272.3,1254213.8,2025-07-23 14:03:20.835843
2025-07-23,44027,2025072301031026,NMB,Thrive Brokerage House Pvt. Ltd,Sani Securities Company Ltd.,394,272.3,107286.2,2025-07-23 14:03:20.836145
2025-07-23,44023,2025072301031028,NMB,Thrive Brokerage House Pvt. Ltd,Trisul Securities & Invt. Ltd.,39,272.3,10619.7,2025-07-23 14:03:21.847235
2025-07-23,43473,2025072301031166,NMB,Thrive Brokerage House Pvt. Ltd,Naasa Securities Co. Ltd.,67,272.3,18244.1,2025-07-23 14:04:21.233778
2025-07-23,43210,2025072301031219,NMB,Shree Krishna Securities Ltd.,Naasa Securities Co. Ltd.,122,272.2,33208.4,2025-07-23 14:04:58.558801
2025-07-23,42329,2025072301031485,NMB,Asian Securities Private Ltd.,Imperial Securities Company Pvt. Ltd.,54,272.3,14704.2,2025-07-23 14:06:34.841528
2025-07-23,42223,2025072301031506,NMB,Asian Securities Private Ltd.,Aryatara Investment & Securities,100,272.3,27230.0,2025-07-23 14:06:47.854209
2025-07-23,41188,2025072301031773,NMB,Asian Securities Private Ltd.,Naasa Securities Co. Ltd.,96,272.3,26140.8,2025-07-23 14:08:44.494041
2025-07-23,41187,2025072301031774,NMB,Sumeru Securities Pvt. Ltd.,Naasa Securities Co. Ltd.,100,272.3,27230.0,2025-07-23 14:08:44.494359
2025-07-23,41186,2025072301031775,NMB,Thrive Brokerage House Pvt. Ltd,Naasa Securities Co. Ltd.,500,272.3,136150.0,2025-07-23 14:08:44.494501
2025-07-23,41185,2025072301031776,NMB,Asian Securities Private Ltd.,Naasa Securities Co. Ltd.,81,272.3,22056.3,2025-07-23 14:08:44.494630
2025-07-23,40067,2025072301032064,NMB,Asian Securities Private Ltd.,Linch Stock Market Ltd.,169,272.3,46018.7,2025-07-23 14:10:49.337656
2025-07-23,40066,2025072301032065,NMB,Thrive Brokerage House Pvt. Ltd,Linch Stock Market Ltd.,331,272.3,90131.3,2025-07-23 14:10:49.338274
2025-07-23,39435,2025072301032212,NMB,Thrive Brokerage House Pvt. Ltd,Midas Stock Broking Company Private Limited,50,272.3,13615.0,2025-07-23 14:12:04.186726
2025-07-23,39253,2025072301032245,NMB,Thrive Brokerage House Pvt. Ltd,Midas Stock Broking Company Private Limited,119,272.3,32403.7,2025-07-23 14:12:24.191080
2025-07-23,39252,2025072301032246,NMB,Secured Securities Ltd.,Midas Stock Broking Company Private Limited,75,272.3,20422.5,2025-07-23 14:12:24.191405
2025-07-23,38804,2025072301032325,NMB,Capital Max Securities Ltd,Premier Securities Company Ltd.,10,273.0,2730.0,2025-07-23 14:13:13.076312
2025-07-23,37084,2025072301032671,NMB,Asian Securities Private Ltd.,Premier Securities Company Ltd.,1487,273.0,405951.0,2025-07-23 14:15:23.402647
2025-07-23,37083,2025072301032672,NMB,Asian Securities Private Ltd.,South Asian Bulls Pvt. Ltd.,112,273.0,30576.0,2025-07-23 14:15:23.402959
2025-07-23,37082,2025072301032673,NMB,Asian Securities Private Ltd.,Sani Securities Company Ltd.,1,273.0,273.0,2025-07-23 14:15:23.403086
2025-07-23,36498,2025072301032785,NMB,Secured Securities Ltd.,Naasa Securities Co. Ltd.,930,272.3,253239.0,2025-07-23 14:16:04.803577
2025-07-23,35508,2025072301032971,NMB,Sri Hari Securities Pvt. Ltd.,Midas Stock Broking Company Private Limited,230,273.0,62790.0,2025-07-23 14:17:12.438065
2025-07-23,30884,2025072301034046,NMB,Asian Securities Private Ltd.,Neev Securities Pvt. Ltd.,200,273.0,54600.0,2025-07-23 14:23:38.407347
2025-07-23,30550,2025072301034138,NMB,Trisul Securities & Invt. Ltd.,Aryatara Investment & Securities,112,272.6,30531.2,2025-07-23 14:24:12.593312
2025-07-23,30455,2025072301034170,NMB,Capital Max Securities Ltd,Thrive Brokerage House Pvt. Ltd,10,273.0,2730.0,2025-07-23 14:24:25.488670
2025-07-23,30381,2025072301034195,NMB,Asian Securities Private Ltd.,Thrive Brokerage House Pvt. Ltd,240,273.0,65520.0,2025-07-23 14:24:32.610219
2025-07-23,29865,2025072301034351,NMB,Premier Securities Company Ltd.,J.F. Securites (PVT) Ltd.,228,273.0,62244.0,2025-07-23 14:25:20.027368
2025-07-23,29637,2025072301034387,NMB,Premier Securities Company Ltd.,Kumari Securities Private Limited,213,273.0,58149.0,2025-07-23 14:25:41.732192
2025-07-23,29447,2025072301034425,NMB,Premier Securities Company Ltd.,Siprabi Securities Pvt. Ltd.,50,273.0,13650.0,2025-07-23 14:26:00.403946
2025-07-23,29421,2025072301034427,NMB,Premier Securities Company Ltd.,Primo Securities (PVT) Ltd.,200,273.0,54600.0,2025-07-23 14:26:01.597206
2025-07-23,27418,2025072301034881,NMB,Premier Securities Company Ltd.,Naasa Securities Co. Ltd.,200,274.0,54800.0,2025-07-23 14:28:58.333757
2025-07-23,27417,2025072301034882,NMB,Premier Securities Company Ltd.,NIMB Stock Markets Limited,10,274.0,2740.0,2025-07-23 14:28:58.334362
2025-07-23,27416,2025072301034883,NMB,Premier Securities Company Ltd.,Trisul Securities & Invt. Ltd.,50,274.0,13700.0,2025-07-23 14:28:58.334749
2025-07-23,27126,2025072301034948,NMB,Premier Securities Company Ltd.,Nepal Stock House (PVT) Ltd.,400,274.9,109960.0,2025-07-23 14:29:35.043876
2025-07-23,27125,2025072301034949,NMB,Premier Securities Company Ltd.,Nepal Stock House (PVT) Ltd.,300,274.9,82470.0,2025-07-23 14:29:35.044225
2025-07-23,27124,2025072301034950,NMB,Premier Securities Company Ltd.,Premier Securities Company Ltd.,1800,274.9,494820.0,2025-07-23 14:29:35.044363
2025-07-23,26994,2025072301034989,NMB,Naasa Securities Co. Ltd.,Aryatara Investment & Securities,2,273.0,546.0,2025-07-23 14:29:46.935821
2025-07-23,26743,2025072301035058,NMB,Secured Securities Ltd.,Dipshikha Dhitopatra Karobar Co. Pvt Ltd.,500,275.0,137500.0,2025-07-23 14:30:13.955422
2025-07-23,26742,2025072301035059,NMB,Secured Securities Ltd.,Creative Securities Pvt Ltd,20,275.0,5500.0,2025-07-23 14:30:13.955719
2025-07-23,26741,2025072301035060,NMB,Secured Securities Ltd.,Online Securities Pvt. Ltd.,300,275.0,82500.0,2025-07-23 14:30:13.955860
2025-07-23,26740,2025072301035061,NMB,Secured Securities Ltd.,Vision Securities Pvt. Ltd,50,275.0,13750.0,2025-07-23 14:30:13.956058
2025-07-23,26739,2025072301035062,NMB,Secured Securities Ltd.,Naasa Securities Co. Ltd.,10,275.0,2750.0,2025-07-23 14:30:13.956203
2025-07-23,26738,2025072301035063,NMB,Secured Securities Ltd.,Oxford Securities Pvt. Ltd.,100,275.0,27500.0,2025-07-23 14:30:13.956344
2025-07-23,26737,2025072301035064,NMB,Secured Securities Ltd.,Aryatara Investment & Securities,5387,275.0,1481425.0,2025-07-23 14:30:13.956478
2025-07-23,26736,2025072301035065,NMB,Secured Securities Ltd.,Sumeru Securities Pvt. Ltd.,125,275.0,34375.0,2025-07-23 14:30:13.956627
2025-07-23,26735,2025072301035066,NMB,Secured Securities Ltd.,Nepal Stock House (PVT) Ltd.,750,275.0,206250.0,2025-07-23 14:30:13.956758
2025-07-23,26734,2025072301035067,NMB,Secured Securities Ltd.,Aryatara Investment & Securities,500,275.0,137500.0,2025-07-23 14:30:13.956899
2025-07-23,26733,2025072301035068,NMB,Secured Securities Ltd.,Sani Securities Company Ltd.,258,275.0,70950.0,2025-07-23 14:30:13.957033
2025-07-23,26327,2025072301035136,NMB,Kumari Securities Private Limited,Sani Securities Company Ltd.,500,275.0,137500.0,2025-07-23 14:30:47.808950
2025-07-23,26168,2025072301035177,NMB,Premier Securities Company Ltd.,Sani Securities Company Ltd.,805,275.0,221375.0,2025-07-23 14:31:04.174732
2025-07-23,26167,2025072301035178,NMB,Premier Securities Company Ltd.,Deevyaa Securities & Stock House Pvt. Ltd,36,275.0,9900.0,2025-07-23 14:31:04.175034
2025-07-23,25725,2025072301035265,NMB,Premier Securities Company Ltd.,Premier Securities Company Ltd.,100,275.0,27500.0,2025-07-23 14:31:44.432066
2025-07-23,25656,2025072301035272,NMB,Premier Securities Company Ltd.,Premier Securities Company Ltd.,90,275.0,24750.0,2025-07-23 14:31:49.410844
2025-07-23,25477,2025072301035351,NMB,Premier Securities Company Ltd.,Vision Securities Pvt. Ltd,310,275.0,85250.0,2025-07-23 14:32:09.231348
2025-07-23,25336,2025072301035401,NMB,Premier Securities Company Ltd.,Premier Securities Company Ltd.,100,275.0,27500.0,2025-07-23 14:32:27.414120
2025-07-23,25128,2025072301035441,NMB,Premier Securities Company Ltd.,Vision Securities Pvt. Ltd,100,275.4,27540.0,2025-07-23 14:32:46.655716
2025-07-23,24804,2025072301035527,NMB,Imperial Securities Company Pvt. Ltd.,Asian Securities Private Ltd.,139,275.4,38280.6,2025-07-23 14:33:18.021585
2025-07-23,24391,2025072301035652,NMB,Premier Securities Company Ltd.,Agrawal Securities (PVT) Ltd.,100,275.5,27550.0,2025-07-23 14:33:57.936329
2025-07-23,23054,2025072301036034,NMB,Kumari Securities Private Limited,Secured Securities Ltd.,56,275.0,15400.0,2025-07-23 14:36:10.044233
2025-07-23,21327,2025072301036509,NMB,Kumari Securities Private Limited,Premier Securities Company Ltd.,44,275.0,12100.0,2025-07-23 14:38:17.388712
2025-07-23,21326,2025072301036510,NMB,Aryatara Investment & Securities,Premier Securities Company Ltd.,100,275.0,27500.0,2025-07-23 14:38:17.389304
2025-07-23,18483,2025072301037330,NMB,MILKY WAY SHARE BROKER COMPANY LTD ,Arun Securities (PVT) Ltd.,14,273.1,3823.4,2025-07-23 14:41:44.945539
2025-07-23,17177,2025072301037692,NMB,Sweta Securities Private Limited,Primo Securities (PVT) Ltd.,5,268.6,1343.0,2025-07-23 14:43:27.109633
2025-07-23,15626,2025072301038261,NMB,MILKY WAY SHARE BROKER COMPANY LTD ,Kohinoor Investment & Securities Pvt. Ltd.,96,273.1,26217.6,2025-07-23 14:45:44.074835
2025-07-23,15447,2025072301038315,NMB,Thrive Brokerage House Pvt. Ltd,Naasa Securities Co. Ltd.,10,273.1,2731.0,2025-07-23 14:46:02.026126
2025-07-23,13764,2025072301038884,NMB,Thrive Brokerage House Pvt. Ltd,Online Securities Pvt. Ltd.,31,273.1,8466.1,2025-07-23 14:48:38.420744
2025-07-23,12476,2025072301039224,NMB,Thrive Brokerage House Pvt. Ltd,Bhrikuti Stock Broking Co. Pvt. Ltd.,11,273.1,3004.1,2025-07-23 14:50:18.015561
2025-07-23,11012,2025072301039683,NMB,Asian Securities Private Ltd.,Aryatara Investment & Securities,72,273.2,19670.4,2025-07-23 14:52:26.148951
2025-07-23,10622,2025072301039799,NMB,Pragyan Securities (PVT) Ltd.,Sani Securities Company Ltd.,220,274.0,60280.0,2025-07-23 14:52:52.603754
2025-07-23,10621,2025072301039800,NMB,Pragyan Securities (PVT) Ltd.,Trisul Securities & Invt. Ltd.,75,274.0,20550.0,2025-07-23 14:52:52.604125
2025-07-23,10612,2025072301039806,NMB,Pragyan Securities (PVT) Ltd.,Nepal Investment And Securities Trading Private Limited,38,274.0,10412.0,2025-07-23 14:52:52.968667
2025-07-23,10366,2025072301039878,NMB,Pragyan Securities (PVT) Ltd.,Naasa Securities Co. Ltd.,167,274.0,45758.0,2025-07-23 14:53:11.989851
2025-07-23,9878,2025072301040037,NMB,Naasa Securities Co. Ltd.,Naasa Securities Co. Ltd.,68,274.0,18632.0,2025-07-23 14:53:42.268175
2025-07-23,9877,2025072301040038,NMB,Naasa Securities Co. Ltd.,Agrawal Securities (PVT) Ltd.,50,274.0,13700.0,2025-07-23 14:53:42.268491
2025-07-23,9876,2025072301040039,NMB,Naasa Securities Co. Ltd.,South Asian Bulls Pvt. Ltd.,1562,274.9,429393.8,2025-07-23 14:53:42.268634
2025-07-23,9875,2025072301040040,NMB,Naasa Securities Co. Ltd.,Asian Securities Private Ltd.,200,275.0,55000.0,2025-07-23 14:53:42.268784
2025-07-23,9874,2025072301040041,NMB,Naasa Securities Co. Ltd.,Premier Securities Company Ltd.,1556,275.0,427900.0,2025-07-23 14:53:42.268948
2025-07-23,9873,2025072301040042,NMB,Naasa Securities Co. Ltd.,Thrive Brokerage House Pvt. Ltd,300,275.0,82500.0,2025-07-23 14:53:42.269117
2025-07-23,9872,2025072301040043,NMB,Naasa Securities Co. Ltd.,Sundhara Securities Limited,94,275.0,25850.0,2025-07-23 14:53:42.269284
2025-07-23,9871,2025072301040044,NMB,Naasa Securities Co. Ltd.,Naasa Securities Co. Ltd.,50,275.0,13750.0,2025-07-23 14:53:42.269437
2025-07-23,9870,2025072301040045,NMB,Naasa Securities Co. Ltd.,Trishakti Securities Public Limited,400,275.0,110000.0,2025-07-23 14:53:42.269594
2025-07-23,9869,2025072301040046,NMB,Naasa Securities Co. Ltd.,Nepal Stock House (PVT) Ltd.,100,275.0,27500.0,2025-07-23 14:53:42.269744
2025-07-23,9868,2025072301040047,NMB,Naasa Securities Co. Ltd.,Aryatara Investment & Securities,244,275.0,67100.0,2025-07-23 14:53:42.269883
2025-07-23,9867,2025072301040048,NMB,Naasa Securities Co. Ltd.,Shree Krishna Securities Ltd.,200,275.0,55000.0,2025-07-23 14:53:42.270019
2025-07-23,9866,2025072301040049,NMB,Naasa Securities Co. Ltd.,Bhrikuti Stock Broking Co. Pvt. Ltd.,11,275.3,3028.3,2025-07-23 14:53:42.270182
2025-07-23,9865,2025072301040050,NMB,Naasa Securities Co. Ltd.,Sani Securities Company Ltd.,500,275.5,137750.0,2025-07-23 14:53:42.270342
2025-07-23,9864,2025072301040051,NMB,Naasa Securities Co. Ltd.,Bhrikuti Stock Broking Co. Pvt. Ltd.,10,275.5,2755.0,2025-07-23 14:53:42.270492
2025-07-23,9863,2025072301040052,NMB,Naasa Securities Co. Ltd.,Nepal Stock House (PVT) Ltd.,300,275.9,82770.0,2025-07-23 14:53:42.270632
2025-07-23,9862,2025072301040053,NMB,Naasa Securities Co. Ltd.,Nepal Stock House (PVT) Ltd.,300,275.9,82770.0,2025-07-23 14:53:42.270765
2025-07-23,9861,2025072301040054,NMB,Naasa Securities Co. Ltd.,Nepal Stock House (PVT) Ltd.,100,275.9,27590.0,2025-07-23 14:53:42.270890
2025-07-23,9860,2025072301040055,NMB,Naasa Securities Co. Ltd.,Aryatara Investment & Securities,1000,275.9,275900.0,2025-07-23 14:53:42.271072
2025-07-23,9859,2025072301040056,NMB,Naasa Securities Co. Ltd.,Aryatara Investment & Securities,50,275.9,13795.0,2025-07-23 14:53:42.271236
2025-07-23,9858,2025072301040057,NMB,Naasa Securities Co. Ltd.,J.F. Securites (PVT) Ltd.,125,276.0,34500.0,2025-07-23 14:53:42.271388
2025-07-23,9857,2025072301040058,NMB,Naasa Securities Co. Ltd.,Kumari Securities Private Limited,116,276.0,32016.0,2025-07-23 14:53:42.271541
2025-07-23,9856,2025072301040059,NMB,Naasa Securities Co. Ltd.,Market Securities & Exchange (PVT) Ltd.,100,276.0,27600.0,2025-07-23 14:53:42.271681
2025-07-23,9855,2025072301040060,NMB,Naasa Securities Co. Ltd.,Naasa Securities Co. Ltd.,1000,276.0,276000.0,2025-07-23 14:53:42.271838
2025-07-23,9854,2025072301040061,NMB,Naasa Securities Co. Ltd.,Malla & Malla Stock Broking Company Pvt. Limited,100,276.0,27600.0,2025-07-23 14:53:42.271998
2025-07-23,9853,2025072301040062,NMB,Naasa Securities Co. Ltd.,Shree Krishna Securities Ltd.,500,276.0,138000.0,2025-07-23 14:53:42.272158
2025-07-23,9852,2025072301040063,NMB,Naasa Securities Co. Ltd.,Premier Securities Company Ltd.,400,276.0,110400.0,2025-07-23 14:53:42.272279
2025-07-23,9851,2025072301040064,NMB,Naasa Securities Co. Ltd.,Online Securities Pvt. Ltd.,250,276.0,69000.0,2025-07-23 14:53:42.272402
2025-07-23,9850,2025072301040065,NMB,Naasa Securities Co. Ltd.,Thrive Brokerage House Pvt. Ltd,250,276.0,69000.0,2025-07-23 14:53:42.272540
2025-07-23,9849,2025072301040066,NMB,Naasa Securities Co. Ltd.,Malla & Malla Stock Broking Company Pvt. Limited,500,276.0,138000.0,2025-07-23 14:53:42.272689
2025-07-23,9848,2025072301040067,NMB,Naasa Securities Co. Ltd.,Miyo Securities Pvt Ltd,500,276.0,138000.0,2025-07-23 14:53:42.272809
2025-07-23,9847,2025072301040068,NMB,Naasa Securities Co. Ltd.,Naasa Securities Co. Ltd.,1750,276.0,483000.0,2025-07-23 14:53:42.272937
2025-07-23,9846,2025072301040069,NMB,Naasa Securities Co. Ltd.,Cristal Kanchanjanga Securites Pvt. Ltd.,600,276.0,165600.0,2025-07-23 14:53:42.273067
2025-07-23,9768,2025072301040086,NMB,Naasa Securities Co. Ltd.,Nepal Investment And Securities Trading Private Limited,850,276.0,234600.0,2025-07-23 14:53:49.435363
2025-07-23,9204,2025072301040235,NMB,Naasa Securities Co. Ltd.,Nepal Investment And Securities Trading Private Limited,50,276.0,13800.0,2025-07-23 14:54:24.497801
2025-07-23,7606,2025072301040630,NMB,ABC Securities Private Limited,Vision Securities Pvt. Ltd,75,276.7,20752.5,2025-07-23 14:55:49.555667
2025-07-23,7605,2025072301040631,NMB,ABC Securities Private Limited,Nepal Stock House (PVT) Ltd.,300,276.9,83070.0,2025-07-23 14:55:49.555978
2025-07-23,7604,2025072301040632,NMB,ABC Securities Private Limited,Dipshikha Dhitopatra Karobar Co. Pvt Ltd.,100,276.9,27690.0,2025-07-23 14:55:49.556118
2025-07-23,7603,2025072301040633,NMB,ABC Securities Private Limited,Agrawal Securities (PVT) Ltd.,500,277.0,138500.0,2025-07-23 14:55:49.556245
2025-07-23,7602,2025072301040634,NMB,ABC Securities Private Limited,Oxford Securities Pvt. Ltd.,150,277.0,41550.0,2025-07-23 14:55:49.556390
2025-07-23,7601,2025072301040635,NMB,ABC Securities Private Limited,Dakshinkali Investment & Securities Pvt. Ltd.,19,277.0,5263.0,2025-07-23 14:55:49.556566
2025-07-23,7600,2025072301040636,NMB,ABC Securities Private Limited,Sri Hari Securities Pvt. Ltd.,1500,277.0,415500.0,2025-07-23 14:55:49.556693
2025-07-23,7599,2025072301040637,NMB,ABC Securities Private Limited,Naasa Securities Co. Ltd.,177,277.0,49029.0,2025-07-23 14:55:49.556820
2025-07-23,7598,2025072301040638,NMB,ABC Securities Private Limited,Naasa Securities Co. Ltd.,179,277.0,49583.0,2025-07-23 14:55:49.557010
2025-07-23,6741,2025072301040834,NMB,Imperial Securities Company Pvt. Ltd.,Naasa Securities Co. Ltd.,71,277.0,19667.0,2025-07-23 14:56:26.289854
2025-07-23,6740,2025072301040835,NMB,Imperial Securities Company Pvt. Ltd.,Midas Stock Broking Company Private Limited,23,277.0,6371.0,2025-07-23 14:56:26.290143
2025-07-23,5485,2025072301041130,NMB,Naasa Securities Co. Ltd.,Vision Securities Pvt. Ltd,130,276.0,35880.0,2025-07-23 14:57:23.177114
2025-07-23,5433,2025072301041146,NMB,Naasa Securities Co. Ltd.,Midas Stock Broking Company Private Limited,89,277.0,24653.0,2025-07-23 14:57:26.382188
2025-07-23,5432,2025072301041147,NMB,Naasa Securities Co. Ltd.,Ashutosh Brokerage & Securities (PVT) Ltd.,200,277.0,55400.0,2025-07-23 14:57:26.382254
2025-07-23,5431,2025072301041148,NMB,Naasa Securities Co. Ltd.,Vision Securities Pvt. Ltd,680,277.0,188360.0,2025-07-23 14:57:26.382281
2025-07-23,5430,2025072301041149,NMB,Naasa Securities Co. Ltd.,Agrawal Securities (PVT) Ltd.,72,277.0,19944.0,2025-07-23 14:57:26.382308
2025-07-23,5429,2025072301041150,NMB,Naasa Securities Co. Ltd.,Oxford Securities Pvt. Ltd.,50,277.3,13865.0,2025-07-23 14:57:26.382348
2025-07-23,5428,2025072301041151,NMB,Naasa Securities Co. Ltd.,Arun Securities (PVT) Ltd.,1800,277.4,499320.0,2025-07-23 14:57:26.382382
2025-07-23,5427,2025072301041152,NMB,Naasa Securities Co. Ltd.,Dakshinkali Investment & Securities Pvt. Ltd.,51,277.5,14152.5,2025-07-23 14:57:26.382409
2025-07-23,5426,2025072301041153,NMB,Naasa Securities Co. Ltd.,Vision Securities Pvt. Ltd,50,277.5,13875.0,2025-07-23 14:57:26.382435
2025-07-23,5425,2025072301041154,NMB,Naasa Securities Co. Ltd.,Sweta Securities Private Limited,100,277.9,27790.0,2025-07-23 14:57:26.382462
2025-07-23,5424,2025072301041155,NMB,Naasa Securities Co. Ltd.,Premier Securities Company Ltd.,360,277.9,100044.0,2025-07-23 14:57:26.382486
2025-07-23,5423,2025072301041156,NMB,Naasa Securities Co. Ltd.,Sumeru Securities Pvt. Ltd.,300,277.9,83370.0,2025-07-23 14:57:26.382512
2025-07-23,5422,2025072301041157,NMB,Naasa Securities Co. Ltd.,Nepal Stock House (PVT) Ltd.,300,277.9,83370.0,2025-07-23 14:57:26.382537
2025-07-23,5421,2025072301041158,NMB,Naasa Securities Co. Ltd.,Imperial Securities Company Pvt. Ltd.,586,278.0,162908.0,2025-07-23 14:57:26.382564
2025-07-23,5420,2025072301041159,NMB,Naasa Securities Co. Ltd.,Kohinoor Investment & Securities Pvt. Ltd.,50,278.0,13900.0,2025-07-23 14:57:26.382593
2025-07-23,5419,2025072301041160,NMB,Naasa Securities Co. Ltd.,Malla & Malla Stock Broking Company Pvt. Limited,500,278.0,139000.0,2025-07-23 14:57:26.382631
2025-07-23,5418,2025072301041161,NMB,Naasa Securities Co. Ltd.,Sumeru Securities Pvt. Ltd.,1000,278.0,278000.0,2025-07-23 14:57:26.382672
2025-07-23,5417,2025072301041162,NMB,Naasa Securities Co. Ltd.,Dipshikha Dhitopatra Karobar Co. Pvt Ltd.,20,278.0,5560.0,2025-07-23 14:57:26.382706
2025-07-23,5416,2025072301041163,NMB,Naasa Securities Co. Ltd.,ABC Securities Private Limited,4500,278.0,1251000.0,2025-07-23 14:57:26.382727
2025-07-23,5415,2025072301041164,NMB,Naasa Securities Co. Ltd.,Trishakti Securities Public Limited,50,278.0,13900.0,2025-07-23 14:57:26.382761
2025-07-23,5414,2025072301041165,NMB,Naasa Securities Co. Ltd.,Vision Securities Pvt. Ltd,5000,278.0,1390000.0,2025-07-23 14:57:26.382782
2025-07-23,5413,2025072301041166,NMB,Naasa Securities Co. Ltd.,J.F. Securites (PVT) Ltd.,22,278.0,6116.0,2025-07-23 14:57:26.382805
2025-07-23,5412,2025072301041167,NMB,Naasa Securities Co. Ltd.,Primo Securities (PVT) Ltd.,1000,278.0,278000.0,2025-07-23 14:57:26.382837
2025-07-23,5411,2025072301041168,NMB,Naasa Securities Co. Ltd.,Kalika Securities Pvt. Ltd.,250,278.0,69500.0,2025-07-23 14:57:26.382859
2025-07-23,5410,2025072301041169,NMB,Naasa Securities Co. Ltd.,Trishakti Securities Public Limited,1500,278.0,417000.0,2025-07-23 14:57:26.382884
2025-07-23,5409,2025072301041170,NMB,Naasa Securities Co. Ltd.,Kalika Securities Pvt. Ltd.,11,278.0,3058.0,2025-07-23 14:57:26.382909
2025-07-23,5408,2025072301041171,NMB,Naasa Securities Co. Ltd.,Agrawal Securities (PVT) Ltd.,1459,278.0,405602.0,2025-07-23 14:57:26.382936
2025-07-23,5007,2025072301041237,NMB,Naasa Securities Co. Ltd.,Premier Securities Company Ltd.,700,276.0,193200.0,2025-07-23 14:57:37.623507
2025-07-23,4827,2025072301041275,NMB,Naasa Securities Co. Ltd.,South Asian Bulls Pvt. Ltd.,100,276.0,27600.0,2025-07-23 14:57:44.795710
2025-07-23,4555,2025072301041332,NMB,Naasa Securities Co. Ltd.,Agrawal Securities (PVT) Ltd.,100,278.0,27800.0,2025-07-23 14:57:55.693779
2025-07-23,3812,2025072301041626,NMB,Aryatara Investment & Securities,South Asian Bulls Pvt. Ltd.,10,276.5,2765.0,2025-07-23 14:58:21.800735
2025-07-23,2481,2025072301041948,NMB,Shree Krishna Securities Ltd.,Market Securities & Exchange (PVT) Ltd.,100,277.9,27790.0,2025-07-23 14:59:08.531892
2025-07-23,2480,2025072301041949,NMB,Shree Krishna Securities Ltd.,Arun Securities (PVT) Ltd.,400,277.9,111160.0,2025-07-23 14:59:08.532465
2025-07-23,2479,2025072301041950,NMB,Shree Krishna Securities Ltd.,Neev Securities Pvt. Ltd.,500,277.9,138950.0,2025-07-23 14:59:08.532816
2025-07-23,2478,2025072301041951,NMB,Shree Krishna Securities Ltd.,Agrawal Securities (PVT) Ltd.,441,278.0,122598.0,2025-07-23 14:59:08.533179
2025-07-23,2477,2025072301041952,NMB,Shree Krishna Securities Ltd.,Capital Hub P. Ltd,500,278.0,139000.0,2025-07-23 14:59:08.533531
2025-07-23,2476,2025072301041953,NMB,Shree Krishna Securities Ltd.,Aryatara Investment & Securities,150,278.0,41700.0,2025-07-23 14:59:08.533864
2025-07-23,2475,2025072301041954,NMB,Shree Krishna Securities Ltd.,Malla & Malla Stock Broking Company Pvt. Limited,150,278.0,41700.0,2025-07-23 14:59:08.534211
2025-07-23,2474,2025072301041955,NMB,Shree Krishna Securities Ltd.,Sajilo Broker Limited,500,278.0,139000.0,2025-07-23 14:59:08.534562
2025-07-23,2473,2025072301041956,NMB,Shree Krishna Securities Ltd.,Imperial Securities Company Pvt. Ltd.,500,278.0,139000.0,2025-07-23 14:59:08.534903
2025-07-23,2472,2025072301041957,NMB,Shree Krishna Securities Ltd.,Opal Securities Investment (PVT) Ltd.,1000,278.0,278000.0,2025-07-23 14:59:08.535264
2025-07-23,2471,2025072301041958,NMB,Shree Krishna Securities Ltd.,Creative Securities Pvt Ltd,60,278.0,16680.0,2025-07-23 14:59:08.535611
2025-07-23,2470,2025072301041959,NMB,Shree Krishna Securities Ltd.,Linch Stock Market Ltd.,128,278.0,35584.0,2025-07-23 14:59:08.535960
2025-07-23,2469,2025072301041960,NMB,Shree Krishna Securities Ltd.,Kumari Securities Private Limited,20,278.0,5560.0,2025-07-23 14:59:08.536330
2025-07-23,2468,2025072301041961,NMB,Shree Krishna Securities Ltd.,Sani Securities Company Ltd.,111,278.0,30858.0,2025-07-23 14:59:08.536670
2025-07-23,2467,2025072301041962,NMB,Shree Krishna Securities Ltd.,Online Securities Pvt. Ltd.,59,278.0,16402.0,2025-07-23 14:59:08.537007
2025-07-23,2466,2025072301041963,NMB,Shree Krishna Securities Ltd.,Sweta Securities Private Limited,500,278.0,139000.0,2025-07-23 14:59:08.537378
2025-07-23,2465,2025072301041964,NMB,Shree Krishna Securities Ltd.,Sundhara Securities Limited,100,278.0,27800.0,2025-07-23 14:59:08.537716
2025-07-23,2464,2025072301041965,NMB,Shree Krishna Securities Ltd.,Imperial Securities Company Pvt. Ltd.,58,278.0,16124.0,2025-07-23 14:59:08.538055
2025-07-23,2463,2025072301041966,NMB,Shree Krishna Securities Ltd.,Thrive Brokerage House Pvt. Ltd,50,278.0,13900.0,2025-07-23 14:59:08.538397
2025-07-23,2462,2025072301041967,NMB,Shree Krishna Securities Ltd.,Midas Stock Broking Company Private Limited,132,278.0,36696.0,2025-07-23 14:59:08.538724
2025-07-23,2461,2025072301041968,NMB,Shree Krishna Securities Ltd.,Market Securities & Exchange (PVT) Ltd.,100,278.0,27800.0,2025-07-23 14:59:08.539093
2025-07-23,2460,2025072301041969,NMB,Shree Krishna Securities Ltd.,Shree Krishna Securities Ltd.,500,278.0,139000.0,2025-07-23 14:59:08.539539
2025-07-23,2459,2025072301041970,NMB,Shree Krishna Securities Ltd.,Malla & Malla Stock Broking Company Pvt. Limited,100,278.0,27800.0,2025-07-23 14:59:08.540021
2025-07-23,2458,2025072301041971,NMB,Shree Krishna Securities Ltd.,Malla & Malla Stock Broking Company Pvt. Limited,100,278.0,27800.0,2025-07-23 14:59:08.540456
2025-07-23,2457,2025072301041972,NMB,Shree Krishna Securities Ltd.,Nagarik Stock Dealer ,559,278.0,155402.0,2025-07-23 14:59:08.540785
2025-07-23,1797,2025072301042194,NMB,Aryatara Investment & Securities,Sundhara Securities Limited,90,277.8,25002.0,2025-07-23 14:59:25.029194
