Date,S.N.,contract_id,symbol,buyer_broker,seller_broker,volume,price,amount,transaction_time
2025-07-23,169269,2025072303000120,SIFC,Creative Securities Pvt Ltd,Agrawal Securities (PVT) Ltd.,25,567.0,14175.0,2025-07-23 11:01:43.226017
2025-07-23,168635,2025072303000227,SIFC,Bhrikuti Stock Broking Co. Pvt. Ltd.,Vision Securities Pvt. Ltd,13,558.0,7254.0,2025-07-23 11:02:41.868828
2025-07-23,168136,2025072303000317,SIFC,Bhrikuti Stock Broking Co. Pvt. Ltd.,Kumari Securities Private Limited,200,558.0,111600.0,2025-07-23 11:03:17.219691
2025-07-23,167190,2025072303000511,SIFC,Deevyaa Securities & Stock House Pvt. Ltd,Miyo Securities Pvt Ltd,190,560.0,106400.0,2025-07-23 11:04:33.381307
2025-07-23,167189,2025072303000512,SIFC,Vision Securities Pvt. Ltd,Miyo Securities Pvt Ltd,100,558.1,55810.0,2025-07-23 11:04:33.381370
2025-07-23,167188,2025072303000513,SIFC,Bhrikuti Stock Broking Co. Pvt. Ltd.,Miyo Securities Pvt Ltd,30,558.0,16740.0,2025-07-23 11:04:33.381429
2025-07-23,164828,2025072303000966,SIFC,Siprabi Securities Pvt. Ltd.,Dipshikha Dhitopatra Karobar Co. Pvt Ltd.,10,560.0,5600.0,2025-07-23 11:07:19.139221
2025-07-23,164428,2025072303001030,SIFC,Siprabi Securities Pvt. Ltd.,Kohinoor Investment & Securities Pvt. Ltd.,115,560.0,64400.0,2025-07-23 11:07:42.141907
2025-07-23,164045,2025072303001114,SIFC,Siprabi Securities Pvt. Ltd.,Naasa Securities Co. Ltd.,65,560.0,36400.0,2025-07-23 11:08:12.658502
2025-07-23,164044,2025072303001115,SIFC,Nabil Stock Dealer Ltd.,Naasa Securities Co. Ltd.,50,560.0,28000.0,2025-07-23 11:08:12.658541
2025-07-23,164043,2025072303001116,SIFC,Ashutosh Brokerage & Securities (PVT) Ltd.,Naasa Securities Co. Ltd.,385,559.0,215215.0,2025-07-23 11:08:12.658562
2025-07-23,159253,2025072303002083,SIFC,Capital Max Securities Ltd,Asian Securities Private Ltd.,1000,562.0,562000.0,2025-07-23 11:13:17.320342
2025-07-23,158996,2025072303002143,SIFC,Malla & Malla Stock Broking Company Pvt. Limited,Sani Securities Company Ltd.,100,563.0,56300.0,2025-07-23 11:13:29.388384
2025-07-23,158575,2025072303002222,SIFC,Naasa Securities Co. Ltd.,Asian Securities Private Ltd.,1000,560.0,560000.0,2025-07-23 11:13:52.444587
2025-07-23,158012,2025072303002337,SIFC,Investment Management Nepal Pvt. Ltd.,Premier Securities Company Ltd.,50,559.0,27950.0,2025-07-23 11:14:22.252323
2025-07-23,156605,2025072303002663,SIFC,Investment Management Nepal Pvt. Ltd.,Citizens Share Broker Limited,140,559.0,78260.0,2025-07-23 11:15:35.031449
2025-07-23,156314,2025072303002708,SIFC,Investment Management Nepal Pvt. Ltd.,Online Securities Pvt. Ltd.,10,559.0,5590.0,2025-07-23 11:15:50.648755
2025-07-23,156313,2025072303002709,SIFC,Bhrikuti Stock Broking Co. Pvt. Ltd.,Online Securities Pvt. Ltd.,257,558.0,143406.0,2025-07-23 11:15:50.648918
2025-07-23,156312,2025072303002710,SIFC,Ashutosh Brokerage & Securities (PVT) Ltd.,Online Securities Pvt. Ltd.,33,558.0,18414.0,2025-07-23 11:15:50.649076
2025-07-23,155594,2025072303002837,SIFC,Ashutosh Brokerage & Securities (PVT) Ltd.,Naasa Securities Co. Ltd.,67,558.0,37386.0,2025-07-23 11:16:30.151436
2025-07-23,155593,2025072303002838,SIFC,Trishakti Securities Public Limited,Naasa Securities Co. Ltd.,436,558.0,243288.0,2025-07-23 11:16:30.151500
2025-07-23,155384,2025072303002869,SIFC,Trishakti Securities Public Limited,Citizens Share Broker Limited,350,558.0,195300.0,2025-07-23 11:16:40.448580
2025-07-23,155150,2025072303002928,SIFC,Trishakti Securities Public Limited,Asian Securities Private Ltd.,14,558.0,7812.0,2025-07-23 11:16:54.044439
2025-07-23,151883,2025072303003579,SIFC,Ashutosh Brokerage & Securities (PVT) Ltd.,Malla & Malla Stock Broking Company Pvt. Limited,100,557.0,55700.0,2025-07-23 11:19:50.582751
2025-07-23,151882,2025072303003580,SIFC,South Asian Bulls Pvt. Ltd.,Malla & Malla Stock Broking Company Pvt. Limited,30,557.0,16710.0,2025-07-23 11:19:50.582828
2025-07-23,151388,2025072303003633,SIFC,Dipshikha Dhitopatra Karobar Co. Pvt Ltd.,Naasa Securities Co. Ltd.,50,556.0,27800.0,2025-07-23 11:20:05.408315
2025-07-23,149106,2025072303004046,SIFC,Bhrikuti Stock Broking Co. Pvt. Ltd.,Citizens Share Broker Limited,595,559.0,332605.0,2025-07-23 11:21:27.917667
2025-07-23,149105,2025072303004047,SIFC,Bhrikuti Stock Broking Co. Pvt. Ltd.,Malla & Malla Stock Broking Company Pvt. Limited,23,559.0,12857.0,2025-07-23 11:21:27.917735
2025-07-23,147497,2025072303004355,SIFC,South Asian Bulls Pvt. Ltd.,Sani Securities Company Ltd.,15,561.0,8415.0,2025-07-23 11:22:24.923971
2025-07-23,147496,2025072303004356,SIFC,South Asian Bulls Pvt. Ltd.,Sani Securities Company Ltd.,50,561.0,28050.0,2025-07-23 11:22:24.924065
2025-07-23,147495,2025072303004357,SIFC,South Asian Bulls Pvt. Ltd.,Sani Securities Company Ltd.,18,564.0,10152.0,2025-07-23 11:22:24.924109
2025-07-23,146696,2025072303004488,SIFC,South Asian Bulls Pvt. Ltd.,Imperial Securities Company Pvt. Ltd.,37,564.0,20868.0,2025-07-23 11:22:56.506508
2025-07-23,143468,2025072303004895,SIFC,Linch Stock Market Ltd.,Imperial Securities Company Pvt. Ltd.,500,564.0,282000.0,2025-07-23 11:25:26.524660
2025-07-23,143115,2025072303004947,SIFC,J.F. Securites (PVT) Ltd.,Imperial Securities Company Pvt. Ltd.,978,564.0,551592.0,2025-07-23 11:25:47.557742
2025-07-23,143114,2025072303004948,SIFC,J.F. Securites (PVT) Ltd.,Primo Securities (PVT) Ltd.,22,564.0,12408.0,2025-07-23 11:25:47.557893
2025-07-23,141994,2025072303005099,SIFC,Online Securities Pvt. Ltd.,Primo Securities (PVT) Ltd.,178,564.0,100392.0,2025-07-23 11:26:49.683777
2025-07-23,141644,2025072303005150,SIFC,Premier Securities Company Ltd.,Capital Max Securities Ltd,200,564.5,112900.0,2025-07-23 11:27:11.105535
2025-07-23,141337,2025072303005177,SIFC,Naasa Securities Co. Ltd.,Capital Max Securities Ltd,80,564.5,45160.0,2025-07-23 11:27:28.287660
2025-07-23,141086,2025072303005220,SIFC,Linch Stock Market Ltd.,Vision Securities Pvt. Ltd,80,564.5,45160.0,2025-07-23 11:27:42.673273
2025-07-23,141085,2025072303005221,SIFC,Secured Securities Ltd.,Vision Securities Pvt. Ltd,80,564.5,45160.0,2025-07-23 11:27:42.673358
2025-07-23,141084,2025072303005222,SIFC,Deevyaa Securities & Stock House Pvt. Ltd,Vision Securities Pvt. Ltd,100,564.1,56410.0,2025-07-23 11:27:42.673393
2025-07-23,141083,2025072303005223,SIFC,Online Securities Pvt. Ltd.,Vision Securities Pvt. Ltd,40,564.0,22560.0,2025-07-23 11:27:42.673452
2025-07-23,140959,2025072303005259,SIFC,Sumeru Securities Pvt. Ltd.,Nepal Investment And Securities Trading Private Limited,100,565.0,56500.0,2025-07-23 11:27:49.477361
2025-07-23,139751,2025072303005479,SIFC,South Asian Bulls Pvt. Ltd.,Nepal Investment And Securities Trading Private Limited,100,565.0,56500.0,2025-07-23 11:29:06.050115
2025-07-23,139750,2025072303005480,SIFC,South Asian Bulls Pvt. Ltd.,Sewa Securities Pvt. Ltd.,100,565.0,56500.0,2025-07-23 11:29:06.050214
2025-07-23,139608,2025072303005502,SIFC,Linch Stock Market Ltd.,Kohinoor Investment & Securities Pvt. Ltd.,20,566.0,11320.0,2025-07-23 11:29:18.756563
2025-07-23,139423,2025072303005533,SIFC,South Asian Bulls Pvt. Ltd.,Kohinoor Investment & Securities Pvt. Ltd.,150,566.0,84900.0,2025-07-23 11:29:30.363553
2025-07-23,139036,2025072303005597,SIFC,Dipshikha Dhitopatra Karobar Co. Pvt Ltd.,Kohinoor Investment & Securities Pvt. Ltd.,30,566.0,16980.0,2025-07-23 11:29:56.440251
2025-07-23,139035,2025072303005598,SIFC,Dipshikha Dhitopatra Karobar Co. Pvt Ltd.,Agrawal Securities (PVT) Ltd.,50,567.0,28350.0,2025-07-23 11:29:56.440425
2025-07-23,139034,2025072303005599,SIFC,Dipshikha Dhitopatra Karobar Co. Pvt Ltd.,Kohinoor Investment & Securities Pvt. Ltd.,120,567.0,68040.0,2025-07-23 11:29:56.440536
2025-07-23,138538,2025072303005669,SIFC,Online Securities Pvt. Ltd.,Kohinoor Investment & Securities Pvt. Ltd.,205,567.0,116235.0,2025-07-23 11:30:29.429075
2025-07-23,138237,2025072303005716,SIFC,Dipshikha Dhitopatra Karobar Co. Pvt Ltd.,Sani Securities Company Ltd.,100,567.1,56710.0,2025-07-23 11:30:51.905089
2025-07-23,137783,2025072303005800,SIFC,Linch Stock Market Ltd.,Sani Securities Company Ltd.,300,567.1,170130.0,2025-07-23 11:31:24.049071
2025-07-23,136696,2025072303005976,SIFC,Dipshikha Dhitopatra Karobar Co. Pvt Ltd.,Asian Securities Private Ltd.,50,568.0,28400.0,2025-07-23 11:32:35.913739
2025-07-23,136584,2025072303005991,SIFC,Online Securities Pvt. Ltd.,Trishakti Securities Public Limited,200,567.0,113400.0,2025-07-23 11:32:45.605781
2025-07-23,136055,2025072303006107,SIFC,Online Securities Pvt. Ltd.,Imperial Securities Company Pvt. Ltd.,95,567.0,53865.0,2025-07-23 11:33:23.630141
2025-07-23,136054,2025072303006108,SIFC,Linch Stock Market Ltd.,Imperial Securities Company Pvt. Ltd.,100,567.0,56700.0,2025-07-23 11:33:23.630182
2025-07-23,136053,2025072303006109,SIFC,Online Securities Pvt. Ltd.,Imperial Securities Company Pvt. Ltd.,53,566.0,29998.0,2025-07-23 11:33:23.630207
2025-07-23,135887,2025072303006166,SIFC,Secured Securities Ltd.,Trishakti Securities Public Limited,130,565.0,73450.0,2025-07-23 11:33:32.510298
2025-07-23,134964,2025072303006356,SIFC,Imperial Securities Company Pvt. Ltd.,Aryatara Investment & Securities,10,564.6,5646.0,2025-07-23 11:34:22.687380
2025-07-23,134963,2025072303006357,SIFC,Online Securities Pvt. Ltd.,Aryatara Investment & Securities,282,564.0,159048.0,2025-07-23 11:34:22.687442
2025-07-23,134962,2025072303006358,SIFC,KALASH STOCK MARKET PVT. LTD.,Aryatara Investment & Securities,500,561.0,280500.0,2025-07-23 11:34:22.687470
2025-07-23,134961,2025072303006359,SIFC,Dipshikha Dhitopatra Karobar Co. Pvt Ltd.,Aryatara Investment & Securities,500,561.0,280500.0,2025-07-23 11:34:22.687495
2025-07-23,134960,2025072303006360,SIFC,Cristal Kanchanjanga Securites Pvt. Ltd.,Aryatara Investment & Securities,400,560.0,224000.0,2025-07-23 11:34:22.687534
2025-07-23,134959,2025072303006361,SIFC,Naasa Securities Co. Ltd.,Aryatara Investment & Securities,1000,560.0,560000.0,2025-07-23 11:34:22.687558
2025-07-23,134958,2025072303006362,SIFC,Bhrikuti Stock Broking Co. Pvt. Ltd.,Aryatara Investment & Securities,308,559.0,172172.0,2025-07-23 11:34:22.687584
2025-07-23,133343,2025072303006627,SIFC,Bhrikuti Stock Broking Co. Pvt. Ltd.,Dipshikha Dhitopatra Karobar Co. Pvt Ltd.,40,559.0,22360.0,2025-07-23 11:35:51.814374
2025-07-23,126490,2025072303007977,SIFC,Kohinoor Investment & Securities Pvt. Ltd.,Citizens Share Broker Limited,295,562.0,165790.0,2025-07-23 11:45:06.818698
2025-07-23,126489,2025072303007978,SIFC,Kohinoor Investment & Securities Pvt. Ltd.,Malla & Malla Stock Broking Company Pvt. Limited,205,564.0,115620.0,2025-07-23 11:45:06.818783
2025-07-23,123968,2025072303008412,SIFC,Dipshikha Dhitopatra Karobar Co. Pvt Ltd.,Malla & Malla Stock Broking Company Pvt. Limited,95,564.0,53580.0,2025-07-23 11:48:18.314902
2025-07-23,123967,2025072303008413,SIFC,Dipshikha Dhitopatra Karobar Co. Pvt Ltd.,Trishakti Securities Public Limited,55,564.9,31069.5,2025-07-23 11:48:18.315001
2025-07-23,122665,2025072303008554,SIFC,Sani Securities Company Ltd.,Sumeru Securities Pvt. Ltd.,100,563.0,56300.0,2025-07-23 11:50:08.663429
2025-07-23,122659,2025072303008555,SIFC,Vision Securities Pvt. Ltd,Sumeru Securities Pvt. Ltd.,41,563.0,23083.0,2025-07-23 11:50:09.266158
2025-07-23,122658,2025072303008556,SIFC,Vision Securities Pvt. Ltd,Trishakti Securities Public Limited,15,564.9,8473.5,2025-07-23 11:50:09.266267
2025-07-23,122657,2025072303008557,SIFC,Vision Securities Pvt. Ltd,Trisul Securities & Invt. Ltd.,300,564.9,169470.0,2025-07-23 11:50:09.266322
2025-07-23,122656,2025072303008558,SIFC,Vision Securities Pvt. Ltd,Kohinoor Investment & Securities Pvt. Ltd.,130,565.0,73450.0,2025-07-23 11:50:09.266358
2025-07-23,122655,2025072303008559,SIFC,Vision Securities Pvt. Ltd,Aryatara Investment & Securities,1400,565.0,791000.0,2025-07-23 11:50:09.266398
2025-07-23,122654,2025072303008560,SIFC,Vision Securities Pvt. Ltd,Deevyaa Securities & Stock House Pvt. Ltd,59,565.0,33335.0,2025-07-23 11:50:09.266437
2025-07-23,117261,2025072303009311,SIFC,Shree Krishna Securities Ltd.,Deevyaa Securities & Stock House Pvt. Ltd,41,565.0,23165.0,2025-07-23 11:57:13.677619
2025-07-23,117260,2025072303009312,SIFC,Shree Krishna Securities Ltd.,Vision Securities Pvt. Ltd,59,565.0,33335.0,2025-07-23 11:57:13.677710
2025-07-23,116862,2025072303009393,SIFC,Neev Securities Pvt. Ltd.,Sewa Securities Pvt. Ltd.,2,559.0,1118.0,2025-07-23 11:57:45.963486
2025-07-23,114883,2025072303009729,SIFC,Kohinoor Investment & Securities Pvt. Ltd.,Vision Securities Pvt. Ltd,41,565.0,23165.0,2025-07-23 12:00:44.809379
2025-07-23,114882,2025072303009730,SIFC,Kohinoor Investment & Securities Pvt. Ltd.,Infinity Securities Limited,100,565.0,56500.0,2025-07-23 12:00:44.809480
2025-07-23,113920,2025072303009875,SIFC,Kohinoor Investment & Securities Pvt. Ltd.,Aryatara Investment & Securities,300,565.0,169500.0,2025-07-23 12:02:14.025275
2025-07-23,112771,2025072303010071,SIFC,Kohinoor Investment & Securities Pvt. Ltd.,Trishakti Securities Public Limited,25,568.0,14200.0,2025-07-23 12:04:08.657338
2025-07-23,112770,2025072303010072,SIFC,Kohinoor Investment & Securities Pvt. Ltd.,Vision Securities Pvt. Ltd,34,568.0,19312.0,2025-07-23 12:04:08.657438
2025-07-23,112184,2025072303010202,SIFC,Bhrikuti Stock Broking Co. Pvt. Ltd.,J.F. Securites (PVT) Ltd.,90,566.0,50940.0,2025-07-23 12:05:07.221907
2025-07-23,109274,2025072303010774,SIFC,Aryatara Investment & Securities,Trisul Securities & Invt. Ltd.,200,567.0,113400.0,2025-07-23 12:09:55.471433
2025-07-23,108206,2025072303010991,SIFC,Dipshikha Dhitopatra Karobar Co. Pvt Ltd.,Deevyaa Securities & Stock House Pvt. Ltd,50,565.0,28250.0,2025-07-23 12:11:25.279835
2025-07-23,108205,2025072303010992,SIFC,J.F. Securites (PVT) Ltd.,Deevyaa Securities & Stock House Pvt. Ltd,450,565.0,254250.0,2025-07-23 12:11:25.280055
2025-07-23,106121,2025072303011454,SIFC,Aryatara Investment & Securities,Online Securities Pvt. Ltd.,400,565.1,226040.0,2025-07-23 12:14:05.835077
2025-07-23,104962,2025072303011723,SIFC,Aryatara Investment & Securities,Agrawal Securities (PVT) Ltd.,100,565.1,56510.0,2025-07-23 12:15:48.569427
2025-07-23,104961,2025072303011724,SIFC,J.F. Securites (PVT) Ltd.,Agrawal Securities (PVT) Ltd.,50,565.0,28250.0,2025-07-23 12:15:48.569636
2025-07-23,104699,2025072303011780,SIFC,Dipshikha Dhitopatra Karobar Co. Pvt Ltd.,Agrawal Securities (PVT) Ltd.,100,564.0,56400.0,2025-07-23 12:16:06.608898
2025-07-23,104256,2025072303011874,SIFC,South Asian Bulls Pvt. Ltd.,Kumari Securities Private Limited,105,562.0,59010.0,2025-07-23 12:16:46.970114
2025-07-23,104255,2025072303011875,SIFC,Dipshikha Dhitopatra Karobar Co. Pvt Ltd.,Kumari Securities Private Limited,100,561.5,56150.0,2025-07-23 12:16:46.970339
2025-07-23,104254,2025072303011876,SIFC,Investment Management Nepal Pvt. Ltd.,Kumari Securities Private Limited,80,561.3,44904.0,2025-07-23 12:16:46.970499
2025-07-23,104253,2025072303011877,SIFC,Indira securities pvt. ltd,Kumari Securities Private Limited,200,560.0,112000.0,2025-07-23 12:16:46.970650
2025-07-23,104252,2025072303011878,SIFC,Siprabi Securities Pvt. Ltd.,Kumari Securities Private Limited,15,560.0,8400.0,2025-07-23 12:16:46.970790
2025-07-23,103381,2025072303012100,SIFC,Ashutosh Brokerage & Securities (PVT) Ltd.,Sharepro Securities Private Limited,100,561.0,56100.0,2025-07-23 12:17:58.558861
2025-07-23,101207,2025072303012602,SIFC,Ashutosh Brokerage & Securities (PVT) Ltd.,Agrawal Securities (PVT) Ltd.,15,561.0,8415.0,2025-07-23 12:20:58.189258
2025-07-23,101206,2025072303012603,SIFC,Kohinoor Investment & Securities Pvt. Ltd.,Agrawal Securities (PVT) Ltd.,35,561.0,19635.0,2025-07-23 12:20:58.189446
2025-07-23,98988,2025072303013184,SIFC,Kohinoor Investment & Securities Pvt. Ltd.,Capital Max Securities Ltd,35,561.0,19635.0,2025-07-23 12:23:57.817314
2025-07-23,98868,2025072303013224,SIFC,Kumari Securities Private Limited,Nepal Stock House (PVT) Ltd.,500,560.0,280000.0,2025-07-23 12:24:11.394432
2025-07-23,97914,2025072303013531,SIFC,Online Securities Pvt. Ltd.,Agrawal Securities (PVT) Ltd.,100,559.0,55900.0,2025-07-23 12:25:33.091119
2025-07-23,97591,2025072303013607,SIFC,Online Securities Pvt. Ltd.,Agrawal Securities (PVT) Ltd.,59,559.0,32981.0,2025-07-23 12:25:56.930507
2025-07-23,97447,2025072303013632,SIFC,Sumeru Securities Pvt. Ltd.,Agrawal Securities (PVT) Ltd.,41,559.0,22919.0,2025-07-23 12:26:09.780712
2025-07-23,93704,2025072303014542,SIFC,Naasa Securities Co. Ltd.,J.F. Securites (PVT) Ltd.,100,559.0,55900.0,2025-07-23 12:32:43.329750
2025-07-23,93703,2025072303014543,SIFC,Imperial Securities Company Pvt. Ltd.,J.F. Securites (PVT) Ltd.,10,558.2,5582.0,2025-07-23 12:32:43.329810
2025-07-23,93299,2025072303014627,SIFC,Imperial Securities Company Pvt. Ltd.,Nepal Stock House (PVT) Ltd.,990,558.2,552618.0,2025-07-23 12:33:28.713864
2025-07-23,92971,2025072303014701,SIFC,Creative Securities Pvt Ltd,Thrive Brokerage House Pvt. Ltd,81,559.9,45351.9,2025-07-23 12:34:11.224703
2025-07-23,92970,2025072303014702,SIFC,Creative Securities Pvt Ltd,Nepal Stock House (PVT) Ltd.,319,559.9,178608.1,2025-07-23 12:34:11.224858
2025-07-23,92589,2025072303014791,SIFC,Bhrikuti Stock Broking Co. Pvt. Ltd.,Vision Securities Pvt. Ltd,30,558.2,16746.0,2025-07-23 12:34:51.729709
2025-07-23,92588,2025072303014792,SIFC,Sharepro Securities Private Limited,Vision Securities Pvt. Ltd,90,558.1,50229.0,2025-07-23 12:34:51.729776
2025-07-23,91076,2025072303015052,SIFC,Aryatara Investment & Securities,Vision Securities Pvt. Ltd,200,558.2,111640.0,2025-07-23 12:37:48.249908
2025-07-23,91075,2025072303015053,SIFC,Sharepro Securities Private Limited,Vision Securities Pvt. Ltd,300,558.1,167430.0,2025-07-23 12:37:48.250033
2025-07-23,90130,2025072303015237,SIFC,Sharepro Securities Private Limited,Trisul Securities & Invt. Ltd.,10,558.1,5581.0,2025-07-23 12:39:26.984747
2025-07-23,88516,2025072303015530,SIFC,Naasa Securities Co. Ltd.,Sri Hari Securities Pvt. Ltd.,150,559.8,83970.0,2025-07-23 12:42:13.938695
2025-07-23,88515,2025072303015531,SIFC,Naasa Securities Co. Ltd.,Nepal Stock House (PVT) Ltd.,181,559.9,101341.9,2025-07-23 12:42:13.938816
2025-07-23,88514,2025072303015532,SIFC,Naasa Securities Co. Ltd.,Primo Securities (PVT) Ltd.,195,560.0,109200.0,2025-07-23 12:42:13.938890
2025-07-23,88513,2025072303015533,SIFC,Naasa Securities Co. Ltd.,Thrive Brokerage House Pvt. Ltd,100,560.0,56000.0,2025-07-23 12:42:13.938938
2025-07-23,86688,2025072303015982,SIFC,Trisul Securities & Invt. Ltd.,Nepal Stock House (PVT) Ltd.,500,561.0,280500.0,2025-07-23 12:46:16.223097
2025-07-23,85311,2025072303016238,SIFC,Bhrikuti Stock Broking Co. Pvt. Ltd.,Online Securities Pvt. Ltd.,3,550.0,1650.0,2025-07-23 12:48:42.972797
2025-07-23,84384,2025072303016367,SIFC,Kumari Securities Private Limited,Secured Securities Ltd.,400,562.0,224800.0,2025-07-23 12:50:37.122534
2025-07-23,84272,2025072303016405,SIFC,Dynamic Money Managers Securities Pvt. Ltd.,Sundhara Securities Limited,59,565.0,33335.0,2025-07-23 12:50:48.198204
2025-07-23,84271,2025072303016406,SIFC,Dynamic Money Managers Securities Pvt. Ltd.,Secured Securities Ltd.,150,565.0,84750.0,2025-07-23 12:50:48.198321
2025-07-23,84270,2025072303016407,SIFC,Dynamic Money Managers Securities Pvt. Ltd.,Thrive Brokerage House Pvt. Ltd,100,565.0,56500.0,2025-07-23 12:50:48.198368
2025-07-23,84269,2025072303016408,SIFC,Dynamic Money Managers Securities Pvt. Ltd.,Aryatara Investment & Securities,30,565.0,16950.0,2025-07-23 12:50:48.198413
2025-07-23,84268,2025072303016409,SIFC,Dynamic Money Managers Securities Pvt. Ltd.,Nepal Investment And Securities Trading Private Limited,161,565.0,90965.0,2025-07-23 12:50:48.198506
2025-07-23,84256,2025072303016411,SIFC,Bhrikuti Stock Broking Co. Pvt. Ltd.,Imperial Securities Company Pvt. Ltd.,1,554.0,554.0,2025-07-23 12:50:51.175082
2025-07-23,83385,2025072303016530,SIFC,Naasa Securities Co. Ltd.,Secured Securities Ltd.,1,576.1,576.1,2025-07-23 12:52:31.016607
2025-07-23,80403,2025072303017122,SIFC,Investment Management Nepal Pvt. Ltd.,Dakshinkali Investment & Securities Pvt. Ltd.,100,563.0,56300.0,2025-07-23 12:59:06.964012
2025-07-23,80319,2025072303017134,SIFC,Sani Securities Company Ltd.,Deevyaa Securities & Stock House Pvt. Ltd,645,564.0,363780.0,2025-07-23 12:59:18.088419
2025-07-23,79709,2025072303017245,SIFC,Dipshikha Dhitopatra Karobar Co. Pvt Ltd.,Market Securities & Exchange (PVT) Ltd.,500,563.0,281500.0,2025-07-23 13:00:40.899235
2025-07-23,79368,2025072303017315,SIFC,Nepal Stock House (PVT) Ltd.,Kohinoor Investment & Securities Pvt. Ltd.,100,563.0,56300.0,2025-07-23 13:01:29.445171
2025-07-23,78737,2025072303017395,SIFC,Kohinoor Investment & Securities Pvt. Ltd.,Kohinoor Investment & Securities Pvt. Ltd.,400,563.0,225200.0,2025-07-23 13:02:47.230423
2025-07-23,78736,2025072303017396,SIFC,Kohinoor Investment & Securities Pvt. Ltd.,Deevyaa Securities & Stock House Pvt. Ltd,355,564.0,200220.0,2025-07-23 13:02:47.230654
2025-07-23,78558,2025072303017431,SIFC,Kohinoor Investment & Securities Pvt. Ltd.,Capital Max Securities Ltd,45,564.0,25380.0,2025-07-23 13:03:12.435489
2025-07-23,78165,2025072303017489,SIFC,Vision Securities Pvt. Ltd,Deevyaa Securities & Stock House Pvt. Ltd,2,555.0,1110.0,2025-07-23 13:04:02.968918
2025-07-23,75809,2025072303018002,SIFC,Premier Securities Company Ltd.,Capital Max Securities Ltd,10,564.0,5640.0,2025-07-23 13:08:33.330291
2025-07-23,74914,2025072303018227,SIFC,Kumari Securities Private Limited,Sri Hari Securities Pvt. Ltd.,200,564.9,112980.0,2025-07-23 13:10:16.193374
2025-07-23,73148,2025072303018602,SIFC,Vision Securities Pvt. Ltd,Premier Securities Company Ltd.,10,564.9,5649.0,2025-07-23 13:13:55.934652
2025-07-23,73147,2025072303018603,SIFC,Vision Securities Pvt. Ltd,Nepal Investment And Securities Trading Private Limited,39,565.0,22035.0,2025-07-23 13:13:55.934902
2025-07-23,73146,2025072303018604,SIFC,Vision Securities Pvt. Ltd,Agrawal Securities (PVT) Ltd.,200,565.0,113000.0,2025-07-23 13:13:55.935067
2025-07-23,73145,2025072303018605,SIFC,Vision Securities Pvt. Ltd,Thrive Brokerage House Pvt. Ltd,400,565.0,226000.0,2025-07-23 13:13:55.935213
2025-07-23,73144,2025072303018606,SIFC,Vision Securities Pvt. Ltd,Market Securities & Exchange (PVT) Ltd.,351,565.0,198315.0,2025-07-23 13:13:55.935360
2025-07-23,72662,2025072303018777,SIFC,Kumari Securities Private Limited,Trisul Securities & Invt. Ltd.,200,564.4,112880.0,2025-07-23 13:14:48.391107
2025-07-23,72116,2025072303018919,SIFC,Kumari Securities Private Limited,Imperial Securities Company Pvt. Ltd.,115,564.0,64860.0,2025-07-23 13:15:52.740425
2025-07-23,69334,2025072303019574,SIFC,Naasa Securities Co. Ltd.,Agrawal Securities (PVT) Ltd.,100,564.9,56490.0,2025-07-23 13:21:28.726394
2025-07-23,69066,2025072303019663,SIFC,Online Securities Pvt. Ltd.,Agrawal Securities (PVT) Ltd.,50,564.9,28245.0,2025-07-23 13:22:02.451825
2025-07-23,69065,2025072303019664,SIFC,Online Securities Pvt. Ltd.,Market Securities & Exchange (PVT) Ltd.,149,565.0,84185.0,2025-07-23 13:22:02.451955
2025-07-23,68026,2025072303019948,SIFC,Online Securities Pvt. Ltd.,Vision Securities Pvt. Ltd,66,568.0,37488.0,2025-07-23 13:24:23.753599
2025-07-23,68025,2025072303019949,SIFC,Online Securities Pvt. Ltd.,Secured Securities Ltd.,100,568.0,56800.0,2025-07-23 13:24:23.753722
2025-07-23,68024,2025072303019950,SIFC,Online Securities Pvt. Ltd.,Trisul Securities & Invt. Ltd.,134,568.0,76112.0,2025-07-23 13:24:23.753772
2025-07-23,67647,2025072303020031,SIFC,Market Securities & Exchange (PVT) Ltd.,Trisul Securities & Invt. Ltd.,66,568.0,37488.0,2025-07-23 13:25:22.950115
2025-07-23,67646,2025072303020032,SIFC,Market Securities & Exchange (PVT) Ltd.,Bhrikuti Stock Broking Co. Pvt. Ltd.,10,568.0,5680.0,2025-07-23 13:25:22.950247
2025-07-23,67645,2025072303020033,SIFC,Market Securities & Exchange (PVT) Ltd.,ABC Securities Private Limited,24,568.4,13641.6,2025-07-23 13:25:22.950303
2025-07-23,66620,2025072303020291,SIFC,Market Securities & Exchange (PVT) Ltd.,Thrive Brokerage House Pvt. Ltd,100,565.1,56510.0,2025-07-23 13:27:22.429332
2025-07-23,66517,2025072303020311,SIFC,Online Securities Pvt. Ltd.,Thrive Brokerage House Pvt. Ltd,100,565.0,56500.0,2025-07-23 13:27:38.955822
2025-07-23,66446,2025072303020344,SIFC,Online Securities Pvt. Ltd.,Dipshikha Dhitopatra Karobar Co. Pvt Ltd.,50,567.5,28375.0,2025-07-23 13:27:48.896021
2025-07-23,66341,2025072303020361,SIFC,Online Securities Pvt. Ltd.,Thrive Brokerage House Pvt. Ltd,150,568.0,85200.0,2025-07-23 13:28:04.390440
2025-07-23,64758,2025072303020784,SIFC,Vision Securities Pvt. Ltd,Dipshikha Dhitopatra Karobar Co. Pvt Ltd.,50,567.5,28375.0,2025-07-23 13:31:06.463218
2025-07-23,64757,2025072303020785,SIFC,Vision Securities Pvt. Ltd,Kumari Securities Private Limited,500,567.9,283950.0,2025-07-23 13:31:06.463381
2025-07-23,64756,2025072303020786,SIFC,Vision Securities Pvt. Ltd,Thrive Brokerage House Pvt. Ltd,50,568.0,28400.0,2025-07-23 13:31:06.463447
2025-07-23,64755,2025072303020787,SIFC,Vision Securities Pvt. Ltd,Ashutosh Brokerage & Securities (PVT) Ltd.,1000,568.0,568000.0,2025-07-23 13:31:06.463499
2025-07-23,64754,2025072303020788,SIFC,Vision Securities Pvt. Ltd,Dipshikha Dhitopatra Karobar Co. Pvt Ltd.,400,568.0,227200.0,2025-07-23 13:31:06.463551
2025-07-23,64323,2025072303020894,SIFC,Sewa Securities Pvt. Ltd.,Dipshikha Dhitopatra Karobar Co. Pvt Ltd.,100,568.0,56800.0,2025-07-23 13:31:51.531719
2025-07-23,63947,2025072303021030,SIFC,Dipshikha Dhitopatra Karobar Co. Pvt Ltd.,Dipshikha Dhitopatra Karobar Co. Pvt Ltd.,49,568.0,27832.0,2025-07-23 13:32:31.018042
2025-07-23,61566,2025072303021820,SIFC,Dipshikha Dhitopatra Karobar Co. Pvt Ltd.,Dipshikha Dhitopatra Karobar Co. Pvt Ltd.,50,568.0,28400.0,2025-07-23 13:36:21.292055
2025-07-23,61555,2025072303021823,SIFC,Neev Securities Pvt. Ltd.,Dipshikha Dhitopatra Karobar Co. Pvt Ltd.,500,568.0,284000.0,2025-07-23 13:36:22.762179
2025-07-23,61517,2025072303021836,SIFC,Trishakti Securities Public Limited,Dipshikha Dhitopatra Karobar Co. Pvt Ltd.,300,568.0,170400.0,2025-07-23 13:36:26.652499
2025-07-23,61400,2025072303021878,SIFC,Nepal Stock House (PVT) Ltd.,Dipshikha Dhitopatra Karobar Co. Pvt Ltd.,600,568.0,340800.0,2025-07-23 13:36:41.445341
2025-07-23,61105,2025072303021963,SIFC,Aryatara Investment & Securities,ABC Securities Private Limited,176,568.4,100038.4,2025-07-23 13:37:08.763138
2025-07-23,61104,2025072303021964,SIFC,Aryatara Investment & Securities,Nepal Stock House (PVT) Ltd.,24,568.5,13644.0,2025-07-23 13:37:08.763193
2025-07-23,61058,2025072303021981,SIFC,Sani Securities Company Ltd.,Nepal Stock House (PVT) Ltd.,500,568.5,284250.0,2025-07-23 13:37:12.852637
2025-07-23,60934,2025072303022028,SIFC,Cristal Kanchanjanga Securites Pvt. Ltd.,Nepal Stock House (PVT) Ltd.,359,568.5,204091.5,2025-07-23 13:37:23.994856
2025-07-23,60918,2025072303022033,SIFC,Cristal Kanchanjanga Securites Pvt. Ltd.,Premier Securities Company Ltd.,150,568.5,85275.0,2025-07-23 13:37:25.566594
2025-07-23,60916,2025072303022034,SIFC,Market Securities & Exchange (PVT) Ltd.,Nepal Investment And Securities Trading Private Limited,200,569.0,113800.0,2025-07-23 13:37:25.942646
2025-07-23,60825,2025072303022079,SIFC,Trisul Securities & Invt. Ltd.,Aryatara Investment & Securities,50,570.0,28500.0,2025-07-23 13:37:35.733778
2025-07-23,60824,2025072303022080,SIFC,Trisul Securities & Invt. Ltd.,Asian Securities Private Ltd.,20,570.0,11400.0,2025-07-23 13:37:35.734054
2025-07-23,60823,2025072303022081,SIFC,Trisul Securities & Invt. Ltd.,Vision Securities Pvt. Ltd,71,570.0,40470.0,2025-07-23 13:37:35.734215
2025-07-23,60822,2025072303022082,SIFC,Trisul Securities & Invt. Ltd.,Kohinoor Investment & Securities Pvt. Ltd.,500,570.0,285000.0,2025-07-23 13:37:35.734371
2025-07-23,60821,2025072303022083,SIFC,Trisul Securities & Invt. Ltd.,Online Securities Pvt. Ltd.,100,570.0,57000.0,2025-07-23 13:37:35.734522
2025-07-23,60820,2025072303022084,SIFC,Trisul Securities & Invt. Ltd.,Aryatara Investment & Securities,10,570.0,5700.0,2025-07-23 13:37:35.734673
2025-07-23,60819,2025072303022085,SIFC,Trisul Securities & Invt. Ltd.,APPLE SECURITIES PRIVATE LIMITED,500,570.0,285000.0,2025-07-23 13:37:35.734843
2025-07-23,60818,2025072303022086,SIFC,Trisul Securities & Invt. Ltd.,Sajilo Broker Limited,300,570.0,171000.0,2025-07-23 13:37:35.735012
2025-07-23,60817,2025072303022087,SIFC,Trisul Securities & Invt. Ltd.,Midas Stock Broking Company Private Limited,100,571.0,57100.0,2025-07-23 13:37:35.735180
2025-07-23,60816,2025072303022088,SIFC,Trisul Securities & Invt. Ltd.,Sumeru Securities Pvt. Ltd.,267,571.0,152457.0,2025-07-23 13:37:35.735349
2025-07-23,60602,2025072303022155,SIFC,BHOLE GANESH SECURITIES LTD,Nepal Investment And Securities Trading Private Limited,200,572.0,114400.0,2025-07-23 13:37:53.373223
2025-07-23,60601,2025072303022156,SIFC,BHOLE GANESH SECURITIES LTD,Online Securities Pvt. Ltd.,900,572.0,514800.0,2025-07-23 13:37:53.373361
2025-07-23,60600,2025072303022157,SIFC,BHOLE GANESH SECURITIES LTD,Imperial Securities Company Pvt. Ltd.,50,575.0,28750.0,2025-07-23 13:37:53.373426
2025-07-23,60599,2025072303022158,SIFC,BHOLE GANESH SECURITIES LTD,Sumeru Securities Pvt. Ltd.,100,575.0,57500.0,2025-07-23 13:37:53.373476
2025-07-23,60598,2025072303022159,SIFC,BHOLE GANESH SECURITIES LTD,Nepal Investment And Securities Trading Private Limited,200,575.0,115000.0,2025-07-23 13:37:53.373528
2025-07-23,60597,2025072303022160,SIFC,BHOLE GANESH SECURITIES LTD,ABC Securities Private Limited,50,575.0,28750.0,2025-07-23 13:37:53.373576
2025-07-23,60596,2025072303022161,SIFC,BHOLE GANESH SECURITIES LTD,Imperial Securities Company Pvt. Ltd.,100,575.0,57500.0,2025-07-23 13:37:53.373621
2025-07-23,60595,2025072303022162,SIFC,BHOLE GANESH SECURITIES LTD,South Asian Bulls Pvt. Ltd.,490,575.0,281750.0,2025-07-23 13:37:53.373667
2025-07-23,60594,2025072303022163,SIFC,BHOLE GANESH SECURITIES LTD,Imperial Securities Company Pvt. Ltd.,300,575.0,172500.0,2025-07-23 13:37:53.373712
2025-07-23,60593,2025072303022164,SIFC,BHOLE GANESH SECURITIES LTD,Kohinoor Investment & Securities Pvt. Ltd.,500,575.0,287500.0,2025-07-23 13:37:53.373762
2025-07-23,60592,2025072303022165,SIFC,BHOLE GANESH SECURITIES LTD,ABC Securities Private Limited,50,575.0,28750.0,2025-07-23 13:37:53.373810
2025-07-23,60591,2025072303022166,SIFC,BHOLE GANESH SECURITIES LTD,Agrawal Securities (PVT) Ltd.,200,575.0,115000.0,2025-07-23 13:37:53.373857
2025-07-23,60590,2025072303022167,SIFC,BHOLE GANESH SECURITIES LTD,ABC Securities Private Limited,500,575.0,287500.0,2025-07-23 13:37:53.373914
2025-07-23,60589,2025072303022168,SIFC,BHOLE GANESH SECURITIES LTD,Kohinoor Investment & Securities Pvt. Ltd.,110,575.0,63250.0,2025-07-23 13:37:53.373958
2025-07-23,60588,2025072303022169,SIFC,BHOLE GANESH SECURITIES LTD,Sundhara Securities Limited,250,575.0,143750.0,2025-07-23 13:37:53.374039
2025-07-23,60383,2025072303022255,SIFC,Trisul Securities & Invt. Ltd.,Sundhara Securities Limited,50,575.0,28750.0,2025-07-23 13:38:12.961962
2025-07-23,60382,2025072303022256,SIFC,Trisul Securities & Invt. Ltd.,Naasa Securities Co. Ltd.,120,575.0,69000.0,2025-07-23 13:38:12.962131
2025-07-23,60381,2025072303022257,SIFC,Trisul Securities & Invt. Ltd.,Vision Securities Pvt. Ltd,10,575.0,5750.0,2025-07-23 13:38:12.962195
2025-07-23,60109,2025072303022349,SIFC,Deevyaa Securities & Stock House Pvt. Ltd,Vision Securities Pvt. Ltd,100,575.0,57500.0,2025-07-23 13:38:41.784153
2025-07-23,59741,2025072303022510,SIFC,MILKY WAY SHARE BROKER COMPANY LTD ,Aryatara Investment & Securities,100,575.2,57520.0,2025-07-23 13:39:23.180035
2025-07-23,59740,2025072303022511,SIFC,MILKY WAY SHARE BROKER COMPANY LTD ,Primo Securities (PVT) Ltd.,300,575.2,172560.0,2025-07-23 13:39:23.180196
2025-07-23,59315,2025072303022654,SIFC,Malla & Malla Stock Broking Company Pvt. Limited,Primo Securities (PVT) Ltd.,30,575.2,17256.0,2025-07-23 13:40:12.121735
2025-07-23,59136,2025072303022715,SIFC,Investment Management Nepal Pvt. Ltd.,Primo Securities (PVT) Ltd.,170,575.2,97784.0,2025-07-23 13:40:28.151116
2025-07-23,59135,2025072303022716,SIFC,Investment Management Nepal Pvt. Ltd.,Imperial Securities Company Pvt. Ltd.,10,576.0,5760.0,2025-07-23 13:40:28.151235
2025-07-23,59134,2025072303022717,SIFC,Investment Management Nepal Pvt. Ltd.,Dipshikha Dhitopatra Karobar Co. Pvt Ltd.,20,576.0,11520.0,2025-07-23 13:40:28.151280
2025-07-23,59133,2025072303022718,SIFC,Investment Management Nepal Pvt. Ltd.,Primo Securities (PVT) Ltd.,50,576.0,28800.0,2025-07-23 13:40:28.151323
2025-07-23,59132,2025072303022719,SIFC,Investment Management Nepal Pvt. Ltd.,Siprabi Securities Pvt. Ltd.,20,576.0,11520.0,2025-07-23 13:40:28.151369
2025-07-23,59131,2025072303022720,SIFC,Investment Management Nepal Pvt. Ltd.,J.F. Securites (PVT) Ltd.,90,576.1,51849.0,2025-07-23 13:40:28.151411
2025-07-23,59130,2025072303022721,SIFC,Investment Management Nepal Pvt. Ltd.,Kalika Securities Pvt. Ltd.,250,576.1,144025.0,2025-07-23 13:40:28.151455
2025-07-23,58988,2025072303022783,SIFC,Investment Management Nepal Pvt. Ltd.,Nepal Stock House (PVT) Ltd.,50,576.1,28805.0,2025-07-23 13:40:42.895677
2025-07-23,58986,2025072303022784,SIFC,Cristal Kanchanjanga Securites Pvt. Ltd.,Dynamic Money Managers Securities Pvt. Ltd.,50,576.3,28815.0,2025-07-23 13:40:43.166009
2025-07-23,58985,2025072303022785,SIFC,Cristal Kanchanjanga Securites Pvt. Ltd.,Imperial Securities Company Pvt. Ltd.,20,576.3,11526.0,2025-07-23 13:40:43.166130
2025-07-23,58918,2025072303022811,SIFC,Investment Management Nepal Pvt. Ltd.,Indira securities pvt. ltd,500,577.0,288500.0,2025-07-23 13:40:48.489624
2025-07-23,58917,2025072303022812,SIFC,Investment Management Nepal Pvt. Ltd.,Imperial Securities Company Pvt. Ltd.,220,577.0,126940.0,2025-07-23 13:40:48.489733
2025-07-23,58868,2025072303022833,SIFC,Deevyaa Securities & Stock House Pvt. Ltd,Imperial Securities Company Pvt. Ltd.,100,577.0,57700.0,2025-07-23 13:40:55.608626
2025-07-23,58861,2025072303022834,SIFC,Cristal Kanchanjanga Securites Pvt. Ltd.,Dynamic Money Managers Securities Pvt. Ltd.,10,576.3,5763.0,2025-07-23 13:40:56.804278
2025-07-23,58860,2025072303022835,SIFC,Neev Securities Pvt. Ltd.,Imperial Securities Company Pvt. Ltd.,180,577.0,103860.0,2025-07-23 13:40:56.939661
2025-07-23,58813,2025072303022843,SIFC,Neev Securities Pvt. Ltd.,Elite Stock House Limited,153,577.0,88281.0,2025-07-23 13:41:02.371488
2025-07-23,58812,2025072303022844,SIFC,Investment Management Nepal Pvt. Ltd.,Elite Stock House Limited,347,577.0,200219.0,2025-07-23 13:41:02.371585
2025-07-23,58775,2025072303022865,SIFC,Investment Management Nepal Pvt. Ltd.,Dynamic Money Managers Securities Pvt. Ltd.,10,577.0,5770.0,2025-07-23 13:41:05.274889
2025-07-23,58771,2025072303022867,SIFC,Dipshikha Dhitopatra Karobar Co. Pvt Ltd.,Asian Securities Private Ltd.,10,578.0,5780.0,2025-07-23 13:41:05.865275
2025-07-23,58770,2025072303022868,SIFC,Dipshikha Dhitopatra Karobar Co. Pvt Ltd.,Imperial Securities Company Pvt. Ltd.,140,578.0,80920.0,2025-07-23 13:41:05.865475
2025-07-23,58730,2025072303022881,SIFC,Investment Management Nepal Pvt. Ltd.,Dynamic Money Managers Securities Pvt. Ltd.,15,577.0,8655.0,2025-07-23 13:41:11.650853
2025-07-23,58685,2025072303022898,SIFC,Siprabi Securities Pvt. Ltd.,Imperial Securities Company Pvt. Ltd.,90,578.0,52020.0,2025-07-23 13:41:17.145082
2025-07-23,58645,2025072303022911,SIFC,Siprabi Securities Pvt. Ltd.,Imperial Securities Company Pvt. Ltd.,35,578.0,20230.0,2025-07-23 13:41:19.521012
2025-07-23,58644,2025072303022912,SIFC,Cristal Kanchanjanga Securites Pvt. Ltd.,Imperial Securities Company Pvt. Ltd.,35,578.0,20230.0,2025-07-23 13:41:19.662665
2025-07-23,58643,2025072303022913,SIFC,Cristal Kanchanjanga Securites Pvt. Ltd.,Premier Securities Company Ltd.,100,578.0,57800.0,2025-07-23 13:41:19.662758
2025-07-23,58587,2025072303022941,SIFC,Naasa Securities Co. Ltd.,Sani Securities Company Ltd.,450,578.3,260235.0,2025-07-23 13:41:27.834079
2025-07-23,58586,2025072303022942,SIFC,Naasa Securities Co. Ltd.,Premier Securities Company Ltd.,12,578.3,6939.6,2025-07-23 13:41:27.834275
2025-07-23,58573,2025072303022945,SIFC,Naasa Securities Co. Ltd.,Dynamic Money Managers Securities Pvt. Ltd.,15,578.3,8674.5,2025-07-23 13:41:29.090849
2025-07-23,58532,2025072303022957,SIFC,Naasa Securities Co. Ltd.,Dynamic Money Managers Securities Pvt. Ltd.,15,578.3,8674.5,2025-07-23 13:41:35.438963
2025-07-23,58509,2025072303022963,SIFC,Cristal Kanchanjanga Securites Pvt. Ltd.,Aryatara Investment & Securities,10,579.0,5790.0,2025-07-23 13:41:38.974479
2025-07-23,58508,2025072303022964,SIFC,Cristal Kanchanjanga Securites Pvt. Ltd.,Vision Securities Pvt. Ltd,25,579.0,14475.0,2025-07-23 13:41:38.974674
2025-07-23,58507,2025072303022965,SIFC,Cristal Kanchanjanga Securites Pvt. Ltd.,Linch Stock Market Ltd.,250,579.0,144750.0,2025-07-23 13:41:38.974796
2025-07-23,58506,2025072303022966,SIFC,Cristal Kanchanjanga Securites Pvt. Ltd.,Imperial Securities Company Pvt. Ltd.,100,579.0,57900.0,2025-07-23 13:41:38.974919
2025-07-23,58505,2025072303022967,SIFC,Cristal Kanchanjanga Securites Pvt. Ltd.,Premier Securities Company Ltd.,11,579.0,6369.0,2025-07-23 13:41:38.975061
2025-07-23,58504,2025072303022968,SIFC,Cristal Kanchanjanga Securites Pvt. Ltd.,Aryatara Investment & Securities,80,579.0,46320.0,2025-07-23 13:41:38.975196
2025-07-23,58385,2025072303023015,SIFC,Deevyaa Securities & Stock House Pvt. Ltd,Dynamic Money Managers Securities Pvt. Ltd.,10,578.9,5789.0,2025-07-23 13:41:52.810153
2025-07-23,58384,2025072303023016,SIFC,Deevyaa Securities & Stock House Pvt. Ltd,Aryatara Investment & Securities,30,579.0,17370.0,2025-07-23 13:41:52.810256
2025-07-23,58357,2025072303023024,SIFC,Trisul Securities & Invt. Ltd.,Dynamic Money Managers Securities Pvt. Ltd.,10,578.8,5788.0,2025-07-23 13:41:57.396188
2025-07-23,58356,2025072303023025,SIFC,Trisul Securities & Invt. Ltd.,Aryatara Investment & Securities,390,579.0,225810.0,2025-07-23 13:41:57.396292
2025-07-23,58355,2025072303023026,SIFC,Trisul Securities & Invt. Ltd.,Sweta Securities Private Limited,500,579.3,289650.0,2025-07-23 13:41:57.396333
2025-07-23,58354,2025072303023027,SIFC,Trisul Securities & Invt. Ltd.,Neev Securities Pvt. Ltd.,153,579.3,88632.9,2025-07-23 13:41:57.396376
2025-07-23,58353,2025072303023028,SIFC,Trisul Securities & Invt. Ltd.,Nepal Stock House (PVT) Ltd.,50,580.0,29000.0,2025-07-23 13:41:57.396420
2025-07-23,58326,2025072303023036,SIFC,Trisul Securities & Invt. Ltd.,Dynamic Money Managers Securities Pvt. Ltd.,10,580.0,5800.0,2025-07-23 13:42:01.507563
2025-07-23,58199,2025072303023089,SIFC,Trisul Securities & Invt. Ltd.,Dynamic Money Managers Securities Pvt. Ltd.,15,580.0,8700.0,2025-07-23 13:42:18.339105
2025-07-23,58177,2025072303023094,SIFC,Trisul Securities & Invt. Ltd.,Linch Stock Market Ltd.,15,580.0,8700.0,2025-07-23 13:42:20.521480
2025-07-23,58024,2025072303023149,SIFC,Trisul Securities & Invt. Ltd.,Thrive Brokerage House Pvt. Ltd,157,580.0,91060.0,2025-07-23 13:42:39.878794
2025-07-23,58023,2025072303023150,SIFC,Investment Management Nepal Pvt. Ltd.,Thrive Brokerage House Pvt. Ltd,43,580.0,24940.0,2025-07-23 13:42:39.878921
2025-07-23,57887,2025072303023205,SIFC,Investment Management Nepal Pvt. Ltd.,Cristal Kanchanjanga Securites Pvt. Ltd.,100,580.0,58000.0,2025-07-23 13:42:55.336214
2025-07-23,57819,2025072303023222,SIFC,Investment Management Nepal Pvt. Ltd.,Dynamic Money Managers Securities Pvt. Ltd.,10,580.0,5800.0,2025-07-23 13:43:05.374460
2025-07-23,57782,2025072303023228,SIFC,Malla & Malla Stock Broking Company Pvt. Limited,Dynamic Money Managers Securities Pvt. Ltd.,10,581.0,5810.0,2025-07-23 13:43:09.813707
2025-07-23,57574,2025072303023328,SIFC,Malla & Malla Stock Broking Company Pvt. Limited,Dynamic Money Managers Securities Pvt. Ltd.,10,582.0,5820.0,2025-07-23 13:43:28.006378
2025-07-23,57355,2025072303023387,SIFC,Malla & Malla Stock Broking Company Pvt. Limited,Dynamic Money Managers Securities Pvt. Ltd.,10,583.0,5830.0,2025-07-23 13:43:46.241165
2025-07-23,57289,2025072303023412,SIFC,Naasa Securities Co. Ltd.,Aryatara Investment & Securities,100,581.5,58150.0,2025-07-23 13:43:55.838357
2025-07-23,57288,2025072303023413,SIFC,Naasa Securities Co. Ltd.,Cristal Kanchanjanga Securites Pvt. Ltd.,50,583.0,29150.0,2025-07-23 13:43:55.838606
2025-07-23,57287,2025072303023414,SIFC,Naasa Securities Co. Ltd.,Dynamic Money Managers Securities Pvt. Ltd.,10,583.1,5831.0,2025-07-23 13:43:55.838749
2025-07-23,57286,2025072303023415,SIFC,Naasa Securities Co. Ltd.,Dynamic Money Managers Securities Pvt. Ltd.,10,583.2,5832.0,2025-07-23 13:43:55.838883
2025-07-23,57285,2025072303023416,SIFC,Naasa Securities Co. Ltd.,Dynamic Money Managers Securities Pvt. Ltd.,10,583.3,5833.0,2025-07-23 13:43:55.839016
2025-07-23,57284,2025072303023417,SIFC,Naasa Securities Co. Ltd.,Dynamic Money Managers Securities Pvt. Ltd.,10,583.4,5834.0,2025-07-23 13:43:55.839167
2025-07-23,57283,2025072303023418,SIFC,Naasa Securities Co. Ltd.,Dynamic Money Managers Securities Pvt. Ltd.,10,583.5,5835.0,2025-07-23 13:43:55.839292
2025-07-23,57282,2025072303023419,SIFC,Naasa Securities Co. Ltd.,Dynamic Money Managers Securities Pvt. Ltd.,10,583.6,5836.0,2025-07-23 13:43:55.839423
2025-07-23,57281,2025072303023420,SIFC,Naasa Securities Co. Ltd.,Dynamic Money Managers Securities Pvt. Ltd.,10,583.7,5837.0,2025-07-23 13:43:55.839544
2025-07-23,57280,2025072303023421,SIFC,Naasa Securities Co. Ltd.,Dynamic Money Managers Securities Pvt. Ltd.,10,583.8,5838.0,2025-07-23 13:43:55.839683
2025-07-23,57279,2025072303023422,SIFC,Naasa Securities Co. Ltd.,Dynamic Money Managers Securities Pvt. Ltd.,10,583.9,5839.0,2025-07-23 13:43:55.839808
2025-07-23,57278,2025072303023423,SIFC,Naasa Securities Co. Ltd.,Dynamic Money Managers Securities Pvt. Ltd.,15,584.0,8760.0,2025-07-23 13:43:55.839928
2025-07-23,57277,2025072303023424,SIFC,Naasa Securities Co. Ltd.,Secured Securities Ltd.,25,584.0,14600.0,2025-07-23 13:43:55.840066
2025-07-23,57262,2025072303023433,SIFC,Deevyaa Securities & Stock House Pvt. Ltd,Dynamic Money Managers Securities Pvt. Ltd.,15,581.0,8715.0,2025-07-23 13:43:58.837282
2025-07-23,57199,2025072303023456,SIFC,Opal Securities Investment (PVT) Ltd.,Linch Stock Market Ltd.,30,583.0,17490.0,2025-07-23 13:44:05.227232
2025-07-23,57148,2025072303023465,SIFC,Kohinoor Investment & Securities Pvt. Ltd.,Dynamic Money Managers Securities Pvt. Ltd.,10,583.9,5839.0,2025-07-23 13:44:11.892673
2025-07-23,57147,2025072303023466,SIFC,Kohinoor Investment & Securities Pvt. Ltd.,Secured Securities Ltd.,471,584.0,275064.0,2025-07-23 13:44:11.892888
2025-07-23,57146,2025072303023467,SIFC,Kohinoor Investment & Securities Pvt. Ltd.,Linch Stock Market Ltd.,184,584.0,107456.0,2025-07-23 13:44:11.893020
2025-07-23,57017,2025072303023496,SIFC,Kohinoor Investment & Securities Pvt. Ltd.,Dynamic Money Managers Securities Pvt. Ltd.,10,584.9,5849.0,2025-07-23 13:44:22.839267
2025-07-23,57016,2025072303023497,SIFC,Kohinoor Investment & Securities Pvt. Ltd.,Vision Securities Pvt. Ltd,10,585.0,5850.0,2025-07-23 13:44:22.839375
2025-07-23,57015,2025072303023498,SIFC,Kohinoor Investment & Securities Pvt. Ltd.,Siprabi Securities Pvt. Ltd.,507,585.0,296595.0,2025-07-23 13:44:22.839430
2025-07-23,57014,2025072303023499,SIFC,Kohinoor Investment & Securities Pvt. Ltd.,Neev Securities Pvt. Ltd.,160,585.0,93600.0,2025-07-23 13:44:22.839476
2025-07-23,57013,2025072303023500,SIFC,Kohinoor Investment & Securities Pvt. Ltd.,Midas Stock Broking Company Private Limited,100,585.0,58500.0,2025-07-23 13:44:22.839524
2025-07-23,56967,2025072303023520,SIFC,Kohinoor Investment & Securities Pvt. Ltd.,Dynamic Money Managers Securities Pvt. Ltd.,10,585.0,5850.0,2025-07-23 13:44:28.368495
2025-07-23,56729,2025072303023593,SIFC,Kohinoor Investment & Securities Pvt. Ltd.,Cristal Kanchanjanga Securites Pvt. Ltd.,50,585.0,29250.0,2025-07-23 13:44:52.824542
2025-07-23,56639,2025072303023623,SIFC,Kohinoor Investment & Securities Pvt. Ltd.,Asian Securities Private Ltd.,20,585.0,11700.0,2025-07-23 13:45:02.605074
2025-07-23,56568,2025072303023637,SIFC,Kohinoor Investment & Securities Pvt. Ltd.,Sewa Securities Pvt. Ltd.,50,585.0,29250.0,2025-07-23 13:45:10.100530
2025-07-23,56400,2025072303023695,SIFC,Kohinoor Investment & Securities Pvt. Ltd.,Dynamic Money Managers Securities Pvt. Ltd.,15,585.0,8775.0,2025-07-23 13:45:24.768279
2025-07-23,56295,2025072303023722,SIFC,Kohinoor Investment & Securities Pvt. Ltd.,BHOLE GANESH SECURITIES LTD,403,585.0,235755.0,2025-07-23 13:45:35.379487
2025-07-23,56294,2025072303023723,SIFC,Asian Securities Private Ltd.,BHOLE GANESH SECURITIES LTD,287,585.0,167895.0,2025-07-23 13:45:35.379617
2025-07-23,56188,2025072303023755,SIFC,Dipshikha Dhitopatra Karobar Co. Pvt Ltd.,Dynamic Money Managers Securities Pvt. Ltd.,13,585.1,7606.3,2025-07-23 13:45:44.697809
2025-07-23,56177,2025072303023762,SIFC,Dipshikha Dhitopatra Karobar Co. Pvt Ltd.,Naasa Securities Co. Ltd.,287,585.1,167923.7,2025-07-23 13:45:46.247548
2025-07-23,56176,2025072303023763,SIFC,Asian Securities Private Ltd.,Naasa Securities Co. Ltd.,13,585.0,7605.0,2025-07-23 13:45:46.247682
2025-07-23,55977,2025072303023845,SIFC,Cristal Kanchanjanga Securites Pvt. Ltd.,Naasa Securities Co. Ltd.,123,585.0,71955.0,2025-07-23 13:46:02.080220
2025-07-23,55780,2025072303023921,SIFC,Cristal Kanchanjanga Securites Pvt. Ltd.,Cristal Kanchanjanga Securites Pvt. Ltd.,50,585.0,29250.0,2025-07-23 13:46:18.671011
2025-07-23,55599,2025072303023965,SIFC,Cristal Kanchanjanga Securites Pvt. Ltd.,Online Securities Pvt. Ltd.,30,585.0,17550.0,2025-07-23 13:46:27.227337
2025-07-23,55470,2025072303023998,SIFC,Trisul Securities & Invt. Ltd.,Bhrikuti Stock Broking Co. Pvt. Ltd.,2,575.0,1150.0,2025-07-23 13:46:39.783637
2025-07-23,55364,2025072303024034,SIFC,Cristal Kanchanjanga Securites Pvt. Ltd.,Imperial Securities Company Pvt. Ltd.,200,585.0,117000.0,2025-07-23 13:46:55.307759
2025-07-23,55344,2025072303024042,SIFC,Cristal Kanchanjanga Securites Pvt. Ltd.,BHOLE GANESH SECURITIES LTD,97,585.0,56745.0,2025-07-23 13:46:56.117682
2025-07-23,55275,2025072303024052,SIFC,Aryatara Investment & Securities,BHOLE GANESH SECURITIES LTD,183,585.0,107055.0,2025-07-23 13:47:01.768678
2025-07-23,55274,2025072303024053,SIFC,Aryatara Investment & Securities,Dynamic Money Managers Securities Pvt. Ltd.,15,586.0,8790.0,2025-07-23 13:47:01.768795
2025-07-23,55126,2025072303024103,SIFC,Aryatara Investment & Securities,BHOLE GANESH SECURITIES LTD,290,586.0,169940.0,2025-07-23 13:47:14.382554
2025-07-23,54650,2025072303024276,SIFC,Aryatara Investment & Securities,Vision Securities Pvt. Ltd,12,586.0,7032.0,2025-07-23 13:47:56.231101
2025-07-23,54649,2025072303024277,SIFC,Arun Securities (PVT) Ltd.,Vision Securities Pvt. Ltd,88,586.0,51568.0,2025-07-23 13:47:56.231242
2025-07-23,54583,2025072303024299,SIFC,Arun Securities (PVT) Ltd.,Sundhara Securities Limited,12,586.0,7032.0,2025-07-23 13:48:04.180684
2025-07-23,54432,2025072303024363,SIFC,Kohinoor Investment & Securities Pvt. Ltd.,Trishakti Securities Public Limited,200,585.0,117000.0,2025-07-23 13:48:18.458657
2025-07-23,53823,2025072303024482,SIFC,Naasa Securities Co. Ltd.,Trishakti Securities Public Limited,25,584.0,14600.0,2025-07-23 13:49:04.276827
2025-07-23,53822,2025072303024483,SIFC,Opal Securities Investment (PVT) Ltd.,Trishakti Securities Public Limited,30,583.0,17490.0,2025-07-23 13:49:04.276943
2025-07-23,53821,2025072303024484,SIFC,Dipshikha Dhitopatra Karobar Co. Pvt Ltd.,Trishakti Securities Public Limited,500,582.0,291000.0,2025-07-23 13:49:04.276991
2025-07-23,53719,2025072303024510,SIFC,Deevyaa Securities & Stock House Pvt. Ltd,Naasa Securities Co. Ltd.,25,581.0,14525.0,2025-07-23 13:49:11.485731
2025-07-23,53672,2025072303024519,SIFC,Deevyaa Securities & Stock House Pvt. Ltd,Sani Securities Company Ltd.,110,581.0,63910.0,2025-07-23 13:49:18.318242
2025-07-23,53661,2025072303024525,SIFC,Deevyaa Securities & Stock House Pvt. Ltd,BHOLE GANESH SECURITIES LTD,250,581.0,145250.0,2025-07-23 13:49:19.044417
2025-07-23,53660,2025072303024526,SIFC,Investment Management Nepal Pvt. Ltd.,BHOLE GANESH SECURITIES LTD,347,580.0,201260.0,2025-07-23 13:49:19.044539
2025-07-23,53659,2025072303024527,SIFC,Aryatara Investment & Securities,BHOLE GANESH SECURITIES LTD,10,580.0,5800.0,2025-07-23 13:49:19.044598
2025-07-23,53381,2025072303024595,SIFC,Vision Securities Pvt. Ltd,Dynamic Money Managers Securities Pvt. Ltd.,20,581.0,11620.0,2025-07-23 13:49:40.312043
2025-07-23,53253,2025072303024630,SIFC,Cristal Kanchanjanga Securites Pvt. Ltd.,Online Securities Pvt. Ltd.,250,577.1,144275.0,2025-07-23 13:49:49.217765
2025-07-23,53087,2025072303024681,SIFC,Investment Management Nepal Pvt. Ltd.,Siprabi Securities Pvt. Ltd.,128,577.0,73856.0,2025-07-23 13:50:05.351130
2025-07-23,52714,2025072303024803,SIFC,Cristal Kanchanjanga Securites Pvt. Ltd.,Naasa Securities Co. Ltd.,110,573.0,63030.0,2025-07-23 13:50:36.417985
2025-07-23,52713,2025072303024804,SIFC,Blue Chip Securities Ltd,Naasa Securities Co. Ltd.,150,570.0,85500.0,2025-07-23 13:50:36.418327
2025-07-23,52712,2025072303024805,SIFC,Malla & Malla Stock Broking Company Pvt. Limited,Naasa Securities Co. Ltd.,500,570.0,285000.0,2025-07-23 13:50:36.418560
2025-07-23,52506,2025072303024866,SIFC,Market Securities & Exchange (PVT) Ltd.,Siprabi Securities Pvt. Ltd.,22,569.0,12518.0,2025-07-23 13:50:52.408217
2025-07-23,52441,2025072303024888,SIFC,Market Securities & Exchange (PVT) Ltd.,Naasa Securities Co. Ltd.,215,569.0,122335.0,2025-07-23 13:51:00.524385
2025-07-23,52041,2025072303024981,SIFC,Siprabi Securities Pvt. Ltd.,Asian Securities Private Ltd.,10,570.0,5700.0,2025-07-23 13:51:39.944724
2025-07-23,51608,2025072303025060,SIFC,Dynamic Money Managers Securities Pvt. Ltd.,Asian Securities Private Ltd.,10,570.0,5700.0,2025-07-23 13:52:07.766688
2025-07-23,50892,2025072303025255,SIFC,Vision Securities Pvt. Ltd,BHOLE GANESH SECURITIES LTD,10,570.1,5701.0,2025-07-23 13:53:00.705489
2025-07-23,50891,2025072303025256,SIFC,Dynamic Money Managers Securities Pvt. Ltd.,BHOLE GANESH SECURITIES LTD,490,570.0,279300.0,2025-07-23 13:53:00.705613
2025-07-23,50681,2025072303025314,SIFC,Sharepro Securities Private Limited,BHOLE GANESH SECURITIES LTD,200,569.1,113820.0,2025-07-23 13:53:16.566613
2025-07-23,50680,2025072303025315,SIFC,Market Securities & Exchange (PVT) Ltd.,BHOLE GANESH SECURITIES LTD,63,569.0,35847.0,2025-07-23 13:53:16.566778
2025-07-23,50679,2025072303025316,SIFC,Kohinoor Investment & Securities Pvt. Ltd.,BHOLE GANESH SECURITIES LTD,287,569.0,163303.0,2025-07-23 13:53:16.566862
2025-07-23,50592,2025072303025349,SIFC,Naasa Securities Co. Ltd.,Indira securities pvt. ltd,350,570.0,199500.0,2025-07-23 13:53:25.880469
2025-07-23,50591,2025072303025350,SIFC,Kohinoor Investment & Securities Pvt. Ltd.,Indira securities pvt. ltd,213,569.0,121197.0,2025-07-23 13:53:25.880716
2025-07-23,50568,2025072303025363,SIFC,Infinity Securities Limited,Indira securities pvt. ltd,437,569.0,248653.0,2025-07-23 13:53:27.114339
2025-07-23,49425,2025072303025621,SIFC,Dynamic Money Managers Securities Pvt. Ltd.,Kohinoor Investment & Securities Pvt. Ltd.,100,571.0,57100.0,2025-07-23 13:55:10.965467
2025-07-23,49294,2025072303025668,SIFC,Dynamic Money Managers Securities Pvt. Ltd.,Naasa Securities Co. Ltd.,150,571.0,85650.0,2025-07-23 13:55:24.045086
2025-07-23,49187,2025072303025695,SIFC,SHUBHAKAMANA SECURITIES PVT. LTD,BHOLE GANESH SECURITIES LTD,90,570.1,51309.0,2025-07-23 13:55:34.425658
2025-07-23,49029,2025072303025732,SIFC,SHUBHAKAMANA SECURITIES PVT. LTD,Trishakti Securities Public Limited,10,570.1,5701.0,2025-07-23 13:55:49.400404
2025-07-23,48942,2025072303025744,SIFC,Neev Securities Pvt. Ltd.,Swarna Laxmi Securities Pvt. Ltd.,1,562.0,562.0,2025-07-23 13:55:57.200922
2025-07-23,48763,2025072303025815,SIFC,Trisul Securities & Invt. Ltd.,Capital Max Securities Ltd,1,559.0,559.0,2025-07-23 13:56:10.570588
2025-07-23,48737,2025072303025826,SIFC,Malla & Malla Stock Broking Company Pvt. Limited,Trisul Securities & Invt. Ltd.,40,570.0,22800.0,2025-07-23 13:56:11.623785
2025-07-23,48736,2025072303025827,SIFC,Nepal Investment And Securities Trading Private Limited,Trisul Securities & Invt. Ltd.,210,568.0,119280.0,2025-07-23 13:56:11.623927
2025-07-23,48735,2025072303025828,SIFC,Neev Securities Pvt. Ltd.,Kumari Securities Private Limited,1,560.0,560.0,2025-07-23 13:56:11.769055
2025-07-23,48456,2025072303025918,SIFC,Trisul Securities & Invt. Ltd.,J.F. Securites (PVT) Ltd.,1,557.0,557.0,2025-07-23 13:56:33.903290
2025-07-23,48349,2025072303025938,SIFC,Neev Securities Pvt. Ltd.,Oxford Securities Pvt. Ltd.,1,558.1,558.1,2025-07-23 13:56:41.653657
2025-07-23,48192,2025072303025993,SIFC,Nepal Investment And Securities Trading Private Limited,Linch Stock Market Ltd.,10,568.0,5680.0,2025-07-23 13:56:50.167895
2025-07-23,48055,2025072303026018,SIFC,Sani Securities Company Ltd.,Capital Max Securities Ltd,50,569.0,28450.0,2025-07-23 13:57:04.912226
2025-07-23,48048,2025072303026020,SIFC,Sani Securities Company Ltd.,Online Securities Pvt. Ltd.,10,569.0,5690.0,2025-07-23 13:57:06.033778
2025-07-23,47920,2025072303026051,SIFC,Sani Securities Company Ltd.,Naasa Securities Co. Ltd.,70,569.0,39830.0,2025-07-23 13:57:16.705366
2025-07-23,47880,2025072303026072,SIFC,Sani Securities Company Ltd.,BHOLE GANESH SECURITIES LTD,360,569.0,204840.0,2025-07-23 13:57:17.264150
2025-07-23,47879,2025072303026073,SIFC,Naasa Securities Co. Ltd.,BHOLE GANESH SECURITIES LTD,10,568.1,5681.0,2025-07-23 13:57:17.264290
2025-07-23,47878,2025072303026074,SIFC,Nepal Investment And Securities Trading Private Limited,BHOLE GANESH SECURITIES LTD,30,568.0,17040.0,2025-07-23 13:57:17.264352
2025-07-23,47877,2025072303026075,SIFC,Dipshikha Dhitopatra Karobar Co. Pvt Ltd.,BHOLE GANESH SECURITIES LTD,80,568.0,45440.0,2025-07-23 13:57:17.264411
2025-07-23,47728,2025072303026108,SIFC,Dipshikha Dhitopatra Karobar Co. Pvt Ltd.,Siprabi Securities Pvt. Ltd.,20,568.0,11360.0,2025-07-23 13:57:31.725589
2025-07-23,47717,2025072303026109,SIFC,Infinity Securities Limited,BHOLE GANESH SECURITIES LTD,229,567.2,129888.8,2025-07-23 13:57:32.261172
2025-07-23,47605,2025072303026127,SIFC,Infinity Securities Limited,Indira securities pvt. ltd,334,567.2,189444.8,2025-07-23 13:57:40.447229
2025-07-23,47604,2025072303026128,SIFC,SUN SECURITIES PVT LTD,Indira securities pvt. ltd,66,567.2,37435.2,2025-07-23 13:57:40.447375
2025-07-23,46767,2025072303026288,SIFC,SUN SECURITIES PVT LTD,Siprabi Securities Pvt. Ltd.,100,567.2,56720.0,2025-07-23 13:58:55.920508
2025-07-23,46427,2025072303026380,SIFC,Dipshikha Dhitopatra Karobar Co. Pvt Ltd.,Siprabi Securities Pvt. Ltd.,18,568.0,10224.0,2025-07-23 13:59:22.544315
2025-07-23,46301,2025072303026396,SIFC,SUN SECURITIES PVT LTD,Naasa Securities Co. Ltd.,500,567.2,283600.0,2025-07-23 13:59:36.834639
2025-07-23,45845,2025072303026505,SIFC,Arun Securities (PVT) Ltd.,Siprabi Securities Pvt. Ltd.,100,568.0,56800.0,2025-07-23 14:00:15.517284
2025-07-23,45773,2025072303026524,SIFC,Dipshikha Dhitopatra Karobar Co. Pvt Ltd.,Siprabi Securities Pvt. Ltd.,61,568.0,34648.0,2025-07-23 14:00:21.914876
2025-07-23,45315,2025072303026615,SIFC,Online Securities Pvt. Ltd.,Neev Securities Pvt. Ltd.,200,572.0,114400.0,2025-07-23 14:01:14.031113
2025-07-23,43409,2025072303027091,SIFC,Trisul Securities & Invt. Ltd.,Naasa Securities Co. Ltd.,2,571.0,1142.0,2025-07-23 14:04:30.231544
2025-07-23,42804,2025072303027207,SIFC,Trisul Securities & Invt. Ltd.,South Asian Bulls Pvt. Ltd.,3,575.0,1725.0,2025-07-23 14:05:47.008421
2025-07-23,41092,2025072303027654,SIFC,Naasa Securities Co. Ltd.,Nepal Stock House (PVT) Ltd.,10,570.0,5700.0,2025-07-23 14:08:52.846193
2025-07-23,41091,2025072303027655,SIFC,Malla & Malla Stock Broking Company Pvt. Limited,Nepal Stock House (PVT) Ltd.,150,570.0,85500.0,2025-07-23 14:08:52.846394
2025-07-23,40852,2025072303027715,SIFC,Kohinoor Investment & Securities Pvt. Ltd.,Sani Securities Company Ltd.,100,568.2,56820.0,2025-07-23 14:09:22.982043
2025-07-23,40812,2025072303027720,SIFC,Online Securities Pvt. Ltd.,Nepal Stock House (PVT) Ltd.,40,570.0,22800.0,2025-07-23 14:09:27.540425
2025-07-23,40811,2025072303027721,SIFC,Online Securities Pvt. Ltd.,Vision Securities Pvt. Ltd,460,570.0,262200.0,2025-07-23 14:09:27.540589
2025-07-23,40196,2025072303027843,SIFC,Kohinoor Investment & Securities Pvt. Ltd.,Nepal Stock House (PVT) Ltd.,300,568.2,170460.0,2025-07-23 14:10:32.226712
2025-07-23,39760,2025072303027955,SIFC,Opal Securities Investment (PVT) Ltd.,Vision Securities Pvt. Ltd,300,570.0,171000.0,2025-07-23 14:11:29.729413
2025-07-23,38998,2025072303028131,SIFC,Opal Securities Investment (PVT) Ltd.,Vision Securities Pvt. Ltd,200,570.0,114000.0,2025-07-23 14:12:53.898102
2025-07-23,38942,2025072303028157,SIFC,MILKY WAY SHARE BROKER COMPANY LTD ,Vision Securities Pvt. Ltd,40,570.0,22800.0,2025-07-23 14:13:01.149232
2025-07-23,37621,2025072303028530,SIFC,Imperial Securities Company Pvt. Ltd.,Imperial Securities Company Pvt. Ltd.,10,571.0,5710.0,2025-07-23 14:14:43.721009
2025-07-23,37620,2025072303028531,SIFC,Imperial Securities Company Pvt. Ltd.,Trisul Securities & Invt. Ltd.,20,571.0,11420.0,2025-07-23 14:14:43.721183
2025-07-23,37159,2025072303028613,SIFC,Imperial Securities Company Pvt. Ltd.,Asian Securities Private Ltd.,10,571.0,5710.0,2025-07-23 14:15:16.498741
2025-07-23,37158,2025072303028614,SIFC,Opal Securities Investment (PVT) Ltd.,Asian Securities Private Ltd.,20,571.0,11420.0,2025-07-23 14:15:16.498901
2025-07-23,36610,2025072303028766,SIFC,Sani Securities Company Ltd.,Linch Stock Market Ltd.,113,572.0,64636.0,2025-07-23 14:15:56.582906
2025-07-23,36452,2025072303028808,SIFC,KALASH STOCK MARKET PVT. LTD.,J.F. Securites (PVT) Ltd.,347,574.5,199351.5,2025-07-23 14:16:08.464224
2025-07-23,36451,2025072303028809,SIFC,KALASH STOCK MARKET PVT. LTD.,Trishakti Securities Public Limited,35,574.8,20118.0,2025-07-23 14:16:08.464586
2025-07-23,36450,2025072303028810,SIFC,KALASH STOCK MARKET PVT. LTD.,Vision Securities Pvt. Ltd,118,575.0,67850.0,2025-07-23 14:16:08.464784
2025-07-23,36182,2025072303028875,SIFC,Cristal Kanchanjanga Securites Pvt. Ltd.,Vision Securities Pvt. Ltd,1000,574.0,574000.0,2025-07-23 14:16:26.115476
2025-07-23,35968,2025072303028904,SIFC,MILKY WAY SHARE BROKER COMPANY LTD ,Vision Securities Pvt. Ltd,800,575.0,460000.0,2025-07-23 14:16:37.563654
2025-07-23,35690,2025072303028950,SIFC,Sani Securities Company Ltd.,Vision Securities Pvt. Ltd,82,575.0,47150.0,2025-07-23 14:16:57.784048
2025-07-23,35689,2025072303028951,SIFC,Sani Securities Company Ltd.,Kohinoor Investment & Securities Pvt. Ltd.,250,575.0,143750.0,2025-07-23 14:16:57.784217
2025-07-23,35688,2025072303028952,SIFC,Sani Securities Company Ltd.,Market Securities & Exchange (PVT) Ltd.,10,575.0,5750.0,2025-07-23 14:16:57.784288
2025-07-23,35602,2025072303028974,SIFC,Sanima Securities Limited,South Asian Bulls Pvt. Ltd.,500,576.0,288000.0,2025-07-23 14:17:05.415057
2025-07-23,35601,2025072303028975,SIFC,Sanima Securities Limited,Investment Management Nepal Pvt. Ltd.,200,576.0,115200.0,2025-07-23 14:17:05.415220
2025-07-23,35600,2025072303028976,SIFC,Sanima Securities Limited,Naasa Securities Co. Ltd.,204,576.0,117504.0,2025-07-23 14:17:05.415285
2025-07-23,34599,2025072303029193,SIFC,Opal Securities Investment (PVT) Ltd.,Sani Securities Company Ltd.,50,576.1,28805.0,2025-07-23 14:18:10.758536
2025-07-23,34598,2025072303029194,SIFC,Nepal Investment And Securities Trading Private Limited,Sani Securities Company Ltd.,50,576.0,28800.0,2025-07-23 14:18:10.758698
2025-07-23,33608,2025072303029464,SIFC,S.P.S.A. Securities Limited,Indira securities pvt. ltd,500,576.3,288150.0,2025-07-23 14:19:36.080409
2025-07-23,33496,2025072303029471,SIFC,Sani Securities Company Ltd.,Sewa Securities Pvt. Ltd.,5,576.0,2880.0,2025-07-23 14:19:44.256813
2025-07-23,33383,2025072303029508,SIFC,Nepal Investment And Securities Trading Private Limited,Indira securities pvt. ltd,150,576.0,86400.0,2025-07-23 14:19:55.015332
2025-07-23,33318,2025072303029536,SIFC,Vision Securities Pvt. Ltd,Dynamic Money Managers Securities Pvt. Ltd.,10,577.9,5779.0,2025-07-23 14:20:01.498632
2025-07-23,33317,2025072303029537,SIFC,Vision Securities Pvt. Ltd,Dynamic Money Managers Securities Pvt. Ltd.,10,577.9,5779.0,2025-07-23 14:20:01.498811
2025-07-23,33316,2025072303029538,SIFC,Vision Securities Pvt. Ltd,Trisul Securities & Invt. Ltd.,80,578.4,46272.0,2025-07-23 14:20:01.498903
2025-07-23,33038,2025072303029594,SIFC,Vision Securities Pvt. Ltd,Indira securities pvt. ltd,10,575.0,5750.0,2025-07-23 14:20:25.372954
2025-07-23,32947,2025072303029606,SIFC,Vision Securities Pvt. Ltd,Vision Securities Pvt. Ltd,290,575.0,166750.0,2025-07-23 14:20:36.444278
2025-07-23,30563,2025072303030090,SIFC,Sumeru Securities Pvt. Ltd.,Vision Securities Pvt. Ltd,203,575.0,116725.0,2025-07-23 14:24:10.456244
2025-07-23,30002,2025072303030228,SIFC,Vision Securities Pvt. Ltd,Trisul Securities & Invt. Ltd.,200,578.2,115640.0,2025-07-23 14:25:08.975477
2025-07-23,28282,2025072303030674,SIFC,Creative Securities Pvt Ltd,Dynamic Money Managers Securities Pvt. Ltd.,100,576.1,57610.0,2025-07-23 14:27:38.385177
2025-07-23,27885,2025072303030819,SIFC,Online Securities Pvt. Ltd.,Trisul Securities & Invt. Ltd.,320,578.2,185024.0,2025-07-23 14:28:16.701106
2025-07-23,27884,2025072303030820,SIFC,Online Securities Pvt. Ltd.,Secured Securities Ltd.,100,578.2,57820.0,2025-07-23 14:28:16.701418
2025-07-23,27883,2025072303030821,SIFC,Online Securities Pvt. Ltd.,Vision Securities Pvt. Ltd,500,578.3,289150.0,2025-07-23 14:28:16.701616
2025-07-23,27882,2025072303030822,SIFC,Online Securities Pvt. Ltd.,Vision Securities Pvt. Ltd,80,578.5,46280.0,2025-07-23 14:28:16.701795
2025-07-23,27556,2025072303030898,SIFC,Naasa Securities Co. Ltd.,Vision Securities Pvt. Ltd,200,578.5,115700.0,2025-07-23 14:28:43.223572
2025-07-23,27415,2025072303030962,SIFC,S.P.S.A. Securities Limited,Indira securities pvt. ltd,340,576.1,195874.0,2025-07-23 14:28:58.427814
2025-07-23,27410,2025072303030963,SIFC,Thrive Brokerage House Pvt. Ltd,Vision Securities Pvt. Ltd,100,578.5,57850.0,2025-07-23 14:28:58.958582
2025-07-23,27310,2025072303031003,SIFC,Naasa Securities Co. Ltd.,Vision Securities Pvt. Ltd,120,578.5,69420.0,2025-07-23 14:29:15.157745
2025-07-23,27138,2025072303031066,SIFC,Sharepro Securities Private Limited,SUN SECURITIES PVT LTD,100,578.0,57800.0,2025-07-23 14:29:33.731755
2025-07-23,24672,2025072303031558,SIFC,Imperial Securities Company Pvt. Ltd.,Online Securities Pvt. Ltd.,100,578.5,57850.0,2025-07-23 14:33:29.170753
2025-07-23,24671,2025072303031559,SIFC,Imperial Securities Company Pvt. Ltd.,Cristal Kanchanjanga Securites Pvt. Ltd.,100,578.5,57850.0,2025-07-23 14:33:29.170933
2025-07-23,23303,2025072303031864,SIFC,Bhrikuti Stock Broking Co. Pvt. Ltd.,Primo Securities (PVT) Ltd.,15,578.9,8683.5,2025-07-23 14:35:46.464599
2025-07-23,23302,2025072303031865,SIFC,Bhrikuti Stock Broking Co. Pvt. Ltd.,Agrawal Securities (PVT) Ltd.,95,579.0,55005.0,2025-07-23 14:35:46.464959
2025-07-23,22453,2025072303032037,SIFC,Vision Securities Pvt. Ltd,Kalika Securities Pvt. Ltd.,100,577.1,57710.0,2025-07-23 14:36:59.787716
2025-07-23,22157,2025072303032087,SIFC,Creative Securities Pvt Ltd,Linch Stock Market Ltd.,1,576.0,576.0,2025-07-23 14:37:22.447000
2025-07-23,21699,2025072303032168,SIFC,Midas Stock Broking Company Private Limited,J.F. Securites (PVT) Ltd.,95,577.1,54824.5,2025-07-23 14:37:55.493791
2025-07-23,21264,2025072303032233,SIFC,S.P.S.A. Securities Limited,Kohinoor Investment & Securities Pvt. Ltd.,100,576.1,57610.0,2025-07-23 14:38:20.821770
2025-07-23,21076,2025072303032274,SIFC,S.P.S.A. Securities Limited,SUN SECURITIES PVT LTD,60,576.1,34566.0,2025-07-23 14:38:30.243108
2025-07-23,21075,2025072303032275,SIFC,Naasa Securities Co. Ltd.,SUN SECURITIES PVT LTD,30,576.0,17280.0,2025-07-23 14:38:30.243494
2025-07-23,21074,2025072303032276,SIFC,Thrive Brokerage House Pvt. Ltd,SUN SECURITIES PVT LTD,910,575.0,523250.0,2025-07-23 14:38:30.243837
2025-07-23,20839,2025072303032332,SIFC,Thrive Brokerage House Pvt. Ltd,Ashutosh Brokerage & Securities (PVT) Ltd.,90,575.0,51750.0,2025-07-23 14:38:42.446982
2025-07-23,20838,2025072303032333,SIFC,South Asian Bulls Pvt. Ltd.,Ashutosh Brokerage & Securities (PVT) Ltd.,90,573.7,51633.0,2025-07-23 14:38:42.447201
2025-07-23,20837,2025072303032334,SIFC,Vision Securities Pvt. Ltd,Ashutosh Brokerage & Securities (PVT) Ltd.,220,573.0,126060.0,2025-07-23 14:38:42.447287
2025-07-23,20187,2025072303032445,SIFC,Arun Securities (PVT) Ltd.,Kalika Securities Pvt. Ltd.,200,574.0,114800.0,2025-07-23 14:39:29.390971
2025-07-23,19770,2025072303032531,SIFC,Arun Securities (PVT) Ltd.,Imperial Securities Company Pvt. Ltd.,40,574.0,22960.0,2025-07-23 14:39:57.543691
2025-07-23,19582,2025072303032568,SIFC,Arun Securities (PVT) Ltd.,SUN SECURITIES PVT LTD,260,574.0,149240.0,2025-07-23 14:40:12.777504
2025-07-23,19581,2025072303032569,SIFC,Vision Securities Pvt. Ltd,SUN SECURITIES PVT LTD,280,573.0,160440.0,2025-07-23 14:40:12.777686
2025-07-23,19580,2025072303032570,SIFC,Vision Securities Pvt. Ltd,SUN SECURITIES PVT LTD,205,573.0,117465.0,2025-07-23 14:40:12.777756
2025-07-23,19147,2025072303032668,SIFC,Vision Securities Pvt. Ltd,Aryatara Investment & Securities,95,573.0,54435.0,2025-07-23 14:40:44.138510
2025-07-23,19146,2025072303032669,SIFC,ABC Securities Private Limited,Aryatara Investment & Securities,50,573.0,28650.0,2025-07-23 14:40:44.138554
2025-07-23,19145,2025072303032670,SIFC,Midas Stock Broking Company Private Limited,Aryatara Investment & Securities,355,572.0,203060.0,2025-07-23 14:40:44.138582
2025-07-23,19005,2025072303032699,SIFC,Midas Stock Broking Company Private Limited,Sani Securities Company Ltd.,100,572.0,57200.0,2025-07-23 14:40:55.759328
2025-07-23,18018,2025072303032946,SIFC,Midas Stock Broking Company Private Limited,Vision Securities Pvt. Ltd,30,572.0,17160.0,2025-07-23 14:42:17.737174
2025-07-23,17140,2025072303033142,SIFC,ABC Securities Private Limited,Deevyaa Securities & Stock House Pvt. Ltd,95,573.0,54435.0,2025-07-23 14:43:31.082951
2025-07-23,15650,2025072303033434,SIFC,Midas Stock Broking Company Private Limited,Asian Securities Private Ltd.,293,572.0,167596.0,2025-07-23 14:45:41.646845
2025-07-23,15649,2025072303033435,SIFC,Naasa Securities Co. Ltd.,Asian Securities Private Ltd.,129,572.0,73788.0,2025-07-23 14:45:41.647033
2025-07-23,15190,2025072303033526,SIFC,Sani Securities Company Ltd.,Vision Securities Pvt. Ltd,50,572.9,28645.0,2025-07-23 14:46:25.623425
2025-07-23,14549,2025072303033636,SIFC,Sani Securities Company Ltd.,Vision Securities Pvt. Ltd,30,572.9,17187.0,2025-07-23 14:47:24.008625
2025-07-23,13746,2025072303033805,SIFC,Naasa Securities Co. Ltd.,Kalika Securities Pvt. Ltd.,12,572.0,6864.0,2025-07-23 14:48:40.097481
2025-07-23,13444,2025072303033897,SIFC,Vision Securities Pvt. Ltd,Vision Securities Pvt. Ltd,20,572.9,11458.0,2025-07-23 14:49:06.503922
2025-07-23,11486,2025072303034308,SIFC,Naasa Securities Co. Ltd.,Secured Securities Ltd.,82,573.0,46986.0,2025-07-23 14:51:46.165897
2025-07-23,11421,2025072303034323,SIFC,Oxford Securities Pvt. Ltd.,Secured Securities Ltd.,18,573.0,10314.0,2025-07-23 14:51:51.061233
2025-07-23,11420,2025072303034324,SIFC,Oxford Securities Pvt. Ltd.,Asian Securities Private Ltd.,10,573.0,5730.0,2025-07-23 14:51:51.061414
2025-07-23,11416,2025072303034325,SIFC,Oxford Securities Pvt. Ltd.,Sani Securities Company Ltd.,212,573.0,121476.0,2025-07-23 14:51:51.556780
2025-07-23,10537,2025072303034492,SIFC,Agrawal Securities (PVT) Ltd.,Secured Securities Ltd.,100,575.0,57500.0,2025-07-23 14:52:57.505747
2025-07-23,10534,2025072303034494,SIFC,Shree Krishna Securities Ltd.,Asian Securities Private Ltd.,10,573.1,5731.0,2025-07-23 14:52:58.500120
2025-07-23,8795,2025072303034939,SIFC,Shree Krishna Securities Ltd.,Imperial Securities Company Pvt. Ltd.,65,573.1,37251.5,2025-07-23 14:54:48.095657
2025-07-23,8615,2025072303034983,SIFC,Imperial Securities Company Pvt. Ltd.,Imperial Securities Company Pvt. Ltd.,50,573.1,28655.0,2025-07-23 14:54:57.171584
2025-07-23,8111,2025072303035116,SIFC,Imperial Securities Company Pvt. Ltd.,Imperial Securities Company Pvt. Ltd.,205,573.1,117485.5,2025-07-23 14:55:25.499584
2025-07-23,8027,2025072303035141,SIFC,Oxford Securities Pvt. Ltd.,Dipshikha Dhitopatra Karobar Co. Pvt Ltd.,260,573.0,148980.0,2025-07-23 14:55:29.015125
2025-07-23,7260,2025072303035336,SIFC,Creative Securities Pvt Ltd,Dipshikha Dhitopatra Karobar Co. Pvt Ltd.,15,573.1,8596.5,2025-07-23 14:56:05.124526
2025-07-23,6899,2025072303035390,SIFC,KALASH STOCK MARKET PVT. LTD.,Kumari Securities Private Limited,100,573.0,57300.0,2025-07-23 14:56:18.053534
2025-07-23,5284,2025072303035674,SIFC,Sani Securities Company Ltd.,Dynamic Money Managers Securities Pvt. Ltd.,55,573.1,31520.5,2025-07-23 14:57:31.835266
2025-07-23,4906,2025072303035743,SIFC,KALASH STOCK MARKET PVT. LTD.,Sani Securities Company Ltd.,100,573.0,57300.0,2025-07-23 14:57:41.545938
2025-07-23,4537,2025072303035833,SIFC,KALASH STOCK MARKET PVT. LTD.,Bhrikuti Stock Broking Co. Pvt. Ltd.,20,573.0,11460.0,2025-07-23 14:57:56.685718
2025-07-23,3813,2025072303035955,SIFC,KALASH STOCK MARKET PVT. LTD.,Kohinoor Investment & Securities Pvt. Ltd.,10,573.0,5730.0,2025-07-23 14:58:21.754524
2025-07-23,3463,2025072303036062,SIFC,KALASH STOCK MARKET PVT. LTD.,Investment Management Nepal Pvt. Ltd.,180,573.0,103140.0,2025-07-23 14:58:34.700394
2025-07-23,3165,2025072303036127,SIFC,KALASH STOCK MARKET PVT. LTD.,Imperial Securities Company Pvt. Ltd.,90,573.0,51570.0,2025-07-23 14:58:44.982957
2025-07-23,3134,2025072303036136,SIFC,Imperial Securities Company Pvt. Ltd.,Midas Stock Broking Company Private Limited,500,573.0,286500.0,2025-07-23 14:58:46.242308
2025-07-23,2589,2025072303036259,SIFC,Sundhara Securities Limited,Dynamic Money Managers Securities Pvt. Ltd.,500,573.1,286550.0,2025-07-23 14:59:04.835245
2025-07-23,1586,2025072303036457,SIFC,Aryatara Investment & Securities,Asian Securities Private Ltd.,45,572.0,25740.0,2025-07-23 14:59:29.724264
2025-07-23,1524,2025072303036466,SIFC,Creative Securities Pvt Ltd,Asian Securities Private Ltd.,10,573.0,5730.0,2025-07-23 14:59:31.448799
2025-07-23,1323,2025072303036516,SIFC,Sani Securities Company Ltd.,Asian Securities Private Ltd.,30,573.0,17190.0,2025-07-23 14:59:35.735071
2025-07-23,1322,2025072303036517,SIFC,Sani Securities Company Ltd.,Dynamic Money Managers Securities Pvt. Ltd.,125,573.1,71637.5,2025-07-23 14:59:35.735238
2025-07-23,445,2025072303036720,SIFC,ABC Securities Private Limited,Dynamic Money Managers Securities Pvt. Ltd.,100,573.1,57310.0,2025-07-23 14:59:52.653245
2025-07-23,424,2025072303036723,SIFC,Naasa Securities Co. Ltd.,Dynamic Money Managers Securities Pvt. Ltd.,238,573.1,136397.8,2025-07-23 14:59:52.998143
