Date,S.N.,contract_id,symbol,buyer_broker,seller_broker,volume,price,amount,transaction_time
2025-07-23,170215,2025072303000014,SINDU,Siprabi Securities Pvt. Ltd.,Asian Securities Private Ltd.,10,836.5,8365.0,2025-07-23 10:46:00.065876
2025-07-23,170214,2025072303000015,SINDU,Opal Securities Investment (PVT) Ltd.,Asian Securities Private Ltd.,10,836.5,8365.0,2025-07-23 10:46:00.065913
2025-07-23,169204,2025072303000143,SINDU,Agrawal Securities (PVT) Ltd.,Kohinoor Investment & Securities Pvt. Ltd.,10,840.0,8400.0,2025-07-23 11:01:49.800203
2025-07-23,169203,2025072303000144,SINDU,Opal Securities Investment (PVT) Ltd.,Kohinoor Investment & Securities Pvt. Ltd.,40,837.0,33480.0,2025-07-23 11:01:49.800269
2025-07-23,168620,2025072303000229,SINDU,Imperial Securities Company Pvt. Ltd.,Creative Securities Pvt Ltd,100,836.0,83600.0,2025-07-23 11:02:43.072176
2025-07-23,168619,2025072303000230,SINDU,Imperial Securities Company Pvt. Ltd.,Creative Securities Pvt Ltd,150,836.0,125400.0,2025-07-23 11:02:43.072293
2025-07-23,168494,2025072303000256,SINDU,Online Securities Pvt. Ltd.,Creative Securities Pvt Ltd,50,836.0,41800.0,2025-07-23 11:02:50.973012
2025-07-23,167863,2025072303000373,SINDU,Online Securities Pvt. Ltd.,Creative Securities Pvt Ltd,200,836.0,167200.0,2025-07-23 11:03:40.488224
2025-07-23,167862,2025072303000374,SINDU,Online Securities Pvt. Ltd.,Kohinoor Investment & Securities Pvt. Ltd.,50,836.0,41800.0,2025-07-23 11:03:40.488282
2025-07-23,167353,2025072303000466,SINDU,Naasa Securities Co. Ltd.,Kumari Securities Private Limited,50,850.0,42500.0,2025-07-23 11:04:22.763610
2025-07-23,166660,2025072303000599,SINDU,Vision Securities Pvt. Ltd,Naasa Securities Co. Ltd.,200,849.0,169800.0,2025-07-23 11:05:10.414803
2025-07-23,165874,2025072303000745,SINDU,Nabil Stock Dealer Ltd.,Naasa Securities Co. Ltd.,10,849.0,8490.0,2025-07-23 11:06:06.370844
2025-07-23,164931,2025072303000944,SINDU,Malla & Malla Stock Broking Company Pvt. Limited,Creative Securities Pvt Ltd,50,836.1,41805.0,2025-07-23 11:07:12.938550
2025-07-23,164930,2025072303000945,SINDU,Online Securities Pvt. Ltd.,Creative Securities Pvt Ltd,30,836.0,25080.0,2025-07-23 11:07:12.938616
2025-07-23,164929,2025072303000946,SINDU,Sharepro Securities Private Limited,Creative Securities Pvt Ltd,20,836.0,16720.0,2025-07-23 11:07:12.938647
2025-07-23,164928,2025072303000947,SINDU,Premier Securities Company Ltd.,Creative Securities Pvt Ltd,70,836.0,58520.0,2025-07-23 11:07:12.938681
2025-07-23,164315,2025072303001058,SINDU,Online Securities Pvt. Ltd.,Vision Securities Pvt. Ltd,10,847.0,8470.0,2025-07-23 11:07:50.958131
2025-07-23,163632,2025072303001182,SINDU,Kalika Securities Pvt. Ltd.,Linch Stock Market Ltd.,100,846.0,84600.0,2025-07-23 11:08:39.143566
2025-07-23,163631,2025072303001183,SINDU,Kalika Securities Pvt. Ltd.,Vision Securities Pvt. Ltd,90,847.0,76230.0,2025-07-23 11:08:39.143631
2025-07-23,163630,2025072303001184,SINDU,Kalika Securities Pvt. Ltd.,Naasa Securities Co. Ltd.,10,847.0,8470.0,2025-07-23 11:08:39.143666
2025-07-23,162898,2025072303001337,SINDU,Premier Securities Company Ltd.,Imperial Securities Company Pvt. Ltd.,30,836.0,25080.0,2025-07-23 11:09:33.321311
2025-07-23,162897,2025072303001338,SINDU,Blue Chip Securities Ltd,Imperial Securities Company Pvt. Ltd.,100,836.0,83600.0,2025-07-23 11:09:33.321349
2025-07-23,162896,2025072303001339,SINDU,Investment Management Nepal Pvt. Ltd.,Imperial Securities Company Pvt. Ltd.,500,836.0,418000.0,2025-07-23 11:09:33.321374
2025-07-23,162895,2025072303001340,SINDU,Secured Securities Ltd.,Imperial Securities Company Pvt. Ltd.,10,836.0,8360.0,2025-07-23 11:09:33.321396
2025-07-23,160928,2025072303001712,SINDU,Imperial Securities Company Pvt. Ltd.,Midas Stock Broking Company Private Limited,400,845.9,338360.0,2025-07-23 11:11:32.459031
2025-07-23,160927,2025072303001713,SINDU,Imperial Securities Company Pvt. Ltd.,J.F. Securites (PVT) Ltd.,50,846.0,42300.0,2025-07-23 11:11:32.459111
2025-07-23,160926,2025072303001714,SINDU,Imperial Securities Company Pvt. Ltd.,Naasa Securities Co. Ltd.,50,846.0,42300.0,2025-07-23 11:11:32.459159
2025-07-23,155605,2025072303002833,SINDU,Malla & Malla Stock Broking Company Pvt. Limited,Naasa Securities Co. Ltd.,50,832.1,41605.0,2025-07-23 11:16:29.572430
2025-07-23,155604,2025072303002834,SINDU,Midas Stock Broking Company Private Limited,Naasa Securities Co. Ltd.,200,832.0,166400.0,2025-07-23 11:16:29.572490
2025-07-23,155603,2025072303002835,SINDU,Imperial Securities Company Pvt. Ltd.,Naasa Securities Co. Ltd.,50,832.0,41600.0,2025-07-23 11:16:29.572517
2025-07-23,155296,2025072303002892,SINDU,Online Securities Pvt. Ltd.,Online Securities Pvt. Ltd.,20,831.2,16624.0,2025-07-23 11:16:45.137908
2025-07-23,155295,2025072303002893,SINDU,ABC Securities Private Limited,Online Securities Pvt. Ltd.,50,831.0,41550.0,2025-07-23 11:16:45.138006
2025-07-23,155294,2025072303002894,SINDU,Online Securities Pvt. Ltd.,Online Securities Pvt. Ltd.,50,830.1,41505.0,2025-07-23 11:16:45.138061
2025-07-23,155293,2025072303002895,SINDU,Sani Securities Company Ltd.,Online Securities Pvt. Ltd.,60,830.0,49800.0,2025-07-23 11:16:45.138098
2025-07-23,155292,2025072303002896,SINDU,Vision Securities Pvt. Ltd,Online Securities Pvt. Ltd.,28,830.0,23240.0,2025-07-23 11:16:45.138140
2025-07-23,150249,2025072303003889,SINDU,Naasa Securities Co. Ltd.,Online Securities Pvt. Ltd.,309,830.0,256470.0,2025-07-23 11:20:47.962699
2025-07-23,150248,2025072303003890,SINDU,Naasa Securities Co. Ltd.,Global IME Securities Limited,100,830.0,83000.0,2025-07-23 11:20:47.962794
2025-07-23,150247,2025072303003891,SINDU,Naasa Securities Co. Ltd.,Naasa Securities Co. Ltd.,15,830.0,12450.0,2025-07-23 11:20:47.962848
2025-07-23,150246,2025072303003892,SINDU,Naasa Securities Co. Ltd.,Neev Securities Pvt. Ltd.,30,830.0,24900.0,2025-07-23 11:20:47.962890
2025-07-23,148903,2025072303004095,SINDU,Kumari Securities Private Limited,Asian Securities Private Ltd.,20,831.0,16620.0,2025-07-23 11:21:33.886530
2025-07-23,148902,2025072303004096,SINDU,Malla & Malla Stock Broking Company Pvt. Limited,Asian Securities Private Ltd.,50,830.1,41505.0,2025-07-23 11:21:33.886655
2025-07-23,148901,2025072303004097,SINDU,Naasa Securities Co. Ltd.,Asian Securities Private Ltd.,46,830.0,38180.0,2025-07-23 11:21:33.886709
2025-07-23,148900,2025072303004098,SINDU,Linch Stock Market Ltd.,Asian Securities Private Ltd.,100,830.0,83000.0,2025-07-23 11:21:33.886754
2025-07-23,148899,2025072303004099,SINDU,Imperial Securities Company Pvt. Ltd.,Asian Securities Private Ltd.,210,825.5,173355.0,2025-07-23 11:21:33.886796
2025-07-23,148898,2025072303004100,SINDU,Indira securities pvt. ltd,Asian Securities Private Ltd.,10,825.5,8255.0,2025-07-23 11:21:33.886835
2025-07-23,148897,2025072303004101,SINDU,Sweta Securities Private Limited,Asian Securities Private Ltd.,50,825.1,41255.0,2025-07-23 11:21:33.886875
2025-07-23,148896,2025072303004102,SINDU,Online Securities Pvt. Ltd.,Asian Securities Private Ltd.,300,825.0,247500.0,2025-07-23 11:21:33.886914
2025-07-23,148314,2025072303004221,SINDU,Online Securities Pvt. Ltd.,Asian Securities Private Ltd.,10,825.0,8250.0,2025-07-23 11:21:54.318769
2025-07-23,146915,2025072303004462,SINDU,Imperial Securities Company Pvt. Ltd.,Secured Securities Ltd.,30,835.0,25050.0,2025-07-23 11:22:49.455322
2025-07-23,145301,2025072303004688,SINDU,Secured Securities Ltd.,Sani Securities Company Ltd.,20,840.0,16800.0,2025-07-23 11:23:53.010698
2025-07-23,143018,2025072303004962,SINDU,Sani Securities Company Ltd.,Naasa Securities Co. Ltd.,259,840.0,217560.0,2025-07-23 11:25:53.379012
2025-07-23,142372,2025072303005029,SINDU,Sani Securities Company Ltd.,Imperial Securities Company Pvt. Ltd.,71,840.0,59640.0,2025-07-23 11:26:25.176405
2025-07-23,140111,2025072303005411,SINDU,Naasa Securities Co. Ltd.,Siprabi Securities Pvt. Ltd.,25,840.0,21000.0,2025-07-23 11:28:43.209015
2025-07-23,140004,2025072303005426,SINDU,Naasa Securities Co. Ltd.,Roadshow securities limited,125,840.0,105000.0,2025-07-23 11:28:47.251766
2025-07-23,138885,2025072303005621,SINDU,Aryatara Investment & Securities,Roadshow securities limited,125,840.0,105000.0,2025-07-23 11:30:06.623607
2025-07-23,138884,2025072303005622,SINDU,Aryatara Investment & Securities,Sani Securities Company Ltd.,30,840.0,25200.0,2025-07-23 11:30:06.623716
2025-07-23,138883,2025072303005623,SINDU,Aryatara Investment & Securities,Sundhara Securities Limited,100,843.9,84390.0,2025-07-23 11:30:06.623764
2025-07-23,138882,2025072303005624,SINDU,Aryatara Investment & Securities,Vision Securities Pvt. Ltd,240,844.0,202560.0,2025-07-23 11:30:06.623812
2025-07-23,138881,2025072303005625,SINDU,Aryatara Investment & Securities,Nepal Investment And Securities Trading Private Limited,50,845.0,42250.0,2025-07-23 11:30:06.623859
2025-07-23,138880,2025072303005626,SINDU,Aryatara Investment & Securities,ABC Securities Private Limited,455,845.0,384475.0,2025-07-23 11:30:06.623904
2025-07-23,136908,2025072303005946,SINDU,Sweta Securities Private Limited,Imperial Securities Company Pvt. Ltd.,100,844.0,84400.0,2025-07-23 11:32:22.247848
2025-07-23,136907,2025072303005947,SINDU,Sweta Securities Private Limited,Bhrikuti Stock Broking Co. Pvt. Ltd.,100,845.0,84500.0,2025-07-23 11:32:22.247961
2025-07-23,136906,2025072303005948,SINDU,Sweta Securities Private Limited,Naasa Securities Co. Ltd.,30,845.0,25350.0,2025-07-23 11:32:22.248010
2025-07-23,135675,2025072303006208,SINDU,Imperial Securities Company Pvt. Ltd.,Naasa Securities Co. Ltd.,20,840.0,16800.0,2025-07-23 11:33:44.898876
2025-07-23,134343,2025072303006452,SINDU,Dakshinkali Investment & Securities Pvt. Ltd.,Asian Securities Private Ltd.,50,840.0,42000.0,2025-07-23 11:34:56.285941
2025-07-23,134342,2025072303006453,SINDU,Dakshinkali Investment & Securities Pvt. Ltd.,Imperial Securities Company Pvt. Ltd.,30,844.0,25320.0,2025-07-23 11:34:56.286190
2025-07-23,134030,2025072303006500,SINDU,Dakshinkali Investment & Securities Pvt. Ltd.,Imperial Securities Company Pvt. Ltd.,50,844.0,42200.0,2025-07-23 11:35:15.263089
2025-07-23,134029,2025072303006501,SINDU,Dakshinkali Investment & Securities Pvt. Ltd.,Market Securities & Exchange (PVT) Ltd.,100,844.0,84400.0,2025-07-23 11:35:15.263349
2025-07-23,134028,2025072303006502,SINDU,Dakshinkali Investment & Securities Pvt. Ltd.,Pragyan Securities (PVT) Ltd.,40,844.9,33796.0,2025-07-23 11:35:15.263495
2025-07-23,134027,2025072303006503,SINDU,Dakshinkali Investment & Securities Pvt. Ltd.,Online Securities Pvt. Ltd.,100,844.9,84490.0,2025-07-23 11:35:15.263639
2025-07-23,134026,2025072303006504,SINDU,Dakshinkali Investment & Securities Pvt. Ltd.,Dipshikha Dhitopatra Karobar Co. Pvt Ltd.,110,845.0,92950.0,2025-07-23 11:35:15.263776
2025-07-23,131029,2025072303007114,SINDU,Aryatara Investment & Securities,Malla & Malla Stock Broking Company Pvt. Limited,500,840.0,420000.0,2025-07-23 11:38:32.757696
2025-07-23,130722,2025072303007171,SINDU,Sundhara Securities Limited,Premier Securities Company Ltd.,25,839.5,20987.5,2025-07-23 11:38:59.944945
2025-07-23,130280,2025072303007267,SINDU,Sundhara Securities Limited,Malla & Malla Stock Broking Company Pvt. Limited,65,839.5,54567.5,2025-07-23 11:39:33.409137
2025-07-23,130279,2025072303007268,SINDU,Sundhara Securities Limited,Malla & Malla Stock Broking Company Pvt. Limited,10,839.0,8390.0,2025-07-23 11:39:33.409257
2025-07-23,129422,2025072303007446,SINDU,Nepal Stock House (PVT) Ltd.,Naasa Securities Co. Ltd.,10,838.0,8380.0,2025-07-23 11:40:45.811657
2025-07-23,129142,2025072303007483,SINDU,ABC Securities Private Limited,Nepal Investment And Securities Trading Private Limited,15,837.0,12555.0,2025-07-23 11:41:12.217522
2025-07-23,128888,2025072303007511,SINDU,Sewa Securities Pvt. Ltd.,Deevyaa Securities & Stock House Pvt. Ltd,200,838.1,167620.0,2025-07-23 11:41:39.090785
2025-07-23,128498,2025072303007568,SINDU,Sani Securities Company Ltd.,Malla & Malla Stock Broking Company Pvt. Limited,25,839.0,20975.0,2025-07-23 11:42:08.994762
2025-07-23,127739,2025072303007730,SINDU,Online Securities Pvt. Ltd.,Sani Securities Company Ltd.,100,840.0,84000.0,2025-07-23 11:43:13.823355
2025-07-23,127277,2025072303007830,SINDU,Sani Securities Company Ltd.,Aryatara Investment & Securities,10,839.0,8390.0,2025-07-23 11:43:57.338850
2025-07-23,127152,2025072303007863,SINDU,Sani Securities Company Ltd.,Nepal Investment And Securities Trading Private Limited,32,839.0,26848.0,2025-07-23 11:44:10.015956
2025-07-23,127042,2025072303007894,SINDU,Sani Securities Company Ltd.,Sani Securities Company Ltd.,19,839.0,15941.0,2025-07-23 11:44:17.768836
2025-07-23,126019,2025072303008066,SINDU,ABC Securities Private Limited,Deevyaa Securities & Stock House Pvt. Ltd,10,837.0,8370.0,2025-07-23 11:45:43.120829
2025-07-23,126018,2025072303008067,SINDU,Naasa Securities Co. Ltd.,Deevyaa Securities & Stock House Pvt. Ltd,10,837.0,8370.0,2025-07-23 11:45:43.120955
2025-07-23,123478,2025072303008465,SINDU,Deevyaa Securities & Stock House Pvt. Ltd,Naasa Securities Co. Ltd.,500,835.2,417600.0,2025-07-23 11:49:01.388464
2025-07-23,123300,2025072303008489,SINDU,Deevyaa Securities & Stock House Pvt. Ltd,Naasa Securities Co. Ltd.,300,835.2,250560.0,2025-07-23 11:49:15.547398
2025-07-23,122781,2025072303008536,SINDU,Nepal Investment And Securities Trading Private Limited,Aryatara Investment & Securities,500,836.0,418000.0,2025-07-23 11:49:58.662429
2025-07-23,121250,2025072303008765,SINDU,Investment Management Nepal Pvt. Ltd.,Sani Securities Company Ltd.,74,836.0,61864.0,2025-07-23 11:52:04.936572
2025-07-23,119587,2025072303009014,SINDU,Kumari Securities Private Limited,Sani Securities Company Ltd.,200,840.0,168000.0,2025-07-23 11:54:28.707189
2025-07-23,119586,2025072303009015,SINDU,Kumari Securities Private Limited,Dipshikha Dhitopatra Karobar Co. Pvt Ltd.,600,840.0,504000.0,2025-07-23 11:54:28.707474
2025-07-23,116959,2025072303009373,SINDU,Sweta Securities Private Limited,Dipshikha Dhitopatra Karobar Co. Pvt Ltd.,270,840.0,226800.0,2025-07-23 11:57:35.043869
2025-07-23,116661,2025072303009450,SINDU,Imperial Securities Company Pvt. Ltd.,Dipshikha Dhitopatra Karobar Co. Pvt Ltd.,20,840.0,16800.0,2025-07-23 11:58:07.609060
2025-07-23,116660,2025072303009451,SINDU,Imperial Securities Company Pvt. Ltd.,Premier Securities Company Ltd.,20,840.0,16800.0,2025-07-23 11:58:07.609222
2025-07-23,116659,2025072303009452,SINDU,Imperial Securities Company Pvt. Ltd.,Sani Securities Company Ltd.,60,840.0,50400.0,2025-07-23 11:58:07.609284
2025-07-23,116196,2025072303009534,SINDU,Imperial Securities Company Pvt. Ltd.,Naasa Securities Co. Ltd.,10,839.9,8399.0,2025-07-23 11:58:48.863243
2025-07-23,115904,2025072303009580,SINDU,Imperial Securities Company Pvt. Ltd.,Aryatara Investment & Securities,40,839.9,33596.0,2025-07-23 11:59:13.451891
2025-07-23,115097,2025072303009692,SINDU,Ashutosh Brokerage & Securities (PVT) Ltd.,Sani Securities Company Ltd.,190,840.0,159600.0,2025-07-23 12:00:28.528764
2025-07-23,115096,2025072303009693,SINDU,Ashutosh Brokerage & Securities (PVT) Ltd.,Sundhara Securities Limited,90,840.0,75600.0,2025-07-23 12:00:28.529008
2025-07-23,111457,2025072303010328,SINDU,Naasa Securities Co. Ltd.,Malla & Malla Stock Broking Company Pvt. Limited,2,829.0,1658.0,2025-07-23 12:06:18.804804
2025-07-23,111060,2025072303010394,SINDU,Siprabi Securities Pvt. Ltd.,Sani Securities Company Ltd.,20,836.0,16720.0,2025-07-23 12:06:56.267519
2025-07-23,111059,2025072303010395,SINDU,Malla & Malla Stock Broking Company Pvt. Limited,Sani Securities Company Ltd.,50,835.4,41770.0,2025-07-23 12:06:56.267675
2025-07-23,111058,2025072303010396,SINDU,Deevyaa Securities & Stock House Pvt. Ltd,Sani Securities Company Ltd.,200,835.2,167040.0,2025-07-23 12:06:56.267734
2025-07-23,111057,2025072303010397,SINDU,Imperial Securities Company Pvt. Ltd.,Sani Securities Company Ltd.,20,835.0,16700.0,2025-07-23 12:06:56.267792
2025-07-23,111056,2025072303010398,SINDU,Online Securities Pvt. Ltd.,Sani Securities Company Ltd.,80,835.0,66800.0,2025-07-23 12:06:56.267847
2025-07-23,111055,2025072303010399,SINDU,Vision Securities Pvt. Ltd,Sani Securities Company Ltd.,200,835.0,167000.0,2025-07-23 12:06:56.267900
2025-07-23,110741,2025072303010442,SINDU,Online Securities Pvt. Ltd.,Vision Securities Pvt. Ltd,20,830.1,16602.0,2025-07-23 12:07:29.073131
2025-07-23,109365,2025072303010747,SINDU,Naasa Securities Co. Ltd.,Market Securities & Exchange (PVT) Ltd.,10,830.1,8301.0,2025-07-23 12:09:43.970134
2025-07-23,108353,2025072303010961,SINDU,Naasa Securities Co. Ltd.,Vision Securities Pvt. Ltd,70,831.1,58177.0,2025-07-23 12:11:13.172800
2025-07-23,108352,2025072303010962,SINDU,Naasa Securities Co. Ltd.,Vision Securities Pvt. Ltd,40,831.0,33240.0,2025-07-23 12:11:13.172958
2025-07-23,108351,2025072303010963,SINDU,Sani Securities Company Ltd.,Vision Securities Pvt. Ltd,50,830.2,41510.0,2025-07-23 12:11:13.173021
2025-07-23,108350,2025072303010964,SINDU,Kumari Securities Private Limited,Vision Securities Pvt. Ltd,20,830.0,16600.0,2025-07-23 12:11:13.173085
2025-07-23,108349,2025072303010965,SINDU,Investment Management Nepal Pvt. Ltd.,Vision Securities Pvt. Ltd,50,830.0,41500.0,2025-07-23 12:11:13.173139
2025-07-23,108348,2025072303010966,SINDU,Kohinoor Investment & Securities Pvt. Ltd.,Vision Securities Pvt. Ltd,70,830.0,58100.0,2025-07-23 12:11:13.173199
2025-07-23,107023,2025072303011282,SINDU,Kohinoor Investment & Securities Pvt. Ltd.,Kumari Securities Private Limited,344,830.0,285520.0,2025-07-23 12:12:45.604485
2025-07-23,105829,2025072303011518,SINDU,Vision Securities Pvt. Ltd,Naasa Securities Co. Ltd.,10,830.1,8301.0,2025-07-23 12:14:30.201020
2025-07-23,105828,2025072303011519,SINDU,Kohinoor Investment & Securities Pvt. Ltd.,Naasa Securities Co. Ltd.,86,830.0,71380.0,2025-07-23 12:14:30.201179
2025-07-23,105827,2025072303011520,SINDU,Opal Securities Investment (PVT) Ltd.,Naasa Securities Co. Ltd.,20,830.0,16600.0,2025-07-23 12:14:30.201243
2025-07-23,105826,2025072303011521,SINDU,Premier Securities Company Ltd.,Naasa Securities Co. Ltd.,84,830.0,69720.0,2025-07-23 12:14:30.201299
2025-07-23,104693,2025072303011782,SINDU,Premier Securities Company Ltd.,Naasa Securities Co. Ltd.,16,830.0,13280.0,2025-07-23 12:16:06.892800
2025-07-23,103707,2025072303011987,SINDU,Linch Stock Market Ltd.,Naasa Securities Co. Ltd.,74,829.0,61346.0,2025-07-23 12:17:29.857673
2025-07-23,103316,2025072303012108,SINDU,Sewa Securities Pvt. Ltd.,Investment Management Nepal Pvt. Ltd.,10,830.0,8300.0,2025-07-23 12:18:03.327186
2025-07-23,102266,2025072303012340,SINDU,Kohinoor Investment & Securities Pvt. Ltd.,Vision Securities Pvt. Ltd,12,834.0,10008.0,2025-07-23 12:19:25.880321
2025-07-23,101672,2025072303012496,SINDU,Imperial Securities Company Pvt. Ltd.,Naasa Securities Co. Ltd.,10,830.1,8301.0,2025-07-23 12:20:17.474159
2025-07-23,101671,2025072303012497,SINDU,Sewa Securities Pvt. Ltd.,Naasa Securities Co. Ltd.,10,830.0,8300.0,2025-07-23 12:20:17.474206
2025-07-23,101670,2025072303012498,SINDU,Linch Stock Market Ltd.,Naasa Securities Co. Ltd.,250,829.0,207250.0,2025-07-23 12:20:17.474235
2025-07-23,101311,2025072303012577,SINDU,Linch Stock Market Ltd.,Sumeru Securities Pvt. Ltd.,76,829.0,63004.0,2025-07-23 12:20:48.051070
2025-07-23,101026,2025072303012642,SINDU,Aryatara Investment & Securities,Dipshikha Dhitopatra Karobar Co. Pvt Ltd.,50,829.0,41450.0,2025-07-23 12:21:16.772673
2025-07-23,99216,2025072303013107,SINDU,Aakashbhairab Securities Ltd.,Aryatara Investment & Securities,9,815.0,7335.0,2025-07-23 12:23:41.870130
2025-07-23,96801,2025072303013763,SINDU,Naasa Securities Co. Ltd.,Blue Chip Securities Ltd,10,825.7,8257.0,2025-07-23 12:27:15.528168
2025-07-23,96800,2025072303013764,SINDU,Online Securities Pvt. Ltd.,Blue Chip Securities Ltd,10,825.6,8256.0,2025-07-23 12:27:15.528317
2025-07-23,96799,2025072303013765,SINDU,Premier Securities Company Ltd.,Blue Chip Securities Ltd,50,825.5,41275.0,2025-07-23 12:27:15.528382
2025-07-23,96798,2025072303013766,SINDU,Online Securities Pvt. Ltd.,Blue Chip Securities Ltd,300,825.0,247500.0,2025-07-23 12:27:15.528440
2025-07-23,96444,2025072303013865,SINDU,Nepal Stock House (PVT) Ltd.,J.F. Securites (PVT) Ltd.,6,825.0,4950.0,2025-07-23 12:27:53.370011
2025-07-23,96386,2025072303013881,SINDU,Naasa Securities Co. Ltd.,Kohinoor Investment & Securities Pvt. Ltd.,10,824.0,8240.0,2025-07-23 12:28:01.369980
2025-07-23,96385,2025072303013882,SINDU,Naasa Securities Co. Ltd.,Kohinoor Investment & Securities Pvt. Ltd.,100,824.0,82400.0,2025-07-23 12:28:01.370305
2025-07-23,96278,2025072303013896,SINDU,Linch Stock Market Ltd.,Naasa Securities Co. Ltd.,250,823.2,205800.0,2025-07-23 12:28:11.936940
2025-07-23,96008,2025072303013964,SINDU,Linch Stock Market Ltd.,Naasa Securities Co. Ltd.,110,823.2,90552.0,2025-07-23 12:28:42.796856
2025-07-23,95957,2025072303013973,SINDU,Sewa Securities Pvt. Ltd.,Kohinoor Investment & Securities Pvt. Ltd.,10,824.0,8240.0,2025-07-23 12:28:48.910840
2025-07-23,95683,2025072303014045,SINDU,Linch Stock Market Ltd.,Blue Chip Securities Ltd,140,823.2,115248.0,2025-07-23 12:29:12.321639
2025-07-23,95682,2025072303014046,SINDU,Imperial Securities Company Pvt. Ltd.,Blue Chip Securities Ltd,90,823.1,74079.0,2025-07-23 12:29:12.321915
2025-07-23,95472,2025072303014092,SINDU,Imperial Securities Company Pvt. Ltd.,Aryatara Investment & Securities,60,823.1,49386.0,2025-07-23 12:29:35.826162
2025-07-23,95418,2025072303014113,SINDU,Imperial Securities Company Pvt. Ltd.,Blue Chip Securities Ltd,330,823.1,271623.0,2025-07-23 12:29:41.338582
2025-07-23,95417,2025072303014114,SINDU,Kalika Securities Pvt. Ltd.,Blue Chip Securities Ltd,20,823.0,16460.0,2025-07-23 12:29:41.338727
2025-07-23,95416,2025072303014115,SINDU,Sri Hari Securities Pvt. Ltd.,Blue Chip Securities Ltd,13,823.0,10699.0,2025-07-23 12:29:41.338811
2025-07-23,95415,2025072303014116,SINDU,Sundhara Securities Limited,Blue Chip Securities Ltd,30,823.0,24690.0,2025-07-23 12:29:41.338876
2025-07-23,95338,2025072303014130,SINDU,SUN SECURITIES PVT LTD,Market Securities & Exchange (PVT) Ltd.,100,822.3,82230.0,2025-07-23 12:29:50.401434
2025-07-23,95121,2025072303014192,SINDU,SUN SECURITIES PVT LTD,Kohinoor Investment & Securities Pvt. Ltd.,78,822.3,64139.4,2025-07-23 12:30:13.609430
2025-07-23,95062,2025072303014209,SINDU,SUN SECURITIES PVT LTD,Vision Securities Pvt. Ltd,88,822.3,72362.4,2025-07-23 12:30:23.012790
2025-07-23,94949,2025072303014251,SINDU,SUN SECURITIES PVT LTD,Imperial Securities Company Pvt. Ltd.,38,822.3,31247.4,2025-07-23 12:30:34.672715
2025-07-23,94948,2025072303014252,SINDU,Malla & Malla Stock Broking Company Pvt. Limited,Imperial Securities Company Pvt. Ltd.,100,822.2,82220.0,2025-07-23 12:30:34.672819
2025-07-23,94947,2025072303014253,SINDU,Swarna Laxmi Securities Pvt. Ltd.,Imperial Securities Company Pvt. Ltd.,30,822.1,24663.0,2025-07-23 12:30:34.672890
2025-07-23,94946,2025072303014254,SINDU,Naasa Securities Co. Ltd.,Imperial Securities Company Pvt. Ltd.,20,822.1,16442.0,2025-07-23 12:30:34.672963
2025-07-23,94945,2025072303014255,SINDU,Investment Management Nepal Pvt. Ltd.,Imperial Securities Company Pvt. Ltd.,200,822.0,164400.0,2025-07-23 12:30:34.673054
2025-07-23,94944,2025072303014256,SINDU,Secured Securities Ltd.,Imperial Securities Company Pvt. Ltd.,100,822.0,82200.0,2025-07-23 12:30:34.673131
2025-07-23,94943,2025072303014257,SINDU,Nepal Investment And Securities Trading Private Limited,Imperial Securities Company Pvt. Ltd.,10,821.1,8211.0,2025-07-23 12:30:34.673226
2025-07-23,94942,2025072303014258,SINDU,Vision Securities Pvt. Ltd,Imperial Securities Company Pvt. Ltd.,400,821.0,328400.0,2025-07-23 12:30:34.673298
2025-07-23,94941,2025072303014259,SINDU,Cristal Kanchanjanga Securites Pvt. Ltd.,Imperial Securities Company Pvt. Ltd.,50,820.0,41000.0,2025-07-23 12:30:34.673353
2025-07-23,94940,2025072303014260,SINDU,Bhrikuti Stock Broking Co. Pvt. Ltd.,Imperial Securities Company Pvt. Ltd.,50,820.0,41000.0,2025-07-23 12:30:34.673403
2025-07-23,94939,2025072303014261,SINDU,Aryatara Investment & Securities,Imperial Securities Company Pvt. Ltd.,100,820.0,82000.0,2025-07-23 12:30:34.673468
2025-07-23,94938,2025072303014262,SINDU,Capital Max Securities Ltd,Imperial Securities Company Pvt. Ltd.,191,820.0,156620.0,2025-07-23 12:30:34.673536
2025-07-23,94768,2025072303014304,SINDU,Sani Securities Company Ltd.,Blue Chip Securities Ltd,50,820.0,41000.0,2025-07-23 12:30:54.884431
2025-07-23,94767,2025072303014305,SINDU,Sweta Securities Private Limited,Blue Chip Securities Ltd,40,820.0,32800.0,2025-07-23 12:30:54.884558
2025-07-23,94009,2025072303014477,SINDU,Vision Securities Pvt. Ltd,Capital Max Securities Ltd,10,820.1,8201.0,2025-07-23 12:32:12.095876
2025-07-23,94008,2025072303014478,SINDU,Sweta Securities Private Limited,Capital Max Securities Ltd,60,820.0,49200.0,2025-07-23 12:32:12.095911
2025-07-23,94007,2025072303014479,SINDU,Deevyaa Securities & Stock House Pvt. Ltd,Capital Max Securities Ltd,10,820.0,8200.0,2025-07-23 12:32:12.095939
2025-07-23,94006,2025072303014480,SINDU,J.F. Securites (PVT) Ltd.,Capital Max Securities Ltd,20,820.0,16400.0,2025-07-23 12:32:12.095972
2025-07-23,93485,2025072303014590,SINDU,Neev Securities Pvt. Ltd.,Naasa Securities Co. Ltd.,100,825.0,82500.0,2025-07-23 12:33:12.625254
2025-07-23,90776,2025072303015112,SINDU,Sewa Securities Pvt. Ltd.,Bhrikuti Stock Broking Co. Pvt. Ltd.,200,823.9,164780.0,2025-07-23 12:38:24.905738
2025-07-23,90192,2025072303015230,SINDU,Vision Securities Pvt. Ltd,Naasa Securities Co. Ltd.,24,824.0,19776.0,2025-07-23 12:39:22.829531
2025-07-23,90019,2025072303015276,SINDU,Arun Securities (PVT) Ltd.,Naasa Securities Co. Ltd.,200,824.0,164800.0,2025-07-23 12:39:34.866793
2025-07-23,89304,2025072303015402,SINDU,Deevyaa Securities & Stock House Pvt. Ltd,Naasa Securities Co. Ltd.,92,824.0,75808.0,2025-07-23 12:40:50.004784
2025-07-23,89303,2025072303015403,SINDU,Deevyaa Securities & Stock House Pvt. Ltd,Sweta Securities Private Limited,98,824.0,80752.0,2025-07-23 12:40:50.005093
2025-07-23,88467,2025072303015540,SINDU,Nepal Investment And Securities Trading Private Limited,Capital Max Securities Ltd,102,822.0,83844.0,2025-07-23 12:42:19.630425
2025-07-23,87502,2025072303015765,SINDU,Linch Stock Market Ltd.,Kohinoor Investment & Securities Pvt. Ltd.,30,822.0,24660.0,2025-07-23 12:44:29.742975
2025-07-23,87323,2025072303015807,SINDU,Sewa Securities Pvt. Ltd.,Kohinoor Investment & Securities Pvt. Ltd.,20,822.0,16440.0,2025-07-23 12:44:53.403094
2025-07-23,87090,2025072303015851,SINDU,Aakashbhairab Securities Ltd.,Sweta Securities Private Limited,2,824.0,1648.0,2025-07-23 12:45:18.282046
2025-07-23,86671,2025072303015990,SINDU,Sani Securities Company Ltd.,Aryatara Investment & Securities,60,829.0,49740.0,2025-07-23 12:46:18.854805
2025-07-23,86650,2025072303015998,SINDU,Aryatara Investment & Securities,Secured Securities Ltd.,10,822.2,8222.0,2025-07-23 12:46:21.720775
2025-07-23,85689,2025072303016185,SINDU,Siprabi Securities Pvt. Ltd.,Aryatara Investment & Securities,27,829.0,22383.0,2025-07-23 12:48:07.638704
2025-07-23,85121,2025072303016279,SINDU,Oxford Securities Pvt. Ltd.,Aryatara Investment & Securities,163,829.0,135127.0,2025-07-23 12:49:06.883455
2025-07-23,85120,2025072303016280,SINDU,Oxford Securities Pvt. Ltd.,Aryatara Investment & Securities,80,829.0,66320.0,2025-07-23 12:49:06.883610
2025-07-23,85119,2025072303016281,SINDU,Oxford Securities Pvt. Ltd.,J.F. Securites (PVT) Ltd.,30,829.0,24870.0,2025-07-23 12:49:06.883669
2025-07-23,85118,2025072303016282,SINDU,Oxford Securities Pvt. Ltd.,Linch Stock Market Ltd.,180,830.0,149400.0,2025-07-23 12:49:06.883729
2025-07-23,82751,2025072303016632,SINDU,Oxford Securities Pvt. Ltd.,Sundhara Securities Limited,47,830.0,39010.0,2025-07-23 12:53:55.420977
2025-07-23,82750,2025072303016633,SINDU,Kumari Securities Private Limited,Sundhara Securities Limited,53,830.0,43990.0,2025-07-23 12:53:55.421198
2025-07-23,81214,2025072303016950,SINDU,Kumari Securities Private Limited,Malla & Malla Stock Broking Company Pvt. Limited,147,830.0,122010.0,2025-07-23 12:57:20.314419
2025-07-23,81213,2025072303016951,SINDU,Linch Stock Market Ltd.,Malla & Malla Stock Broking Company Pvt. Limited,43,830.0,35690.0,2025-07-23 12:57:20.314583
2025-07-23,79749,2025072303017232,SINDU,Linch Stock Market Ltd.,Nepal Investment And Securities Trading Private Limited,17,830.0,14110.0,2025-07-23 13:00:34.006774
2025-07-23,77248,2025072303017722,SINDU,Agrawal Securities (PVT) Ltd.,Shree Krishna Securities Ltd.,20,827.0,16540.0,2025-07-23 13:05:51.059748
2025-07-23,77247,2025072303017723,SINDU,Nepal Stock House (PVT) Ltd.,Shree Krishna Securities Ltd.,25,826.0,20650.0,2025-07-23 13:05:51.060069
2025-07-23,77246,2025072303017724,SINDU,Sani Securities Company Ltd.,Shree Krishna Securities Ltd.,100,826.0,82600.0,2025-07-23 13:05:51.060261
2025-07-23,77245,2025072303017725,SINDU,Aryatara Investment & Securities,Shree Krishna Securities Ltd.,290,825.1,239279.0,2025-07-23 13:05:51.060450
2025-07-23,77244,2025072303017726,SINDU,Naasa Securities Co. Ltd.,Shree Krishna Securities Ltd.,175,825.0,144375.0,2025-07-23 13:05:51.060646
2025-07-23,76255,2025072303017878,SINDU,Sundhara Securities Limited,Vision Securities Pvt. Ltd,10,826.0,8260.0,2025-07-23 13:07:44.093124
2025-07-23,76254,2025072303017879,SINDU,Aryatara Investment & Securities,Vision Securities Pvt. Ltd,90,826.0,74340.0,2025-07-23 13:07:44.093320
2025-07-23,74954,2025072303018220,SINDU,Aryatara Investment & Securities,Dynamic Money Managers Securities Pvt. Ltd.,100,825.3,82530.0,2025-07-23 13:10:09.182992
2025-07-23,73366,2025072303018559,SINDU,Aryatara Investment & Securities,Online Securities Pvt. Ltd.,150,825.3,123795.0,2025-07-23 13:13:27.599871
2025-07-23,73365,2025072303018560,SINDU,Sundhara Securities Limited,Online Securities Pvt. Ltd.,10,825.2,8252.0,2025-07-23 13:13:27.600053
2025-07-23,73297,2025072303018575,SINDU,Naasa Securities Co. Ltd.,Market Securities & Exchange (PVT) Ltd.,25,825.0,20625.0,2025-07-23 13:13:39.047630
2025-07-23,73296,2025072303018576,SINDU,Naasa Securities Co. Ltd.,Market Securities & Exchange (PVT) Ltd.,75,825.0,61875.0,2025-07-23 13:13:39.047934
2025-07-23,73156,2025072303018601,SINDU,Naasa Securities Co. Ltd.,Sundhara Securities Limited,30,825.0,24750.0,2025-07-23 13:13:54.671190
2025-07-23,73130,2025072303018607,SINDU,Sweta Securities Private Limited,Online Securities Pvt. Ltd.,30,825.1,24753.0,2025-07-23 13:13:57.002725
2025-07-23,72986,2025072303018667,SINDU,Sweta Securities Private Limited,Premier Securities Company Ltd.,120,825.1,99012.0,2025-07-23 13:14:08.769505
2025-07-23,72985,2025072303018668,SINDU,Naasa Securities Co. Ltd.,Premier Securities Company Ltd.,15,825.0,12375.0,2025-07-23 13:14:08.769549
2025-07-23,72984,2025072303018669,SINDU,Sani Securities Company Ltd.,Premier Securities Company Ltd.,100,825.0,82500.0,2025-07-23 13:14:08.769578
2025-07-23,72983,2025072303018670,SINDU,Kumari Securities Private Limited,Premier Securities Company Ltd.,200,825.0,165000.0,2025-07-23 13:14:08.769608
2025-07-23,72982,2025072303018671,SINDU,Online Securities Pvt. Ltd.,Premier Securities Company Ltd.,100,824.1,82410.0,2025-07-23 13:14:08.769638
2025-07-23,72981,2025072303018672,SINDU,Global IME Securities Limited,Premier Securities Company Ltd.,10,824.0,8240.0,2025-07-23 13:14:08.769672
2025-07-23,72980,2025072303018673,SINDU,Online Securities Pvt. Ltd.,Premier Securities Company Ltd.,53,823.0,43619.0,2025-07-23 13:14:08.769707
2025-07-23,72979,2025072303018674,SINDU,Dipshikha Dhitopatra Karobar Co. Pvt Ltd.,Premier Securities Company Ltd.,10,823.0,8230.0,2025-07-23 13:14:08.769736
2025-07-23,72978,2025072303018675,SINDU,Aryatara Investment & Securities,Premier Securities Company Ltd.,200,822.5,164500.0,2025-07-23 13:14:08.769792
2025-07-23,72977,2025072303018676,SINDU,Naasa Securities Co. Ltd.,Premier Securities Company Ltd.,20,822.0,16440.0,2025-07-23 13:14:08.769825
2025-07-23,72976,2025072303018677,SINDU,Thrive Brokerage House Pvt. Ltd,Premier Securities Company Ltd.,50,822.0,41100.0,2025-07-23 13:14:08.769851
2025-07-23,72975,2025072303018678,SINDU,Naasa Securities Co. Ltd.,Premier Securities Company Ltd.,16,822.0,13152.0,2025-07-23 13:14:08.769875
2025-07-23,72974,2025072303018679,SINDU,Sundhara Securities Limited,Premier Securities Company Ltd.,10,821.0,8210.0,2025-07-23 13:14:08.769901
2025-07-23,72973,2025072303018680,SINDU,Global IME Securities Limited,Premier Securities Company Ltd.,30,821.0,24630.0,2025-07-23 13:14:08.769924
2025-07-23,72972,2025072303018681,SINDU,Midas Stock Broking Company Private Limited,Premier Securities Company Ltd.,20,821.0,16420.0,2025-07-23 13:14:08.769945
2025-07-23,72971,2025072303018682,SINDU,Sweta Securities Private Limited,Premier Securities Company Ltd.,100,821.0,82100.0,2025-07-23 13:14:08.769964
2025-07-23,72970,2025072303018683,SINDU,Aryatara Investment & Securities,Premier Securities Company Ltd.,10,820.2,8202.0,2025-07-23 13:14:08.769987
2025-07-23,72969,2025072303018684,SINDU,Vision Securities Pvt. Ltd,Premier Securities Company Ltd.,10,820.1,8201.0,2025-07-23 13:14:08.770013
2025-07-23,72968,2025072303018685,SINDU,Capital Max Securities Ltd,Premier Securities Company Ltd.,44,820.1,36084.4,2025-07-23 13:14:08.770048
2025-07-23,69863,2025072303019458,SINDU,Online Securities Pvt. Ltd.,Linch Stock Market Ltd.,150,820.5,123075.0,2025-07-23 13:20:22.162498
2025-07-23,68299,2025072303019880,SINDU,Kohinoor Investment & Securities Pvt. Ltd.,Deevyaa Securities & Stock House Pvt. Ltd,20,820.6,16412.0,2025-07-23 13:23:44.004601
2025-07-23,68298,2025072303019881,SINDU,Naasa Securities Co. Ltd.,Deevyaa Securities & Stock House Pvt. Ltd,15,820.6,12309.0,2025-07-23 13:23:44.004809
2025-07-23,68297,2025072303019882,SINDU,Online Securities Pvt. Ltd.,Deevyaa Securities & Stock House Pvt. Ltd,15,820.5,12307.5,2025-07-23 13:23:44.004904
2025-07-23,66856,2025072303020230,SINDU,Sani Securities Company Ltd.,Dynamic Money Managers Securities Pvt. Ltd.,100,821.1,82110.0,2025-07-23 13:26:50.442282
2025-07-23,66855,2025072303020231,SINDU,Online Securities Pvt. Ltd.,Dynamic Money Managers Securities Pvt. Ltd.,35,820.5,28717.5,2025-07-23 13:26:50.442325
2025-07-23,66854,2025072303020232,SINDU,Trisul Securities & Invt. Ltd.,Dynamic Money Managers Securities Pvt. Ltd.,245,820.4,200998.0,2025-07-23 13:26:50.442347
2025-07-23,66011,2025072303020463,SINDU,Swarna Laxmi Securities Pvt. Ltd.,Kohinoor Investment & Securities Pvt. Ltd.,91,825.0,75075.0,2025-07-23 13:28:43.293710
2025-07-23,65871,2025072303020510,SINDU,Swarna Laxmi Securities Pvt. Ltd.,ABC Securities Private Limited,75,825.0,61875.0,2025-07-23 13:29:03.309672
2025-07-23,63371,2025072303021204,SINDU,Swarna Laxmi Securities Pvt. Ltd.,Aryatara Investment & Securities,30,825.0,24750.0,2025-07-23 13:33:26.880851
2025-07-23,62813,2025072303021395,SINDU,Sani Securities Company Ltd.,Himalayan Securities Limited,10,829.0,8290.0,2025-07-23 13:34:20.789413
2025-07-23,58978,2025072303022786,SINDU,Agrawal Securities (PVT) Ltd.,Vision Securities Pvt. Ltd,63,827.0,52101.0,2025-07-23 13:40:43.926799
2025-07-23,58781,2025072303022863,SINDU,Sundhara Securities Limited,ABC Securities Private Limited,75,827.9,62092.5,2025-07-23 13:41:05.155244
2025-07-23,58780,2025072303022864,SINDU,Sundhara Securities Limited,Vision Securities Pvt. Ltd,130,828.0,107640.0,2025-07-23 13:41:05.155424
2025-07-23,58392,2025072303023010,SINDU,Primo Securities (PVT) Ltd.,Aryatara Investment & Securities,60,828.9,49734.0,2025-07-23 13:41:50.877614
2025-07-23,58391,2025072303023011,SINDU,Primo Securities (PVT) Ltd.,Himalayan Securities Limited,22,829.0,18238.0,2025-07-23 13:41:50.877942
2025-07-23,58390,2025072303023012,SINDU,Primo Securities (PVT) Ltd.,Indira securities pvt. ltd,100,829.0,82900.0,2025-07-23 13:41:50.878165
2025-07-23,58214,2025072303023080,SINDU,Primo Securities (PVT) Ltd.,Cristal Kanchanjanga Securites Pvt. Ltd.,18,829.0,14922.0,2025-07-23 13:42:16.072159
2025-07-23,58213,2025072303023081,SINDU,Sundhara Securities Limited,Cristal Kanchanjanga Securites Pvt. Ltd.,25,828.0,20700.0,2025-07-23 13:42:16.072341
2025-07-23,58022,2025072303023151,SINDU,Kohinoor Investment & Securities Pvt. Ltd.,Siprabi Securities Pvt. Ltd.,75,828.0,62100.0,2025-07-23 13:42:40.356953
2025-07-23,56459,2025072303023680,SINDU,Agrawal Securities (PVT) Ltd.,Sweta Securities Private Limited,15,827.0,12405.0,2025-07-23 13:45:19.487348
2025-07-23,56220,2025072303023746,SINDU,Agrawal Securities (PVT) Ltd.,Dakshinkali Investment & Securities Pvt. Ltd.,22,827.0,18194.0,2025-07-23 13:45:41.751560
2025-07-23,56219,2025072303023747,SINDU,Kumari Securities Private Limited,Dakshinkali Investment & Securities Pvt. Ltd.,250,825.0,206250.0,2025-07-23 13:45:41.751734
2025-07-23,54192,2025072303024420,SINDU,Secured Securities Ltd.,Nepal Stock House (PVT) Ltd.,100,825.0,82500.0,2025-07-23 13:48:37.756466
2025-07-23,54191,2025072303024421,SINDU,Imperial Securities Company Pvt. Ltd.,Nepal Stock House (PVT) Ltd.,50,825.0,41250.0,2025-07-23 13:48:37.756832
2025-07-23,53900,2025072303024462,SINDU,Sani Securities Company Ltd.,Market Securities & Exchange (PVT) Ltd.,50,821.1,41055.0,2025-07-23 13:48:57.007530
2025-07-23,53896,2025072303024466,SINDU,Dipshikha Dhitopatra Karobar Co. Pvt Ltd.,Nepal Stock House (PVT) Ltd.,50,825.0,41250.0,2025-07-23 13:48:57.117353
2025-07-23,51155,2025072303025178,SINDU,Malla & Malla Stock Broking Company Pvt. Limited,Deevyaa Securities & Stock House Pvt. Ltd,24,822.0,19728.0,2025-07-23 13:52:42.324778
2025-07-23,51154,2025072303025179,SINDU,Sani Securities Company Ltd.,Deevyaa Securities & Stock House Pvt. Ltd,73,821.1,59940.3,2025-07-23 13:52:42.324981
2025-07-23,51153,2025072303025180,SINDU,Naasa Securities Co. Ltd.,Deevyaa Securities & Stock House Pvt. Ltd,30,821.0,24630.0,2025-07-23 13:52:42.325070
2025-07-23,51152,2025072303025181,SINDU,Online Securities Pvt. Ltd.,Deevyaa Securities & Stock House Pvt. Ltd,73,821.0,59933.0,2025-07-23 13:52:42.325143
2025-07-23,49943,2025072303025525,SINDU,Elite Stock House Limited,Aryatara Investment & Securities,10,821.1,8211.0,2025-07-23 13:54:30.159118
2025-07-23,49942,2025072303025526,SINDU,Online Securities Pvt. Ltd.,Aryatara Investment & Securities,27,821.0,22167.0,2025-07-23 13:54:30.159321
2025-07-23,49562,2025072303025603,SINDU,Naasa Securities Co. Ltd.,Agrawal Securities (PVT) Ltd.,50,821.0,41050.0,2025-07-23 13:55:03.654253
2025-07-23,48549,2025072303025882,SINDU,Malla & Malla Stock Broking Company Pvt. Limited,Sri Hari Securities Pvt. Ltd.,100,820.7,82070.0,2025-07-23 13:56:26.943521
2025-07-23,48548,2025072303025883,SINDU,Kohinoor Investment & Securities Pvt. Ltd.,Sri Hari Securities Pvt. Ltd.,30,820.6,24618.0,2025-07-23 13:56:26.943711
2025-07-23,48547,2025072303025884,SINDU,Trisul Securities & Invt. Ltd.,Sri Hari Securities Pvt. Ltd.,55,820.4,45122.0,2025-07-23 13:56:26.943804
2025-07-23,48546,2025072303025885,SINDU,Capital Max Securities Ltd,Sri Hari Securities Pvt. Ltd.,15,820.1,12301.5,2025-07-23 13:56:26.943877
2025-07-23,46868,2025072303026263,SINDU,Swarna Laxmi Securities Pvt. Ltd.,Cristal Kanchanjanga Securites Pvt. Ltd.,4,825.0,3300.0,2025-07-23 13:58:44.556184
2025-07-23,46841,2025072303026271,SINDU,Naasa Securities Co. Ltd.,Dakshinkali Investment & Securities Pvt. Ltd.,24,820.2,19684.8,2025-07-23 13:58:49.436493
2025-07-23,46840,2025072303026272,SINDU,Capital Max Securities Ltd,Dakshinkali Investment & Securities Pvt. Ltd.,181,820.1,148438.1,2025-07-23 13:58:49.436682
2025-07-23,46839,2025072303026273,SINDU,Online Securities Pvt. Ltd.,Dakshinkali Investment & Securities Pvt. Ltd.,20,820.1,16402.0,2025-07-23 13:58:49.436760
2025-07-23,46838,2025072303026274,SINDU,Nepal Stock House (PVT) Ltd.,Dakshinkali Investment & Securities Pvt. Ltd.,20,820.0,16400.0,2025-07-23 13:58:49.436832
2025-07-23,46837,2025072303026275,SINDU,J.F. Securites (PVT) Ltd.,Dakshinkali Investment & Securities Pvt. Ltd.,50,820.0,41000.0,2025-07-23 13:58:49.436907
2025-07-23,46836,2025072303026276,SINDU,Aryatara Investment & Securities,Dakshinkali Investment & Securities Pvt. Ltd.,133,820.0,109060.0,2025-07-23 13:58:49.436989
2025-07-23,46084,2025072303026439,SINDU,Aryatara Investment & Securities,Nepal Stock House (PVT) Ltd.,67,820.0,54940.0,2025-07-23 13:59:56.253364
2025-07-23,46083,2025072303026440,SINDU,Kohinoor Investment & Securities Pvt. Ltd.,Nepal Stock House (PVT) Ltd.,40,820.0,32800.0,2025-07-23 13:59:56.253565
2025-07-23,46082,2025072303026441,SINDU,Online Securities Pvt. Ltd.,Nepal Stock House (PVT) Ltd.,10,820.0,8200.0,2025-07-23 13:59:56.253640
2025-07-23,46081,2025072303026442,SINDU,Sani Securities Company Ltd.,Nepal Stock House (PVT) Ltd.,50,820.0,41000.0,2025-07-23 13:59:56.253711
2025-07-23,46080,2025072303026443,SINDU,Dipshikha Dhitopatra Karobar Co. Pvt Ltd.,Nepal Stock House (PVT) Ltd.,50,820.0,41000.0,2025-07-23 13:59:56.253777
2025-07-23,46079,2025072303026444,SINDU,Sundhara Securities Limited,Nepal Stock House (PVT) Ltd.,100,820.0,82000.0,2025-07-23 13:59:56.253846
2025-07-23,46078,2025072303026445,SINDU,ABC Securities Private Limited,Nepal Stock House (PVT) Ltd.,50,820.0,41000.0,2025-07-23 13:59:56.253923
2025-07-23,46077,2025072303026446,SINDU,Secured Securities Ltd.,Nepal Stock House (PVT) Ltd.,30,820.0,24600.0,2025-07-23 13:59:56.253996
2025-07-23,46076,2025072303026447,SINDU,Sewa Securities Pvt. Ltd.,Nepal Stock House (PVT) Ltd.,100,820.0,82000.0,2025-07-23 13:59:56.254070
2025-07-23,45841,2025072303026508,SINDU,Nepal Stock House (PVT) Ltd.,Vision Securities Pvt. Ltd,30,820.0,24600.0,2025-07-23 14:00:16.014542
2025-07-23,45840,2025072303026509,SINDU,Online Securities Pvt. Ltd.,Vision Securities Pvt. Ltd,70,820.0,57400.0,2025-07-23 14:00:16.014906
2025-07-23,45655,2025072303026536,SINDU,Online Securities Pvt. Ltd.,Imperial Securities Company Pvt. Ltd.,20,820.0,16400.0,2025-07-23 14:00:39.067468
2025-07-23,45654,2025072303026537,SINDU,Bhrikuti Stock Broking Co. Pvt. Ltd.,Imperial Securities Company Pvt. Ltd.,20,820.0,16400.0,2025-07-23 14:00:39.067832
2025-07-23,45653,2025072303026538,SINDU,Dipshikha Dhitopatra Karobar Co. Pvt Ltd.,Imperial Securities Company Pvt. Ltd.,15,820.0,12300.0,2025-07-23 14:00:39.068112
2025-07-23,44722,2025072303026775,SINDU,Dipshikha Dhitopatra Karobar Co. Pvt Ltd.,Malla & Malla Stock Broking Company Pvt. Limited,500,820.0,410000.0,2025-07-23 14:02:10.616870
2025-07-23,44368,2025072303026838,SINDU,Dipshikha Dhitopatra Karobar Co. Pvt Ltd.,Vision Securities Pvt. Ltd,85,820.0,69700.0,2025-07-23 14:02:46.722275
2025-07-23,44367,2025072303026839,SINDU,Kohinoor Investment & Securities Pvt. Ltd.,Vision Securities Pvt. Ltd,10,820.0,8200.0,2025-07-23 14:02:46.722601
2025-07-23,43123,2025072303027152,SINDU,Online Securities Pvt. Ltd.,Vision Securities Pvt. Ltd,50,820.0,41000.0,2025-07-23 14:05:07.869888
2025-07-23,42300,2025072303027338,SINDU,Secured Securities Ltd.,Nepal Stock House (PVT) Ltd.,50,822.0,41100.0,2025-07-23 14:06:40.548839
2025-07-23,42299,2025072303027339,SINDU,Kohinoor Investment & Securities Pvt. Ltd.,Nepal Stock House (PVT) Ltd.,27,822.0,22194.0,2025-07-23 14:06:40.549051
2025-07-23,42298,2025072303027340,SINDU,Online Securities Pvt. Ltd.,Nepal Stock House (PVT) Ltd.,223,820.0,182860.0,2025-07-23 14:06:40.549163
2025-07-23,42187,2025072303027365,SINDU,Shree Krishna Securities Ltd.,J.F. Securites (PVT) Ltd.,10,822.1,8221.0,2025-07-23 14:06:53.560308
2025-07-23,42186,2025072303027366,SINDU,Online Securities Pvt. Ltd.,J.F. Securites (PVT) Ltd.,10,820.0,8200.0,2025-07-23 14:06:53.560639
2025-07-23,39422,2025072303028012,SINDU,Primo Securities (PVT) Ltd.,Bhrikuti Stock Broking Co. Pvt. Ltd.,28,821.4,22999.2,2025-07-23 14:12:06.143210
2025-07-23,39421,2025072303028013,SINDU,Shree Krishna Securities Ltd.,Bhrikuti Stock Broking Co. Pvt. Ltd.,30,821.2,24636.0,2025-07-23 14:12:06.143624
2025-07-23,39420,2025072303028014,SINDU,Kohinoor Investment & Securities Pvt. Ltd.,Bhrikuti Stock Broking Co. Pvt. Ltd.,42,821.1,34486.2,2025-07-23 14:12:06.143846
2025-07-23,36715,2025072303028740,SINDU,Dipshikha Dhitopatra Karobar Co. Pvt Ltd.,Nepal Stock House (PVT) Ltd.,100,821.3,82130.0,2025-07-23 14:15:46.825333
2025-07-23,36714,2025072303028741,SINDU,Creative Securities Pvt Ltd,Nepal Stock House (PVT) Ltd.,50,821.2,41060.0,2025-07-23 14:15:46.825528
2025-07-23,36713,2025072303028742,SINDU,Indira securities pvt. ltd,Nepal Stock House (PVT) Ltd.,10,821.2,8212.0,2025-07-23 14:15:46.825608
2025-07-23,36696,2025072303028746,SINDU,Naasa Securities Co. Ltd.,Nepal Stock House (PVT) Ltd.,140,821.2,114968.0,2025-07-23 14:15:48.014207
2025-07-23,36695,2025072303028747,SINDU,Naasa Securities Co. Ltd.,Bhrikuti Stock Broking Co. Pvt. Ltd.,55,824.5,45347.5,2025-07-23 14:15:48.014445
2025-07-23,36694,2025072303028748,SINDU,Naasa Securities Co. Ltd.,South Asian Bulls Pvt. Ltd.,100,825.0,82500.0,2025-07-23 14:15:48.014524
2025-07-23,36406,2025072303028817,SINDU,Naasa Securities Co. Ltd.,Dakshinkali Investment & Securities Pvt. Ltd.,30,825.0,24750.0,2025-07-23 14:16:12.311194
2025-07-23,34260,2025072303029269,SINDU,Kumari Securities Private Limited,Dakshinkali Investment & Securities Pvt. Ltd.,100,825.0,82500.0,2025-07-23 14:18:38.147270
2025-07-23,34207,2025072303029285,SINDU,Vision Securities Pvt. Ltd,Dakshinkali Investment & Securities Pvt. Ltd.,20,825.0,16500.0,2025-07-23 14:18:43.759097
2025-07-23,33462,2025072303029486,SINDU,Dakshinkali Investment & Securities Pvt. Ltd.,Trishakti Securities Public Limited,100,827.0,82700.0,2025-07-23 14:19:49.770713
2025-07-23,33315,2025072303029539,SINDU,Vision Securities Pvt. Ltd,Trishakti Securities Public Limited,55,827.0,45485.0,2025-07-23 14:20:01.822527
2025-07-23,32893,2025072303029621,SINDU,Oxford Securities Pvt. Ltd.,Market Securities & Exchange (PVT) Ltd.,50,830.0,41500.0,2025-07-23 14:20:41.562482
2025-07-23,32435,2025072303029708,SINDU,Shree Krishna Securities Ltd.,Market Securities & Exchange (PVT) Ltd.,10,830.0,8300.0,2025-07-23 14:21:22.691655
2025-07-23,32286,2025072303029732,SINDU,Vision Securities Pvt. Ltd,Market Securities & Exchange (PVT) Ltd.,45,830.0,37350.0,2025-07-23 14:21:33.689531
2025-07-23,30205,2025072303030168,SINDU,Ashutosh Brokerage & Securities (PVT) Ltd.,Sweta Securities Private Limited,10,831.1,8311.0,2025-07-23 14:24:49.354624
2025-07-23,30204,2025072303030169,SINDU,Ashutosh Brokerage & Securities (PVT) Ltd.,Market Securities & Exchange (PVT) Ltd.,90,832.0,74880.0,2025-07-23 14:24:49.354748
2025-07-23,29417,2025072303030358,SINDU,Naasa Securities Co. Ltd.,Market Securities & Exchange (PVT) Ltd.,10,832.0,8320.0,2025-07-23 14:26:01.903457
2025-07-23,28769,2025072303030536,SINDU,Naasa Securities Co. Ltd.,Malla & Malla Stock Broking Company Pvt. Limited,31,833.0,25823.0,2025-07-23 14:26:51.884101
2025-07-23,28417,2025072303030622,SINDU,J.F. Securites (PVT) Ltd.,Aryatara Investment & Securities,30,832.0,24960.0,2025-07-23 14:27:21.528685
2025-07-23,26593,2025072303031167,SINDU,Primo Securities (PVT) Ltd.,Sumeru Securities Pvt. Ltd.,50,825.1,41255.0,2025-07-23 14:30:25.205812
2025-07-23,26592,2025072303031168,SINDU,Naasa Securities Co. Ltd.,Sumeru Securities Pvt. Ltd.,25,825.0,20625.0,2025-07-23 14:30:25.206269
2025-07-23,26591,2025072303031169,SINDU,Aryatara Investment & Securities,Sumeru Securities Pvt. Ltd.,25,825.0,20625.0,2025-07-23 14:30:25.206655
2025-07-23,26209,2025072303031250,SINDU,Sani Securities Company Ltd.,Malla & Malla Stock Broking Company Pvt. Limited,20,833.8,16676.0,2025-07-23 14:31:00.208329
2025-07-23,25773,2025072303031339,SINDU,Capital Max Securities Ltd,Malla & Malla Stock Broking Company Pvt. Limited,49,833.8,40856.2,2025-07-23 14:31:39.766572
2025-07-23,25772,2025072303031340,SINDU,Capital Max Securities Ltd,Sweta Securities Private Limited,40,833.9,33356.0,2025-07-23 14:31:39.766610
2025-07-23,25771,2025072303031341,SINDU,Capital Max Securities Ltd,Nepal Stock House (PVT) Ltd.,50,833.9,41695.0,2025-07-23 14:31:39.766633
2025-07-23,25770,2025072303031342,SINDU,Capital Max Securities Ltd,Kumari Securities Private Limited,61,834.0,50874.0,2025-07-23 14:31:39.766657
2025-07-23,23807,2025072303031746,SINDU,Sani Securities Company Ltd.,Malla & Malla Stock Broking Company Pvt. Limited,10,830.0,8300.0,2025-07-23 14:34:52.738919
2025-07-23,21855,2025072303032140,SINDU,Sani Securities Company Ltd.,Siprabi Securities Pvt. Ltd.,500,827.0,413500.0,2025-07-23 14:37:43.169711
2025-07-23,21567,2025072303032184,SINDU,Dynamic Money Managers Securities Pvt. Ltd.,Malla & Malla Stock Broking Company Pvt. Limited,100,827.1,82710.0,2025-07-23 14:38:03.322647
2025-07-23,21208,2025072303032242,SINDU,Dynamic Money Managers Securities Pvt. Ltd.,Opal Securities Investment (PVT) Ltd.,322,827.1,266326.2,2025-07-23 14:38:22.891671
2025-07-23,21158,2025072303032258,SINDU,Dynamic Money Managers Securities Pvt. Ltd.,Sweta Securities Private Limited,30,827.1,24813.0,2025-07-23 14:38:25.896361
2025-07-23,20788,2025072303032348,SINDU,Dynamic Money Managers Securities Pvt. Ltd.,Nepal Stock House (PVT) Ltd.,48,827.1,39700.8,2025-07-23 14:38:45.728913
2025-07-23,20752,2025072303032354,SINDU,Linch Stock Market Ltd.,Premier Securities Company Ltd.,100,826.0,82600.0,2025-07-23 14:38:49.165837
2025-07-23,20751,2025072303032355,SINDU,Aryatara Investment & Securities,Premier Securities Company Ltd.,75,825.0,61875.0,2025-07-23 14:38:49.166062
2025-07-23,20750,2025072303032356,SINDU,Naasa Securities Co. Ltd.,Premier Securities Company Ltd.,25,825.0,20625.0,2025-07-23 14:38:49.166137
2025-07-23,20632,2025072303032371,SINDU,Sani Securities Company Ltd.,Online Securities Pvt. Ltd.,20,825.0,16500.0,2025-07-23 14:38:59.054845
2025-07-23,20631,2025072303032372,SINDU,Kumari Securities Private Limited,Online Securities Pvt. Ltd.,10,824.0,8240.0,2025-07-23 14:38:59.055050
2025-07-23,20630,2025072303032373,SINDU,Thrive Brokerage House Pvt. Ltd,Online Securities Pvt. Ltd.,20,824.0,16480.0,2025-07-23 14:38:59.055125
2025-07-23,20629,2025072303032374,SINDU,Trisul Securities & Invt. Ltd.,Online Securities Pvt. Ltd.,145,824.0,119480.0,2025-07-23 14:38:59.055198
2025-07-23,19756,2025072303032534,SINDU,Trisul Securities & Invt. Ltd.,Bhrikuti Stock Broking Co. Pvt. Ltd.,115,824.0,94760.0,2025-07-23 14:39:58.243157
2025-07-23,19180,2025072303032658,SINDU,Trisul Securities & Invt. Ltd.,Market Securities & Exchange (PVT) Ltd.,40,824.0,32960.0,2025-07-23 14:40:42.249502
2025-07-23,19179,2025072303032659,SINDU,Naasa Securities Co. Ltd.,Market Securities & Exchange (PVT) Ltd.,10,823.4,8234.0,2025-07-23 14:40:42.249710
2025-07-23,18151,2025072303032915,SINDU,Dakshinkali Investment & Securities Pvt. Ltd.,Investment Management Nepal Pvt. Ltd.,100,821.3,82130.0,2025-07-23 14:42:09.032806
2025-07-23,18150,2025072303032916,SINDU,Premier Securities Company Ltd.,Investment Management Nepal Pvt. Ltd.,10,821.1,8211.0,2025-07-23 14:42:09.033046
2025-07-23,18149,2025072303032917,SINDU,Aryatara Investment & Securities,Investment Management Nepal Pvt. Ltd.,90,821.1,73899.0,2025-07-23 14:42:09.033133
2025-07-23,16591,2025072303033238,SINDU,Kohinoor Investment & Securities Pvt. Ltd.,Nepal Stock House (PVT) Ltd.,35,822.0,28770.0,2025-07-23 14:44:22.397540
2025-07-23,15643,2025072303033438,SINDU,Naasa Securities Co. Ltd.,Premier Securities Company Ltd.,10,826.0,8260.0,2025-07-23 14:45:43.050130
2025-07-23,15344,2025072303033493,SINDU,Naasa Securities Co. Ltd.,Premier Securities Company Ltd.,38,826.0,31388.0,2025-07-23 14:46:10.893994
2025-07-23,15155,2025072303033532,SINDU,Primo Securities (PVT) Ltd.,Naasa Securities Co. Ltd.,60,826.0,49560.0,2025-07-23 14:46:27.813162
2025-07-23,14916,2025072303033564,SINDU,Sani Securities Company Ltd.,Vision Securities Pvt. Ltd,10,823.0,8230.0,2025-07-23 14:46:48.218234
2025-07-23,14101,2025072303033705,SINDU,Dipshikha Dhitopatra Karobar Co. Pvt Ltd.,Linch Stock Market Ltd.,7,807.0,5649.0,2025-07-23 14:48:05.545049
2025-07-23,12402,2025072303034119,SINDU,Imperial Securities Company Pvt. Ltd.,Malla & Malla Stock Broking Company Pvt. Limited,31,823.2,25519.2,2025-07-23 14:50:25.896780
2025-07-23,12401,2025072303034120,SINDU,Sani Securities Company Ltd.,Malla & Malla Stock Broking Company Pvt. Limited,180,823.1,148158.0,2025-07-23 14:50:25.896999
2025-07-23,12400,2025072303034121,SINDU,Dakshinkali Investment & Securities Pvt. Ltd.,Malla & Malla Stock Broking Company Pvt. Limited,31,823.1,25516.1,2025-07-23 14:50:25.897089
2025-07-23,11915,2025072303034207,SINDU,Online Securities Pvt. Ltd.,Malla & Malla Stock Broking Company Pvt. Limited,100,824.0,82400.0,2025-07-23 14:51:09.220996
2025-07-23,11675,2025072303034269,SINDU,Nepal Investment And Securities Trading Private Limited,Sweta Securities Private Limited,30,828.9,24867.0,2025-07-23 14:51:30.230941
2025-07-23,11544,2025072303034298,SINDU,Dipshikha Dhitopatra Karobar Co. Pvt Ltd.,Malla & Malla Stock Broking Company Pvt. Limited,100,824.1,82410.0,2025-07-23 14:51:40.270365
2025-07-23,11144,2025072303034375,SINDU,Sani Securities Company Ltd.,Malla & Malla Stock Broking Company Pvt. Limited,100,825.0,82500.0,2025-07-23 14:52:15.757498
2025-07-23,10825,2025072303034447,SINDU,Neev Securities Pvt. Ltd.,Imperial Securities Company Pvt. Ltd.,10,825.0,8250.0,2025-07-23 14:52:39.092384
2025-07-23,10824,2025072303034448,SINDU,Naasa Securities Co. Ltd.,Imperial Securities Company Pvt. Ltd.,50,824.3,41215.0,2025-07-23 14:52:39.092592
2025-07-23,10823,2025072303034449,SINDU,Dipshikha Dhitopatra Karobar Co. Pvt Ltd.,Imperial Securities Company Pvt. Ltd.,190,824.1,156579.0,2025-07-23 14:52:39.092667
2025-07-23,10536,2025072303034493,SINDU,Vision Securities Pvt. Ltd,Naasa Securities Co. Ltd.,20,828.0,16560.0,2025-07-23 14:52:57.783911
2025-07-23,10401,2025072303034528,SINDU,Investment Management Nepal Pvt. Ltd.,Siprabi Securities Pvt. Ltd.,27,826.0,22302.0,2025-07-23 14:53:09.246222
2025-07-23,10340,2025072303034544,SINDU,Investment Management Nepal Pvt. Ltd.,Thrive Brokerage House Pvt. Ltd,23,826.0,18998.0,2025-07-23 14:53:14.317277
2025-07-23,9769,2025072303034688,SINDU,Kumari Securities Private Limited,Trishakti Securities Public Limited,1,810.0,810.0,2025-07-23 14:53:49.392201
2025-07-23,9531,2025072303034727,SINDU,Premier Securities Company Ltd.,Thrive Brokerage House Pvt. Ltd,25,826.0,20650.0,2025-07-23 14:54:06.757418
2025-07-23,8843,2025072303034920,SINDU,Online Securities Pvt. Ltd.,Nepal Stock House (PVT) Ltd.,100,826.0,82600.0,2025-07-23 14:54:43.933815
2025-07-23,8347,2025072303035066,SINDU,Online Securities Pvt. Ltd.,Sweta Securities Private Limited,20,826.0,16520.0,2025-07-23 14:55:12.226078
2025-07-23,7673,2025072303035236,SINDU,ABC Securities Private Limited,Sharepro Securities Private Limited,100,827.0,82700.0,2025-07-23 14:55:44.834246
2025-07-23,7672,2025072303035237,SINDU,ABC Securities Private Limited,Sewa Securities Pvt. Ltd.,206,827.0,170362.0,2025-07-23 14:55:44.834504
2025-07-23,7671,2025072303035238,SINDU,ABC Securities Private Limited,Naasa Securities Co. Ltd.,69,828.0,57132.0,2025-07-23 14:55:44.834612
2025-07-23,7184,2025072303035353,SINDU,Trishakti Securities Public Limited,Naasa Securities Co. Ltd.,306,828.0,253368.0,2025-07-23 14:56:08.879615
2025-07-23,7183,2025072303035354,SINDU,Trishakti Securities Public Limited,Bhrikuti Stock Broking Co. Pvt. Ltd.,20,828.0,16560.0,2025-07-23 14:56:08.879671
2025-07-23,7182,2025072303035355,SINDU,Trishakti Securities Public Limited,Nepal Investment And Securities Trading Private Limited,225,829.0,186525.0,2025-07-23 14:56:08.879704
2025-07-23,7181,2025072303035356,SINDU,Trishakti Securities Public Limited,Kalika Securities Pvt. Ltd.,60,830.0,49800.0,2025-07-23 14:56:08.879738
2025-07-23,7180,2025072303035357,SINDU,Trishakti Securities Public Limited,Kumari Securities Private Limited,389,834.0,324426.0,2025-07-23 14:56:08.879797
2025-07-23,2666,2025072303036248,SINDU,Online Securities Pvt. Ltd.,Online Securities Pvt. Ltd.,20,829.0,16580.0,2025-07-23 14:59:02.682122
2025-07-23,1855,2025072303036387,SINDU,Secured Securities Ltd.,Kumari Securities Private Limited,50,827.0,41350.0,2025-07-23 14:59:23.953980
2025-07-23,1324,2025072303036515,SINDU,Dynamic Money Managers Securities Pvt. Ltd.,Kohinoor Investment & Securities Pvt. Ltd.,200,828.0,165600.0,2025-07-23 14:59:35.716898
2025-07-23,1060,2025072303036594,SINDU,Trishakti Securities Public Limited,Sani Securities Company Ltd.,48,828.0,39744.0,2025-07-23 14:59:40.816522
2025-07-23,813,2025072303036644,SINDU,Trishakti Securities Public Limited,Primo Securities (PVT) Ltd.,72,828.0,59616.0,2025-07-23 14:59:46.039800
2025-07-23,566,2025072303036705,SINDU,Trishakti Securities Public Limited,Siprabi Securities Pvt. Ltd.,80,828.0,66240.0,2025-07-23 14:59:50.070644
2025-07-23,565,2025072303036706,SINDU,Investment Management Nepal Pvt. Ltd.,Siprabi Securities Pvt. Ltd.,20,828.0,16560.0,2025-07-23 14:59:50.070687
2025-07-23,241,2025072303036745,SINDU,Cristal Kanchanjanga Securites Pvt. Ltd.,Dakshinkali Investment & Securities Pvt. Ltd.,10,834.0,8340.0,2025-07-23 14:59:57.015239
