Date,S.N.,Contract ID,Symbol,Buyer Broker,Seller Broker,quantity,rate,amount,transaction_time
2025-07-23,170244,2025072304000020,UMHL,Vision Securities Pvt. Ltd,Capital Max Securities Ltd,100,564.0,56400.0,2025-07-23 10:46:00.048047
2025-07-23,169952,2025072304000120,UMHL,Sagarmatha Securities Private Limited,Online Securities Pvt. Ltd.,10,560.2,5602.0,2025-07-23 11:00:39.725457
2025-07-23,167792,2025072304000855,UMHL,Imperial Securities Company Pvt. Ltd.,Aryatara Investment & Securities,50,565.0,28250.0,2025-07-23 11:03:44.112555
2025-07-23,167791,2025072304000856,UMHL,BHOLE GANESH SECURITIES LTD,Aryatara Investment & Securities,100,564.1,56410.0,2025-07-23 11:03:44.112623
2025-07-23,167790,2025072304000857,UMHL,APPLE SECURITIES PRIVATE LIMITED,Aryatara Investment & Securities,50,564.0,28200.0,2025-07-23 11:03:44.112655
2025-07-23,167789,2025072304000858,UMHL,SUN SECURITIES PVT LTD,Aryatara Investment & Securities,500,562.4,281200.0,2025-07-23 11:03:44.112688
2025-07-23,167788,2025072304000859,UMHL,Naasa Securities Co. Ltd.,Aryatara Investment & Securities,65,562.4,36556.0,2025-07-23 11:03:44.112717
2025-07-23,167787,2025072304000860,UMHL,South Asian Bulls Pvt. Ltd.,Aryatara Investment & Securities,100,562.3,56230.0,2025-07-23 11:03:44.112745
2025-07-23,167786,2025072304000861,UMHL,KALASH STOCK MARKET PVT. LTD.,Aryatara Investment & Securities,135,562.2,75897.0,2025-07-23 11:03:44.112778
2025-07-23,166768,2025072304001222,UMHL,Trisul Securities & Invt. Ltd.,Elite Stock House Limited,100,566.0,56600.0,2025-07-23 11:05:03.675090
2025-07-23,166767,2025072304001223,UMHL,Nepal Investment And Securities Trading Private Limited,Elite Stock House Limited,30,565.5,16965.0,2025-07-23 11:05:03.675173
2025-07-23,166506,2025072304001333,UMHL,Naasa Securities Co. Ltd.,Elite Stock House Limited,20,570.9,11418.0,2025-07-23 11:05:24.082663
2025-07-23,165957,2025072304001525,UMHL,Naasa Securities Co. Ltd.,Naasa Securities Co. Ltd.,12,567.0,6804.0,2025-07-23 11:06:01.172937
2025-07-23,165533,2025072304001680,UMHL,Naasa Securities Co. Ltd.,Naasa Securities Co. Ltd.,25,567.0,14175.0,2025-07-23 11:06:32.265727
2025-07-23,165309,2025072304001744,UMHL,Online Securities Pvt. Ltd.,Naasa Securities Co. Ltd.,63,567.0,35721.0,2025-07-23 11:06:47.091266
2025-07-23,165199,2025072304001773,UMHL,Aryatara Investment & Securities,Sumeru Securities Pvt. Ltd.,200,570.0,114000.0,2025-07-23 11:06:54.733689
2025-07-23,164994,2025072304001851,UMHL,Aryatara Investment & Securities,Elite Stock House Limited,100,570.9,57090.0,2025-07-23 11:07:08.968652
2025-07-23,164831,2025072304001913,UMHL,Sewa Securities Pvt. Ltd.,Online Securities Pvt. Ltd.,200,570.0,114000.0,2025-07-23 11:07:18.796854
2025-07-23,164788,2025072304001925,UMHL,Property Wiard Limited,Elite Stock House Limited,680,570.9,388212.0,2025-07-23 11:07:21.053897
2025-07-23,164676,2025072304001958,UMHL,Property Wiard Limited,Online Securities Pvt. Ltd.,100,570.9,57090.0,2025-07-23 11:07:31.297598
2025-07-23,164411,2025072304002057,UMHL,Sewa Securities Pvt. Ltd.,Thrive Brokerage House Pvt. Ltd,400,570.9,228360.0,2025-07-23 11:07:43.067071
2025-07-23,164022,2025072304002178,UMHL,Sharepro Securities Private Limited,Kohinoor Investment & Securities Pvt. Ltd.,14,567.1,7939.4,2025-07-23 11:08:13.793777
2025-07-23,162305,2025072304002677,UMHL,Sharepro Securities Private Limited,Dynamic Money Managers Securities Pvt. Ltd.,186,567.1,105480.6,2025-07-23 11:10:10.274739
2025-07-23,161413,2025072304002921,UMHL,Dynamic Money Managers Securities Pvt. Ltd.,Dynamic Money Managers Securities Pvt. Ltd.,10,566.0,5660.0,2025-07-23 11:11:06.033479
2025-07-23,161412,2025072304002922,UMHL,Aryatara Investment & Securities,Dynamic Money Managers Securities Pvt. Ltd.,189,566.0,106974.0,2025-07-23 11:11:06.033572
2025-07-23,161134,2025072304002996,UMHL,Naasa Securities Co. Ltd.,Asian Securities Private Ltd.,14,567.0,7938.0,2025-07-23 11:11:21.974607
2025-07-23,160659,2025072304003137,UMHL,Aryatara Investment & Securities,Capital Max Securities Ltd,261,566.0,147726.0,2025-07-23 11:11:49.394856
2025-07-23,160658,2025072304003138,UMHL,Aryatara Investment & Securities,Capital Max Securities Ltd,500,565.6,282800.0,2025-07-23 11:11:49.394948
2025-07-23,160657,2025072304003139,UMHL,Nepal Investment And Securities Trading Private Limited,Capital Max Securities Ltd,239,565.5,135154.5,2025-07-23 11:11:49.394992
2025-07-23,160593,2025072304003153,UMHL,Property Wiard Limited,Online Securities Pvt. Ltd.,220,568.0,124960.0,2025-07-23 11:11:54.782246
2025-07-23,159527,2025072304003464,UMHL,Nepal Investment And Securities Trading Private Limited,Capital Max Securities Ltd,231,565.5,130630.5,2025-07-23 11:13:02.673230
2025-07-23,159526,2025072304003465,UMHL,Aryatara Investment & Securities,Capital Max Securities Ltd,300,565.1,169530.0,2025-07-23 11:13:02.673411
2025-07-23,159525,2025072304003466,UMHL,Nepal Investment And Securities Trading Private Limited,Capital Max Securities Ltd,469,565.0,264985.0,2025-07-23 11:13:02.673540
2025-07-23,159286,2025072304003523,UMHL,Nepal Investment And Securities Trading Private Limited,Thrive Brokerage House Pvt. Ltd,31,565.0,17515.0,2025-07-23 11:13:15.898645
2025-07-23,159285,2025072304003524,UMHL,Malla & Malla Stock Broking Company Pvt. Limited,Thrive Brokerage House Pvt. Ltd,10,565.0,5650.0,2025-07-23 11:13:15.898739
2025-07-23,159284,2025072304003525,UMHL,Trademow Securities Private Limited,Thrive Brokerage House Pvt. Ltd,200,565.0,113000.0,2025-07-23 11:13:15.898782
2025-07-23,159283,2025072304003526,UMHL,Trisul Securities & Invt. Ltd.,Thrive Brokerage House Pvt. Ltd,500,565.0,282500.0,2025-07-23 11:13:15.898821
2025-07-23,159282,2025072304003527,UMHL,Capital Max Securities Ltd,Thrive Brokerage House Pvt. Ltd,1259,565.0,711335.0,2025-07-23 11:13:15.898858
2025-07-23,159205,2025072304003538,UMHL,Capital Max Securities Ltd,Dynamic Money Managers Securities Pvt. Ltd.,900,565.0,508500.0,2025-07-23 11:13:20.051599
2025-07-23,158026,2025072304003935,UMHL,Naasa Securities Co. Ltd.,Neev Securities Pvt. Ltd.,10,566.0,5660.0,2025-07-23 11:14:21.231999
2025-07-23,157504,2025072304004062,UMHL,Naasa Securities Co. Ltd.,Neev Securities Pvt. Ltd.,15,566.0,8490.0,2025-07-23 11:14:49.694803
2025-07-23,156643,2025072304004330,UMHL,Naasa Securities Co. Ltd.,Dipshikha Dhitopatra Karobar Co. Pvt Ltd.,23,565.5,13006.5,2025-07-23 11:15:34.137423
2025-07-23,155783,2025072304004611,UMHL,Capital Max Securities Ltd,Cristal Kanchanjanga Securites Pvt. Ltd.,41,565.0,23165.0,2025-07-23 11:16:20.288733
2025-07-23,155782,2025072304004612,UMHL,Nepal Investment And Securities Trading Private Limited,Cristal Kanchanjanga Securites Pvt. Ltd.,159,565.0,89835.0,2025-07-23 11:16:20.288848
2025-07-23,153963,2025072304005125,UMHL,Nepal Investment And Securities Trading Private Limited,Capital Max Securities Ltd,341,565.0,192665.0,2025-07-23 11:17:59.703817
2025-07-23,148392,2025072304006817,UMHL,J.F. Securites (PVT) Ltd.,Dipshikha Dhitopatra Karobar Co. Pvt Ltd.,100,564.3,56430.0,2025-07-23 11:21:51.078517
2025-07-23,148391,2025072304006818,UMHL,SUN SECURITIES PVT LTD,Dipshikha Dhitopatra Karobar Co. Pvt Ltd.,337,564.2,190135.4,2025-07-23 11:21:51.078645
2025-07-23,147148,2025072304007146,UMHL,Stoxkarts Securities Limited,Aryatara Investment & Securities,50,564.9,28245.0,2025-07-23 11:22:38.781186
2025-07-23,147147,2025072304007147,UMHL,Stoxkarts Securities Limited,Capital Max Securities Ltd,159,565.0,89835.0,2025-07-23 11:22:38.781308
2025-07-23,147146,2025072304007148,UMHL,Stoxkarts Securities Limited,R.B.B. Securities Company Ltd,1000,565.0,565000.0,2025-07-23 11:22:38.781372
2025-07-23,147145,2025072304007149,UMHL,Stoxkarts Securities Limited,Online Securities Pvt. Ltd.,397,565.0,224305.0,2025-07-23 11:22:38.781419
2025-07-23,146888,2025072304007228,UMHL,Stoxkarts Securities Limited,Online Securities Pvt. Ltd.,14,565.0,7910.0,2025-07-23 11:22:50.807344
2025-07-23,146425,2025072304007418,UMHL,Stoxkarts Securities Limited,Naasa Securities Co. Ltd.,1000,565.0,565000.0,2025-07-23 11:23:05.423186
2025-07-23,146413,2025072304007421,UMHL,Nepal Investment And Securities Trading Private Limited,Cristal Kanchanjanga Securites Pvt. Ltd.,50,565.4,28270.0,2025-07-23 11:23:07.040475
2025-07-23,146412,2025072304007422,UMHL,Nepal Investment And Securities Trading Private Limited,Citizens Share Broker Limited,450,565.9,254655.0,2025-07-23 11:23:07.040580
2025-07-23,145525,2025072304007618,UMHL,Sri Hari Securities Pvt. Ltd.,Naasa Securities Co. Ltd.,35,565.1,19778.5,2025-07-23 11:23:39.175267
2025-07-23,145406,2025072304007679,UMHL,Stoxkarts Securities Limited,Citizens Share Broker Limited,300,565.9,169770.0,2025-07-23 11:23:46.051370
2025-07-23,145405,2025072304007680,UMHL,Stoxkarts Securities Limited,Citizens Share Broker Limited,80,565.9,45272.0,2025-07-23 11:23:46.051480
2025-07-23,145049,2025072304007814,UMHL,Imperial Securities Company Pvt. Ltd.,Citizens Share Broker Limited,200,565.9,113180.0,2025-07-23 11:24:06.059380
2025-07-23,145040,2025072304007823,UMHL,Capital Max Securities Ltd,Citizens Share Broker Limited,120,565.9,67908.0,2025-07-23 11:24:06.770111
2025-07-23,144473,2025072304008090,UMHL,Nepal Investment And Securities Trading Private Limited,Neev Securities Pvt. Ltd.,360,566.0,203760.0,2025-07-23 11:24:31.182415
2025-07-23,144472,2025072304008091,UMHL,Nepal Investment And Securities Trading Private Limited,Thrive Brokerage House Pvt. Ltd,500,566.9,283450.0,2025-07-23 11:24:31.182539
2025-07-23,144471,2025072304008092,UMHL,Nepal Investment And Securities Trading Private Limited,J.F. Securites (PVT) Ltd.,140,567.0,79380.0,2025-07-23 11:24:31.182598
2025-07-23,143078,2025072304008637,UMHL,Deevyaa Securities & Stock House Pvt. Ltd,Thrive Brokerage House Pvt. Ltd,500,566.9,283450.0,2025-07-23 11:25:50.931867
2025-07-23,143058,2025072304008642,UMHL,Capital Max Securities Ltd,Online Securities Pvt. Ltd.,30,565.9,16977.0,2025-07-23 11:25:52.026265
2025-07-23,143057,2025072304008643,UMHL,Sri Hari Securities Pvt. Ltd.,Online Securities Pvt. Ltd.,55,565.1,31080.5,2025-07-23 11:25:52.026612
2025-07-23,143056,2025072304008644,UMHL,Nepal Investment And Securities Trading Private Limited,Online Securities Pvt. Ltd.,415,565.1,234516.5,2025-07-23 11:25:52.026802
2025-07-23,142531,2025072304008921,UMHL,Property Wiard Limited,Thrive Brokerage House Pvt. Ltd,500,566.9,283450.0,2025-07-23 11:26:17.835025
2025-07-23,142298,2025072304009058,UMHL,Property Wiard Limited,Thrive Brokerage House Pvt. Ltd,500,566.9,283450.0,2025-07-23 11:26:29.430597
2025-07-23,141373,2025072304009401,UMHL,Vision Securities Pvt. Ltd,Vision Securities Pvt. Ltd,20,566.5,11330.0,2025-07-23 11:27:25.781321
2025-07-23,141372,2025072304009402,UMHL,Aryatara Investment & Securities,Vision Securities Pvt. Ltd,200,566.0,113200.0,2025-07-23 11:27:25.781434
2025-07-23,141358,2025072304009407,UMHL,Dakshinkali Investment & Securities Pvt. Ltd.,Vision Securities Pvt. Ltd,200,566.0,113200.0,2025-07-23 11:27:27.160693
2025-07-23,141075,2025072304009533,UMHL,Nepal Investment And Securities Trading Private Limited,Thrive Brokerage House Pvt. Ltd,85,565.1,48033.5,2025-07-23 11:27:43.430725
2025-07-23,141074,2025072304009534,UMHL,SUN SECURITIES PVT LTD,Thrive Brokerage House Pvt. Ltd,515,565.0,290975.0,2025-07-23 11:27:43.430830
2025-07-23,140700,2025072304009671,UMHL,SUN SECURITIES PVT LTD,Online Securities Pvt. Ltd.,285,565.0,161025.0,2025-07-23 11:28:03.680224
2025-07-23,140699,2025072304009672,UMHL,Primo Securities (PVT) Ltd.,Online Securities Pvt. Ltd.,115,565.0,64975.0,2025-07-23 11:28:03.680368
2025-07-23,140127,2025072304009919,UMHL,Primo Securities (PVT) Ltd.,Citizens Share Broker Limited,35,565.0,19775.0,2025-07-23 11:28:42.460790
2025-07-23,140126,2025072304009920,UMHL,Kohinoor Investment & Securities Pvt. Ltd.,Citizens Share Broker Limited,15,565.0,8475.0,2025-07-23 11:28:42.460836
2025-07-23,140096,2025072304009939,UMHL,Kohinoor Investment & Securities Pvt. Ltd.,Online Securities Pvt. Ltd.,185,565.0,104525.0,2025-07-23 11:28:43.503833
2025-07-23,139747,2025072304010078,UMHL,Trisul Securities & Invt. Ltd.,Online Securities Pvt. Ltd.,15,565.0,8475.0,2025-07-23 11:29:06.964996
2025-07-23,139746,2025072304010079,UMHL,Trisul Securities & Invt. Ltd.,Vision Securities Pvt. Ltd,580,566.0,328280.0,2025-07-23 11:29:06.965109
2025-07-23,139745,2025072304010080,UMHL,Trisul Securities & Invt. Ltd.,Nepal Investment And Securities Trading Private Limited,25,566.0,14150.0,2025-07-23 11:29:06.965161
2025-07-23,138479,2025072304010548,UMHL,Trisul Securities & Invt. Ltd.,Naasa Securities Co. Ltd.,10,566.9,5669.0,2025-07-23 11:30:34.525538
2025-07-23,138147,2025072304010669,UMHL,Trisul Securities & Invt. Ltd.,Naasa Securities Co. Ltd.,370,566.9,209753.0,2025-07-23 11:30:57.621098
2025-07-23,136355,2025072304011292,UMHL,Naasa Securities Co. Ltd.,Naasa Securities Co. Ltd.,35,566.9,19841.5,2025-07-23 11:33:02.235941
2025-07-23,136115,2025072304011367,UMHL,Dipshikha Dhitopatra Karobar Co. Pvt Ltd.,KALASH STOCK MARKET PVT. LTD.,50,565.0,28250.0,2025-07-23 11:33:18.550887
2025-07-23,135589,2025072304011532,UMHL,Nagarik Stock Dealer ,Naasa Securities Co. Ltd.,559,566.9,316897.1,2025-07-23 11:33:50.335482
2025-07-23,135588,2025072304011533,UMHL,Nagarik Stock Dealer ,Capital Max Securities Ltd,200,566.9,113380.0,2025-07-23 11:33:50.335522
2025-07-23,135587,2025072304011534,UMHL,Nagarik Stock Dealer ,J.F. Securites (PVT) Ltd.,241,567.0,136647.0,2025-07-23 11:33:50.335551
2025-07-23,135530,2025072304011548,UMHL,Dipshikha Dhitopatra Karobar Co. Pvt Ltd.,Vision Securities Pvt. Ltd,50,565.0,28250.0,2025-07-23 11:33:52.309084
2025-07-23,135529,2025072304011549,UMHL,Primo Securities (PVT) Ltd.,Vision Securities Pvt. Ltd,450,565.0,254250.0,2025-07-23 11:33:52.309215
2025-07-23,135528,2025072304011550,UMHL,Stoxkarts Securities Limited,Vision Securities Pvt. Ltd,100,565.0,56500.0,2025-07-23 11:33:52.309278
2025-07-23,135527,2025072304011551,UMHL,Nepal Investment And Securities Trading Private Limited,Vision Securities Pvt. Ltd,500,565.0,282500.0,2025-07-23 11:33:52.309363
2025-07-23,135526,2025072304011552,UMHL,APPLE SECURITIES PRIVATE LIMITED,Vision Securities Pvt. Ltd,50,565.0,28250.0,2025-07-23 11:33:52.309439
2025-07-23,135307,2025072304011623,UMHL,Bhrikuti Stock Broking Co. Pvt. Ltd.,Vision Securities Pvt. Ltd,100,565.0,56500.0,2025-07-23 11:34:03.298843
2025-07-23,135281,2025072304011633,UMHL,Shree Krishna Securities Ltd.,Vision Securities Pvt. Ltd,150,565.0,84750.0,2025-07-23 11:34:05.669603
2025-07-23,135015,2025072304011724,UMHL,Shree Krishna Securities Ltd.,Online Securities Pvt. Ltd.,50,566.0,28300.0,2025-07-23 11:34:20.037830
2025-07-23,134602,2025072304011900,UMHL,Premier Securities Company Ltd.,Oxford Securities Pvt. Ltd.,100,565.0,56500.0,2025-07-23 11:34:40.596988
2025-07-23,133357,2025072304012362,UMHL,Premier Securities Company Ltd.,Online Securities Pvt. Ltd.,100,565.0,56500.0,2025-07-23 11:35:50.980120
2025-07-23,131577,2025072304012978,UMHL,Premier Securities Company Ltd.,Naasa Securities Co. Ltd.,33,565.0,18645.0,2025-07-23 11:37:48.330565
2025-07-23,130564,2025072304013308,UMHL,Premier Securities Company Ltd.,Naasa Securities Co. Ltd.,17,565.0,9605.0,2025-07-23 11:39:14.562163
2025-07-23,130563,2025072304013309,UMHL,J.F. Securites (PVT) Ltd.,Naasa Securities Co. Ltd.,25,565.0,14125.0,2025-07-23 11:39:14.562260
2025-07-23,130562,2025072304013310,UMHL,Capital Max Securities Ltd,Naasa Securities Co. Ltd.,200,565.0,113000.0,2025-07-23 11:39:14.562348
2025-07-23,130561,2025072304013311,UMHL,Primo Securities (PVT) Ltd.,Naasa Securities Co. Ltd.,500,564.5,282250.0,2025-07-23 11:39:14.562425
2025-07-23,130560,2025072304013312,UMHL,Nepal Investment And Securities Trading Private Limited,Naasa Securities Co. Ltd.,258,564.5,145641.0,2025-07-23 11:39:14.562498
2025-07-23,130082,2025072304013466,UMHL,Kalika Securities Pvt. Ltd.,Naasa Securities Co. Ltd.,2000,565.0,1130000.0,2025-07-23 11:39:49.251354
2025-07-23,127795,2025072304014207,UMHL,Dakshinkali Investment & Securities Pvt. Ltd.,Secured Securities Ltd.,37,565.0,20905.0,2025-07-23 11:43:10.005943
2025-07-23,126853,2025072304014485,UMHL,Dakshinkali Investment & Securities Pvt. Ltd.,Aryatara Investment & Securities,133,565.0,75145.0,2025-07-23 11:44:35.487851
2025-07-23,126464,2025072304014628,UMHL,Aryatara Investment & Securities,Aryatara Investment & Securities,200,564.7,112940.0,2025-07-23 11:45:08.919304
2025-07-23,126258,2025072304014694,UMHL,Stoxkarts Securities Limited,Aryatara Investment & Securities,167,564.7,94304.9,2025-07-23 11:45:23.392428
2025-07-23,125424,2025072304014997,UMHL,Stoxkarts Securities Limited,Sumeru Securities Pvt. Ltd.,33,564.7,18635.1,2025-07-23 11:46:31.178694
2025-07-23,125423,2025072304014998,UMHL,Capital Max Securities Ltd,Sumeru Securities Pvt. Ltd.,17,564.7,9599.9,2025-07-23 11:46:31.178997
2025-07-23,125182,2025072304015088,UMHL,Capital Max Securities Ltd,Asian Securities Private Ltd.,483,564.7,272750.1,2025-07-23 11:46:47.189130
2025-07-23,125181,2025072304015089,UMHL,Stoxkarts Securities Limited,Asian Securities Private Ltd.,17,564.7,9599.9,2025-07-23 11:46:47.189274
2025-07-23,124757,2025072304015248,UMHL,Stoxkarts Securities Limited,Naasa Securities Co. Ltd.,483,564.7,272750.1,2025-07-23 11:47:23.908305
2025-07-23,124756,2025072304015249,UMHL,Sajilo Broker Limited,Naasa Securities Co. Ltd.,200,564.6,112920.0,2025-07-23 11:47:23.908437
2025-07-23,124755,2025072304015250,UMHL,Agrawal Securities (PVT) Ltd.,Naasa Securities Co. Ltd.,300,564.6,169380.0,2025-07-23 11:47:23.908504
2025-07-23,124754,2025072304015251,UMHL,Capital Max Securities Ltd,Naasa Securities Co. Ltd.,17,564.6,9598.2,2025-07-23 11:47:23.908578
2025-07-23,122897,2025072304016060,UMHL,Online Securities Pvt. Ltd.,Sewa Securities Pvt. Ltd.,37,565.0,20905.0,2025-07-23 11:49:47.509847
2025-07-23,122827,2025072304016084,UMHL,Capital Max Securities Ltd,Opal Securities Investment (PVT) Ltd.,183,564.6,103321.8,2025-07-23 11:49:52.931045
2025-07-23,122826,2025072304016085,UMHL,Nepal Investment And Securities Trading Private Limited,Opal Securities Investment (PVT) Ltd.,242,564.5,136609.0,2025-07-23 11:49:52.931180
2025-07-23,122825,2025072304016086,UMHL,Asian Securities Private Ltd.,Opal Securities Investment (PVT) Ltd.,175,564.3,98752.5,2025-07-23 11:49:52.931245
2025-07-23,122764,2025072304016109,UMHL,Capital Max Securities Ltd,Oxford Securities Pvt. Ltd.,300,564.6,169380.0,2025-07-23 11:50:00.456005
2025-07-23,122763,2025072304016110,UMHL,Asian Securities Private Ltd.,Oxford Securities Pvt. Ltd.,125,564.3,70537.5,2025-07-23 11:50:00.456161
2025-07-23,122762,2025072304016111,UMHL,SUN SECURITIES PVT LTD,Oxford Securities Pvt. Ltd.,163,564.2,91964.6,2025-07-23 11:50:00.456223
2025-07-23,122761,2025072304016112,UMHL,Trisul Securities & Invt. Ltd.,Oxford Securities Pvt. Ltd.,300,564.0,169200.0,2025-07-23 11:50:00.456285
2025-07-23,122760,2025072304016113,UMHL,Vision Securities Pvt. Ltd,Oxford Securities Pvt. Ltd.,12,564.0,6768.0,2025-07-23 11:50:00.456351
2025-07-23,122644,2025072304016143,UMHL,Capital Max Securities Ltd,Sewa Securities Pvt. Ltd.,498,565.0,281370.0,2025-07-23 11:50:09.969360
2025-07-23,121248,2025072304016714,UMHL,Primo Securities (PVT) Ltd.,Deevyaa Securities & Stock House Pvt. Ltd,200,565.0,113000.0,2025-07-23 11:52:05.312115
2025-07-23,121157,2025072304016752,UMHL,Nepal Investment And Securities Trading Private Limited,Deevyaa Securities & Stock House Pvt. Ltd,50,565.0,28250.0,2025-07-23 11:52:12.799308
2025-07-23,120453,2025072304017000,UMHL,Vision Securities Pvt. Ltd,Naasa Securities Co. Ltd.,88,564.0,49632.0,2025-07-23 11:53:19.451361
2025-07-23,120452,2025072304017001,UMHL,Capital Max Securities Ltd,Naasa Securities Co. Ltd.,10,564.0,5640.0,2025-07-23 11:53:19.451658
2025-07-23,120451,2025072304017002,UMHL,Naasa Securities Co. Ltd.,Naasa Securities Co. Ltd.,51,564.0,28764.0,2025-07-23 11:53:19.451840
2025-07-23,118662,2025072304017711,UMHL,Naasa Securities Co. Ltd.,Naasa Securities Co. Ltd.,34,564.0,19176.0,2025-07-23 11:55:34.435437
2025-07-23,118427,2025072304017832,UMHL,Naasa Securities Co. Ltd.,Online Securities Pvt. Ltd.,15,564.0,8460.0,2025-07-23 11:55:45.329541
2025-07-23,118313,2025072304017868,UMHL,Citizens Share Broker Limited,Naasa Securities Co. Ltd.,100,563.1,56310.0,2025-07-23 11:55:55.238948
2025-07-23,118312,2025072304017869,UMHL,Neev Securities Pvt. Ltd.,Naasa Securities Co. Ltd.,200,563.1,112620.0,2025-07-23 11:55:55.239004
2025-07-23,118311,2025072304017870,UMHL,J.F. Securites (PVT) Ltd.,Naasa Securities Co. Ltd.,50,563.0,28150.0,2025-07-23 11:55:55.239042
2025-07-23,118310,2025072304017871,UMHL,Trisul Securities & Invt. Ltd.,Naasa Securities Co. Ltd.,70,563.0,39410.0,2025-07-23 11:55:55.239068
2025-07-23,118309,2025072304017872,UMHL,Primo Securities (PVT) Ltd.,Naasa Securities Co. Ltd.,100,563.0,56300.0,2025-07-23 11:55:55.239098
2025-07-23,118308,2025072304017873,UMHL,Capital Max Securities Ltd,Naasa Securities Co. Ltd.,500,563.0,281500.0,2025-07-23 11:55:55.239130
2025-07-23,118307,2025072304017874,UMHL,Naasa Securities Co. Ltd.,Naasa Securities Co. Ltd.,100,563.0,56300.0,2025-07-23 11:55:55.239158
2025-07-23,118306,2025072304017875,UMHL,Capital Max Securities Ltd,Naasa Securities Co. Ltd.,880,563.0,495440.0,2025-07-23 11:55:55.239214
2025-07-23,118237,2025072304017906,UMHL,Property Wiard Limited,Deevyaa Securities & Stock House Pvt. Ltd,17,565.0,9605.0,2025-07-23 11:56:01.937242
2025-07-23,118236,2025072304017907,UMHL,Property Wiard Limited,Secured Securities Ltd.,14,565.0,7910.0,2025-07-23 11:56:01.937407
2025-07-23,118235,2025072304017908,UMHL,Property Wiard Limited,Aryatara Investment & Securities,107,565.0,60455.0,2025-07-23 11:56:01.937467
2025-07-23,118101,2025072304017940,UMHL,Property Wiard Limited,Trishakti Securities Public Limited,102,565.5,57681.0,2025-07-23 11:56:14.611002
2025-07-23,116780,2025072304018408,UMHL,Premier Securities Company Ltd.,Online Securities Pvt. Ltd.,200,565.0,113000.0,2025-07-23 11:57:54.505696
2025-07-23,115892,2025072304018735,UMHL,Nagarik Stock Dealer ,Trishakti Securities Public Limited,12,565.5,6786.0,2025-07-23 11:59:14.405557
2025-07-23,115891,2025072304018736,UMHL,Nagarik Stock Dealer ,S.P.S.A. Securities Limited,750,565.9,424425.0,2025-07-23 11:59:14.405713
2025-07-23,115890,2025072304018737,UMHL,Nagarik Stock Dealer ,Capital Max Securities Ltd,238,566.0,134708.0,2025-07-23 11:59:14.405777
2025-07-23,115846,2025072304018743,UMHL,Malla & Malla Stock Broking Company Pvt. Limited,Sumeru Securities Pvt. Ltd.,100,564.0,56400.0,2025-07-23 11:59:16.341016
2025-07-23,115845,2025072304018744,UMHL,Deevyaa Securities & Stock House Pvt. Ltd,Sumeru Securities Pvt. Ltd.,500,563.5,281750.0,2025-07-23 11:59:16.341078
2025-07-23,115844,2025072304018745,UMHL,Aryatara Investment & Securities,Sumeru Securities Pvt. Ltd.,150,563.1,84465.0,2025-07-23 11:59:16.341117
2025-07-23,115843,2025072304018746,UMHL,Capital Max Securities Ltd,Sumeru Securities Pvt. Ltd.,120,563.0,67560.0,2025-07-23 11:59:16.341149
2025-07-23,115842,2025072304018747,UMHL,Capital Max Securities Ltd,Sumeru Securities Pvt. Ltd.,130,563.0,73190.0,2025-07-23 11:59:16.341174
2025-07-23,115562,2025072304018838,UMHL,Capital Max Securities Ltd,Sumeru Securities Pvt. Ltd.,370,563.0,208310.0,2025-07-23 11:59:42.903898
2025-07-23,115561,2025072304018839,UMHL,Deevyaa Securities & Stock House Pvt. Ltd,Sumeru Securities Pvt. Ltd.,130,563.0,73190.0,2025-07-23 11:59:42.903939
2025-07-23,115284,2025072304018932,UMHL,Premier Securities Company Ltd.,Capital Max Securities Ltd,200,564.0,112800.0,2025-07-23 12:00:11.658374
2025-07-23,115074,2025072304019002,UMHL,K.B.L. Securities Limited ,Opal Securities Investment (PVT) Ltd.,500,563.1,281550.0,2025-07-23 12:00:29.824484
2025-07-23,115000,2025072304019029,UMHL,Deevyaa Securities & Stock House Pvt. Ltd,Naasa Securities Co. Ltd.,370,563.0,208310.0,2025-07-23 12:00:34.716122
2025-07-23,114999,2025072304019030,UMHL,Stoxkarts Securities Limited,Naasa Securities Co. Ltd.,200,563.0,112600.0,2025-07-23 12:00:34.716206
2025-07-23,114998,2025072304019031,UMHL,Capital Max Securities Ltd,Naasa Securities Co. Ltd.,430,563.0,242090.0,2025-07-23 12:00:34.716234
2025-07-23,114915,2025072304019045,UMHL,Capital Max Securities Ltd,NIMB Stock Markets Limited,70,563.0,39410.0,2025-07-23 12:00:43.502023
2025-07-23,114914,2025072304019046,UMHL,Trisul Securities & Invt. Ltd.,NIMB Stock Markets Limited,2000,562.5,1125000.0,2025-07-23 12:00:43.502066
2025-07-23,114913,2025072304019047,UMHL,KALASH STOCK MARKET PVT. LTD.,NIMB Stock Markets Limited,365,562.2,205203.0,2025-07-23 12:00:43.502097
2025-07-23,114912,2025072304019048,UMHL,Capital Max Securities Ltd,NIMB Stock Markets Limited,10,562.2,5622.0,2025-07-23 12:00:43.502131
2025-07-23,114911,2025072304019049,UMHL,Trisul Securities & Invt. Ltd.,NIMB Stock Markets Limited,216,562.2,121435.2,2025-07-23 12:00:43.502156
2025-07-23,114853,2025072304019076,UMHL,Sundhara Securities Limited,Opal Securities Investment (PVT) Ltd.,30,563.1,16893.0,2025-07-23 12:00:47.157862
2025-07-23,114442,2025072304019183,UMHL,J.F. Securites (PVT) Ltd.,Online Securities Pvt. Ltd.,10,562.3,5623.0,2025-07-23 12:01:23.636077
2025-07-23,114260,2025072304019253,UMHL,J.F. Securites (PVT) Ltd.,Naasa Securities Co. Ltd.,40,562.3,22492.0,2025-07-23 12:01:40.413545
2025-07-23,114259,2025072304019254,UMHL,Trisul Securities & Invt. Ltd.,Naasa Securities Co. Ltd.,284,562.2,159664.8,2025-07-23 12:01:40.413605
2025-07-23,114258,2025072304019255,UMHL,Capital Max Securities Ltd,Naasa Securities Co. Ltd.,676,562.0,379912.0,2025-07-23 12:01:40.413637
2025-07-23,113915,2025072304019382,UMHL,Miyo Securities Pvt Ltd,Naasa Securities Co. Ltd.,700,562.4,393680.0,2025-07-23 12:02:14.344127
2025-07-23,113914,2025072304019383,UMHL,Capital Max Securities Ltd,Naasa Securities Co. Ltd.,300,562.0,168600.0,2025-07-23 12:02:14.344217
2025-07-23,113910,2025072304019387,UMHL,Aryatara Investment & Securities,Opal Securities Investment (PVT) Ltd.,50,563.1,28155.0,2025-07-23 12:02:14.493166
2025-07-23,113510,2025072304019538,UMHL,BHOLE GANESH SECURITIES LTD,Online Securities Pvt. Ltd.,10,562.1,5621.0,2025-07-23 12:02:58.684307
2025-07-23,113364,2025072304019578,UMHL,BHOLE GANESH SECURITIES LTD,Miyo Securities Pvt Ltd,190,562.1,106799.0,2025-07-23 12:03:13.763039
2025-07-23,113363,2025072304019579,UMHL,Capital Max Securities Ltd,Miyo Securities Pvt Ltd,24,562.0,13488.0,2025-07-23 12:03:13.763120
2025-07-23,112694,2025072304019840,UMHL,Opal Securities Investment (PVT) Ltd.,Primo Securities (PVT) Ltd.,150,562.2,84330.0,2025-07-23 12:04:16.656978
2025-07-23,112393,2025072304019983,UMHL,Opal Securities Investment (PVT) Ltd.,Midas Stock Broking Company Private Limited,10,562.2,5622.0,2025-07-23 12:04:46.756632
2025-07-23,112365,2025072304019995,UMHL,Malla & Malla Stock Broking Company Pvt. Limited,Primo Securities (PVT) Ltd.,50,563.0,28150.0,2025-07-23 12:04:49.453682
2025-07-23,112243,2025072304020023,UMHL,Malla & Malla Stock Broking Company Pvt. Limited,Opal Securities Investment (PVT) Ltd.,20,563.1,11262.0,2025-07-23 12:04:59.850541
2025-07-23,112242,2025072304020024,UMHL,Malla & Malla Stock Broking Company Pvt. Limited,Capital Max Securities Ltd,30,564.0,16920.0,2025-07-23 12:04:59.850834
2025-07-23,111940,2025072304020141,UMHL,Online Securities Pvt. Ltd.,Capital Max Securities Ltd,100,564.0,56400.0,2025-07-23 12:05:30.762548
2025-07-23,111758,2025072304020192,UMHL,Opal Securities Investment (PVT) Ltd.,Imperial Securities Company Pvt. Ltd.,90,562.2,50598.0,2025-07-23 12:05:51.730850
2025-07-23,111757,2025072304020193,UMHL,Trademow Securities Private Limited,Imperial Securities Company Pvt. Ltd.,100,562.1,56210.0,2025-07-23 12:05:51.731004
2025-07-23,111756,2025072304020194,UMHL,Asian Securities Private Ltd.,Imperial Securities Company Pvt. Ltd.,10,562.0,5620.0,2025-07-23 12:05:51.731094
2025-07-23,111159,2025072304020391,UMHL,Opal Securities Investment (PVT) Ltd.,Kalika Securities Pvt. Ltd.,250,562.2,140550.0,2025-07-23 12:06:46.396428
2025-07-23,111158,2025072304020392,UMHL,Trademow Securities Private Limited,Kalika Securities Pvt. Ltd.,115,562.1,64641.5,2025-07-23 12:06:46.396603
2025-07-23,109711,2025072304020813,UMHL,Stoxkarts Securities Limited,Capital Max Securities Ltd,170,564.0,95880.0,2025-07-23 12:09:16.837727
2025-07-23,109710,2025072304020814,UMHL,Stoxkarts Securities Limited,Naasa Securities Co. Ltd.,100,564.0,56400.0,2025-07-23 12:09:16.837892
2025-07-23,109709,2025072304020815,UMHL,Stoxkarts Securities Limited,Nepal Investment And Securities Trading Private Limited,1000,565.0,565000.0,2025-07-23 12:09:16.837960
2025-07-23,109491,2025072304020891,UMHL,Stoxkarts Securities Limited,Online Securities Pvt. Ltd.,500,565.0,282500.0,2025-07-23 12:09:34.498826
2025-07-23,109315,2025072304020929,UMHL,Stoxkarts Securities Limited,Online Securities Pvt. Ltd.,400,565.0,226000.0,2025-07-23 12:09:49.676756
2025-07-23,106050,2025072304021982,UMHL,Malla & Malla Stock Broking Company Pvt. Limited,Global IME Securities Limited,10,563.0,5630.0,2025-07-23 12:14:11.154593
2025-07-23,105212,2025072304022222,UMHL,Malla & Malla Stock Broking Company Pvt. Limited,Creative Securities Pvt Ltd,90,563.0,50670.0,2025-07-23 12:15:25.003640
2025-07-23,104690,2025072304022386,UMHL,Nepal Investment And Securities Trading Private Limited,Creative Securities Pvt Ltd,10,563.0,5630.0,2025-07-23 12:16:07.666288
2025-07-23,103563,2025072304022707,UMHL,APPLE SECURITIES PRIVATE LIMITED,Midas Stock Broking Company Private Limited,27,563.0,15201.0,2025-07-23 12:17:40.803291
2025-07-23,102907,2025072304022933,UMHL,South Asian Bulls Pvt. Ltd.,Nepal Investment And Securities Trading Private Limited,100,562.3,56230.0,2025-07-23 12:18:35.121989
2025-07-23,102906,2025072304022934,UMHL,Stoxkarts Securities Limited,Nepal Investment And Securities Trading Private Limited,100,562.3,56230.0,2025-07-23 12:18:35.122238
2025-07-23,102808,2025072304022952,UMHL,BHOLE GANESH SECURITIES LTD,Primo Securities (PVT) Ltd.,200,562.2,112440.0,2025-07-23 12:18:42.379375
2025-07-23,102807,2025072304022953,UMHL,Trademow Securities Private Limited,Primo Securities (PVT) Ltd.,385,562.1,216408.5,2025-07-23 12:18:42.379555
2025-07-23,102806,2025072304022954,UMHL,Secured Securities Ltd.,Primo Securities (PVT) Ltd.,65,562.0,36530.0,2025-07-23 12:18:42.379649
2025-07-23,102805,2025072304022955,UMHL,APPLE SECURITIES PRIVATE LIMITED,Primo Securities (PVT) Ltd.,30,562.0,16860.0,2025-07-23 12:18:42.379722
2025-07-23,102804,2025072304022956,UMHL,Imperial Securities Company Pvt. Ltd.,Primo Securities (PVT) Ltd.,320,562.0,179840.0,2025-07-23 12:18:42.379791
2025-07-23,102068,2025072304023132,UMHL,BHOLE GANESH SECURITIES LTD,J.F. Securites (PVT) Ltd.,100,562.1,56210.0,2025-07-23 12:19:42.314658
2025-07-23,102067,2025072304023133,UMHL,Imperial Securities Company Pvt. Ltd.,J.F. Securites (PVT) Ltd.,180,562.0,101160.0,2025-07-23 12:19:42.314829
2025-07-23,102066,2025072304023134,UMHL,Thrive Brokerage House Pvt. Ltd,J.F. Securites (PVT) Ltd.,300,562.0,168600.0,2025-07-23 12:19:42.314899
2025-07-23,102065,2025072304023135,UMHL,Naasa Securities Co. Ltd.,J.F. Securites (PVT) Ltd.,100,562.0,56200.0,2025-07-23 12:19:42.314965
2025-07-23,100920,2025072304023462,UMHL,Neev Securities Pvt. Ltd.,Online Securities Pvt. Ltd.,10,561.3,5613.0,2025-07-23 12:21:21.174197
2025-07-23,100775,2025072304023492,UMHL,Neev Securities Pvt. Ltd.,Capital Max Securities Ltd,89,561.3,49955.7,2025-07-23 12:21:34.059858
2025-07-23,100473,2025072304023578,UMHL,Naasa Securities Co. Ltd.,J.F. Securites (PVT) Ltd.,20,562.0,11240.0,2025-07-23 12:22:03.234037
2025-07-23,100370,2025072304023612,UMHL,Sumeru Securities Pvt. Ltd.,J.F. Securites (PVT) Ltd.,30,562.0,16860.0,2025-07-23 12:22:13.880846
2025-07-23,98949,2025072304023997,UMHL,J.F. Securites (PVT) Ltd.,J.F. Securites (PVT) Ltd.,10,561.5,5615.0,2025-07-23 12:24:01.992119
2025-07-23,98948,2025072304023998,UMHL,Stoxkarts Securities Limited,J.F. Securites (PVT) Ltd.,223,561.4,125192.2,2025-07-23 12:24:01.992324
2025-07-23,95155,2025072304025006,UMHL,Malla & Malla Stock Broking Company Pvt. Limited,Naasa Securities Co. Ltd.,50,562.2,28110.0,2025-07-23 12:30:11.517973
2025-07-23,94789,2025072304025102,UMHL,Naasa Securities Co. Ltd.,Secured Securities Ltd.,300,562.0,168600.0,2025-07-23 12:30:52.095989
2025-07-23,94766,2025072304025106,UMHL,Naasa Securities Co. Ltd.,Naasa Securities Co. Ltd.,116,562.0,65192.0,2025-07-23 12:30:54.910507
2025-07-23,94655,2025072304025133,UMHL,Primo Securities (PVT) Ltd.,Naasa Securities Co. Ltd.,284,562.0,159608.0,2025-07-23 12:31:08.528941
2025-07-23,94309,2025072304025220,UMHL,Asian Securities Private Ltd.,Imperial Securities Company Pvt. Ltd.,2,555.0,1110.0,2025-07-23 12:31:48.638587
2025-07-23,93287,2025072304025417,UMHL,Dipshikha Dhitopatra Karobar Co. Pvt Ltd.,South Asian Bulls Pvt. Ltd.,2000,562.5,1125000.0,2025-07-23 12:33:31.282491
2025-07-23,93034,2025072304025494,UMHL,Secured Securities Ltd.,Himalayan Brokerage Company Limited,150,563.0,84450.0,2025-07-23 12:34:00.692467
2025-07-23,90632,2025072304026144,UMHL,Linch Stock Market Ltd.,South Asian Bulls Pvt. Ltd.,400,563.0,225200.0,2025-07-23 12:38:36.549112
2025-07-23,90629,2025072304026147,UMHL,Dipshikha Dhitopatra Karobar Co. Pvt Ltd.,South Asian Bulls Pvt. Ltd.,600,563.0,337800.0,2025-07-23 12:38:36.816618
2025-07-23,89903,2025072304026382,UMHL,Dipshikha Dhitopatra Karobar Co. Pvt Ltd.,Sumeru Securities Pvt. Ltd.,200,563.0,112600.0,2025-07-23 12:39:46.467117
2025-07-23,89902,2025072304026383,UMHL,Linch Stock Market Ltd.,Sumeru Securities Pvt. Ltd.,100,563.0,56300.0,2025-07-23 12:39:46.467160
2025-07-23,89868,2025072304026388,UMHL,Linch Stock Market Ltd.,Trishakti Securities Public Limited,395,563.0,222385.0,2025-07-23 12:39:48.871516
2025-07-23,89762,2025072304026416,UMHL,Linch Stock Market Ltd.,Trishakti Securities Public Limited,30,563.0,16890.0,2025-07-23 12:39:59.801250
2025-07-23,89761,2025072304026417,UMHL,Aryatara Investment & Securities,Trishakti Securities Public Limited,200,562.1,112420.0,2025-07-23 12:39:59.801296
2025-07-23,89760,2025072304026418,UMHL,Primo Securities (PVT) Ltd.,Trishakti Securities Public Limited,216,562.0,121392.0,2025-07-23 12:39:59.801335
2025-07-23,89759,2025072304026419,UMHL,Cristal Kanchanjanga Securites Pvt. Ltd.,Trishakti Securities Public Limited,200,562.0,112400.0,2025-07-23 12:39:59.801363
2025-07-23,89758,2025072304026420,UMHL,Online Securities Pvt. Ltd.,Trishakti Securities Public Limited,20,561.8,11236.0,2025-07-23 12:39:59.801390
2025-07-23,89757,2025072304026421,UMHL,Neev Securities Pvt. Ltd.,Trishakti Securities Public Limited,101,561.6,56721.6,2025-07-23 12:39:59.801416
2025-07-23,89756,2025072304026422,UMHL,Dipshikha Dhitopatra Karobar Co. Pvt Ltd.,Trishakti Securities Public Limited,1000,561.6,561600.0,2025-07-23 12:39:59.801447
2025-07-23,89755,2025072304026423,UMHL,J.F. Securites (PVT) Ltd.,Trishakti Securities Public Limited,10,561.5,5615.0,2025-07-23 12:39:59.801489
2025-07-23,89754,2025072304026424,UMHL,Shree Krishna Securities Ltd.,Trishakti Securities Public Limited,200,561.5,112300.0,2025-07-23 12:39:59.801518
2025-07-23,89753,2025072304026425,UMHL,Stoxkarts Securities Limited,Trishakti Securities Public Limited,77,561.4,43227.8,2025-07-23 12:39:59.801559
2025-07-23,89752,2025072304026426,UMHL,Trisul Securities & Invt. Ltd.,Trishakti Securities Public Limited,130,561.3,72969.0,2025-07-23 12:39:59.801586
2025-07-23,89751,2025072304026427,UMHL,Citizens Share Broker Limited,Trishakti Securities Public Limited,200,561.2,112240.0,2025-07-23 12:39:59.801616
2025-07-23,89750,2025072304026428,UMHL,Citizens Share Broker Limited,Trishakti Securities Public Limited,100,561.1,56110.0,2025-07-23 12:39:59.801646
2025-07-23,89749,2025072304026429,UMHL,Capital Max Securities Ltd,Trishakti Securities Public Limited,154,561.1,86409.4,2025-07-23 12:39:59.801673
2025-07-23,89748,2025072304026430,UMHL,Capital Max Securities Ltd,Trishakti Securities Public Limited,500,561.0,280500.0,2025-07-23 12:39:59.801698
2025-07-23,89747,2025072304026431,UMHL,APPLE SECURITIES PRIVATE LIMITED,Trishakti Securities Public Limited,30,561.0,16830.0,2025-07-23 12:39:59.801722
2025-07-23,89746,2025072304026432,UMHL,Sagarmatha Securities Private Limited,Trishakti Securities Public Limited,490,560.2,274498.0,2025-07-23 12:39:59.801754
2025-07-23,89745,2025072304026433,UMHL,Dipshikha Dhitopatra Karobar Co. Pvt Ltd.,Trishakti Securities Public Limited,100,560.2,56020.0,2025-07-23 12:39:59.801781
2025-07-23,89744,2025072304026434,UMHL,Bhrikuti Stock Broking Co. Pvt. Ltd.,Trishakti Securities Public Limited,100,560.1,56010.0,2025-07-23 12:39:59.801810
2025-07-23,89743,2025072304026435,UMHL,Capital Max Securities Ltd,Trishakti Securities Public Limited,142,560.0,79520.0,2025-07-23 12:39:59.801840
2025-07-23,88998,2025072304026613,UMHL,Naasa Securities Co. Ltd.,Ashutosh Brokerage & Securities (PVT) Ltd.,15,562.0,8430.0,2025-07-23 12:41:25.526614
2025-07-23,88584,2025072304026734,UMHL,Aryatara Investment & Securities,Ashutosh Brokerage & Securities (PVT) Ltd.,250,562.0,140500.0,2025-07-23 12:42:10.042651
2025-07-23,87667,2025072304027030,UMHL,Capital Max Securities Ltd,Ashutosh Brokerage & Securities (PVT) Ltd.,200,563.0,112600.0,2025-07-23 12:44:10.005085
2025-07-23,87076,2025072304027208,UMHL,Malla & Malla Stock Broking Company Pvt. Limited,Naasa Securities Co. Ltd.,100,561.0,56100.0,2025-07-23 12:45:21.369097
2025-07-23,87075,2025072304027209,UMHL,Premier Securities Company Ltd.,Naasa Securities Co. Ltd.,200,560.6,112120.0,2025-07-23 12:45:21.369492
2025-07-23,87074,2025072304027210,UMHL,Thrive Brokerage House Pvt. Ltd,Naasa Securities Co. Ltd.,500,560.5,280250.0,2025-07-23 12:45:21.369738
2025-07-23,87073,2025072304027211,UMHL,Nepal Investment And Securities Trading Private Limited,Naasa Securities Co. Ltd.,800,560.3,448240.0,2025-07-23 12:45:21.369958
2025-07-23,84183,2025072304028192,UMHL,Deevyaa Securities & Stock House Pvt. Ltd,Online Securities Pvt. Ltd.,100,561.4,56140.0,2025-07-23 12:51:04.928931
2025-07-23,82778,2025072304028716,UMHL,Miyo Securities Pvt Ltd,Ashutosh Brokerage & Securities (PVT) Ltd.,35,564.0,19740.0,2025-07-23 12:53:52.754381
2025-07-23,82777,2025072304028717,UMHL,Miyo Securities Pvt Ltd,Sharepro Securities Private Limited,35,565.0,19775.0,2025-07-23 12:53:52.754592
2025-07-23,82776,2025072304028718,UMHL,Miyo Securities Pvt Ltd,Sundhara Securities Limited,12,565.0,6780.0,2025-07-23 12:53:52.754676
2025-07-23,82775,2025072304028719,UMHL,Miyo Securities Pvt Ltd,Imperial Securities Company Pvt. Ltd.,94,565.0,53110.0,2025-07-23 12:53:52.754768
2025-07-23,82389,2025072304028879,UMHL,Online Securities Pvt. Ltd.,Imperial Securities Company Pvt. Ltd.,50,565.0,28250.0,2025-07-23 12:54:34.789025
2025-07-23,81248,2025072304029261,UMHL,South Asian Bulls Pvt. Ltd.,Imperial Securities Company Pvt. Ltd.,186,565.0,105090.0,2025-07-23 12:57:16.914942
2025-07-23,81247,2025072304029262,UMHL,South Asian Bulls Pvt. Ltd.,Siprabi Securities Pvt. Ltd.,64,565.0,36160.0,2025-07-23 12:57:16.915149
2025-07-23,81246,2025072304029263,UMHL,South Asian Bulls Pvt. Ltd.,INDEX SECURITIES LIMITED,48,565.0,27120.0,2025-07-23 12:57:16.915237
2025-07-23,81245,2025072304029264,UMHL,South Asian Bulls Pvt. Ltd.,ABC Securities Private Limited,50,565.0,28250.0,2025-07-23 12:57:16.915328
2025-07-23,81244,2025072304029265,UMHL,South Asian Bulls Pvt. Ltd.,Aryatara Investment & Securities,152,566.0,86032.0,2025-07-23 12:57:16.915412
2025-07-23,80770,2025072304029376,UMHL,Secured Securities Ltd.,Trishakti Securities Public Limited,10,566.0,5660.0,2025-07-23 12:58:16.062278
2025-07-23,80693,2025072304029405,UMHL,Secured Securities Ltd.,Online Securities Pvt. Ltd.,100,566.0,56600.0,2025-07-23 12:58:28.831464
2025-07-23,80587,2025072304029434,UMHL,Naasa Securities Co. Ltd.,Opal Securities Investment (PVT) Ltd.,30,567.0,17010.0,2025-07-23 12:58:45.453574
2025-07-23,80508,2025072304029452,UMHL,Bhrikuti Stock Broking Co. Pvt. Ltd.,Opal Securities Investment (PVT) Ltd.,105,567.0,59535.0,2025-07-23 12:58:53.641409
2025-07-23,80507,2025072304029453,UMHL,Bhrikuti Stock Broking Co. Pvt. Ltd.,Pragyan Securities (PVT) Ltd.,68,567.0,38556.0,2025-07-23 12:58:53.641643
2025-07-23,80506,2025072304029454,UMHL,Bhrikuti Stock Broking Co. Pvt. Ltd.,Primo Securities (PVT) Ltd.,500,567.0,283500.0,2025-07-23 12:58:53.641733
2025-07-23,80505,2025072304029455,UMHL,Bhrikuti Stock Broking Co. Pvt. Ltd.,Premier Securities Company Ltd.,150,568.0,85200.0,2025-07-23 12:58:53.641820
2025-07-23,80115,2025072304029566,UMHL,Bhrikuti Stock Broking Co. Pvt. Ltd.,Online Securities Pvt. Ltd.,100,568.0,56800.0,2025-07-23 12:59:38.281244
2025-07-23,79783,2025072304029634,UMHL,Bhrikuti Stock Broking Co. Pvt. Ltd.,Online Securities Pvt. Ltd.,77,568.0,43736.0,2025-07-23 13:00:28.737061
2025-07-23,79782,2025072304029635,UMHL,Secured Securities Ltd.,Online Securities Pvt. Ltd.,423,567.0,239841.0,2025-07-23 13:00:28.737279
2025-07-23,77412,2025072304030367,UMHL,Secured Securities Ltd.,Sani Securities Company Ltd.,77,567.0,43659.0,2025-07-23 13:05:31.800172
2025-07-23,77411,2025072304030368,UMHL,Secured Securities Ltd.,Sani Securities Company Ltd.,48,566.0,27168.0,2025-07-23 13:05:31.800221
2025-07-23,77410,2025072304030369,UMHL,Nagarik Stock Dealer ,Sani Securities Company Ltd.,200,565.0,113000.0,2025-07-23 13:05:31.800249
2025-07-23,77409,2025072304030370,UMHL,Vision Securities Pvt. Ltd,Sani Securities Company Ltd.,100,565.0,56500.0,2025-07-23 13:05:31.800285
2025-07-23,77408,2025072304030371,UMHL,SUN SECURITIES PVT LTD,Sani Securities Company Ltd.,75,564.0,42300.0,2025-07-23 13:05:31.800335
2025-07-23,77235,2025072304030429,UMHL,SUN SECURITIES PVT LTD,Sani Securities Company Ltd.,456,564.0,257184.0,2025-07-23 13:05:54.152097
2025-07-23,77234,2025072304030430,UMHL,Cristal Kanchanjanga Securites Pvt. Ltd.,Sani Securities Company Ltd.,44,562.2,24736.8,2025-07-23 13:05:54.152170
2025-07-23,77024,2025072304030491,UMHL,Cristal Kanchanjanga Securites Pvt. Ltd.,Sani Securities Company Ltd.,210,562.2,118062.0,2025-07-23 13:06:15.782581
2025-07-23,76546,2025072304030650,UMHL,Dynamic Money Managers Securities Pvt. Ltd.,Linch Stock Market Ltd.,10,568.0,5680.0,2025-07-23 13:07:12.366565
2025-07-23,76545,2025072304030651,UMHL,Dynamic Money Managers Securities Pvt. Ltd.,Kohinoor Investment & Securities Pvt. Ltd.,64,568.0,36352.0,2025-07-23 13:07:12.366854
2025-07-23,76544,2025072304030652,UMHL,Dynamic Money Managers Securities Pvt. Ltd.,Citizens Share Broker Limited,100,568.9,56890.0,2025-07-23 13:07:12.367003
2025-07-23,76543,2025072304030653,UMHL,Dynamic Money Managers Securities Pvt. Ltd.,Sri Hari Securities Pvt. Ltd.,10,569.0,5690.0,2025-07-23 13:07:12.367137
2025-07-23,76542,2025072304030654,UMHL,Dynamic Money Managers Securities Pvt. Ltd.,APPLE SECURITIES PRIVATE LIMITED,600,569.0,341400.0,2025-07-23 13:07:12.367269
2025-07-23,76541,2025072304030655,UMHL,Dynamic Money Managers Securities Pvt. Ltd.,Thrive Brokerage House Pvt. Ltd,700,569.5,398650.0,2025-07-23 13:07:12.367419
2025-07-23,76540,2025072304030656,UMHL,Dynamic Money Managers Securities Pvt. Ltd.,Citizens Share Broker Limited,100,569.7,56970.0,2025-07-23 13:07:12.367548
2025-07-23,76539,2025072304030657,UMHL,Dynamic Money Managers Securities Pvt. Ltd.,Citizens Share Broker Limited,100,569.8,56980.0,2025-07-23 13:07:12.367687
2025-07-23,76538,2025072304030658,UMHL,Dynamic Money Managers Securities Pvt. Ltd.,Citizens Share Broker Limited,100,569.9,56990.0,2025-07-23 13:07:12.367812
2025-07-23,76537,2025072304030659,UMHL,Dynamic Money Managers Securities Pvt. Ltd.,Capital Max Securities Ltd,500,569.9,284950.0,2025-07-23 13:07:12.367913
2025-07-23,76536,2025072304030660,UMHL,Dynamic Money Managers Securities Pvt. Ltd.,Opal Securities Investment (PVT) Ltd.,300,570.0,171000.0,2025-07-23 13:07:12.368015
2025-07-23,76535,2025072304030661,UMHL,Dynamic Money Managers Securities Pvt. Ltd.,Vision Securities Pvt. Ltd,52,570.0,29640.0,2025-07-23 13:07:12.368131
2025-07-23,76534,2025072304030662,UMHL,Dynamic Money Managers Securities Pvt. Ltd.,Dynamic Money Managers Securities Pvt. Ltd.,111,570.0,63270.0,2025-07-23 13:07:12.368217
2025-07-23,76533,2025072304030663,UMHL,Dynamic Money Managers Securities Pvt. Ltd.,Kumari Securities Private Limited,253,570.0,144210.0,2025-07-23 13:07:12.368298
2025-07-23,76304,2025072304030736,UMHL,Malla & Malla Stock Broking Company Pvt. Limited,Online Securities Pvt. Ltd.,10,563.0,5630.0,2025-07-23 13:07:37.485965
2025-07-23,74415,2025072304031295,UMHL,South Asian Bulls Pvt. Ltd.,Nepal Investment And Securities Trading Private Limited,500,567.0,283500.0,2025-07-23 13:11:30.310246
2025-07-23,74371,2025072304031304,UMHL,Indira securities pvt. ltd,Midas Stock Broking Company Private Limited,100,568.9,56890.0,2025-07-23 13:11:36.818979
2025-07-23,74370,2025072304031305,UMHL,Indira securities pvt. ltd,Citizens Share Broker Limited,380,569.0,216220.0,2025-07-23 13:11:36.819020
2025-07-23,74369,2025072304031306,UMHL,Indira securities pvt. ltd,Citizens Share Broker Limited,100,569.8,56980.0,2025-07-23 13:11:36.819055
2025-07-23,74368,2025072304031307,UMHL,Indira securities pvt. ltd,Capital Max Securities Ltd,20,569.8,11396.0,2025-07-23 13:11:36.819082
2025-07-23,74006,2025072304031410,UMHL,Malla & Malla Stock Broking Company Pvt. Limited,Online Securities Pvt. Ltd.,10,563.0,5630.0,2025-07-23 13:12:16.543965
2025-07-23,73401,2025072304031562,UMHL,Malla & Malla Stock Broking Company Pvt. Limited,Naasa Securities Co. Ltd.,80,563.0,45040.0,2025-07-23 13:13:23.049922
2025-07-23,73400,2025072304031563,UMHL,Arun Securities (PVT) Ltd.,Naasa Securities Co. Ltd.,1000,563.0,563000.0,2025-07-23 13:13:23.049963
2025-07-23,73399,2025072304031564,UMHL,Naasa Securities Co. Ltd.,Naasa Securities Co. Ltd.,920,562.6,517592.0,2025-07-23 13:13:23.049990
2025-07-23,72934,2025072304031694,UMHL,Sipla Securities Private Limited,Sri Hari Securities Pvt. Ltd.,100,563.1,56310.0,2025-07-23 13:14:11.808896
2025-07-23,72881,2025072304031711,UMHL,Imperial Securities Company Pvt. Ltd.,South Asian Bulls Pvt. Ltd.,200,564.0,112800.0,2025-07-23 13:14:20.269506
2025-07-23,72764,2025072304031735,UMHL,Sipla Securities Private Limited,Online Securities Pvt. Ltd.,100,563.1,56310.0,2025-07-23 13:14:32.792300
2025-07-23,72569,2025072304031787,UMHL,Sipla Securities Private Limited,Sweta Securities Private Limited,50,563.1,28155.0,2025-07-23 13:14:58.597503
2025-07-23,71820,2025072304032000,UMHL,ABC Securities Private Limited,South Asian Bulls Pvt. Ltd.,500,564.0,282000.0,2025-07-23 13:16:20.073298
2025-07-23,71774,2025072304032025,UMHL,Naasa Securities Co. Ltd.,South Asian Bulls Pvt. Ltd.,80,564.0,45120.0,2025-07-23 13:16:24.022855
2025-07-23,71555,2025072304032091,UMHL,Naasa Securities Co. Ltd.,Bhrikuti Stock Broking Co. Pvt. Ltd.,50,563.2,28160.0,2025-07-23 13:16:50.277588
2025-07-23,71554,2025072304032092,UMHL,Sipla Securities Private Limited,Bhrikuti Stock Broking Co. Pvt. Ltd.,699,563.1,393606.9,2025-07-23 13:16:50.278019
2025-07-23,69619,2025072304032629,UMHL,Arun Securities (PVT) Ltd.,Nagarik Stock Dealer ,200,563.9,112780.0,2025-07-23 13:20:49.865396
2025-07-23,69289,2025072304032722,UMHL,Sipla Securities Private Limited,South Asian Bulls Pvt. Ltd.,51,564.0,28764.0,2025-07-23 13:21:34.054003
2025-07-23,69222,2025072304032732,UMHL,Imperial Securities Company Pvt. Ltd.,Deevyaa Securities & Stock House Pvt. Ltd,200,563.1,112620.0,2025-07-23 13:21:46.575379
2025-07-23,69221,2025072304032733,UMHL,Cristal Kanchanjanga Securites Pvt. Ltd.,Deevyaa Securities & Stock House Pvt. Ltd,266,563.1,149784.6,2025-07-23 13:21:46.575808
2025-07-23,68693,2025072304032871,UMHL,Cristal Kanchanjanga Securites Pvt. Ltd.,Premier Securities Company Ltd.,50,563.1,28155.0,2025-07-23 13:22:49.504734
2025-07-23,68113,2025072304033040,UMHL,Cristal Kanchanjanga Securites Pvt. Ltd.,Naasa Securities Co. Ltd.,1930,563.1,1086783.0,2025-07-23 13:24:07.816871
2025-07-23,68112,2025072304033041,UMHL,Sumeru Securities Pvt. Ltd.,Naasa Securities Co. Ltd.,70,562.5,39375.0,2025-07-23 13:24:07.816929
2025-07-23,67224,2025072304033281,UMHL,Capital Max Securities Ltd,South Asian Bulls Pvt. Ltd.,80,564.0,45120.0,2025-07-23 13:26:07.837952
2025-07-23,66927,2025072304033358,UMHL,Sumeru Securities Pvt. Ltd.,Trisul Securities & Invt. Ltd.,12,562.5,6750.0,2025-07-23 13:26:40.236188
2025-07-23,66527,2025072304033473,UMHL,Sumeru Securities Pvt. Ltd.,Capital Max Securities Ltd,118,562.5,66375.0,2025-07-23 13:27:36.925133
2025-07-23,66526,2025072304033474,UMHL,Himalayan Brokerage Company Limited,Capital Max Securities Ltd,100,562.3,56230.0,2025-07-23 13:27:36.925457
2025-07-23,66525,2025072304033475,UMHL,Online Securities Pvt. Ltd.,Capital Max Securities Ltd,782,562.1,439562.2,2025-07-23 13:27:36.925573
2025-07-23,64578,2025072304033976,UMHL,Imperial Securities Company Pvt. Ltd.,N.M.B. SECURITIES LIMITED,500,562.2,281100.0,2025-07-23 13:31:19.448506
2025-07-23,64577,2025072304033977,UMHL,Online Securities Pvt. Ltd.,N.M.B. SECURITIES LIMITED,218,562.1,122537.8,2025-07-23 13:31:19.448746
2025-07-23,64576,2025072304033978,UMHL,APPLE SECURITIES PRIVATE LIMITED,N.M.B. SECURITIES LIMITED,13,562.0,7306.0,2025-07-23 13:31:19.448844
2025-07-23,64575,2025072304033979,UMHL,Nepal Stock House (PVT) Ltd.,N.M.B. SECURITIES LIMITED,80,562.0,44960.0,2025-07-23 13:31:19.448955
2025-07-23,64221,2025072304034068,UMHL,Citizens Share Broker Limited,N.M.B. SECURITIES LIMITED,100,561.4,56140.0,2025-07-23 13:32:02.007477
2025-07-23,64220,2025072304034069,UMHL,Citizens Share Broker Limited,N.M.B. SECURITIES LIMITED,100,561.3,56130.0,2025-07-23 13:32:02.007895
2025-07-23,64219,2025072304034070,UMHL,Nabil Stock Dealer Ltd.,N.M.B. SECURITIES LIMITED,20,561.2,11224.0,2025-07-23 13:32:02.008165
2025-07-23,64218,2025072304034071,UMHL,Citizens Share Broker Limited,N.M.B. SECURITIES LIMITED,100,561.2,56120.0,2025-07-23 13:32:02.008481
2025-07-23,64217,2025072304034072,UMHL,Citizens Share Broker Limited,N.M.B. SECURITIES LIMITED,100,561.1,56110.0,2025-07-23 13:32:02.008754
2025-07-23,64216,2025072304034073,UMHL,Property Wiard Limited,N.M.B. SECURITIES LIMITED,769,561.0,431409.0,2025-07-23 13:32:02.008999
2025-07-23,64116,2025072304034101,UMHL,Kumari Securities Private Limited,Midas Stock Broking Company Private Limited,100,562.0,56200.0,2025-07-23 13:32:12.799887
2025-07-23,64115,2025072304034102,UMHL,Property Wiard Limited,Midas Stock Broking Company Private Limited,231,561.0,129591.0,2025-07-23 13:32:12.800118
2025-07-23,64114,2025072304034103,UMHL,Trademow Securities Private Limited,Midas Stock Broking Company Private Limited,69,561.0,38709.0,2025-07-23 13:32:12.800233
2025-07-23,63103,2025072304034370,UMHL,Malla & Malla Stock Broking Company Pvt. Limited,Online Securities Pvt. Ltd.,100,562.0,56200.0,2025-07-23 13:33:54.667839
2025-07-23,63102,2025072304034371,UMHL,Trademow Securities Private Limited,Online Securities Pvt. Ltd.,300,561.0,168300.0,2025-07-23 13:33:54.668081
2025-07-23,59886,2025072304035131,UMHL,Indira securities pvt. ltd,Sumeru Securities Pvt. Ltd.,14,563.9,7894.6,2025-07-23 13:39:05.391431
2025-07-23,59885,2025072304035132,UMHL,Indira securities pvt. ltd,South Asian Bulls Pvt. Ltd.,1089,564.0,614196.0,2025-07-23 13:39:05.391517
2025-07-23,59884,2025072304035133,UMHL,Indira securities pvt. ltd,Aryatara Investment & Securities,85,564.0,47940.0,2025-07-23 13:39:05.391546
2025-07-23,59883,2025072304035134,UMHL,Indira securities pvt. ltd,S.P.S.A. Securities Limited,12,565.0,6780.0,2025-07-23 13:39:05.391573
2025-07-23,59505,2025072304035214,UMHL,Property Wiard Limited,Imperial Securities Company Pvt. Ltd.,20,564.0,11280.0,2025-07-23 13:39:49.914840
2025-07-23,59491,2025072304035221,UMHL,Sani Securities Company Ltd.,Dynamic Money Managers Securities Pvt. Ltd.,20,561.1,11222.0,2025-07-23 13:39:50.957615
2025-07-23,59490,2025072304035222,UMHL,Trademow Securities Private Limited,Dynamic Money Managers Securities Pvt. Ltd.,280,561.0,157080.0,2025-07-23 13:39:50.957877
2025-07-23,58294,2025072304035485,UMHL,Trademow Securities Private Limited,Trisul Securities & Invt. Ltd.,10,561.1,5611.0,2025-07-23 13:42:07.027693
2025-07-23,57012,2025072304035794,UMHL,Nepal Stock House (PVT) Ltd.,Online Securities Pvt. Ltd.,10,561.3,5613.0,2025-07-23 13:44:22.867177
2025-07-23,56448,2025072304035954,UMHL,Sundhara Securities Limited,Hatemalo Financial Services Private Limited,80,563.0,45040.0,2025-07-23 13:45:20.367166
2025-07-23,55591,2025072304036186,UMHL,Sumeru Securities Pvt. Ltd.,Hatemalo Financial Services Private Limited,32,563.9,18044.8,2025-07-23 13:46:28.330035
2025-07-23,54086,2025072304036568,UMHL,Indira securities pvt. ltd,Online Securities Pvt. Ltd.,25,563.0,14075.0,2025-07-23 13:48:47.160228
2025-07-23,53335,2025072304036867,UMHL,Trademow Securities Private Limited,Hatemalo Financial Services Private Limited,400,563.9,225560.0,2025-07-23 13:49:44.322999
2025-07-23,52615,2025072304037065,UMHL,Malla & Malla Stock Broking Company Pvt. Limited,Secured Securities Ltd.,14,562.0,7868.0,2025-07-23 13:50:42.555959
2025-07-23,52091,2025072304037208,UMHL,Malla & Malla Stock Broking Company Pvt. Limited,Capital Max Securities Ltd,36,562.0,20232.0,2025-07-23 13:51:37.560479
2025-07-23,52090,2025072304037209,UMHL,Imperial Securities Company Pvt. Ltd.,Capital Max Securities Ltd,50,562.0,28100.0,2025-07-23 13:51:37.560597
2025-07-23,52089,2025072304037210,UMHL,Trishakti Securities Public Limited,Capital Max Securities Ltd,50,562.0,28100.0,2025-07-23 13:51:37.560673
2025-07-23,52088,2025072304037211,UMHL,Online Securities Pvt. Ltd.,Capital Max Securities Ltd,150,562.0,84300.0,2025-07-23 13:51:37.560751
2025-07-23,52087,2025072304037212,UMHL,Kohinoor Investment & Securities Pvt. Ltd.,Capital Max Securities Ltd,50,562.0,28100.0,2025-07-23 13:51:37.560825
2025-07-23,52086,2025072304037213,UMHL,Citizens Share Broker Limited,Capital Max Securities Ltd,100,561.5,56150.0,2025-07-23 13:51:37.560903
2025-07-23,52085,2025072304037214,UMHL,Citizens Share Broker Limited,Capital Max Securities Ltd,100,561.5,56150.0,2025-07-23 13:51:37.560979
2025-07-23,52084,2025072304037215,UMHL,Imperial Securities Company Pvt. Ltd.,Capital Max Securities Ltd,964,561.4,541189.6,2025-07-23 13:51:37.561057
2025-07-23,50198,2025072304037810,UMHL,Naasa Securities Co. Ltd.,Hatemalo Financial Services Private Limited,239,563.9,134772.1,2025-07-23 13:54:02.196647
2025-07-23,50197,2025072304037811,UMHL,Naasa Securities Co. Ltd.,Imperial Securities Company Pvt. Ltd.,280,564.0,157920.0,2025-07-23 13:54:02.196908
2025-07-23,50196,2025072304037812,UMHL,Naasa Securities Co. Ltd.,Naasa Securities Co. Ltd.,281,564.3,158568.3,2025-07-23 13:54:02.197000
2025-07-23,50009,2025072304037876,UMHL,Imperial Securities Company Pvt. Ltd.,Sani Securities Company Ltd.,36,561.4,20210.4,2025-07-23 13:54:22.274169
2025-07-23,50008,2025072304037877,UMHL,Capital Max Securities Ltd,Sani Securities Company Ltd.,64,561.4,35929.6,2025-07-23 13:54:22.274632
2025-07-23,49433,2025072304037997,UMHL,Capital Max Securities Ltd,Investment Management Nepal Pvt. Ltd.,42,561.4,23578.8,2025-07-23 13:55:09.864268
2025-07-23,49427,2025072304037998,UMHL,Capital Max Securities Ltd,Imperial Securities Company Pvt. Ltd.,194,561.4,108911.6,2025-07-23 13:55:10.653482
2025-07-23,49426,2025072304037999,UMHL,Nepal Stock House (PVT) Ltd.,Imperial Securities Company Pvt. Ltd.,306,561.3,171757.8,2025-07-23 13:55:10.653794
2025-07-23,47919,2025072304038417,UMHL,Indira securities pvt. ltd,Naasa Securities Co. Ltd.,19,564.3,10721.7,2025-07-23 13:57:16.800459
2025-07-23,47918,2025072304038418,UMHL,Indira securities pvt. ltd,S.P.S.A. Securities Limited,88,565.0,49720.0,2025-07-23 13:57:16.800501
2025-07-23,47917,2025072304038419,UMHL,Indira securities pvt. ltd,Oxford Securities Pvt. Ltd.,1393,565.0,787045.0,2025-07-23 13:57:16.800525
2025-07-23,47547,2025072304038540,UMHL,Nepal Stock House (PVT) Ltd.,Naasa Securities Co. Ltd.,90,561.3,50517.0,2025-07-23 13:57:43.687093
2025-07-23,47347,2025072304038603,UMHL,Indira securities pvt. ltd,Oxford Securities Pvt. Ltd.,401,565.0,226565.0,2025-07-23 13:58:03.114578
2025-07-23,47346,2025072304038604,UMHL,Indira securities pvt. ltd,Naasa Securities Co. Ltd.,49,565.0,27685.0,2025-07-23 13:58:03.114622
2025-07-23,46541,2025072304038810,UMHL,Nepal Stock House (PVT) Ltd.,Himalayan Brokerage Company Limited,14,561.3,7858.2,2025-07-23 13:59:14.522132
2025-07-23,45618,2025072304039105,UMHL,ABC Securities Private Limited,Neev Securities Pvt. Ltd.,10,565.0,5650.0,2025-07-23 14:00:43.053503
2025-07-23,42449,2025072304039972,UMHL,Stoxkarts Securities Limited,Investment Management Nepal Pvt. Ltd.,50,565.0,28250.0,2025-07-23 14:06:22.934437
2025-07-23,42050,2025072304040108,UMHL,Stoxkarts Securities Limited,Nepal Stock House (PVT) Ltd.,300,567.0,170100.0,2025-07-23 14:07:06.047725
2025-07-23,41993,2025072304040119,UMHL,Stoxkarts Securities Limited,Capital Max Securities Ltd,150,567.0,85050.0,2025-07-23 14:07:12.807075
2025-07-23,41053,2025072304040374,UMHL,Aryatara Investment & Securities,Bhrikuti Stock Broking Co. Pvt. Ltd.,100,562.1,56210.0,2025-07-23 14:08:57.993767
2025-07-23,39726,2025072304040706,UMHL,Aryatara Investment & Securities,Sumeru Securities Pvt. Ltd.,70,562.1,39347.0,2025-07-23 14:11:35.257173
2025-07-23,39725,2025072304040707,UMHL,Vision Securities Pvt. Ltd,Sumeru Securities Pvt. Ltd.,160,562.1,89936.0,2025-07-23 14:11:35.257255
2025-07-23,39724,2025072304040708,UMHL,Primo Securities (PVT) Ltd.,Sumeru Securities Pvt. Ltd.,40,562.0,22480.0,2025-07-23 14:11:35.257286
2025-07-23,39723,2025072304040709,UMHL,Primo Securities (PVT) Ltd.,Sumeru Securities Pvt. Ltd.,290,562.0,162980.0,2025-07-23 14:11:35.257321
2025-07-23,39722,2025072304040710,UMHL,SUN SECURITIES PVT LTD,Sumeru Securities Pvt. Ltd.,500,561.4,280700.0,2025-07-23 14:11:35.257354
2025-07-23,39721,2025072304040711,UMHL,Sani Securities Company Ltd.,Sumeru Securities Pvt. Ltd.,250,561.4,140350.0,2025-07-23 14:11:35.257382
2025-07-23,39720,2025072304040712,UMHL,Online Securities Pvt. Ltd.,Sumeru Securities Pvt. Ltd.,1000,561.4,561400.0,2025-07-23 14:11:35.257429
2025-07-23,39719,2025072304040713,UMHL,Nepal Stock House (PVT) Ltd.,Sumeru Securities Pvt. Ltd.,4580,561.3,2570754.0,2025-07-23 14:11:35.257457
2025-07-23,39718,2025072304040714,UMHL,Trishakti Securities Public Limited,Sumeru Securities Pvt. Ltd.,50,561.3,28065.0,2025-07-23 14:11:35.257485
2025-07-23,39717,2025072304040715,UMHL,South Asian Bulls Pvt. Ltd.,Sumeru Securities Pvt. Ltd.,60,561.3,33678.0,2025-07-23 14:11:35.257512
2025-07-23,39633,2025072304040751,UMHL,Shree Krishna Securities Ltd.,Sumeru Securities Pvt. Ltd.,200,561.2,112240.0,2025-07-23 14:11:43.220135
2025-07-23,39632,2025072304040752,UMHL,Trademow Securities Private Limited,Sumeru Securities Pvt. Ltd.,390,561.1,218829.0,2025-07-23 14:11:43.220187
2025-07-23,39631,2025072304040753,UMHL,Trademow Securities Private Limited,Sumeru Securities Pvt. Ltd.,226,561.0,126786.0,2025-07-23 14:11:43.220216
2025-07-23,39630,2025072304040754,UMHL,Naasa Securities Co. Ltd.,Sumeru Securities Pvt. Ltd.,20,561.0,11220.0,2025-07-23 14:11:43.220241
2025-07-23,39629,2025072304040755,UMHL,Capital Max Securities Ltd,Sumeru Securities Pvt. Ltd.,300,561.0,168300.0,2025-07-23 14:11:43.220283
2025-07-23,39628,2025072304040756,UMHL,Trisul Securities & Invt. Ltd.,Sumeru Securities Pvt. Ltd.,100,561.0,56100.0,2025-07-23 14:11:43.220308
2025-07-23,39627,2025072304040757,UMHL,Opal Securities Investment (PVT) Ltd.,Sumeru Securities Pvt. Ltd.,39,561.0,21879.0,2025-07-23 14:11:43.220343
2025-07-23,39626,2025072304040758,UMHL,Sani Securities Company Ltd.,Sumeru Securities Pvt. Ltd.,100,561.0,56100.0,2025-07-23 14:11:43.220367
2025-07-23,39625,2025072304040759,UMHL,Kumari Securities Private Limited,Sumeru Securities Pvt. Ltd.,125,560.4,70050.0,2025-07-23 14:11:43.220397
2025-07-23,36902,2025072304041548,UMHL,Indira securities pvt. ltd,Naasa Securities Co. Ltd.,101,564.0,56964.0,2025-07-23 14:15:33.872182
2025-07-23,36901,2025072304041549,UMHL,Indira securities pvt. ltd,Premier Securities Company Ltd.,11,565.0,6215.0,2025-07-23 14:15:33.872251
2025-07-23,36900,2025072304041550,UMHL,Indira securities pvt. ltd,Sundhara Securities Limited,500,566.0,283000.0,2025-07-23 14:15:33.872280
2025-07-23,36899,2025072304041551,UMHL,Indira securities pvt. ltd,Cristal Kanchanjanga Securites Pvt. Ltd.,50,566.6,28330.0,2025-07-23 14:15:33.872307
2025-07-23,36898,2025072304041552,UMHL,Indira securities pvt. ltd,Capital Hub P. Ltd,88,566.6,49860.8,2025-07-23 14:15:33.872342
2025-07-23,36797,2025072304041584,UMHL,Indira securities pvt. ltd,Capital Hub P. Ltd,12,566.6,6799.2,2025-07-23 14:15:42.092044
2025-07-23,36796,2025072304041585,UMHL,Indira securities pvt. ltd,SUN SECURITIES PVT LTD,488,566.7,276549.6,2025-07-23 14:15:42.092111
2025-07-23,36569,2025072304041640,UMHL,Capital Max Securities Ltd,SUN SECURITIES PVT LTD,100,566.7,56670.0,2025-07-23 14:15:59.201374
2025-07-23,33689,2025072304042576,UMHL,Shree Krishna Securities Ltd.,Online Securities Pvt. Ltd.,100,566.5,56650.0,2025-07-23 14:19:27.358943
2025-07-23,33507,2025072304042630,UMHL,Shree Krishna Securities Ltd.,SUN SECURITIES PVT LTD,160,566.7,90672.0,2025-07-23 14:19:39.881113
2025-07-23,31727,2025072304043153,UMHL,Indira securities pvt. ltd,SUN SECURITIES PVT LTD,350,565.9,198065.0,2025-07-23 14:22:27.140176
2025-07-23,31726,2025072304043154,UMHL,Indira securities pvt. ltd,Sundhara Securities Limited,650,566.0,367900.0,2025-07-23 14:22:27.140233
2025-07-23,31622,2025072304043179,UMHL,Premier Securities Company Ltd.,Online Securities Pvt. Ltd.,4,560.0,2240.0,2025-07-23 14:22:41.422105
2025-07-23,30385,2025072304043441,UMHL,Sani Securities Company Ltd.,Global IME Securities Limited,177,565.9,100164.3,2025-07-23 14:24:32.535766
2025-07-23,29915,2025072304043555,UMHL,Sundhara Securities Limited,Global IME Securities Limited,100,565.9,56590.0,2025-07-23 14:25:16.806337
2025-07-23,29305,2025072304043766,UMHL,Premier Securities Company Ltd.,Online Securities Pvt. Ltd.,9,560.0,5040.0,2025-07-23 14:26:06.846248
2025-07-23,29233,2025072304043798,UMHL,Indira securities pvt. ltd,Global IME Securities Limited,223,565.9,126195.7,2025-07-23 14:26:11.367629
2025-07-23,29232,2025072304043799,UMHL,Indira securities pvt. ltd,Sundhara Securities Limited,777,566.0,439782.0,2025-07-23 14:26:11.367752
2025-07-23,28484,2025072304043979,UMHL,KALASH STOCK MARKET PVT. LTD.,Agrawal Securities (PVT) Ltd.,10,565.0,5650.0,2025-07-23 14:27:13.872396
2025-07-23,28483,2025072304043980,UMHL,Stoxkarts Securities Limited,Agrawal Securities (PVT) Ltd.,166,563.1,93474.6,2025-07-23 14:27:13.872449
2025-07-23,27664,2025072304044209,UMHL,Stoxkarts Securities Limited,Capital Max Securities Ltd,20,563.1,11262.0,2025-07-23 14:28:33.934123
2025-07-23,27580,2025072304044244,UMHL,Premier Securities Company Ltd.,Asian Securities Private Ltd.,4,554.7,2218.8,2025-07-23 14:28:40.705496
2025-07-23,27192,2025072304044325,UMHL,Stoxkarts Securities Limited,Imperial Securities Company Pvt. Ltd.,100,563.1,56310.0,2025-07-23 14:29:30.106466
2025-07-23,25603,2025072304044757,UMHL,Indira securities pvt. ltd,Malla & Malla Stock Broking Company Pvt. Limited,500,564.9,282450.0,2025-07-23 14:31:54.252943
2025-07-23,25597,2025072304044760,UMHL,Capital Max Securities Ltd,Sumeru Securities Pvt. Ltd.,200,563.3,112660.0,2025-07-23 14:31:55.455235
2025-07-23,25596,2025072304044761,UMHL,Nagarik Stock Dealer ,Sumeru Securities Pvt. Ltd.,1000,563.2,563200.0,2025-07-23 14:31:55.455404
2025-07-23,25595,2025072304044762,UMHL,Dipshikha Dhitopatra Karobar Co. Pvt Ltd.,Sumeru Securities Pvt. Ltd.,97,563.2,54630.4,2025-07-23 14:31:55.455511
2025-07-23,25594,2025072304044763,UMHL,Stoxkarts Securities Limited,Sumeru Securities Pvt. Ltd.,214,563.1,120503.4,2025-07-23 14:31:55.455633
2025-07-23,25593,2025072304044764,UMHL,Dakshinkali Investment & Securities Pvt. Ltd.,Sumeru Securities Pvt. Ltd.,3000,563.0,1689000.0,2025-07-23 14:31:55.455740
2025-07-23,25592,2025072304044765,UMHL,Swarna Laxmi Securities Pvt. Ltd.,Sumeru Securities Pvt. Ltd.,489,563.0,275307.0,2025-07-23 14:31:55.455835
2025-07-23,25531,2025072304044782,UMHL,Swarna Laxmi Securities Pvt. Ltd.,Sumeru Securities Pvt. Ltd.,11,563.0,6193.0,2025-07-23 14:32:01.964381
2025-07-23,25530,2025072304044783,UMHL,South Asian Bulls Pvt. Ltd.,Sumeru Securities Pvt. Ltd.,1489,563.0,838307.0,2025-07-23 14:32:01.964499
2025-07-23,25503,2025072304044788,UMHL,Indira securities pvt. ltd,Capital Max Securities Ltd,500,565.0,282500.0,2025-07-23 14:32:04.167875
2025-07-23,25031,2025072304044923,UMHL,Sharepro Securities Private Limited,Sri Hari Securities Pvt. Ltd.,600,564.9,338940.0,2025-07-23 14:32:58.622369
2025-07-23,24540,2025072304045079,UMHL,South Asian Bulls Pvt. Ltd.,Naasa Securities Co. Ltd.,351,563.0,197613.0,2025-07-23 14:33:41.295426
2025-07-23,24539,2025072304045080,UMHL,SHUBHAKAMANA SECURITIES PVT. LTD,Naasa Securities Co. Ltd.,50,562.1,28105.0,2025-07-23 14:33:41.295560
2025-07-23,24538,2025072304045081,UMHL,Capital Max Securities Ltd,Naasa Securities Co. Ltd.,250,562.0,140500.0,2025-07-23 14:33:41.295646
2025-07-23,24537,2025072304045082,UMHL,K.B.L. Securities Limited ,Naasa Securities Co. Ltd.,500,562.0,281000.0,2025-07-23 14:33:41.295723
2025-07-23,24536,2025072304045083,UMHL,K.B.L. Securities Limited ,Naasa Securities Co. Ltd.,500,562.0,281000.0,2025-07-23 14:33:41.295801
2025-07-23,24535,2025072304045084,UMHL,Capital Max Securities Ltd,Naasa Securities Co. Ltd.,500,562.0,281000.0,2025-07-23 14:33:41.295877
2025-07-23,24534,2025072304045085,UMHL,Elite Stock House Limited,Naasa Securities Co. Ltd.,100,561.2,56120.0,2025-07-23 14:33:41.295946
2025-07-23,24533,2025072304045086,UMHL,MILKY WAY SHARE BROKER COMPANY LTD ,Naasa Securities Co. Ltd.,300,561.2,168360.0,2025-07-23 14:33:41.296041
2025-07-23,24532,2025072304045087,UMHL,Kumari Securities Private Limited,Naasa Securities Co. Ltd.,342,561.2,191930.4,2025-07-23 14:33:41.296120
2025-07-23,21722,2025072304045995,UMHL,J.F. Securites (PVT) Ltd.,Vision Securities Pvt. Ltd,50,564.0,28200.0,2025-07-23 14:37:52.459499
2025-07-23,21480,2025072304046082,UMHL,Agrawal Securities (PVT) Ltd.,Market Securities & Exchange (PVT) Ltd.,370,563.0,208310.0,2025-07-23 14:38:07.326101
2025-07-23,21218,2025072304046173,UMHL,Indira securities pvt. ltd,Malla & Malla Stock Broking Company Pvt. Limited,500,564.9,282450.0,2025-07-23 14:38:22.582979
2025-07-23,20183,2025072304046562,UMHL,Agrawal Securities (PVT) Ltd.,Capital Hub P. Ltd,300,563.0,168900.0,2025-07-23 14:39:29.536531
2025-07-23,19474,2025072304046772,UMHL,Agrawal Securities (PVT) Ltd.,Online Securities Pvt. Ltd.,300,563.0,168900.0,2025-07-23 14:40:21.365184
2025-07-23,18449,2025072304047064,UMHL,Agrawal Securities (PVT) Ltd.,Dipshikha Dhitopatra Karobar Co. Pvt Ltd.,10,563.0,5630.0,2025-07-23 14:41:48.415666
2025-07-23,18314,2025072304047088,UMHL,Agrawal Securities (PVT) Ltd.,Naasa Securities Co. Ltd.,10,563.0,5630.0,2025-07-23 14:41:58.573023
2025-07-23,18076,2025072304047164,UMHL,Agrawal Securities (PVT) Ltd.,Nepal Investment And Securities Trading Private Limited,10,563.0,5630.0,2025-07-23 14:42:13.625551
2025-07-23,17992,2025072304047180,UMHL,Indira securities pvt. ltd,Nepal Investment And Securities Trading Private Limited,500,562.2,281100.0,2025-07-23 14:42:19.838222
2025-07-23,17991,2025072304047181,UMHL,Naasa Securities Co. Ltd.,Nepal Investment And Securities Trading Private Limited,300,562.1,168630.0,2025-07-23 14:42:19.838820
2025-07-23,17990,2025072304047182,UMHL,N.M.B. SECURITIES LIMITED,Nepal Investment And Securities Trading Private Limited,45,562.1,25294.5,2025-07-23 14:42:19.839164
2025-07-23,17989,2025072304047183,UMHL,Arun Securities (PVT) Ltd.,Nepal Investment And Securities Trading Private Limited,56,562.1,31477.6,2025-07-23 14:42:19.839540
2025-07-23,17988,2025072304047184,UMHL,Indira securities pvt. ltd,Nepal Investment And Securities Trading Private Limited,99,562.0,55638.0,2025-07-23 14:42:19.839874
2025-07-23,17848,2025072304047210,UMHL,Indira securities pvt. ltd,Online Securities Pvt. Ltd.,222,562.0,124764.0,2025-07-23 14:42:30.878033
2025-07-23,17650,2025072304047245,UMHL,Indira securities pvt. ltd,Capital Hub P. Ltd,179,562.0,100598.0,2025-07-23 14:42:44.595868
2025-07-23,17649,2025072304047246,UMHL,Sundhara Securities Limited,Capital Hub P. Ltd,31,562.0,17422.0,2025-07-23 14:42:44.596119
2025-07-23,17565,2025072304047270,UMHL,Sundhara Securities Limited,Deevyaa Securities & Stock House Pvt. Ltd,769,562.0,432178.0,2025-07-23 14:42:52.747268
2025-07-23,17564,2025072304047271,UMHL,Online Securities Pvt. Ltd.,Deevyaa Securities & Stock House Pvt. Ltd,31,562.0,17422.0,2025-07-23 14:42:52.747551
2025-07-23,17417,2025072304047319,UMHL,Indira securities pvt. ltd,Nepal Investment And Securities Trading Private Limited,495,563.0,278685.0,2025-07-23 14:43:05.011896
2025-07-23,17396,2025072304047326,UMHL,Online Securities Pvt. Ltd.,Sani Securities Company Ltd.,40,562.0,22480.0,2025-07-23 14:43:06.679492
2025-07-23,15924,2025072304047706,UMHL,Online Securities Pvt. Ltd.,Trademow Securities Private Limited,300,562.0,168600.0,2025-07-23 14:45:12.704649
2025-07-23,15806,2025072304047753,UMHL,Aryatara Investment & Securities,Malla & Malla Stock Broking Company Pvt. Limited,100,563.9,56390.0,2025-07-23 14:45:27.351148
2025-07-23,15538,2025072304047828,UMHL,Online Securities Pvt. Ltd.,Capital Max Securities Ltd,480,562.0,269760.0,2025-07-23 14:45:52.373483
2025-07-23,15394,2025072304047878,UMHL,Online Securities Pvt. Ltd.,Capital Max Securities Ltd,149,562.0,83738.0,2025-07-23 14:46:06.672512
2025-07-23,15393,2025072304047879,UMHL,Sundhara Securities Limited,Capital Max Securities Ltd,351,562.0,197262.0,2025-07-23 14:46:06.673075
2025-07-23,14793,2025072304048019,UMHL,Sewa Securities Pvt. Ltd.,Dipshikha Dhitopatra Karobar Co. Pvt Ltd.,3,562.1,1686.3,2025-07-23 14:47:00.269923
2025-07-23,14780,2025072304048022,UMHL,Sundhara Securities Limited,Infinity Securities Limited,149,562.0,83738.0,2025-07-23 14:47:01.399490
2025-07-23,14779,2025072304048023,UMHL,Arun Securities (PVT) Ltd.,Infinity Securities Limited,299,561.4,167858.6,2025-07-23 14:47:01.399540
2025-07-23,14778,2025072304048024,UMHL,Nabil Stock Dealer Ltd.,Infinity Securities Limited,10,561.3,5613.0,2025-07-23 14:47:01.399569
2025-07-23,14777,2025072304048025,UMHL,Linch Stock Market Ltd.,Infinity Securities Limited,400,561.3,224520.0,2025-07-23 14:47:01.399595
2025-07-23,14776,2025072304048026,UMHL,Linch Stock Market Ltd.,Infinity Securities Limited,400,561.3,224520.0,2025-07-23 14:47:01.399636
2025-07-23,14775,2025072304048027,UMHL,Kumari Securities Private Limited,Infinity Securities Limited,233,561.2,130759.6,2025-07-23 14:47:01.399668
2025-07-23,14708,2025072304048039,UMHL,Capital Max Securities Ltd,Sundhara Securities Limited,300,561.2,168360.0,2025-07-23 14:47:08.564651
2025-07-23,14707,2025072304048040,UMHL,Aryatara Investment & Securities,Sundhara Securities Limited,500,561.2,280600.0,2025-07-23 14:47:08.564895
2025-07-23,14706,2025072304048041,UMHL,Deevyaa Securities & Stock House Pvt. Ltd,Sundhara Securities Limited,500,561.2,280600.0,2025-07-23 14:47:08.565003
2025-07-23,14705,2025072304048042,UMHL,Nepal Stock House (PVT) Ltd.,Sundhara Securities Limited,273,561.1,153180.3,2025-07-23 14:47:08.565118
2025-07-23,13714,2025072304048344,UMHL,Dakshinkali Investment & Securities Pvt. Ltd.,SHUBHAKAMANA SECURITIES PVT. LTD,160,561.2,89792.0,2025-07-23 14:48:42.772740
2025-07-23,13713,2025072304048345,UMHL,Online Securities Pvt. Ltd.,SHUBHAKAMANA SECURITIES PVT. LTD,340,561.2,190808.0,2025-07-23 14:48:42.772788
2025-07-23,13662,2025072304048363,UMHL,Online Securities Pvt. Ltd.,Sumeru Securities Pvt. Ltd.,100,561.2,56120.0,2025-07-23 14:48:47.171388
2025-07-23,13566,2025072304048378,UMHL,Sundhara Securities Limited,Premier Securities Company Ltd.,24,563.0,13512.0,2025-07-23 14:48:56.824272
2025-07-23,13565,2025072304048379,UMHL,Sundhara Securities Limited,Capital Max Securities Ltd,16,563.0,9008.0,2025-07-23 14:48:56.824593
2025-07-23,11666,2025072304048893,UMHL,Shree Krishna Securities Ltd.,Midas Stock Broking Company Private Limited,300,562.0,168600.0,2025-07-23 14:51:31.189797
2025-07-23,11118,2025072304049076,UMHL,SUN SECURITIES PVT LTD,Capital Max Securities Ltd,1000,562.1,562100.0,2025-07-23 14:52:18.669292
2025-07-23,11107,2025072304049077,UMHL,SUN SECURITIES PVT LTD,Thrive Brokerage House Pvt. Ltd,10,562.1,5621.0,2025-07-23 14:52:19.725473
2025-07-23,10162,2025072304049317,UMHL,Capital Max Securities Ltd,Cristal Kanchanjanga Securites Pvt. Ltd.,50,562.9,28145.0,2025-07-23 14:53:26.109921
2025-07-23,10161,2025072304049318,UMHL,Capital Max Securities Ltd,ABC Securities Private Limited,50,563.0,28150.0,2025-07-23 14:53:26.110214
2025-07-23,9497,2025072304049531,UMHL,Imperial Securities Company Pvt. Ltd.,Nabil Stock Dealer Ltd.,500,562.2,281100.0,2025-07-23 14:54:08.494883
2025-07-23,9496,2025072304049532,UMHL,SUN SECURITIES PVT LTD,Nabil Stock Dealer Ltd.,1500,562.1,843150.0,2025-07-23 14:54:08.495145
2025-07-23,9418,2025072304049546,UMHL,SUN SECURITIES PVT LTD,Agrawal Securities (PVT) Ltd.,1500,562.1,843150.0,2025-07-23 14:54:12.339327
2025-07-23,9054,2025072304049641,UMHL,Sumeru Securities Pvt. Ltd.,Midas Stock Broking Company Private Limited,50,563.0,28150.0,2025-07-23 14:54:34.026695
2025-07-23,9053,2025072304049642,UMHL,Sumeru Securities Pvt. Ltd.,ABC Securities Private Limited,50,563.0,28150.0,2025-07-23 14:54:34.026941
2025-07-23,7951,2025072304049920,UMHL,SUN SECURITIES PVT LTD,Kohinoor Investment & Securities Pvt. Ltd.,990,562.1,556479.0,2025-07-23 14:55:33.302653
2025-07-23,7950,2025072304049921,UMHL,Nepal Stock House (PVT) Ltd.,Kohinoor Investment & Securities Pvt. Ltd.,810,562.0,455220.0,2025-07-23 14:55:33.302914
2025-07-23,6765,2025072304050344,UMHL,Dynamic Money Managers Securities Pvt. Ltd.,SUN SECURITIES PVT LTD,100,562.2,56220.0,2025-07-23 14:56:24.508195
2025-07-23,6764,2025072304050345,UMHL,Linch Stock Market Ltd.,SUN SECURITIES PVT LTD,300,562.1,168630.0,2025-07-23 14:56:24.508505
2025-07-23,6763,2025072304050346,UMHL,Nepal Stock House (PVT) Ltd.,SUN SECURITIES PVT LTD,270,562.0,151740.0,2025-07-23 14:56:24.508610
2025-07-23,6592,2025072304050409,UMHL,Kumari Securities Private Limited,Naasa Securities Co. Ltd.,200,563.0,112600.0,2025-07-23 14:56:33.003234
2025-07-23,6591,2025072304050410,UMHL,Kumari Securities Private Limited,Kohinoor Investment & Securities Pvt. Ltd.,300,563.0,168900.0,2025-07-23 14:56:33.003495
2025-07-23,5450,2025072304050824,UMHL,Online Securities Pvt. Ltd.,Kohinoor Investment & Securities Pvt. Ltd.,100,563.0,56300.0,2025-07-23 14:57:24.856904
2025-07-23,4828,2025072304051058,UMHL,Linch Stock Market Ltd.,Kohinoor Investment & Securities Pvt. Ltd.,50,563.0,28150.0,2025-07-23 14:57:44.777903
2025-07-23,4457,2025072304051222,UMHL,Nepal Stock House (PVT) Ltd.,Dynamic Money Managers Securities Pvt. Ltd.,70,562.0,39340.0,2025-07-23 14:58:01.091670
2025-07-23,3681,2025072304051445,UMHL,Nepal Stock House (PVT) Ltd.,Sani Securities Company Ltd.,900,562.0,505800.0,2025-07-23 14:58:26.766074
2025-07-23,3484,2025072304051482,UMHL,Nepal Stock House (PVT) Ltd.,Miyo Securities Pvt Ltd,1000,562.0,562000.0,2025-07-23 14:58:33.247514
2025-07-23,3271,2025072304051563,UMHL,Nepal Stock House (PVT) Ltd.,Imperial Securities Company Pvt. Ltd.,72,562.0,40464.0,2025-07-23 14:58:42.179803
2025-07-23,2523,2025072304051813,UMHL,Pragyan Securities (PVT) Ltd.,Dipshikha Dhitopatra Karobar Co. Pvt Ltd.,100,562.1,56210.0,2025-07-23 14:59:07.141920
2025-07-23,2522,2025072304051814,UMHL,Nepal Stock House (PVT) Ltd.,Dipshikha Dhitopatra Karobar Co. Pvt Ltd.,700,562.0,393400.0,2025-07-23 14:59:07.142440
2025-07-23,2363,2025072304051852,UMHL,Nepal Stock House (PVT) Ltd.,South Asian Bulls Pvt. Ltd.,905,562.0,508610.0,2025-07-23 14:59:10.823349
2025-07-23,2362,2025072304051853,UMHL,Kalika Securities Pvt. Ltd.,South Asian Bulls Pvt. Ltd.,1095,562.0,615390.0,2025-07-23 14:59:10.823697
2025-07-23,2228,2025072304051895,UMHL,Kalika Securities Pvt. Ltd.,Nabil Stock Dealer Ltd.,500,562.0,281000.0,2025-07-23 14:59:14.876810
2025-07-23,2227,2025072304051896,UMHL,Kalika Securities Pvt. Ltd.,Dipshikha Dhitopatra Karobar Co. Pvt Ltd.,405,562.0,227610.0,2025-07-23 14:59:14.938971
2025-07-23,2226,2025072304051897,UMHL,SUN SECURITIES PVT LTD,Dipshikha Dhitopatra Karobar Co. Pvt Ltd.,500,561.4,280700.0,2025-07-23 14:59:14.939029
2025-07-23,2225,2025072304051898,UMHL,R.B.B. Securities Company Ltd,Dipshikha Dhitopatra Karobar Co. Pvt Ltd.,48,561.2,26937.6,2025-07-23 14:59:14.939065
2025-07-23,2224,2025072304051899,UMHL,SUN SECURITIES PVT LTD,Dipshikha Dhitopatra Karobar Co. Pvt Ltd.,747,561.1,419141.7,2025-07-23 14:59:14.939098
2025-07-23,1661,2025072304052100,UMHL,SUN SECURITIES PVT LTD,South Asian Bulls Pvt. Ltd.,1000,561.1,561100.0,2025-07-23 14:59:27.897378
2025-07-23,1605,2025072304052132,UMHL,Deevyaa Securities & Stock House Pvt. Ltd,Kumari Securities Private Limited,200,562.0,112400.0,2025-07-23 14:59:28.968293
2025-07-23,1341,2025072304052205,UMHL,SUN SECURITIES PVT LTD,Kohinoor Investment & Securities Pvt. Ltd.,550,561.1,308605.0,2025-07-23 14:59:35.242694
2025-07-23,880,2025072304052377,UMHL,Nabil Stock Dealer Ltd.,BHOLE GANESH SECURITIES LTD,10,561.2,5612.0,2025-07-23 14:59:45.011890
2025-07-23,686,2025072304052452,UMHL,Stoxkarts Securities Limited,Kumari Securities Private Limited,711,562.0,399582.0,2025-07-23 14:59:47.438859
2025-07-23,384,2025072304052526,UMHL,SUN SECURITIES PVT LTD,Investment Management Nepal Pvt. Ltd.,193,561.1,108292.3,2025-07-23 14:59:53.766522
2025-07-23,383,2025072304052527,UMHL,Sagarmatha Securities Private Limited,Investment Management Nepal Pvt. Ltd.,200,561.1,112220.0,2025-07-23 14:59:53.766792
2025-07-23,382,2025072304052528,UMHL,Trishakti Securities Public Limited,Investment Management Nepal Pvt. Ltd.,100,561.0,56100.0,2025-07-23 14:59:53.766920
2025-07-23,381,2025072304052529,UMHL,Naasa Securities Co. Ltd.,Investment Management Nepal Pvt. Ltd.,20,561.0,11220.0,2025-07-23 14:59:53.767032
2025-07-23,380,2025072304052530,UMHL,APPLE SECURITIES PRIVATE LIMITED,Investment Management Nepal Pvt. Ltd.,22,561.0,12342.0,2025-07-23 14:59:53.767156
