Date,S.N.,Contract ID,Symbol,Buyer Broker,Seller Broker,volume,rate,amount,transaction_time
2025-08-25,57129,2025082504000004,AKJCL,Bhrikuti Stock Broking Co. Pvt. Ltd.,ABC Securities Private Limited,15,200.4,3006.0,2025-08-25 10:46:00.033123
2025-08-25,56322,2025082504000032,AKJCL,Premier Securities Company Ltd.,Sani Securities Company Ltd.,50,204.0,10200.0,2025-08-25 11:03:54.948814
2025-08-25,56310,2025082504000033,AKJCL,Bhrikuti Stock Broking Co. Pvt. Ltd.,Dynamic Money Managers Securities Pvt. Ltd.,1000,203.0,203000.0,2025-08-25 11:03:58.614790
2025-08-25,56110,2025082504000045,AKJCL,Premier Securities Company Ltd.,Sani Securities Company Ltd.,450,204.0,91800.0,2025-08-25 11:04:50.175452
2025-08-25,56065,2025082504000048,AKJCL,Online Securities Pvt. Ltd.,Sani Securities Company Ltd.,55,204.0,11220.0,2025-08-25 11:05:04.023613
2025-08-25,55948,2025082504000061,AKJCL,Secured Securities Ltd.,INDEX SECURITIES LIMITED,50,204.4,10220.0,2025-08-25 11:05:38.304177
2025-08-25,55694,2025082504000087,AKJCL,Secured Securities Ltd.,Midas Stock Broking Company Private Limited,338,207.0,69966.0,2025-08-25 11:06:59.884990
2025-08-25,55070,2025082504000131,AKJCL,Aryatara Investment & Securities,Capital Max Securities Ltd,45,205.0,9225.0,2025-08-25 11:09:45.935193
2025-08-25,55069,2025082504000132,AKJCL,Primo Securities (PVT) Ltd.,Capital Max Securities Ltd,10,205.0,2050.0,2025-08-25 11:09:45.935362
2025-08-25,54027,2025082504000280,AKJCL,Online Securities Pvt. Ltd.,Citizens Share Broker Limited,445,204.0,90780.0,2025-08-25 11:15:16.176095
2025-08-25,54026,2025082504000281,AKJCL,Sani Securities Company Ltd.,Citizens Share Broker Limited,55,204.0,11220.0,2025-08-25 11:15:16.176168
2025-08-25,53969,2025082504000295,AKJCL,Sani Securities Company Ltd.,Aryatara Investment & Securities,900,204.0,183600.0,2025-08-25 11:15:33.831295
2025-08-25,53937,2025082504000306,AKJCL,Sani Securities Company Ltd.,Capital Max Securities Ltd,45,204.0,9180.0,2025-08-25 11:15:46.144354
2025-08-25,53081,2025082504000445,AKJCL,Siprabi Securities Pvt. Ltd.,Aryatara Investment & Securities,100,204.0,20400.0,2025-08-25 11:20:01.070810
2025-08-25,53080,2025082504000446,AKJCL,Imperial Securities Company Pvt. Ltd.,Aryatara Investment & Securities,400,204.0,81600.0,2025-08-25 11:20:01.071020
2025-08-25,52765,2025082504000489,AKJCL,Imperial Securities Company Pvt. Ltd.,South Asian Bulls Pvt. Ltd.,100,204.0,20400.0,2025-08-25 11:21:19.918879
2025-08-25,52764,2025082504000490,AKJCL,Imperial Securities Company Pvt. Ltd.,South Asian Bulls Pvt. Ltd.,215,203.5,43752.5,2025-08-25 11:21:19.919231
2025-08-25,52580,2025082504000528,AKJCL,Imperial Securities Company Pvt. Ltd.,Sewa Securities Pvt. Ltd.,150,203.5,30525.0,2025-08-25 11:22:15.284160
2025-08-25,52506,2025082504000542,AKJCL,Imperial Securities Company Pvt. Ltd.,Bhrikuti Stock Broking Co. Pvt. Ltd.,500,203.5,101750.0,2025-08-25 11:22:36.702897
2025-08-25,52269,2025082504000616,AKJCL,Sani Securities Company Ltd.,Sewa Securities Pvt. Ltd.,55,204.0,11220.0,2025-08-25 11:23:29.644154
2025-08-25,52103,2025082504000657,AKJCL,Imperial Securities Company Pvt. Ltd.,Sewa Securities Pvt. Ltd.,45,203.5,9157.5,2025-08-25 11:24:10.833481
2025-08-25,52032,2025082504000674,AKJCL,Imperial Securities Company Pvt. Ltd.,Cristal Kanchanjanga Securites Pvt. Ltd.,10,203.5,2035.0,2025-08-25 11:24:30.032139
2025-08-25,51751,2025082504000736,AKJCL,Vision Securities Pvt. Ltd,Pragyan Securities (PVT) Ltd.,25,204.0,5100.0,2025-08-25 11:25:56.477739
2025-08-25,51750,2025082504000737,AKJCL,Imperial Securities Company Pvt. Ltd.,Pragyan Securities (PVT) Ltd.,25,203.5,5087.5,2025-08-25 11:25:56.477843
2025-08-25,50007,2025082504001116,AKJCL,Naasa Securities Co. Ltd.,Aryatara Investment & Securities,45,203.5,9157.5,2025-08-25 11:34:09.459596
2025-08-25,50006,2025082504001117,AKJCL,Imperial Securities Company Pvt. Ltd.,Aryatara Investment & Securities,455,203.2,92456.0,2025-08-25 11:34:09.459662
2025-08-25,49781,2025082504001162,AKJCL,Nepal Stock House (PVT) Ltd.,Dynamic Money Managers Securities Pvt. Ltd.,500,203.1,101550.0,2025-08-25 11:35:06.644727
2025-08-25,49780,2025082504001163,AKJCL,Thrive Brokerage House Pvt. Ltd,Dynamic Money Managers Securities Pvt. Ltd.,20,203.1,4062.0,2025-08-25 11:35:06.644924
2025-08-25,49527,2025082504001225,AKJCL,ABC Securities Private Limited,Dynamic Money Managers Securities Pvt. Ltd.,480,203.1,97488.0,2025-08-25 11:36:21.660483
2025-08-25,49221,2025082504001299,AKJCL,Bhrikuti Stock Broking Co. Pvt. Ltd.,Imperial Securities Company Pvt. Ltd.,100,203.0,20300.0,2025-08-25 11:37:43.591757
2025-08-25,48981,2025082504001324,AKJCL,Bhrikuti Stock Broking Co. Pvt. Ltd.,Naasa Securities Co. Ltd.,100,203.0,20300.0,2025-08-25 11:38:50.549805
2025-08-25,48918,2025082504001345,AKJCL,Online Securities Pvt. Ltd.,Himalayan Securities Limited,20,204.0,4080.0,2025-08-25 11:39:09.019153
2025-08-25,48725,2025082504001378,AKJCL,Bhrikuti Stock Broking Co. Pvt. Ltd.,Sri Hari Securities Pvt. Ltd.,50,203.0,10150.0,2025-08-25 11:40:03.425054
2025-08-25,48535,2025082504001429,AKJCL,Bhrikuti Stock Broking Co. Pvt. Ltd.,Imperial Securities Company Pvt. Ltd.,50,203.0,10150.0,2025-08-25 11:40:52.187528
2025-08-25,48487,2025082504001441,AKJCL,Bhrikuti Stock Broking Co. Pvt. Ltd.,Malla & Malla Stock Broking Company Pvt. Limited,400,203.0,81200.0,2025-08-25 11:41:07.514592
2025-08-25,48441,2025082504001448,AKJCL,Bhrikuti Stock Broking Co. Pvt. Ltd.,Naasa Securities Co. Ltd.,800,203.0,162400.0,2025-08-25 11:41:19.168965
2025-08-25,48415,2025082504001453,AKJCL,Bhrikuti Stock Broking Co. Pvt. Ltd.,Cristal Kanchanjanga Securites Pvt. Ltd.,485,203.0,98455.0,2025-08-25 11:41:22.813372
2025-08-25,48414,2025082504001454,AKJCL,Asian Securities Private Ltd.,Cristal Kanchanjanga Securites Pvt. Ltd.,500,203.0,101500.0,2025-08-25 11:41:22.813577
2025-08-25,48413,2025082504001455,AKJCL,Ashutosh Brokerage & Securities (PVT) Ltd.,Cristal Kanchanjanga Securites Pvt. Ltd.,15,203.0,3045.0,2025-08-25 11:41:22.813660
2025-08-25,47777,2025082504001663,AKJCL,Ashutosh Brokerage & Securities (PVT) Ltd.,Primo Securities (PVT) Ltd.,985,203.0,199955.0,2025-08-25 11:44:28.102815
2025-08-25,47776,2025082504001664,AKJCL,Naasa Securities Co. Ltd.,Primo Securities (PVT) Ltd.,15,203.0,3045.0,2025-08-25 11:44:28.102870
2025-08-25,47678,2025082504001684,AKJCL,Naasa Securities Co. Ltd.,Imperial Securities Company Pvt. Ltd.,485,203.0,98455.0,2025-08-25 11:44:57.333807
2025-08-25,47677,2025082504001685,AKJCL,Nepal Investment And Securities Trading Private Limited,Imperial Securities Company Pvt. Ltd.,990,203.0,200970.0,2025-08-25 11:44:57.333999
2025-08-25,47676,2025082504001686,AKJCL,Nabil Stock Dealer Ltd.,Imperial Securities Company Pvt. Ltd.,10,203.0,2030.0,2025-08-25 11:44:57.334109
2025-08-25,47675,2025082504001687,AKJCL,Online Securities Pvt. Ltd.,Imperial Securities Company Pvt. Ltd.,15,203.0,3045.0,2025-08-25 11:44:57.334200
2025-08-25,47424,2025082504001751,AKJCL,Online Securities Pvt. Ltd.,Primo Securities (PVT) Ltd.,85,203.0,17255.0,2025-08-25 11:45:55.443887
2025-08-25,47423,2025082504001752,AKJCL,Agrawal Securities (PVT) Ltd.,Primo Securities (PVT) Ltd.,100,202.9,20290.0,2025-08-25 11:45:55.444066
2025-08-25,47422,2025082504001753,AKJCL,Naasa Securities Co. Ltd.,Primo Securities (PVT) Ltd.,315,202.6,63819.0,2025-08-25 11:45:55.444094
2025-08-25,47325,2025082504001777,AKJCL,Aryatara Investment & Securities,Naasa Securities Co. Ltd.,5,200.0,1000.0,2025-08-25 11:46:24.332469
2025-08-25,47193,2025082504001812,AKJCL,Midas Stock Broking Company Private Limited,Kohinoor Investment & Securities Pvt. Ltd.,60,204.0,12240.0,2025-08-25 11:47:03.712077
2025-08-25,46569,2025082504001934,AKJCL,Kohinoor Investment & Securities Pvt. Ltd.,Sani Securities Company Ltd.,97,203.0,19691.0,2025-08-25 11:50:13.885388
2025-08-25,46568,2025082504001935,AKJCL,Opal Securities Investment (PVT) Ltd.,Sani Securities Company Ltd.,1103,203.0,223909.0,2025-08-25 11:50:13.885615
2025-08-25,46505,2025082504001950,AKJCL,Opal Securities Investment (PVT) Ltd.,Capital Max Securities Ltd,500,203.0,101500.0,2025-08-25 11:50:32.013803
2025-08-25,46474,2025082504001972,AKJCL,J.F. Securites (PVT) Ltd.,Kohinoor Investment & Securities Pvt. Ltd.,23,204.0,4692.0,2025-08-25 11:50:37.294831
2025-08-25,46341,2025082504002000,AKJCL,K.B.L. Securities Limited ,Kohinoor Investment & Securities Pvt. Ltd.,17,204.0,3468.0,2025-08-25 11:51:11.898177
2025-08-25,46256,2025082504002030,AKJCL,K.B.L. Securities Limited ,Opal Securities Investment (PVT) Ltd.,1000,204.0,204000.0,2025-08-25 11:51:35.027789
2025-08-25,46054,2025082504002062,AKJCL,Dipshikha Dhitopatra Karobar Co. Pvt Ltd.,Online Securities Pvt. Ltd.,100,204.1,20410.0,2025-08-25 11:52:30.301853
2025-08-25,46053,2025082504002063,AKJCL,K.B.L. Securities Limited ,Online Securities Pvt. Ltd.,100,204.0,20400.0,2025-08-25 11:52:30.302258
2025-08-25,45948,2025082504002085,AKJCL,K.B.L. Securities Limited ,Naasa Securities Co. Ltd.,1000,204.0,204000.0,2025-08-25 11:53:01.713482
2025-08-25,45716,2025082504002140,AKJCL,K.B.L. Securities Limited ,Sweta Securities Private Limited,13,204.0,2652.0,2025-08-25 11:54:02.562746
2025-08-25,45392,2025082504002194,AKJCL,K.B.L. Securities Limited ,Secured Securities Ltd.,50,204.0,10200.0,2025-08-25 11:55:24.711300
2025-08-25,45370,2025082504002199,AKJCL,K.B.L. Securities Limited ,Capital Max Securities Ltd,1820,204.0,371280.0,2025-08-25 11:55:31.182644
2025-08-25,45243,2025082504002205,AKJCL,Opal Securities Investment (PVT) Ltd.,Secured Securities Ltd.,50,203.0,10150.0,2025-08-25 11:55:56.279181
2025-08-25,45171,2025082504002217,AKJCL,Opal Securities Investment (PVT) Ltd.,S.P.S.A. Securities Limited,50,203.0,10150.0,2025-08-25 11:56:17.942537
2025-08-25,44834,2025082504002302,AKJCL,Opal Securities Investment (PVT) Ltd.,Vision Securities Pvt. Ltd,297,203.0,60291.0,2025-08-25 11:58:04.382156
2025-08-25,44833,2025082504002303,AKJCL,Kohinoor Investment & Securities Pvt. Ltd.,Vision Securities Pvt. Ltd,40,203.0,8120.0,2025-08-25 11:58:04.382405
2025-08-25,44832,2025082504002304,AKJCL,INDEX SECURITIES LIMITED,Vision Securities Pvt. Ltd,10,203.0,2030.0,2025-08-25 11:58:04.382502
2025-08-25,44831,2025082504002305,AKJCL,Vision Securities Pvt. Ltd,Vision Securities Pvt. Ltd,153,203.0,31059.0,2025-08-25 11:58:04.382592
2025-08-25,44570,2025082504002371,AKJCL,Nepal Stock House (PVT) Ltd.,Secured Securities Ltd.,50,203.5,10175.0,2025-08-25 11:59:33.060407
2025-08-25,44414,2025082504002417,AKJCL,Nepal Stock House (PVT) Ltd.,Citizens Share Broker Limited,80,203.5,16280.0,2025-08-25 12:00:22.443713
2025-08-25,44331,2025082504002428,AKJCL,Nepal Stock House (PVT) Ltd.,Thrive Brokerage House Pvt. Ltd,200,203.5,40700.0,2025-08-25 12:01:01.757159
2025-08-25,43859,2025082504002515,AKJCL,Nepal Stock House (PVT) Ltd.,Capital Max Securities Ltd,100,204.0,20400.0,2025-08-25 12:03:25.361595
2025-08-25,42647,2025082504002750,AKJCL,Nepal Stock House (PVT) Ltd.,Sumeru Securities Pvt. Ltd.,170,203.5,34595.0,2025-08-25 12:09:46.095707
2025-08-25,42646,2025082504002751,AKJCL,Kohinoor Investment & Securities Pvt. Ltd.,Sumeru Securities Pvt. Ltd.,50,203.5,10175.0,2025-08-25 12:09:46.095969
2025-08-25,42644,2025082504002752,AKJCL,Kohinoor Investment & Securities Pvt. Ltd.,Capital Max Securities Ltd,41,204.0,8364.0,2025-08-25 12:09:46.422516
2025-08-25,42172,2025082504002852,AKJCL,Vision Securities Pvt. Ltd,Neev Securities Pvt. Ltd.,347,203.0,70441.0,2025-08-25 12:12:08.360063
2025-08-25,42171,2025082504002853,AKJCL,Online Securities Pvt. Ltd.,Neev Securities Pvt. Ltd.,100,203.0,20300.0,2025-08-25 12:12:08.360351
2025-08-25,42170,2025082504002854,AKJCL,Ashutosh Brokerage & Securities (PVT) Ltd.,Neev Securities Pvt. Ltd.,30,203.0,6090.0,2025-08-25 12:12:08.360452
2025-08-25,42169,2025082504002855,AKJCL,INDEX SECURITIES LIMITED,Neev Securities Pvt. Ltd.,15,203.0,3045.0,2025-08-25 12:12:08.360551
2025-08-25,42168,2025082504002856,AKJCL,Naasa Securities Co. Ltd.,Neev Securities Pvt. Ltd.,423,202.6,85699.8,2025-08-25 12:12:08.360651
2025-08-25,41694,2025082504002976,AKJCL,Linch Stock Market Ltd.,Vision Securities Pvt. Ltd,830,203.1,168573.0,2025-08-25 12:14:37.685375
2025-08-25,41693,2025082504002977,AKJCL,Trisul Securities & Invt. Ltd.,Vision Securities Pvt. Ltd,1000,203.0,203000.0,2025-08-25 12:14:37.685860
2025-08-25,41692,2025082504002978,AKJCL,Vision Securities Pvt. Ltd,Vision Securities Pvt. Ltd,100,203.0,20300.0,2025-08-25 12:14:37.686196
2025-08-25,41292,2025082504003040,AKJCL,Magnet Securities and Investment Company Private Limited,Sani Securities Company Ltd.,500,203.0,101500.0,2025-08-25 12:17:06.187478
2025-08-25,41291,2025082504003041,AKJCL,Cristal Kanchanjanga Securites Pvt. Ltd.,Sani Securities Company Ltd.,1000,202.8,202800.0,2025-08-25 12:17:06.187823
2025-08-25,41201,2025082504003058,AKJCL,Naasa Securities Co. Ltd.,Sani Securities Company Ltd.,244,202.6,49434.4,2025-08-25 12:17:43.410025
2025-08-25,41138,2025082504003073,AKJCL,Naasa Securities Co. Ltd.,Sani Securities Company Ltd.,100,202.6,20260.0,2025-08-25 12:18:02.224528
2025-08-25,40983,2025082504003111,AKJCL,Linch Stock Market Ltd.,Market Securities & Exchange (PVT) Ltd.,400,202.5,81000.0,2025-08-25 12:18:50.898567
2025-08-25,40966,2025082504003114,AKJCL,Linch Stock Market Ltd.,Sani Securities Company Ltd.,200,202.5,40500.0,2025-08-25 12:18:59.919238
2025-08-25,40965,2025082504003115,AKJCL,Trisul Securities & Invt. Ltd.,Sani Securities Company Ltd.,100,202.5,20250.0,2025-08-25 12:18:59.919477
2025-08-25,40911,2025082504003130,AKJCL,Aryatara Investment & Securities,Sani Securities Company Ltd.,1000,202.5,202500.0,2025-08-25 12:19:21.546829
2025-08-25,40890,2025082504003131,AKJCL,Opal Securities Investment (PVT) Ltd.,Naasa Securities Co. Ltd.,10,202.2,2022.0,2025-08-25 12:19:32.461450
2025-08-25,40835,2025082504003139,AKJCL,Cristal Kanchanjanga Securites Pvt. Ltd.,Sani Securities Company Ltd.,1000,202.5,202500.0,2025-08-25 12:19:46.083067
2025-08-25,40807,2025082504003142,AKJCL,Vision Securities Pvt. Ltd,Sani Securities Company Ltd.,856,202.5,173340.0,2025-08-25 12:19:53.535389
2025-08-25,39823,2025082504003353,AKJCL,Online Securities Pvt. Ltd.,Sani Securities Company Ltd.,11,203.0,2233.0,2025-08-25 12:25:17.523496
2025-08-25,38731,2025082504003546,AKJCL,Dakshinkali Investment & Securities Pvt. Ltd.,Capital Max Securities Ltd,1000,202.4,202400.0,2025-08-25 12:31:53.084512
2025-08-25,37585,2025082504003764,AKJCL,Imperial Securities Company Pvt. Ltd.,Midas Stock Broking Company Private Limited,25,202.4,5060.0,2025-08-25 12:38:29.400024
2025-08-25,37337,2025082504003815,AKJCL,Dakshinkali Investment & Securities Pvt. Ltd.,Sani Securities Company Ltd.,10,202.7,2027.0,2025-08-25 12:40:01.953956
2025-08-25,37240,2025082504003838,AKJCL,Sipla Securities Private Limited,Sani Securities Company Ltd.,50,202.7,10135.0,2025-08-25 12:40:33.097540
2025-08-25,36612,2025082504003942,AKJCL,Nepal Stock House (PVT) Ltd.,Oxford Securities Pvt. Ltd.,30,202.5,6075.0,2025-08-25 12:44:19.404574
2025-08-25,36611,2025082504003943,AKJCL,Sundhara Securities Limited,Oxford Securities Pvt. Ltd.,20,202.5,4050.0,2025-08-25 12:44:19.404886
2025-08-25,36610,2025082504003944,AKJCL,Imperial Securities Company Pvt. Ltd.,Oxford Securities Pvt. Ltd.,25,202.4,5060.0,2025-08-25 12:44:19.405053
2025-08-25,36609,2025082504003945,AKJCL,N.I.M.B. Stock Markets Limited,Oxford Securities Pvt. Ltd.,20,202.4,4048.0,2025-08-25 12:44:19.405176
2025-08-25,36608,2025082504003946,AKJCL,Siprabi Securities Pvt. Ltd.,Oxford Securities Pvt. Ltd.,300,202.4,60720.0,2025-08-25 12:44:19.405298
2025-08-25,36607,2025082504003947,AKJCL,Ashutosh Brokerage & Securities (PVT) Ltd.,Oxford Securities Pvt. Ltd.,250,202.4,50600.0,2025-08-25 12:44:19.405431
2025-08-25,36509,2025082504003979,AKJCL,Cristal Kanchanjanga Securites Pvt. Ltd.,Sani Securities Company Ltd.,429,202.7,86958.3,2025-08-25 12:44:48.106751
2025-08-25,36508,2025082504003980,AKJCL,Cristal Kanchanjanga Securites Pvt. Ltd.,Shree Krishna Securities Ltd.,571,202.9,115855.9,2025-08-25 12:44:48.107018
2025-08-25,36491,2025082504003981,AKJCL,Agrawal Securities (PVT) Ltd.,J.F. Securites (PVT) Ltd.,50,202.5,10125.0,2025-08-25 12:44:54.291563
2025-08-25,36490,2025082504003982,AKJCL,Ashutosh Brokerage & Securities (PVT) Ltd.,J.F. Securites (PVT) Ltd.,50,202.4,10120.0,2025-08-25 12:44:54.291839
2025-08-25,36372,2025082504004001,AKJCL,Cristal Kanchanjanga Securites Pvt. Ltd.,J.F. Securites (PVT) Ltd.,100,202.4,20240.0,2025-08-25 12:45:27.227897
2025-08-25,35441,2025082504004156,AKJCL,Cristal Kanchanjanga Securites Pvt. Ltd.,Kohinoor Investment & Securities Pvt. Ltd.,30,202.8,6084.0,2025-08-25 12:49:51.302292
2025-08-25,35104,2025082504004203,AKJCL,Cristal Kanchanjanga Securites Pvt. Ltd.,Kohinoor Investment & Securities Pvt. Ltd.,152,202.8,30825.6,2025-08-25 12:50:56.360125
2025-08-25,35103,2025082504004204,AKJCL,Cristal Kanchanjanga Securites Pvt. Ltd.,Shree Krishna Securities Ltd.,329,202.9,66754.1,2025-08-25 12:50:56.360412
2025-08-25,35037,2025082504004233,AKJCL,INDEX SECURITIES LIMITED,Capital Max Securities Ltd,300,203.0,60900.0,2025-08-25 12:51:10.280521
2025-08-25,34819,2025082504004305,AKJCL,Imperial Securities Company Pvt. Ltd.,Capital Max Securities Ltd,50,203.0,10150.0,2025-08-25 12:52:06.384973
2025-08-25,34479,2025082504004404,AKJCL,Naasa Securities Co. Ltd.,Capital Max Securities Ltd,50,203.0,10150.0,2025-08-25 12:53:30.310905
2025-08-25,34475,2025082504004408,AKJCL,Property Wiard Limited,Capital Max Securities Ltd,500,203.0,101500.0,2025-08-25 12:53:30.375688
2025-08-25,33976,2025082504004490,AKJCL,ABC Securities Private Limited,Capital Max Securities Ltd,100,203.0,20300.0,2025-08-25 12:55:51.773503
2025-08-25,33585,2025082504004578,AKJCL,Kalika Securities Pvt. Ltd.,Shree Krishna Securities Ltd.,11,203.0,2233.0,2025-08-25 12:57:53.838442
2025-08-25,33225,2025082504004635,AKJCL,Premier Securities Company Ltd.,Shree Krishna Securities Ltd.,89,203.0,18067.0,2025-08-25 12:59:39.874010
2025-08-25,32995,2025082504004676,AKJCL,Kohinoor Investment & Securities Pvt. Ltd.,Investment Management Nepal Pvt. Ltd.,11,203.8,2241.8,2025-08-25 13:00:28.975666
2025-08-25,32955,2025082504004686,AKJCL,Deevyaa Securities & Stock House Pvt. Ltd,Investment Management Nepal Pvt. Ltd.,245,203.8,49931.0,2025-08-25 13:00:39.495196
2025-08-25,32823,2025082504004711,AKJCL,Naasa Securities Co. Ltd.,Investment Management Nepal Pvt. Ltd.,119,203.8,24252.2,2025-08-25 13:01:05.070252
2025-08-25,32647,2025082504004762,AKJCL,Agrawal Securities (PVT) Ltd.,Investment Management Nepal Pvt. Ltd.,100,203.8,20380.0,2025-08-25 13:01:40.358042
2025-08-25,31304,2025082504005033,AKJCL,Naasa Securities Co. Ltd.,Investment Management Nepal Pvt. Ltd.,100,203.7,20370.0,2025-08-25 13:08:30.728215
2025-08-25,30737,2025082504005114,AKJCL,Premier Securities Company Ltd.,Vision Securities Pvt. Ltd,22,203.5,4477.0,2025-08-25 13:11:23.911605
2025-08-25,30685,2025082504005128,AKJCL,Premier Securities Company Ltd.,Investment Management Nepal Pvt. Ltd.,100,203.7,20370.0,2025-08-25 13:11:41.982621
2025-08-25,30061,2025082504005293,AKJCL,Online Securities Pvt. Ltd.,Investment Management Nepal Pvt. Ltd.,325,203.7,66202.5,2025-08-25 13:14:54.237506
2025-08-25,30060,2025082504005294,AKJCL,Online Securities Pvt. Ltd.,Vision Securities Pvt. Ltd,175,203.8,35665.0,2025-08-25 13:14:54.237868
2025-08-25,29804,2025082504005347,AKJCL,Premier Securities Company Ltd.,ABC Securities Private Limited,50,203.2,10160.0,2025-08-25 13:16:23.662126
2025-08-25,29139,2025082504005473,AKJCL,Premier Securities Company Ltd.,Vision Securities Pvt. Ltd,39,203.8,7948.2,2025-08-25 13:18:58.929855
2025-08-25,29081,2025082504005491,AKJCL,Shree Krishna Securities Ltd.,Vision Securities Pvt. Ltd,1000,203.8,203800.0,2025-08-25 13:19:21.458036
2025-08-25,28583,2025082504005612,AKJCL,ABC Securities Private Limited,Vision Securities Pvt. Ltd,500,203.8,101900.0,2025-08-25 13:21:29.467342
2025-08-25,28508,2025082504005642,AKJCL,Aryatara Investment & Securities,Vision Securities Pvt. Ltd,40,203.8,8152.0,2025-08-25 13:21:56.517603
2025-08-25,28194,2025082504005716,AKJCL,Nabil Stock Dealer Ltd.,Vision Securities Pvt. Ltd,70,203.8,14266.0,2025-08-25 13:23:35.103929
2025-08-25,28179,2025082504005719,AKJCL,Naasa Securities Co. Ltd.,Vision Securities Pvt. Ltd,100,203.8,20380.0,2025-08-25 13:23:36.464536
2025-08-25,28157,2025082504005721,AKJCL,Shree Krishna Securities Ltd.,Vision Securities Pvt. Ltd,46,203.8,9374.8,2025-08-25 13:23:38.292490
2025-08-25,27222,2025082504005953,AKJCL,Aryatara Investment & Securities,Capital Max Securities Ltd,10,203.7,2037.0,2025-08-25 13:27:49.471611
2025-08-25,27150,2025082504005979,AKJCL,Imperial Securities Company Pvt. Ltd.,Capital Max Securities Ltd,10,203.7,2037.0,2025-08-25 13:28:02.320118
2025-08-25,26762,2025082504006091,AKJCL,Dipshikha Dhitopatra Karobar Co. Pvt Ltd.,Kumari Securities Private Limited,10,203.2,2032.0,2025-08-25 13:30:08.626835
2025-08-25,26761,2025082504006092,AKJCL,Trishakti Securities Public Limited,Kumari Securities Private Limited,40,203.1,8124.0,2025-08-25 13:30:08.627493
2025-08-25,25491,2025082504006320,AKJCL,Aryatara Investment & Securities,Capital Max Securities Ltd,500,203.7,101850.0,2025-08-25 13:36:47.382562
2025-08-25,25483,2025082504006321,AKJCL,Shree Krishna Securities Ltd.,Capital Max Securities Ltd,300,203.7,61110.0,2025-08-25 13:36:51.067347
2025-08-25,25464,2025082504006323,AKJCL,Trishakti Securities Public Limited,Capital Max Securities Ltd,180,203.7,36666.0,2025-08-25 13:36:59.795230
2025-08-25,25463,2025082504006324,AKJCL,Trishakti Securities Public Limited,Vision Securities Pvt. Ltd,30,203.7,6111.0,2025-08-25 13:36:59.795577
2025-08-25,25295,2025082504006367,AKJCL,Trishakti Securities Public Limited,Sweta Securities Private Limited,90,203.7,18333.0,2025-08-25 13:37:52.366304
2025-08-25,25294,2025082504006368,AKJCL,Agrawal Securities (PVT) Ltd.,Sweta Securities Private Limited,100,203.7,20370.0,2025-08-25 13:37:52.367072
2025-08-25,25274,2025082504006374,AKJCL,Agrawal Securities (PVT) Ltd.,Sweta Securities Private Limited,10,203.7,2037.0,2025-08-25 13:38:02.554340
2025-08-25,25273,2025082504006375,AKJCL,Agrawal Securities (PVT) Ltd.,Neev Securities Pvt. Ltd.,40,203.8,8152.0,2025-08-25 13:38:02.554990
2025-08-25,25122,2025082504006418,AKJCL,Shree Krishna Securities Ltd.,Kohinoor Investment & Securities Pvt. Ltd.,32,203.7,6518.4,2025-08-25 13:38:51.471610
2025-08-25,24318,2025082504006564,AKJCL,ABC Securities Private Limited,Kohinoor Investment & Securities Pvt. Ltd.,513,203.7,104498.1,2025-08-25 13:42:09.528172
2025-08-25,24233,2025082504006583,AKJCL,Cristal Kanchanjanga Securites Pvt. Ltd.,Neev Securities Pvt. Ltd.,10,203.8,2038.0,2025-08-25 13:42:33.252609
2025-08-25,24232,2025082504006584,AKJCL,Cristal Kanchanjanga Securites Pvt. Ltd.,Vision Securities Pvt. Ltd,490,203.9,99911.0,2025-08-25 13:42:33.252920
2025-08-25,24101,2025082504006620,AKJCL,Aryatara Investment & Securities,Vision Securities Pvt. Ltd,1000,203.9,203900.0,2025-08-25 13:43:07.974948
2025-08-25,23654,2025082504006756,AKJCL,Shree Krishna Securities Ltd.,Capital Max Securities Ltd,39,204.0,7956.0,2025-08-25 13:45:12.158419
2025-08-25,23653,2025082504006757,AKJCL,Shree Krishna Securities Ltd.,Primo Securities (PVT) Ltd.,40,204.0,8160.0,2025-08-25 13:45:12.158868
2025-08-25,23652,2025082504006758,AKJCL,Shree Krishna Securities Ltd.,Sri Hari Securities Pvt. Ltd.,15,204.0,3060.0,2025-08-25 13:45:12.159210
2025-08-25,23651,2025082504006759,AKJCL,Shree Krishna Securities Ltd.,Kohinoor Investment & Securities Pvt. Ltd.,406,204.0,82824.0,2025-08-25 13:45:12.159443
2025-08-25,23602,2025082504006769,AKJCL,Online Securities Pvt. Ltd.,Naasa Securities Co. Ltd.,10,203.7,2037.0,2025-08-25 13:45:30.238760
2025-08-25,23419,2025082504006814,AKJCL,Imperial Securities Company Pvt. Ltd.,Sewa Securities Pvt. Ltd.,5,203.7,1018.5,2025-08-25 13:46:26.777926
2025-08-25,23225,2025082504006881,AKJCL,Vision Securities Pvt. Ltd,Sewa Securities Pvt. Ltd.,1,200.0,200.0,2025-08-25 13:47:29.050022
2025-08-25,23055,2025082504006920,AKJCL,Neev Securities Pvt. Ltd.,Dynamic Money Managers Securities Pvt. Ltd.,1000,203.5,203500.0,2025-08-25 13:48:14.798143
2025-08-25,22272,2025082504007186,AKJCL,Ashutosh Brokerage & Securities (PVT) Ltd.,Dynamic Money Managers Securities Pvt. Ltd.,245,203.6,49882.0,2025-08-25 13:51:30.511033
2025-08-25,21727,2025082504007302,AKJCL,Dynamic Money Managers Securities Pvt. Ltd.,Kohinoor Investment & Securities Pvt. Ltd.,14,204.0,2856.0,2025-08-25 13:53:55.049003
2025-08-25,21726,2025082504007303,AKJCL,Dynamic Money Managers Securities Pvt. Ltd.,Asian Securities Private Ltd.,36,204.0,7344.0,2025-08-25 13:53:55.049370
2025-08-25,21519,2025082504007333,AKJCL,Dynamic Money Managers Securities Pvt. Ltd.,Asian Securities Private Ltd.,50,204.0,10200.0,2025-08-25 13:54:32.553016
2025-08-25,21481,2025082504007342,AKJCL,Trishakti Securities Public Limited,Asian Securities Private Ltd.,59,204.0,12036.0,2025-08-25 13:54:43.951025
2025-08-25,21480,2025082504007343,AKJCL,Trishakti Securities Public Limited,Premier Securities Company Ltd.,100,204.0,20400.0,2025-08-25 13:54:43.951845
2025-08-25,21347,2025082504007375,AKJCL,Online Securities Pvt. Ltd.,Malla & Malla Stock Broking Company Pvt. Limited,100,204.0,20400.0,2025-08-25 13:55:24.311677
2025-08-25,21346,2025082504007376,AKJCL,Online Securities Pvt. Ltd.,Online Securities Pvt. Ltd.,22,204.0,4488.0,2025-08-25 13:55:24.311997
2025-08-25,20454,2025082504007591,AKJCL,Kohinoor Investment & Securities Pvt. Ltd.,Online Securities Pvt. Ltd.,18,204.0,3672.0,2025-08-25 13:59:18.636200
2025-08-25,20453,2025082504007592,AKJCL,Kohinoor Investment & Securities Pvt. Ltd.,Primo Securities (PVT) Ltd.,20,204.0,4080.0,2025-08-25 13:59:18.636566
2025-08-25,20452,2025082504007593,AKJCL,Kohinoor Investment & Securities Pvt. Ltd.,Premier Securities Company Ltd.,62,204.0,12648.0,2025-08-25 13:59:18.636729
2025-08-25,19181,2025082504007894,AKJCL,Sani Securities Company Ltd.,Premier Securities Company Ltd.,333,204.0,67932.0,2025-08-25 14:04:30.103983
2025-08-25,16699,2025082504008445,AKJCL,ABC Securities Private Limited,Online Securities Pvt. Ltd.,100,203.8,20380.0,2025-08-25 14:14:42.156259
2025-08-25,16698,2025082504008446,AKJCL,ABC Securities Private Limited,Imperial Securities Company Pvt. Ltd.,155,203.9,31604.5,2025-08-25 14:14:42.157130
2025-08-25,16502,2025082504008504,AKJCL,ABC Securities Private Limited,Imperial Securities Company Pvt. Ltd.,100,203.9,20390.0,2025-08-25 14:15:35.592040
2025-08-25,16397,2025082504008529,AKJCL,Midas Stock Broking Company Private Limited,Premier Securities Company Ltd.,300,204.0,61200.0,2025-08-25 14:15:58.786815
2025-08-25,16394,2025082504008530,AKJCL,Midas Stock Broking Company Private Limited,Premier Securities Company Ltd.,35,204.0,7140.0,2025-08-25 14:15:59.793281
2025-08-25,15642,2025082504008680,AKJCL,Capital Max Securities Ltd,Premier Securities Company Ltd.,100,204.0,20400.0,2025-08-25 14:19:10.483802
2025-08-25,15582,2025082504008690,AKJCL,Nepal Stock House (PVT) Ltd.,Opal Securities Investment (PVT) Ltd.,300,203.7,61110.0,2025-08-25 14:19:15.492141
2025-08-25,14135,2025082504008969,AKJCL,South Asian Bulls Pvt. Ltd.,Premier Securities Company Ltd.,35,204.0,7140.0,2025-08-25 14:24:33.917164
2025-08-25,14134,2025082504008970,AKJCL,South Asian Bulls Pvt. Ltd.,Sani Securities Company Ltd.,125,204.0,25500.0,2025-08-25 14:24:33.917974
2025-08-25,14133,2025082504008971,AKJCL,South Asian Bulls Pvt. Ltd.,Aryatara Investment & Securities,25,204.0,5100.0,2025-08-25 14:24:33.918520
2025-08-25,14132,2025082504008972,AKJCL,South Asian Bulls Pvt. Ltd.,Aryatara Investment & Securities,25,204.0,5100.0,2025-08-25 14:24:33.919049
2025-08-25,14131,2025082504008973,AKJCL,South Asian Bulls Pvt. Ltd.,Dipshikha Dhitopatra Karobar Co. Pvt Ltd.,197,204.0,40188.0,2025-08-25 14:24:33.919601
2025-08-25,14130,2025082504008974,AKJCL,South Asian Bulls Pvt. Ltd.,Vision Securities Pvt. Ltd,83,204.0,16932.0,2025-08-25 14:24:33.920130
2025-08-25,13746,2025082504009043,AKJCL,Sani Securities Company Ltd.,Vision Securities Pvt. Ltd,45,204.0,9180.0,2025-08-25 14:26:02.492800
2025-08-25,13089,2025082504009244,AKJCL,Kohinoor Investment & Securities Pvt. Ltd.,Vision Securities Pvt. Ltd,200,203.8,40760.0,2025-08-25 14:28:36.225176
2025-08-25,13088,2025082504009245,AKJCL,Online Securities Pvt. Ltd.,Vision Securities Pvt. Ltd,182,203.8,37091.6,2025-08-25 14:28:36.225564
2025-08-25,12849,2025082504009307,AKJCL,Creative Securities Pvt Ltd,Malla & Malla Stock Broking Company Pvt. Limited,10,204.0,2040.0,2025-08-25 14:29:18.358371
2025-08-25,12699,2025082504009331,AKJCL,Vision Securities Pvt. Ltd,Vision Securities Pvt. Ltd,2000,204.1,408200.0,2025-08-25 14:29:52.900912
2025-08-25,12313,2025082504009429,AKJCL,Creative Securities Pvt Ltd,Naasa Securities Co. Ltd.,10,204.2,2042.0,2025-08-25 14:31:11.397646
2025-08-25,12232,2025082504009449,AKJCL,South Asian Bulls Pvt. Ltd.,Naasa Securities Co. Ltd.,20,204.3,4086.0,2025-08-25 14:31:29.542753
2025-08-25,12231,2025082504009450,AKJCL,South Asian Bulls Pvt. Ltd.,Sweta Securities Private Limited,100,204.5,20450.0,2025-08-25 14:31:29.543192
2025-08-25,12052,2025082504009498,AKJCL,South Asian Bulls Pvt. Ltd.,Vision Securities Pvt. Ltd,380,204.5,77710.0,2025-08-25 14:32:10.452554
2025-08-25,9909,2025082504009962,AKJCL,Sri Hari Securities Pvt. Ltd.,Sani Securities Company Ltd.,300,204.2,61260.0,2025-08-25 14:39:31.203018
2025-08-25,9856,2025082504009975,AKJCL,Sani Securities Company Ltd.,Midas Stock Broking Company Private Limited,50,204.5,10225.0,2025-08-25 14:39:47.439554
2025-08-25,9684,2025082504010040,AKJCL,Imperial Securities Company Pvt. Ltd.,Vision Securities Pvt. Ltd,120,204.8,24576.0,2025-08-25 14:40:32.370062
2025-08-25,9626,2025082504010055,AKJCL,Imperial Securities Company Pvt. Ltd.,Online Securities Pvt. Ltd.,80,204.8,16384.0,2025-08-25 14:40:45.947616
2025-08-25,9164,2025082504010183,AKJCL,Nepal Stock House (PVT) Ltd.,Linch Stock Market Ltd.,10,204.9,2049.0,2025-08-25 14:42:19.725340
2025-08-25,8542,2025082504010339,AKJCL,Imperial Securities Company Pvt. Ltd.,Online Securities Pvt. Ltd.,200,204.8,40960.0,2025-08-25 14:44:26.021960
2025-08-25,8503,2025082504010356,AKJCL,Elite Stock House Limited,Linch Stock Market Ltd.,10,204.9,2049.0,2025-08-25 14:44:32.890104
2025-08-25,7762,2025082504010526,AKJCL,South Asian Bulls Pvt. Ltd.,Trisul Securities & Invt. Ltd.,30,204.8,6144.0,2025-08-25 14:46:22.923519
2025-08-25,7761,2025082504010527,AKJCL,Opal Securities Investment (PVT) Ltd.,Trisul Securities & Invt. Ltd.,500,204.3,102150.0,2025-08-25 14:46:22.923895
2025-08-25,7760,2025082504010528,AKJCL,Sri Hari Securities Pvt. Ltd.,Trisul Securities & Invt. Ltd.,1170,204.2,238914.0,2025-08-25 14:46:22.924078
2025-08-25,6711,2025082504010797,AKJCL,Sri Hari Securities Pvt. Ltd.,Vision Securities Pvt. Ltd,730,204.2,149066.0,2025-08-25 14:49:09.284895
2025-08-25,6710,2025082504010798,AKJCL,Premier Securities Company Ltd.,Vision Securities Pvt. Ltd,100,204.2,20420.0,2025-08-25 14:49:09.285260
2025-08-25,6709,2025082504010799,AKJCL,ABC Securities Private Limited,Vision Securities Pvt. Ltd,500,204.1,102050.0,2025-08-25 14:49:09.285512
2025-08-25,6708,2025082504010800,AKJCL,ABC Securities Private Limited,Vision Securities Pvt. Ltd,500,204.1,102050.0,2025-08-25 14:49:09.285706
2025-08-25,6707,2025082504010801,AKJCL,Creative Securities Pvt Ltd,Vision Securities Pvt. Ltd,40,204.0,8160.0,2025-08-25 14:49:09.285877
2025-08-25,6706,2025082504010802,AKJCL,Siprabi Securities Pvt. Ltd.,Vision Securities Pvt. Ltd,130,204.0,26520.0,2025-08-25 14:49:09.286079
2025-08-25,6412,2025082504010902,AKJCL,Elite Stock House Limited,Linch Stock Market Ltd.,10,204.8,2048.0,2025-08-25 14:49:49.983080
2025-08-25,5719,2025082504011064,AKJCL,Creative Securities Pvt Ltd,Sewa Securities Pvt. Ltd.,1,204.2,204.2,2025-08-25 14:51:25.829747
2025-08-25,4857,2025082504011274,AKJCL,Trishakti Securities Public Limited,Sewa Securities Pvt. Ltd.,1,204.0,204.0,2025-08-25 14:53:39.564784
2025-08-25,4332,2025082504011409,AKJCL,Naasa Securities Co. Ltd.,Vision Securities Pvt. Ltd,14,204.2,2858.8,2025-08-25 14:54:46.550255
2025-08-25,4331,2025082504011410,AKJCL,Sumeru Securities Pvt. Ltd.,Vision Securities Pvt. Ltd,960,204.1,195936.0,2025-08-25 14:54:46.551143
2025-08-25,4330,2025082504011411,AKJCL,Naasa Securities Co. Ltd.,Vision Securities Pvt. Ltd,290,204.1,59189.0,2025-08-25 14:54:46.551758
2025-08-25,4329,2025082504011412,AKJCL,Nepal Stock House (PVT) Ltd.,Vision Securities Pvt. Ltd,300,204.1,61230.0,2025-08-25 14:54:46.552305
2025-08-25,4328,2025082504011413,AKJCL,Siprabi Securities Pvt. Ltd.,Vision Securities Pvt. Ltd,120,204.0,24480.0,2025-08-25 14:54:46.552904
2025-08-25,4327,2025082504011414,AKJCL,KALASH STOCK MARKET PVT. LTD.,Vision Securities Pvt. Ltd,50,204.0,10200.0,2025-08-25 14:54:46.553466
2025-08-25,4326,2025082504011415,AKJCL,Cristal Kanchanjanga Securites Pvt. Ltd.,Vision Securities Pvt. Ltd,266,204.0,54264.0,2025-08-25 14:54:46.554009
2025-08-25,3803,2025082504011511,AKJCL,Cristal Kanchanjanga Securites Pvt. Ltd.,Naasa Securities Co. Ltd.,115,204.0,23460.0,2025-08-25 14:55:37.453361
2025-08-25,3451,2025082504011595,AKJCL,Nepal Stock House (PVT) Ltd.,Sani Securities Company Ltd.,25,204.1,5102.5,2025-08-25 14:56:07.550249
2025-08-25,3276,2025082504011640,AKJCL,Sri Hari Securities Pvt. Ltd.,Vision Securities Pvt. Ltd,500,204.7,102350.0,2025-08-25 14:56:32.544022
2025-08-25,3269,2025082504011641,AKJCL,Nepal Stock House (PVT) Ltd.,Vision Securities Pvt. Ltd,75,204.1,15307.5,2025-08-25 14:56:33.582916
2025-08-25,3268,2025082504011642,AKJCL,Asian Securities Private Ltd.,Vision Securities Pvt. Ltd,50,204.1,10205.0,2025-08-25 14:56:33.583286
2025-08-25,3267,2025082504011643,AKJCL,Cristal Kanchanjanga Securites Pvt. Ltd.,Vision Securities Pvt. Ltd,119,204.0,24276.0,2025-08-25 14:56:33.583466
2025-08-25,3266,2025082504011644,AKJCL,Naasa Securities Co. Ltd.,Vision Securities Pvt. Ltd,20,204.0,4080.0,2025-08-25 14:56:33.583629
2025-08-25,3265,2025082504011645,AKJCL,Cristal Kanchanjanga Securites Pvt. Ltd.,Vision Securities Pvt. Ltd,600,204.0,122400.0,2025-08-25 14:56:33.583794
2025-08-25,3264,2025082504011646,AKJCL,Linch Stock Market Ltd.,Vision Securities Pvt. Ltd,500,204.0,102000.0,2025-08-25 14:56:33.583965
2025-08-25,3263,2025082504011647,AKJCL,Sweta Securities Private Limited,Vision Securities Pvt. Ltd,98,204.0,19992.0,2025-08-25 14:56:33.584137
2025-08-25,3262,2025082504011648,AKJCL,Arun Securities (PVT) Ltd.,Vision Securities Pvt. Ltd,200,204.0,40800.0,2025-08-25 14:56:33.584299
2025-08-25,3261,2025082504011649,AKJCL,Midas Stock Broking Company Private Limited,Vision Securities Pvt. Ltd,338,204.0,68952.0,2025-08-25 14:56:33.584462
2025-08-25,3179,2025082504011663,AKJCL,Midas Stock Broking Company Private Limited,Imperial Securities Company Pvt. Ltd.,1000,204.0,204000.0,2025-08-25 14:56:42.204914
2025-08-25,3075,2025082504011681,AKJCL,Naasa Securities Co. Ltd.,Capital Max Securities Ltd,5,203.0,1015.0,2025-08-25 14:56:51.361627
2025-08-25,1774,2025082504011972,AKJCL,Dipshikha Dhitopatra Karobar Co. Pvt Ltd.,Linch Stock Market Ltd.,10,204.1,2041.0,2025-08-25 14:58:37.058145
2025-08-25,1773,2025082504011973,AKJCL,Vision Securities Pvt. Ltd,Linch Stock Market Ltd.,100,204.1,20410.0,2025-08-25 14:58:37.058554
2025-08-25,1772,2025082504011974,AKJCL,Midas Stock Broking Company Private Limited,Linch Stock Market Ltd.,651,204.0,132804.0,2025-08-25 14:58:37.058720
2025-08-25,1445,2025082504012037,AKJCL,Midas Stock Broking Company Private Limited,Linch Stock Market Ltd.,11,204.0,2244.0,2025-08-25 14:58:55.391003
2025-08-25,1444,2025082504012038,AKJCL,Midas Stock Broking Company Private Limited,Linch Stock Market Ltd.,50,204.0,10200.0,2025-08-25 14:58:55.391355
2025-08-25,1443,2025082504012039,AKJCL,Midas Stock Broking Company Private Limited,Linch Stock Market Ltd.,500,204.0,102000.0,2025-08-25 14:58:55.391536
2025-08-25,1035,2025082504012222,AKJCL,Online Securities Pvt. Ltd.,Vision Securities Pvt. Ltd,66,203.8,13450.8,2025-08-25 14:59:20.872217
2025-08-25,1034,2025082504012223,AKJCL,Trishakti Securities Public Limited,Vision Securities Pvt. Ltd,17,203.7,3462.9,2025-08-25 14:59:20.872546
2025-08-25,1033,2025082504012224,AKJCL,Naasa Securities Co. Ltd.,Vision Securities Pvt. Ltd,2500,203.7,509250.0,2025-08-25 14:59:20.872716
2025-08-25,1032,2025082504012225,AKJCL,Midas Stock Broking Company Private Limited,Vision Securities Pvt. Ltd,417,203.7,84942.9,2025-08-25 14:59:20.872876
2025-08-25,651,2025082504012336,AKJCL,Midas Stock Broking Company Private Limited,Imperial Securities Company Pvt. Ltd.,500,203.7,101850.0,2025-08-25 14:59:35.481017
2025-08-25,368,2025082504012393,AKJCL,Kohinoor Investment & Securities Pvt. Ltd.,Linch Stock Market Ltd.,439,204.0,89556.0,2025-08-25 14:59:48.499434
2025-08-25,367,2025082504012394,AKJCL,Kohinoor Investment & Securities Pvt. Ltd.,Naasa Securities Co. Ltd.,100,204.0,20400.0,2025-08-25 14:59:48.500135
2025-08-25,158,2025082504012442,AKJCL,Kohinoor Investment & Securities Pvt. Ltd.,Capital Max Securities Ltd,60,204.1,12246.0,2025-08-25 14:59:55.909342
