Date,S.N.,contract_id,symbol,buyer_broker,seller_broker,volume,price,amount,transaction_time
2025-08-25,57144,2025082504000001,BPCL,Dipshikha Dhitopatra Karobar Co. Pvt Ltd.,Agrawal Securities (PVT) Ltd.,11,788.9,8677.9,2025-08-25 10:46:00.009173
2025-08-25,57143,2025082504000002,BPCL,Dipshikha Dhitopatra Karobar Co. Pvt Ltd.,Ashutosh Brokerage & Securities (PVT) Ltd.,10,788.9,7889.0,2025-08-25 10:46:00.009220
2025-08-25,57006,2025082504000010,BPCL,Premier Securities Company Ltd.,K.B.L. Securities Limited ,500,804.6,402300.0,2025-08-25 11:00:51.652503
2025-08-25,56449,2025082504000026,BPCL,Naasa Securities Co. Ltd.,Online Securities Pvt. Ltd.,20,808.0,16160.0,2025-08-25 11:03:15.905708
2025-08-25,56431,2025082504000029,BPCL,Naasa Securities Co. Ltd.,Sani Securities Company Ltd.,597,808.0,482376.0,2025-08-25 11:03:23.463422
2025-08-25,56301,2025082504000034,BPCL,Naasa Securities Co. Ltd.,Aakashbhairab Securities Ltd.,100,808.0,80800.0,2025-08-25 11:04:00.870328
2025-08-25,56140,2025082504000042,BPCL,Bhrikuti Stock Broking Co. Pvt. Ltd.,Naasa Securities Co. Ltd.,34,809.0,27506.0,2025-08-25 11:04:43.430537
2025-08-25,55878,2025082504000063,BPCL,Dipshikha Dhitopatra Karobar Co. Pvt Ltd.,Garima Securities Limited,100,814.9,81490.0,2025-08-25 11:05:56.674716
2025-08-25,55877,2025082504000064,BPCL,Dipshikha Dhitopatra Karobar Co. Pvt Ltd.,Deevyaa Securities & Stock House Pvt. Ltd,400,815.0,326000.0,2025-08-25 11:05:56.674852
2025-08-25,55876,2025082504000065,BPCL,Dipshikha Dhitopatra Karobar Co. Pvt Ltd.,N.I.M.B. Stock Markets Limited,190,816.0,155040.0,2025-08-25 11:05:56.674925
2025-08-25,55716,2025082504000084,BPCL,N.I.M.B. Stock Markets Limited,Nepal Investment And Securities Trading Private Limited,50,810.0,40500.0,2025-08-25 11:06:53.253544
2025-08-25,55555,2025082504000093,BPCL,N.I.M.B. Stock Markets Limited,Online Securities Pvt. Ltd.,20,810.0,16200.0,2025-08-25 11:07:43.067050
2025-08-25,55511,2025082504000100,BPCL,N.I.M.B. Stock Markets Limited,Capital Max Securities Ltd,300,810.0,243000.0,2025-08-25 11:07:58.422130
2025-08-25,55195,2025082504000123,BPCL,N.I.M.B. Stock Markets Limited,Dipshikha Dhitopatra Karobar Co. Pvt Ltd.,130,810.0,105300.0,2025-08-25 11:09:12.390936
2025-08-25,54955,2025082504000146,BPCL,Sri Hari Securities Pvt. Ltd.,Citizens Share Broker Limited,100,809.3,80930.0,2025-08-25 11:10:19.339823
2025-08-25,54949,2025082504000147,BPCL,SUN SECURITIES PVT LTD,Sumeru Securities Pvt. Ltd.,410,809.2,331772.0,2025-08-25 11:10:20.715153
2025-08-25,54899,2025082504000158,BPCL,SUN SECURITIES PVT LTD,SUN SECURITIES PVT LTD,10,809.2,8092.0,2025-08-25 11:10:34.906375
2025-08-25,54625,2025082504000178,BPCL,SUN SECURITIES PVT LTD,ABC Securities Private Limited,80,809.2,64736.0,2025-08-25 11:12:07.585932
2025-08-25,54624,2025082504000179,BPCL,Aryatara Investment & Securities,ABC Securities Private Limited,90,809.1,72819.0,2025-08-25 11:12:07.586129
2025-08-25,54623,2025082504000180,BPCL,Bhrikuti Stock Broking Co. Pvt. Ltd.,ABC Securities Private Limited,66,809.0,53394.0,2025-08-25 11:12:07.586295
2025-08-25,54622,2025082504000181,BPCL,Naasa Securities Co. Ltd.,ABC Securities Private Limited,264,808.0,213312.0,2025-08-25 11:12:07.586452
2025-08-25,54586,2025082504000184,BPCL,Naasa Securities Co. Ltd.,ABC Securities Private Limited,19,808.0,15352.0,2025-08-25 11:12:15.638369
2025-08-25,54585,2025082504000185,BPCL,Hatemalo Financial Services Private Limited,ABC Securities Private Limited,100,808.0,80800.0,2025-08-25 11:12:15.638463
2025-08-25,54402,2025082504000218,BPCL,Deevyaa Securities & Stock House Pvt. Ltd,ABC Securities Private Limited,11,808.0,8888.0,2025-08-25 11:13:13.115565
2025-08-25,54291,2025082504000240,BPCL,Sri Hari Securities Pvt. Ltd.,ABC Securities Private Limited,370,808.0,298960.0,2025-08-25 11:13:50.865645
2025-08-25,54290,2025082504000241,BPCL,Sri Hari Securities Pvt. Ltd.,Deevyaa Securities & Stock House Pvt. Ltd,30,808.0,24240.0,2025-08-25 11:13:50.865746
2025-08-25,54072,2025082504000273,BPCL,Sri Hari Securities Pvt. Ltd.,Malla & Malla Stock Broking Company Pvt. Limited,100,805.2,80520.0,2025-08-25 11:15:05.109514
2025-08-25,53958,2025082504000299,BPCL,SHUBHAKAMANA SECURITIES PVT. LTD,SHUBHAKAMANA SECURITIES PVT. LTD,3,789.1,2367.3,2025-08-25 11:15:39.684994
2025-08-25,52708,2025082504000502,BPCL,Dipshikha Dhitopatra Karobar Co. Pvt Ltd.,K.B.L. Securities Limited ,350,805.3,281855.0,2025-08-25 11:21:40.468652
2025-08-25,52707,2025082504000503,BPCL,SHUBHAKAMANA SECURITIES PVT. LTD,K.B.L. Securities Limited ,500,805.2,402600.0,2025-08-25 11:21:40.468724
2025-08-25,52706,2025082504000504,BPCL,N.M.B. SECURITIES LIMITED,K.B.L. Securities Limited ,150,805.1,120765.0,2025-08-25 11:21:40.468764
2025-08-25,52571,2025082504000529,BPCL,N.M.B. SECURITIES LIMITED,Secured Securities Ltd.,15,805.1,12076.5,2025-08-25 11:22:17.372090
2025-08-25,51687,2025082504000745,BPCL,N.M.B. SECURITIES LIMITED,Cristal Kanchanjanga Securites Pvt. Ltd.,300,805.1,241530.0,2025-08-25 11:26:12.359562
2025-08-25,51526,2025082504000777,BPCL,N.M.B. SECURITIES LIMITED,Vision Securities Pvt. Ltd,500,805.1,402550.0,2025-08-25 11:27:06.573589
2025-08-25,51406,2025082504000792,BPCL,N.M.B. SECURITIES LIMITED,Creative Securities Pvt Ltd,1035,805.1,833278.5,2025-08-25 11:27:38.888616
2025-08-25,51405,2025082504000793,BPCL,Sri Hari Securities Pvt. Ltd.,Creative Securities Pvt Ltd,100,805.1,80510.0,2025-08-25 11:27:38.888711
2025-08-25,51404,2025082504000794,BPCL,ABC Securities Private Limited,Creative Securities Pvt Ltd,100,805.0,80500.0,2025-08-25 11:27:38.888787
2025-08-25,51403,2025082504000795,BPCL,ABC Securities Private Limited,Creative Securities Pvt Ltd,100,805.0,80500.0,2025-08-25 11:27:38.888858
2025-08-25,51402,2025082504000796,BPCL,Sani Securities Company Ltd.,Creative Securities Pvt Ltd,10,805.0,8050.0,2025-08-25 11:27:38.888926
2025-08-25,51401,2025082504000797,BPCL,Sagarmatha Securities Private Limited,Creative Securities Pvt Ltd,300,803.1,240930.0,2025-08-25 11:27:38.889001
2025-08-25,51400,2025082504000798,BPCL,Hatemalo Financial Services Private Limited,Creative Securities Pvt Ltd,56,803.1,44973.6,2025-08-25 11:27:38.889073
2025-08-25,51399,2025082504000799,BPCL,Dipshikha Dhitopatra Karobar Co. Pvt Ltd.,Creative Securities Pvt Ltd,299,801.0,239499.0,2025-08-25 11:27:38.889147
2025-08-25,51088,2025082504000887,BPCL,Dipshikha Dhitopatra Karobar Co. Pvt Ltd.,SUN SECURITIES PVT LTD,10,801.0,8010.0,2025-08-25 11:29:01.132898
2025-08-25,50848,2025082504000938,BPCL,Dipshikha Dhitopatra Karobar Co. Pvt Ltd.,Naasa Securities Co. Ltd.,13,801.0,10413.0,2025-08-25 11:30:18.142695
2025-08-25,50722,2025082504000961,BPCL,Dipshikha Dhitopatra Karobar Co. Pvt Ltd.,Vision Securities Pvt. Ltd,30,801.0,24030.0,2025-08-25 11:30:52.914981
2025-08-25,50713,2025082504000964,BPCL,Dipshikha Dhitopatra Karobar Co. Pvt Ltd.,Naasa Securities Co. Ltd.,120,801.0,96120.0,2025-08-25 11:30:55.464046
2025-08-25,50405,2025082504001040,BPCL,Swarna Laxmi Securities Pvt. Ltd.,K.B.L. Securities Limited ,51,801.0,40851.0,2025-08-25 11:32:22.692387
2025-08-25,50404,2025082504001041,BPCL,ABC Securities Private Limited,K.B.L. Securities Limited ,100,800.0,80000.0,2025-08-25 11:32:22.692495
2025-08-25,50403,2025082504001042,BPCL,SUN SECURITIES PVT LTD,K.B.L. Securities Limited ,349,800.0,279200.0,2025-08-25 11:32:22.692546
2025-08-25,50277,2025082504001063,BPCL,SUN SECURITIES PVT LTD,Capital Max Securities Ltd,50,800.0,40000.0,2025-08-25 11:33:03.720283
2025-08-25,50108,2025082504001088,BPCL,SUN SECURITIES PVT LTD,Kohinoor Investment & Securities Pvt. Ltd.,101,800.0,80800.0,2025-08-25 11:33:38.335271
2025-08-25,50107,2025082504001089,BPCL,Vision Securities Pvt. Ltd,Kohinoor Investment & Securities Pvt. Ltd.,99,800.0,79200.0,2025-08-25 11:33:38.335419
2025-08-25,49783,2025082504001160,BPCL,Naasa Securities Co. Ltd.,Naasa Securities Co. Ltd.,151,801.0,120951.0,2025-08-25 11:35:06.414834
2025-08-25,49782,2025082504001161,BPCL,Naasa Securities Co. Ltd.,Naasa Securities Co. Ltd.,349,800.1,279234.9,2025-08-25 11:35:06.415059
2025-08-25,49669,2025082504001189,BPCL,Naasa Securities Co. Ltd.,Kohinoor Investment & Securities Pvt. Ltd.,200,800.1,160020.0,2025-08-25 11:35:42.816615
2025-08-25,49628,2025082504001195,BPCL,Vision Securities Pvt. Ltd,Neev Securities Pvt. Ltd.,15,800.0,12000.0,2025-08-25 11:35:54.809537
2025-08-25,49581,2025082504001219,BPCL,Vision Securities Pvt. Ltd,Trisul Securities & Invt. Ltd.,635,800.0,508000.0,2025-08-25 11:36:07.156660
2025-08-25,49580,2025082504001220,BPCL,Vision Securities Pvt. Ltd,Trisul Securities & Invt. Ltd.,25,800.0,20000.0,2025-08-25 11:36:07.156811
2025-08-25,49502,2025082504001229,BPCL,SUN SECURITIES PVT LTD,Trisul Securities & Invt. Ltd.,300,798.0,239400.0,2025-08-25 11:36:30.251010
2025-08-25,49501,2025082504001230,BPCL,Sri Hari Securities Pvt. Ltd.,Trisul Securities & Invt. Ltd.,40,798.0,31920.0,2025-08-25 11:36:30.251241
2025-08-25,49099,2025082504001309,BPCL,Aryatara Investment & Securities,Asian Securities Private Ltd.,26,799.0,20774.0,2025-08-25 11:38:11.254611
2025-08-25,49071,2025082504001310,BPCL,Aryatara Investment & Securities,South Asian Bulls Pvt. Ltd.,164,799.0,131036.0,2025-08-25 11:38:20.278677
2025-08-25,48824,2025082504001370,BPCL,Dynamic Money Managers Securities Pvt. Ltd.,South Asian Bulls Pvt. Ltd.,26,799.0,20774.0,2025-08-25 11:39:42.469688
2025-08-25,48691,2025082504001401,BPCL,Dynamic Money Managers Securities Pvt. Ltd.,Prabhu Stock Market Limited,500,799.0,399500.0,2025-08-25 11:40:10.896326
2025-08-25,48654,2025082504001406,BPCL,Dynamic Money Managers Securities Pvt. Ltd.,Linch Stock Market Ltd.,400,799.0,319600.0,2025-08-25 11:40:16.179548
2025-08-25,48606,2025082504001412,BPCL,Dynamic Money Managers Securities Pvt. Ltd.,Prabhu Stock Market Limited,74,799.0,59126.0,2025-08-25 11:40:28.948400
2025-08-25,48381,2025082504001473,BPCL,Agrawal Securities (PVT) Ltd.,South Asian Bulls Pvt. Ltd.,500,796.0,398000.0,2025-08-25 11:41:34.044012
2025-08-25,48380,2025082504001474,BPCL,MILKY WAY SHARE BROKER COMPANY LTD ,South Asian Bulls Pvt. Ltd.,300,796.0,238800.0,2025-08-25 11:41:34.044154
2025-08-25,48379,2025082504001475,BPCL,Sri Hari Securities Pvt. Ltd.,South Asian Bulls Pvt. Ltd.,60,796.0,47760.0,2025-08-25 11:41:34.044208
2025-08-25,48378,2025082504001476,BPCL,Sharepro Securities Private Limited,South Asian Bulls Pvt. Ltd.,100,796.0,79600.0,2025-08-25 11:41:34.044258
2025-08-25,47991,2025082504001581,BPCL,INDEX SECURITIES LIMITED,Prabhu Stock Market Limited,10,799.0,7990.0,2025-08-25 11:43:29.647095
2025-08-25,47679,2025082504001683,BPCL,Imperial Securities Company Pvt. Ltd.,Midas Stock Broking Company Private Limited,20,795.0,15900.0,2025-08-25 11:44:57.213498
2025-08-25,47420,2025082504001755,BPCL,Dipshikha Dhitopatra Karobar Co. Pvt Ltd.,INDEX SECURITIES LIMITED,180,794.2,142956.0,2025-08-25 11:45:56.088439
2025-08-25,47414,2025082504001758,BPCL,Dipshikha Dhitopatra Karobar Co. Pvt Ltd.,Sharepro Securities Private Limited,20,794.2,15884.0,2025-08-25 11:45:57.738402
2025-08-25,47413,2025082504001759,BPCL,Garima Securities Limited,Sharepro Securities Private Limited,100,794.1,79410.0,2025-08-25 11:45:57.738570
2025-08-25,47412,2025082504001760,BPCL,N.I.M.B. Stock Markets Limited,Sharepro Securities Private Limited,880,794.1,698808.0,2025-08-25 11:45:57.738625
2025-08-25,47049,2025082504001837,BPCL,Premier Securities Company Ltd.,Naasa Securities Co. Ltd.,50,795.0,39750.0,2025-08-25 11:47:40.375990
2025-08-25,46867,2025082504001877,BPCL,SHUBHAKAMANA SECURITIES PVT. LTD,Imperial Securities Company Pvt. Ltd.,30,795.0,23850.0,2025-08-25 11:48:53.001951
2025-08-25,46766,2025082504001898,BPCL,SHUBHAKAMANA SECURITIES PVT. LTD,Sri Hari Securities Pvt. Ltd.,50,795.0,39750.0,2025-08-25 11:49:18.873389
2025-08-25,46652,2025082504001924,BPCL,Naasa Securities Co. Ltd.,Naasa Securities Co. Ltd.,50,795.1,39755.0,2025-08-25 11:49:46.305045
2025-08-25,46518,2025082504001945,BPCL,Naasa Securities Co. Ltd.,Citizens Share Broker Limited,51,795.1,40550.1,2025-08-25 11:50:28.278544
2025-08-25,46517,2025082504001946,BPCL,SHUBHAKAMANA SECURITIES PVT. LTD,Citizens Share Broker Limited,20,795.0,15900.0,2025-08-25 11:50:28.278721
2025-08-25,46516,2025082504001947,BPCL,Capital Max Securities Ltd,Citizens Share Broker Limited,20,794.5,15890.0,2025-08-25 11:50:28.278781
2025-08-25,46318,2025082504002006,BPCL,Imperial Securities Company Pvt. Ltd.,Agrawal Securities (PVT) Ltd.,5,795.0,3975.0,2025-08-25 11:51:17.017521
2025-08-25,46038,2025082504002070,BPCL,Dipshikha Dhitopatra Karobar Co. Pvt Ltd.,SUN SECURITIES PVT LTD,500,794.3,397150.0,2025-08-25 11:52:35.202114
2025-08-25,45750,2025082504002123,BPCL,Swarna Laxmi Securities Pvt. Ltd.,SUN SECURITIES PVT LTD,300,794.5,238350.0,2025-08-25 11:53:51.415067
2025-08-25,45733,2025082504002134,BPCL,Swarna Laxmi Securities Pvt. Ltd.,Dipshikha Dhitopatra Karobar Co. Pvt Ltd.,100,794.5,79450.0,2025-08-25 11:53:57.543415
2025-08-25,45547,2025082504002163,BPCL,Swarna Laxmi Securities Pvt. Ltd.,SUN SECURITIES PVT LTD,151,794.5,119969.5,2025-08-25 11:54:42.560554
2025-08-25,45443,2025082504002179,BPCL,N.I.M.B. Stock Markets Limited,K.B.L. Securities Limited ,120,794.1,95292.0,2025-08-25 11:55:11.620406
2025-08-25,45442,2025082504002180,BPCL,Swarna Laxmi Securities Pvt. Ltd.,K.B.L. Securities Limited ,380,794.1,301758.0,2025-08-25 11:55:11.620661
2025-08-25,45033,2025082504002253,BPCL,Swarna Laxmi Securities Pvt. Ltd.,SUN SECURITIES PVT LTD,170,794.1,134997.0,2025-08-25 11:56:52.959793
2025-08-25,44805,2025082504002309,BPCL,Oxford Securities Pvt. Ltd.,Dipshikha Dhitopatra Karobar Co. Pvt Ltd.,50,794.9,39745.0,2025-08-25 11:58:19.652469
2025-08-25,44804,2025082504002310,BPCL,Oxford Securities Pvt. Ltd.,Online Securities Pvt. Ltd.,450,795.0,357750.0,2025-08-25 11:58:19.652617
2025-08-25,44708,2025082504002345,BPCL,Deevyaa Securities & Stock House Pvt. Ltd,Thrive Brokerage House Pvt. Ltd,20,794.1,15882.0,2025-08-25 11:58:54.311444
2025-08-25,44707,2025082504002346,BPCL,Trishakti Securities Public Limited,Thrive Brokerage House Pvt. Ltd,80,794.0,63520.0,2025-08-25 11:58:54.311715
2025-08-25,44365,2025082504002421,BPCL,Trishakti Securities Public Limited,SUN SECURITIES PVT LTD,20,794.0,15880.0,2025-08-25 12:00:42.892345
2025-08-25,44364,2025082504002422,BPCL,Hatemalo Financial Services Private Limited,SUN SECURITIES PVT LTD,74,794.0,58756.0,2025-08-25 12:00:42.892705
2025-08-25,44351,2025082504002425,BPCL,Hatemalo Financial Services Private Limited,Naasa Securities Co. Ltd.,26,794.0,20644.0,2025-08-25 12:00:49.672514
2025-08-25,44293,2025082504002435,BPCL,Sri Hari Securities Pvt. Ltd.,Naasa Securities Co. Ltd.,24,794.0,19056.0,2025-08-25 12:01:16.180918
2025-08-25,44284,2025082504002436,BPCL,Dipshikha Dhitopatra Karobar Co. Pvt Ltd.,Creative Securities Pvt Ltd,2,799.0,1598.0,2025-08-25 12:01:17.587760
2025-08-25,44187,2025082504002450,BPCL,Property Wiard Limited,SUN SECURITIES PVT LTD,300,794.1,238230.0,2025-08-25 12:01:50.113672
2025-08-25,44160,2025082504002454,BPCL,Sharepro Securities Private Limited,Online Securities Pvt. Ltd.,50,795.0,39750.0,2025-08-25 12:01:58.021672
2025-08-25,44149,2025082504002456,BPCL,Dipshikha Dhitopatra Karobar Co. Pvt Ltd.,Vision Securities Pvt. Ltd,7,801.0,5607.0,2025-08-25 12:02:01.963074
2025-08-25,44066,2025082504002468,BPCL,Property Wiard Limited,SUN SECURITIES PVT LTD,700,794.1,555870.0,2025-08-25 12:02:31.222537
2025-08-25,44065,2025082504002469,BPCL,Sri Hari Securities Pvt. Ltd.,SUN SECURITIES PVT LTD,300,794.0,238200.0,2025-08-25 12:02:31.222634
2025-08-25,43900,2025082504002504,BPCL,Sri Hari Securities Pvt. Ltd.,Market Securities & Exchange (PVT) Ltd.,100,794.0,79400.0,2025-08-25 12:03:13.344616
2025-08-25,43889,2025082504002508,BPCL,Naasa Securities Co. Ltd.,Aryatara Investment & Securities,200,794.9,158980.0,2025-08-25 12:03:17.343669
2025-08-25,43846,2025082504002518,BPCL,Imperial Securities Company Pvt. Ltd.,Online Securities Pvt. Ltd.,35,795.0,27825.0,2025-08-25 12:03:30.572621
2025-08-25,43817,2025082504002528,BPCL,Imperial Securities Company Pvt. Ltd.,KALASH STOCK MARKET PVT. LTD.,100,795.0,79500.0,2025-08-25 12:03:36.703450
2025-08-25,43582,2025082504002547,BPCL,Naasa Securities Co. Ltd.,Naasa Securities Co. Ltd.,13,796.9,10359.7,2025-08-25 12:04:32.125797
2025-08-25,43326,2025082504002592,BPCL,Dipshikha Dhitopatra Karobar Co. Pvt Ltd.,Naasa Securities Co. Ltd.,10,796.9,7969.0,2025-08-25 12:05:55.083884
2025-08-25,43294,2025082504002594,BPCL,Sri Hari Securities Pvt. Ltd.,Dynamic Money Managers Securities Pvt. Ltd.,1000,797.7,797700.0,2025-08-25 12:06:07.441773
2025-08-25,43293,2025082504002595,BPCL,Sri Hari Securities Pvt. Ltd.,Dynamic Money Managers Securities Pvt. Ltd.,1000,798.0,798000.0,2025-08-25 12:06:07.441963
2025-08-25,43208,2025082504002638,BPCL,Vision Securities Pvt. Ltd,Dynamic Money Managers Securities Pvt. Ltd.,10,797.0,7970.0,2025-08-25 12:06:28.027853
2025-08-25,43207,2025082504002639,BPCL,Sri Hari Securities Pvt. Ltd.,Dynamic Money Managers Securities Pvt. Ltd.,110,795.1,87461.0,2025-08-25 12:06:28.028151
2025-08-25,43189,2025082504002642,BPCL,Citizens Share Broker Limited,Himalayan Brokerage Company Limited,50,798.0,39900.0,2025-08-25 12:06:36.703922
2025-08-25,42872,2025082504002708,BPCL,ABC Securities Private Limited,Naasa Securities Co. Ltd.,65,799.0,51935.0,2025-08-25 12:08:23.446337
2025-08-25,42871,2025082504002709,BPCL,ABC Securities Private Limited,ABC Securities Private Limited,30,800.0,24000.0,2025-08-25 12:08:23.446569
2025-08-25,42870,2025082504002710,BPCL,ABC Securities Private Limited,Sundhara Securities Limited,55,800.0,44000.0,2025-08-25 12:08:23.446633
2025-08-25,42869,2025082504002711,BPCL,ABC Securities Private Limited,Ashutosh Brokerage & Securities (PVT) Ltd.,50,800.0,40000.0,2025-08-25 12:08:23.446713
2025-08-25,42868,2025082504002712,BPCL,ABC Securities Private Limited,Infinity Securities Limited,300,800.0,240000.0,2025-08-25 12:08:23.446766
2025-08-25,42598,2025082504002758,BPCL,Sweta Securities Private Limited,Infinity Securities Limited,100,800.0,80000.0,2025-08-25 12:09:55.095493
2025-08-25,42138,2025082504002861,BPCL,ABC Securities Private Limited,Online Securities Pvt. Ltd.,100,799.0,79900.0,2025-08-25 12:12:18.218173
2025-08-25,42125,2025082504002870,BPCL,ABC Securities Private Limited,Citizens Share Broker Limited,100,799.0,79900.0,2025-08-25 12:12:21.175348
2025-08-25,42089,2025082504002875,BPCL,Sri Hari Securities Pvt. Ltd.,Citizens Share Broker Limited,100,799.0,79900.0,2025-08-25 12:12:33.828580
2025-08-25,41934,2025082504002912,BPCL,Magnet Securities and Investment Company Private Limited,Citizens Share Broker Limited,100,799.0,79900.0,2025-08-25 12:13:29.352957
2025-08-25,41764,2025082504002960,BPCL,Property Wiard Limited,SUN SECURITIES PVT LTD,500,799.0,399500.0,2025-08-25 12:14:16.158320
2025-08-25,41684,2025082504002979,BPCL,Sri Hari Securities Pvt. Ltd.,Naasa Securities Co. Ltd.,70,800.0,56000.0,2025-08-25 12:14:40.429399
2025-08-25,41615,2025082504002986,BPCL,Sri Hari Securities Pvt. Ltd.,Imperial Securities Company Pvt. Ltd.,500,801.0,400500.0,2025-08-25 12:15:13.611123
2025-08-25,41581,2025082504002994,BPCL,Sri Hari Securities Pvt. Ltd.,Premier Securities Company Ltd.,78,800.0,62400.0,2025-08-25 12:15:29.171081
2025-08-25,41220,2025082504003056,BPCL,Sri Hari Securities Pvt. Ltd.,Miyo Securities Pvt Ltd,40,800.0,32000.0,2025-08-25 12:17:36.640580
2025-08-25,41166,2025082504003065,BPCL,Sri Hari Securities Pvt. Ltd.,Naasa Securities Co. Ltd.,250,800.0,200000.0,2025-08-25 12:17:53.418297
2025-08-25,41158,2025082504003066,BPCL,Secured Securities Ltd.,Trishakti Securities Public Limited,50,802.0,40100.0,2025-08-25 12:17:57.256062
2025-08-25,41157,2025082504003067,BPCL,Secured Securities Ltd.,Premier Securities Company Ltd.,50,803.0,40150.0,2025-08-25 12:17:57.256378
2025-08-25,41156,2025082504003068,BPCL,Secured Securities Ltd.,Agrawal Securities (PVT) Ltd.,100,803.0,80300.0,2025-08-25 12:17:57.256553
2025-08-25,41155,2025082504003069,BPCL,Secured Securities Ltd.,Nabil Stock Dealer Ltd.,350,803.8,281330.0,2025-08-25 12:17:57.256731
2025-08-25,40977,2025082504003112,BPCL,Sri Hari Securities Pvt. Ltd.,R.B.B. Securities Company Ltd,48,800.0,38400.0,2025-08-25 12:18:56.646145
2025-08-25,40316,2025082504003254,BPCL,Sri Hari Securities Pvt. Ltd.,Sundhara Securities Limited,14,800.0,11200.0,2025-08-25 12:22:31.925230
2025-08-25,40311,2025082504003255,BPCL,Ashutosh Brokerage & Securities (PVT) Ltd.,Ashutosh Brokerage & Securities (PVT) Ltd.,5,785.0,3925.0,2025-08-25 12:22:34.699416
2025-08-25,39758,2025082504003364,BPCL,Naasa Securities Co. Ltd.,Trishakti Securities Public Limited,24,800.0,19200.0,2025-08-25 12:25:48.204749
2025-08-25,38546,2025082504003577,BPCL,Trademow Securities Private Limited,Dipshikha Dhitopatra Karobar Co. Pvt Ltd.,60,801.0,48060.0,2025-08-25 12:33:04.987436
2025-08-25,38545,2025082504003578,BPCL,Naasa Securities Co. Ltd.,Dipshikha Dhitopatra Karobar Co. Pvt Ltd.,40,800.0,32000.0,2025-08-25 12:33:04.987653
2025-08-25,37593,2025082504003761,BPCL,Online Securities Pvt. Ltd.,Naasa Securities Co. Ltd.,400,800.1,320040.0,2025-08-25 12:38:27.122305
2025-08-25,36663,2025082504003928,BPCL,Kohinoor Investment & Securities Pvt. Ltd.,Linch Stock Market Ltd.,15,802.0,12030.0,2025-08-25 12:43:58.537582
2025-08-25,36662,2025082504003929,BPCL,Kohinoor Investment & Securities Pvt. Ltd.,Naasa Securities Co. Ltd.,25,805.0,20125.0,2025-08-25 12:43:58.537815
2025-08-25,36661,2025082504003930,BPCL,Kohinoor Investment & Securities Pvt. Ltd.,Citizens Share Broker Limited,165,807.0,133155.0,2025-08-25 12:43:58.537893
2025-08-25,36660,2025082504003931,BPCL,Kohinoor Investment & Securities Pvt. Ltd.,Asian Securities Private Ltd.,60,807.8,48468.0,2025-08-25 12:43:58.537987
2025-08-25,36659,2025082504003932,BPCL,Kohinoor Investment & Securities Pvt. Ltd.,Imperial Securities Company Pvt. Ltd.,35,807.9,28276.5,2025-08-25 12:43:58.538060
2025-08-25,36510,2025082504003978,BPCL,Property Wiard Limited,Agrawal Securities (PVT) Ltd.,400,801.0,320400.0,2025-08-25 12:44:48.047453
2025-08-25,36450,2025082504003987,BPCL,Property Wiard Limited,Imperial Securities Company Pvt. Ltd.,10,807.9,8079.0,2025-08-25 12:45:06.093499
2025-08-25,35595,2025082504004124,BPCL,Naasa Securities Co. Ltd.,Premier Securities Company Ltd.,110,807.0,88770.0,2025-08-25 12:48:53.501570
2025-08-25,35594,2025082504004125,BPCL,Naasa Securities Co. Ltd.,Sani Securities Company Ltd.,100,807.0,80700.0,2025-08-25 12:48:53.501931
2025-08-25,35593,2025082504004126,BPCL,Naasa Securities Co. Ltd.,Sri Hari Securities Pvt. Ltd.,226,807.7,182540.2,2025-08-25 12:48:53.502147
2025-08-25,35434,2025082504004158,BPCL,K.B.L. Securities Limited ,Kumari Securities Private Limited,26,807.0,20982.0,2025-08-25 12:49:54.103369
2025-08-25,35433,2025082504004159,BPCL,K.B.L. Securities Limited ,Sri Hari Securities Pvt. Ltd.,774,807.7,625159.8,2025-08-25 12:49:54.103575
2025-08-25,35432,2025082504004160,BPCL,K.B.L. Securities Limited ,Agrawal Securities (PVT) Ltd.,200,807.8,161560.0,2025-08-25 12:49:54.103649
2025-08-25,35049,2025082504004230,BPCL,Online Securities Pvt. Ltd.,Imperial Securities Company Pvt. Ltd.,455,807.9,367594.5,2025-08-25 12:51:06.756115
2025-08-25,35048,2025082504004231,BPCL,Online Securities Pvt. Ltd.,Naasa Securities Co. Ltd.,15,807.9,12118.5,2025-08-25 12:51:06.756480
2025-08-25,35047,2025082504004232,BPCL,Online Securities Pvt. Ltd.,Dipshikha Dhitopatra Karobar Co. Pvt Ltd.,30,808.0,24240.0,2025-08-25 12:51:06.756693
2025-08-25,34982,2025082504004244,BPCL,N.I.M.B. Stock Markets Limited,Dipshikha Dhitopatra Karobar Co. Pvt Ltd.,70,808.0,56560.0,2025-08-25 12:51:26.599143
2025-08-25,34981,2025082504004245,BPCL,N.I.M.B. Stock Markets Limited,Trisul Securities & Invt. Ltd.,302,809.0,244318.0,2025-08-25 12:51:26.599524
2025-08-25,34980,2025082504004246,BPCL,N.I.M.B. Stock Markets Limited,Primo Securities (PVT) Ltd.,735,809.0,594615.0,2025-08-25 12:51:26.599745
2025-08-25,34979,2025082504004247,BPCL,N.I.M.B. Stock Markets Limited,Sumeru Securities Pvt. Ltd.,500,809.0,404500.0,2025-08-25 12:51:26.599951
2025-08-25,34978,2025082504004248,BPCL,N.I.M.B. Stock Markets Limited,Vision Securities Pvt. Ltd,150,809.0,121350.0,2025-08-25 12:51:26.600140
2025-08-25,34977,2025082504004249,BPCL,N.I.M.B. Stock Markets Limited,N.M.B. SECURITIES LIMITED,500,809.9,404950.0,2025-08-25 12:51:26.600353
2025-08-25,34976,2025082504004250,BPCL,N.I.M.B. Stock Markets Limited,Nepal Investment And Securities Trading Private Limited,50,810.0,40500.0,2025-08-25 12:51:26.600561
2025-08-25,34975,2025082504004251,BPCL,N.I.M.B. Stock Markets Limited,Sagarmatha Securities Private Limited,100,810.0,81000.0,2025-08-25 12:51:26.600854
2025-08-25,34974,2025082504004252,BPCL,N.I.M.B. Stock Markets Limited,Nepal Stock House (PVT) Ltd.,15,810.0,12150.0,2025-08-25 12:51:26.601050
2025-08-25,34973,2025082504004253,BPCL,N.I.M.B. Stock Markets Limited,Bhrikuti Stock Broking Co. Pvt. Ltd.,100,810.0,81000.0,2025-08-25 12:51:26.601244
2025-08-25,34972,2025082504004254,BPCL,N.I.M.B. Stock Markets Limited,Siprabi Securities Pvt. Ltd.,300,810.0,243000.0,2025-08-25 12:51:26.601450
2025-08-25,34971,2025082504004255,BPCL,N.I.M.B. Stock Markets Limited,Bhrikuti Stock Broking Co. Pvt. Ltd.,500,810.0,405000.0,2025-08-25 12:51:26.601654
2025-08-25,34970,2025082504004256,BPCL,N.I.M.B. Stock Markets Limited,Linch Stock Market Ltd.,78,810.0,63180.0,2025-08-25 12:51:26.601846
2025-08-25,34969,2025082504004257,BPCL,N.I.M.B. Stock Markets Limited,Investment Management Nepal Pvt. Ltd.,30,810.0,24300.0,2025-08-25 12:51:26.602034
2025-08-25,34968,2025082504004258,BPCL,N.I.M.B. Stock Markets Limited,Linch Stock Market Ltd.,470,810.0,380700.0,2025-08-25 12:51:26.602225
2025-08-25,34967,2025082504004259,BPCL,N.I.M.B. Stock Markets Limited,R.B.B. Securities Company Ltd,490,810.0,396900.0,2025-08-25 12:51:26.602425
2025-08-25,34966,2025082504004260,BPCL,N.I.M.B. Stock Markets Limited,Ashutosh Brokerage & Securities (PVT) Ltd.,200,810.0,162000.0,2025-08-25 12:51:26.602626
2025-08-25,34965,2025082504004261,BPCL,N.I.M.B. Stock Markets Limited,Dakshinkali Investment & Securities Pvt. Ltd.,30,810.0,24300.0,2025-08-25 12:51:26.602826
2025-08-25,34964,2025082504004262,BPCL,N.I.M.B. Stock Markets Limited,Investment Management Nepal Pvt. Ltd.,10,810.0,8100.0,2025-08-25 12:51:26.603008
2025-08-25,34733,2025082504004321,BPCL,Trishakti Securities Public Limited,Aryatara Investment & Securities,78,813.0,63414.0,2025-08-25 12:52:31.023592
2025-08-25,34732,2025082504004322,BPCL,Trishakti Securities Public Limited,South Asian Bulls Pvt. Ltd.,22,813.0,17886.0,2025-08-25 12:52:31.023812
2025-08-25,34554,2025082504004371,BPCL,Midas Stock Broking Company Private Limited,Linch Stock Market Ltd.,30,815.0,24450.0,2025-08-25 12:53:13.951308
2025-08-25,34553,2025082504004372,BPCL,Midas Stock Broking Company Private Limited,Imperial Securities Company Pvt. Ltd.,15,815.0,12225.0,2025-08-25 12:53:13.951506
2025-08-25,34552,2025082504004373,BPCL,Midas Stock Broking Company Private Limited,Dipshikha Dhitopatra Karobar Co. Pvt Ltd.,55,815.0,44825.0,2025-08-25 12:53:13.951571
2025-08-25,34547,2025082504004374,BPCL,N.I.M.B. Stock Markets Limited,Dipshikha Dhitopatra Karobar Co. Pvt Ltd.,445,815.0,362675.0,2025-08-25 12:53:15.475000
2025-08-25,34546,2025082504004375,BPCL,N.I.M.B. Stock Markets Limited,Sumeru Securities Pvt. Ltd.,500,815.0,407500.0,2025-08-25 12:53:15.475345
2025-08-25,34545,2025082504004376,BPCL,N.I.M.B. Stock Markets Limited,Agrawal Securities (PVT) Ltd.,1000,815.0,815000.0,2025-08-25 12:53:15.475544
2025-08-25,34506,2025082504004394,BPCL,Aryatara Investment & Securities,N.I.M.B. Stock Markets Limited,45,816.0,36720.0,2025-08-25 12:53:26.721222
2025-08-25,34505,2025082504004395,BPCL,Aryatara Investment & Securities,Sumeru Securities Pvt. Ltd.,100,816.0,81600.0,2025-08-25 12:53:26.721458
2025-08-25,34504,2025082504004396,BPCL,Aryatara Investment & Securities,Naasa Securities Co. Ltd.,200,816.0,163200.0,2025-08-25 12:53:26.721525
2025-08-25,34503,2025082504004397,BPCL,Aryatara Investment & Securities,SUN SECURITIES PVT LTD,40,816.0,32640.0,2025-08-25 12:53:26.721587
2025-08-25,34502,2025082504004398,BPCL,Aryatara Investment & Securities,Primo Securities (PVT) Ltd.,15,816.0,12240.0,2025-08-25 12:53:26.721648
2025-08-25,34501,2025082504004399,BPCL,Aryatara Investment & Securities,Citizens Share Broker Limited,10,816.0,8160.0,2025-08-25 12:53:26.721725
2025-08-25,34500,2025082504004400,BPCL,Aryatara Investment & Securities,Naasa Securities Co. Ltd.,71,816.0,57936.0,2025-08-25 12:53:26.721787
2025-08-25,34496,2025082504004401,BPCL,Aryatara Investment & Securities,Property Wiard Limited,19,816.0,15504.0,2025-08-25 12:53:27.359399
2025-08-25,34495,2025082504004402,BPCL,N.I.M.B. Stock Markets Limited,Property Wiard Limited,481,815.0,392015.0,2025-08-25 12:53:27.359619
2025-08-25,34436,2025082504004413,BPCL,Midas Stock Broking Company Private Limited,Shree Krishna Securities Ltd.,50,816.1,40805.0,2025-08-25 12:53:41.055501
2025-08-25,34403,2025082504004424,BPCL,Midas Stock Broking Company Private Limited,South Asian Bulls Pvt. Ltd.,18,817.0,14706.0,2025-08-25 12:53:55.199481
2025-08-25,34401,2025082504004425,BPCL,Trishakti Securities Public Limited,Agrawal Securities (PVT) Ltd.,10,819.8,8198.0,2025-08-25 12:53:55.439939
2025-08-25,34279,2025082504004441,BPCL,Trishakti Securities Public Limited,Property Wiard Limited,400,819.0,327600.0,2025-08-25 12:54:21.568319
2025-08-25,33809,2025082504004530,BPCL,Midas Stock Broking Company Private Limited,Trishakti Securities Public Limited,32,812.0,25984.0,2025-08-25 12:56:46.365067
2025-08-25,33808,2025082504004531,BPCL,Trishakti Securities Public Limited,Trishakti Securities Public Limited,251,811.1,203586.1,2025-08-25 12:56:46.365172
2025-08-25,33807,2025082504004532,BPCL,Kohinoor Investment & Securities Pvt. Ltd.,Trishakti Securities Public Limited,200,811.1,162220.0,2025-08-25 12:56:46.365259
2025-08-25,33806,2025082504004533,BPCL,Aryatara Investment & Securities,Trishakti Securities Public Limited,500,810.1,405050.0,2025-08-25 12:56:46.365386
2025-08-25,33805,2025082504004534,BPCL,Naasa Securities Co. Ltd.,Trishakti Securities Public Limited,317,810.0,256770.0,2025-08-25 12:56:46.365456
2025-08-25,33775,2025082504004540,BPCL,Trishakti Securities Public Limited,Garima Securities Limited,10,818.9,8189.0,2025-08-25 12:56:55.429805
2025-08-25,33331,2025082504004612,BPCL,Capital Hub P. Ltd,SUN SECURITIES PVT LTD,500,817.9,408950.0,2025-08-25 12:59:14.787434
2025-08-25,33330,2025082504004613,BPCL,Capital Hub P. Ltd,Dakshinkali Investment & Securities Pvt. Ltd.,1000,818.0,818000.0,2025-08-25 12:59:14.787505
2025-08-25,33329,2025082504004614,BPCL,Capital Hub P. Ltd,Garima Securities Limited,90,818.9,73701.0,2025-08-25 12:59:14.787552
2025-08-25,33328,2025082504004615,BPCL,Capital Hub P. Ltd,Capital Max Securities Ltd,500,818.9,409450.0,2025-08-25 12:59:14.787576
2025-08-25,33327,2025082504004616,BPCL,Capital Hub P. Ltd,Naasa Securities Co. Ltd.,1000,819.9,819900.0,2025-08-25 12:59:14.787600
2025-08-25,33326,2025082504004617,BPCL,Capital Hub P. Ltd,Aryatara Investment & Securities,250,819.9,204975.0,2025-08-25 12:59:14.787626
2025-08-25,33325,2025082504004618,BPCL,Capital Hub P. Ltd,Agrawal Securities (PVT) Ltd.,100,820.0,82000.0,2025-08-25 12:59:14.787651
2025-08-25,33324,2025082504004619,BPCL,Capital Hub P. Ltd,Imperial Securities Company Pvt. Ltd.,100,820.0,82000.0,2025-08-25 12:59:14.787678
2025-08-25,33323,2025082504004620,BPCL,Capital Hub P. Ltd,Agrawal Securities (PVT) Ltd.,10,820.0,8200.0,2025-08-25 12:59:14.787701
2025-08-25,33322,2025082504004621,BPCL,Capital Hub P. Ltd,Nabil Stock Dealer Ltd.,100,820.0,82000.0,2025-08-25 12:59:14.787745
2025-08-25,33321,2025082504004622,BPCL,Capital Hub P. Ltd,Dynamic Money Managers Securities Pvt. Ltd.,500,820.0,410000.0,2025-08-25 12:59:14.787816
2025-08-25,33320,2025082504004623,BPCL,Capital Hub P. Ltd,Kalika Securities Pvt. Ltd.,10,820.6,8206.0,2025-08-25 12:59:14.787843
2025-08-25,33319,2025082504004624,BPCL,Capital Hub P. Ltd,Roadshow securities limited,500,821.0,410500.0,2025-08-25 12:59:14.787868
2025-08-25,33318,2025082504004625,BPCL,Capital Hub P. Ltd,Dipshikha Dhitopatra Karobar Co. Pvt Ltd.,50,824.0,41200.0,2025-08-25 12:59:14.787895
2025-08-25,33317,2025082504004626,BPCL,Capital Hub P. Ltd,Agrawal Securities (PVT) Ltd.,95,824.0,78280.0,2025-08-25 12:59:14.787919
2025-08-25,33316,2025082504004627,BPCL,Capital Hub P. Ltd,Sharepro Securities Private Limited,195,824.0,160680.0,2025-08-25 12:59:14.787944
2025-08-25,33297,2025082504004630,BPCL,Midas Stock Broking Company Private Limited,Vision Securities Pvt. Ltd,255,812.0,207060.0,2025-08-25 12:59:19.380104
2025-08-25,33065,2025082504004667,BPCL,Dipshikha Dhitopatra Karobar Co. Pvt Ltd.,Naasa Securities Co. Ltd.,7,796.9,5578.3,2025-08-25 13:00:11.097801
2025-08-25,32999,2025082504004674,BPCL,Dipshikha Dhitopatra Karobar Co. Pvt Ltd.,Prabhu Stock Market Limited,6,799.9,4799.4,2025-08-25 13:00:27.179697
2025-08-25,32956,2025082504004685,BPCL,Dipshikha Dhitopatra Karobar Co. Pvt Ltd.,Oxford Securities Pvt. Ltd.,5,800.0,4000.0,2025-08-25 13:00:38.243538
2025-08-25,32928,2025082504004690,BPCL,Dipshikha Dhitopatra Karobar Co. Pvt Ltd.,Naasa Securities Co. Ltd.,5,800.0,4000.0,2025-08-25 13:00:51.311857
2025-08-25,32886,2025082504004698,BPCL,Property Wiard Limited,N.M.B. SECURITIES LIMITED,100,822.0,82200.0,2025-08-25 13:01:00.552534
2025-08-25,32779,2025082504004715,BPCL,SHUBHAKAMANA SECURITIES PVT. LTD,Dakshinkali Investment & Securities Pvt. Ltd.,500,820.0,410000.0,2025-08-25 13:01:13.158505
2025-08-25,32620,2025082504004766,BPCL,Midas Stock Broking Company Private Limited,Vision Securities Pvt. Ltd,500,820.0,410000.0,2025-08-25 13:01:45.957268
2025-08-25,32599,2025082504004777,BPCL,Midas Stock Broking Company Private Limited,Dakshinkali Investment & Securities Pvt. Ltd.,245,820.0,200900.0,2025-08-25 13:01:54.365508
2025-08-25,32479,2025082504004803,BPCL,SHUBHAKAMANA SECURITIES PVT. LTD,Infinity Securities Limited,300,817.3,245190.0,2025-08-25 13:02:26.182204
2025-08-25,32439,2025082504004808,BPCL,SHUBHAKAMANA SECURITIES PVT. LTD,Agrawal Securities (PVT) Ltd.,200,817.3,163460.0,2025-08-25 13:02:39.717226
2025-08-25,32054,2025082504004881,BPCL,Dipshikha Dhitopatra Karobar Co. Pvt Ltd.,Oxford Securities Pvt. Ltd.,5,802.0,4010.0,2025-08-25 13:04:39.734929
2025-08-25,32039,2025082504004886,BPCL,SHUBHAKAMANA SECURITIES PVT. LTD,Investment Management Nepal Pvt. Ltd.,254,817.2,207568.8,2025-08-25 13:04:46.179510
2025-08-25,31904,2025082504004910,BPCL,SHUBHAKAMANA SECURITIES PVT. LTD,Miyo Securities Pvt Ltd,246,817.2,201031.2,2025-08-25 13:05:09.911272
2025-08-25,31898,2025082504004911,BPCL,Naasa Securities Co. Ltd.,Capital Hub P. Ltd,246,817.2,201031.2,2025-08-25 13:05:11.040270
2025-08-25,31858,2025082504004915,BPCL,Naasa Securities Co. Ltd.,Citizens Share Broker Limited,100,817.2,81720.0,2025-08-25 13:05:23.098363
2025-08-25,30706,2025082504005126,BPCL,Online Securities Pvt. Ltd.,Hatemalo Financial Services Private Limited,61,814.0,49654.0,2025-08-25 13:11:36.189417
2025-08-25,30579,2025082504005137,BPCL,Dipshikha Dhitopatra Karobar Co. Pvt Ltd.,Secured Securities Ltd.,1,800.1,800.1,2025-08-25 13:12:13.999045
2025-08-25,30533,2025082504005148,BPCL,Dipshikha Dhitopatra Karobar Co. Pvt Ltd.,Naasa Securities Co. Ltd.,4,802.0,3208.0,2025-08-25 13:12:27.115509
2025-08-25,29125,2025082504005475,BPCL,Online Securities Pvt. Ltd.,Sumeru Securities Pvt. Ltd.,30,815.0,24450.0,2025-08-25 13:19:03.299471
2025-08-25,29124,2025082504005476,BPCL,Online Securities Pvt. Ltd.,Agrawal Securities (PVT) Ltd.,470,815.0,383050.0,2025-08-25 13:19:03.299913
2025-08-25,28656,2025082504005598,BPCL,R.B.B. Securities Company Ltd,Swarna Laxmi Securities Pvt. Ltd.,250,814.9,203725.0,2025-08-25 13:21:10.278984
2025-08-25,28580,2025082504005615,BPCL,Dipshikha Dhitopatra Karobar Co. Pvt Ltd.,Sundhara Securities Limited,1,800.0,800.0,2025-08-25 13:21:30.313304
2025-08-25,27861,2025082504005795,BPCL,Sri Hari Securities Pvt. Ltd.,Midas Stock Broking Company Private Limited,200,814.5,162900.0,2025-08-25 13:24:57.819508
2025-08-25,27860,2025082504005796,BPCL,Sri Hari Securities Pvt. Ltd.,Swarna Laxmi Securities Pvt. Ltd.,150,814.9,122235.0,2025-08-25 13:24:57.819870
2025-08-25,27859,2025082504005797,BPCL,Sri Hari Securities Pvt. Ltd.,Secured Securities Ltd.,150,814.9,122235.0,2025-08-25 13:24:57.820098
2025-08-25,27217,2025082504005955,BPCL,Imperial Securities Company Pvt. Ltd.,Dynamic Money Managers Securities Pvt. Ltd.,15,812.0,12180.0,2025-08-25 13:27:51.652981
2025-08-25,27216,2025082504005956,BPCL,Midas Stock Broking Company Private Limited,Dynamic Money Managers Securities Pvt. Ltd.,150,810.1,121515.0,2025-08-25 13:27:51.653216
2025-08-25,27215,2025082504005957,BPCL,Sani Securities Company Ltd.,Dynamic Money Managers Securities Pvt. Ltd.,30,810.1,24303.0,2025-08-25 13:27:51.653336
2025-08-25,27214,2025082504005958,BPCL,Sharepro Securities Private Limited,Dynamic Money Managers Securities Pvt. Ltd.,195,810.0,157950.0,2025-08-25 13:27:51.653715
2025-08-25,27130,2025082504005987,BPCL,Vision Securities Pvt. Ltd,Dakshinkali Investment & Securities Pvt. Ltd.,200,807.3,161460.0,2025-08-25 13:28:08.676418
2025-08-25,27129,2025082504005988,BPCL,SUN SECURITIES PVT LTD,Dakshinkali Investment & Securities Pvt. Ltd.,100,807.2,80720.0,2025-08-25 13:28:08.676617
2025-08-25,27128,2025082504005989,BPCL,Midas Stock Broking Company Private Limited,Dakshinkali Investment & Securities Pvt. Ltd.,150,807.1,121065.0,2025-08-25 13:28:08.676689
2025-08-25,27127,2025082504005990,BPCL,Property Wiard Limited,Dakshinkali Investment & Securities Pvt. Ltd.,500,807.0,403500.0,2025-08-25 13:28:08.676765
2025-08-25,27100,2025082504006003,BPCL,Online Securities Pvt. Ltd.,Roadshow securities limited,100,806.0,80600.0,2025-08-25 13:28:15.559478
2025-08-25,27099,2025082504006004,BPCL,Dynamic Money Managers Securities Pvt. Ltd.,Roadshow securities limited,35,805.0,28175.0,2025-08-25 13:28:15.559568
2025-08-25,27098,2025082504006005,BPCL,Naasa Securities Co. Ltd.,Roadshow securities limited,100,805.0,80500.0,2025-08-25 13:28:15.559593
2025-08-25,27097,2025082504006006,BPCL,Sumeru Securities Pvt. Ltd.,Roadshow securities limited,500,803.0,401500.0,2025-08-25 13:28:15.559620
2025-08-25,27096,2025082504006007,BPCL,SUN SECURITIES PVT LTD,Roadshow securities limited,30,803.0,24090.0,2025-08-25 13:28:15.559648
2025-08-25,27095,2025082504006008,BPCL,K.B.L. Securities Limited ,Roadshow securities limited,235,802.6,188611.0,2025-08-25 13:28:15.559669
2025-08-25,27089,2025082504006009,BPCL,Dipshikha Dhitopatra Karobar Co. Pvt Ltd.,Citizens Share Broker Limited,9,794.0,7146.0,2025-08-25 13:28:17.129769
2025-08-25,27061,2025082504006018,BPCL,Dipshikha Dhitopatra Karobar Co. Pvt Ltd.,Aryatara Investment & Securities,6,795.0,4770.0,2025-08-25 13:28:28.220885
2025-08-25,27043,2025082504006021,BPCL,K.B.L. Securities Limited ,Roadshow securities limited,500,802.6,401300.0,2025-08-25 13:28:30.595349
2025-08-25,27004,2025082504006031,BPCL,SUN SECURITIES PVT LTD,Roadshow securities limited,500,802.7,401350.0,2025-08-25 13:28:50.639956
2025-08-25,26954,2025082504006042,BPCL,SUN SECURITIES PVT LTD,Roadshow securities limited,500,802.7,401350.0,2025-08-25 13:29:08.684069
2025-08-25,26953,2025082504006043,BPCL,K.B.L. Securities Limited ,Roadshow securities limited,265,802.6,212689.0,2025-08-25 13:29:08.684289
2025-08-25,26952,2025082504006044,BPCL,Property Wiard Limited,Roadshow securities limited,235,802.1,188493.5,2025-08-25 13:29:08.684380
2025-08-25,26552,2025082504006149,BPCL,Swarna Laxmi Securities Pvt. Ltd.,Dakshinkali Investment & Securities Pvt. Ltd.,50,807.0,40350.0,2025-08-25 13:31:16.425866
2025-08-25,26187,2025082504006206,BPCL,Online Securities Pvt. Ltd.,Sri Hari Securities Pvt. Ltd.,500,809.9,404950.0,2025-08-25 13:33:27.450582
2025-08-25,26076,2025082504006232,BPCL,Swarna Laxmi Securities Pvt. Ltd.,Sri Hari Securities Pvt. Ltd.,15,809.9,12148.5,2025-08-25 13:34:00.034458
2025-08-25,25087,2025082504006424,BPCL,Sani Securities Company Ltd.,Sri Hari Securities Pvt. Ltd.,485,809.9,392801.5,2025-08-25 13:39:12.593864
2025-08-25,25086,2025082504006425,BPCL,Sani Securities Company Ltd.,Agrawal Securities (PVT) Ltd.,15,809.9,12148.5,2025-08-25 13:39:12.594103
2025-08-25,24922,2025082504006448,BPCL,N.I.M.B. Stock Markets Limited,Agrawal Securities (PVT) Ltd.,985,809.9,797751.5,2025-08-25 13:39:48.186683
2025-08-25,24921,2025082504006449,BPCL,N.I.M.B. Stock Markets Limited,Naasa Securities Co. Ltd.,15,810.0,12150.0,2025-08-25 13:39:48.186900
2025-08-25,24797,2025082504006462,BPCL,Sani Securities Company Ltd.,Naasa Securities Co. Ltd.,43,810.0,34830.0,2025-08-25 13:40:09.089728
2025-08-25,24439,2025082504006540,BPCL,Sani Securities Company Ltd.,SUN SECURITIES PVT LTD,100,813.9,81390.0,2025-08-25 13:41:54.948184
2025-08-25,24438,2025082504006541,BPCL,Sani Securities Company Ltd.,Naasa Securities Co. Ltd.,400,814.0,325600.0,2025-08-25 13:41:54.948570
2025-08-25,24430,2025082504006542,BPCL,Trisul Securities & Invt. Ltd.,Naasa Securities Co. Ltd.,100,814.0,81400.0,2025-08-25 13:41:55.545469
2025-08-25,24429,2025082504006543,BPCL,Trisul Securities & Invt. Ltd.,Secured Securities Ltd.,541,814.9,440860.9,2025-08-25 13:41:55.545524
2025-08-25,24428,2025082504006544,BPCL,Trisul Securities & Invt. Ltd.,Naasa Securities Co. Ltd.,10,815.0,8150.0,2025-08-25 13:41:55.545557
2025-08-25,24427,2025082504006545,BPCL,Trisul Securities & Invt. Ltd.,S.P.S.A. Securities Limited,249,815.0,202935.0,2025-08-25 13:41:55.545586
2025-08-25,24320,2025082504006563,BPCL,Trisul Securities & Invt. Ltd.,S.P.S.A. Securities Limited,50,815.0,40750.0,2025-08-25 13:42:08.588454
2025-08-25,24303,2025082504006566,BPCL,R.B.B. Securities Company Ltd,Aakashbhairab Securities Ltd.,50,815.0,40750.0,2025-08-25 13:42:14.362216
2025-08-25,24302,2025082504006567,BPCL,R.B.B. Securities Company Ltd,Midas Stock Broking Company Private Limited,100,815.0,81500.0,2025-08-25 13:42:14.362452
2025-08-25,24301,2025082504006568,BPCL,R.B.B. Securities Company Ltd,Imperial Securities Company Pvt. Ltd.,100,815.0,81500.0,2025-08-25 13:42:14.362536
2025-08-25,24261,2025082504006575,BPCL,Thrive Brokerage House Pvt. Ltd,Imperial Securities Company Pvt. Ltd.,700,815.0,570500.0,2025-08-25 13:42:21.792458
2025-08-25,24033,2025082504006641,BPCL,Kalika Securities Pvt. Ltd.,Agrawal Securities (PVT) Ltd.,120,816.0,97920.0,2025-08-25 13:43:25.117155
2025-08-25,23972,2025082504006659,BPCL,Premier Securities Company Ltd.,Agrawal Securities (PVT) Ltd.,130,816.0,106080.0,2025-08-25 13:43:39.343141
2025-08-25,23971,2025082504006660,BPCL,Premier Securities Company Ltd.,Imperial Securities Company Pvt. Ltd.,70,816.0,57120.0,2025-08-25 13:43:39.343208
2025-08-25,23933,2025082504006682,BPCL,ABC Securities Private Limited,Imperial Securities Company Pvt. Ltd.,21,816.0,17136.0,2025-08-25 13:43:48.841863
2025-08-25,23879,2025082504006700,BPCL,Online Securities Pvt. Ltd.,Imperial Securities Company Pvt. Ltd.,44,816.0,35904.0,2025-08-25 13:44:06.876643
2025-08-25,23878,2025082504006701,BPCL,Online Securities Pvt. Ltd.,SUN SECURITIES PVT LTD,50,816.4,40820.0,2025-08-25 13:44:06.876863
2025-08-25,23877,2025082504006702,BPCL,Online Securities Pvt. Ltd.,K.B.L. Securities Limited ,500,816.9,408450.0,2025-08-25 13:44:06.876973
2025-08-25,23876,2025082504006703,BPCL,Online Securities Pvt. Ltd.,Dakshinkali Investment & Securities Pvt. Ltd.,406,817.0,331702.0,2025-08-25 13:44:06.877063
2025-08-25,23795,2025082504006714,BPCL,Vision Securities Pvt. Ltd,Dakshinkali Investment & Securities Pvt. Ltd.,349,817.0,285133.0,2025-08-25 13:44:30.339794
2025-08-25,23794,2025082504006715,BPCL,Vision Securities Pvt. Ltd,South Asian Bulls Pvt. Ltd.,20,817.0,16340.0,2025-08-25 13:44:30.340358
2025-08-25,23691,2025082504006751,BPCL,Vision Securities Pvt. Ltd,Malla & Malla Stock Broking Company Pvt. Limited,131,817.0,107027.0,2025-08-25 13:44:57.334623
2025-08-25,23600,2025082504006771,BPCL,Vision Securities Pvt. Ltd,Malla & Malla Stock Broking Company Pvt. Limited,500,817.0,408500.0,2025-08-25 13:45:30.523968
2025-08-25,23407,2025082504006817,BPCL,K.B.L. Securities Limited ,Nepal Stock House (PVT) Ltd.,50,817.0,40850.0,2025-08-25 13:46:30.989008
2025-08-25,23406,2025082504006818,BPCL,K.B.L. Securities Limited ,Agrawal Securities (PVT) Ltd.,950,817.0,776150.0,2025-08-25 13:46:30.989216
2025-08-25,23118,2025082504006900,BPCL,Thrive Brokerage House Pvt. Ltd,Agrawal Securities (PVT) Ltd.,50,817.0,40850.0,2025-08-25 13:48:01.041172
2025-08-25,23117,2025082504006901,BPCL,Thrive Brokerage House Pvt. Ltd,Agrawal Securities (PVT) Ltd.,250,817.0,204250.0,2025-08-25 13:48:01.041393
2025-08-25,23096,2025082504006904,BPCL,Magnet Securities and Investment Company Private Limited,Oxford Securities Pvt. Ltd.,5,808.0,4040.0,2025-08-25 13:48:03.150672
2025-08-25,23024,2025082504006932,BPCL,Imperial Securities Company Pvt. Ltd.,Agrawal Securities (PVT) Ltd.,30,817.2,24516.0,2025-08-25 13:48:23.282636
2025-08-25,22994,2025082504006943,BPCL,Magnet Securities and Investment Company Private Limited,Agrawal Securities (PVT) Ltd.,4,810.0,3240.0,2025-08-25 13:48:31.232793
2025-08-25,22942,2025082504006961,BPCL,Magnet Securities and Investment Company Private Limited,Sumeru Securities Pvt. Ltd.,4,810.0,3240.0,2025-08-25 13:48:46.275213
2025-08-25,22522,2025082504007101,BPCL,Trishakti Securities Public Limited,Linch Stock Market Ltd.,21,816.0,17136.0,2025-08-25 13:50:31.784182
2025-08-25,22251,2025082504007189,BPCL,Trishakti Securities Public Limited,Miyo Securities Pvt Ltd,179,816.0,146064.0,2025-08-25 13:51:34.038843
2025-08-25,22250,2025082504007190,BPCL,Sani Securities Company Ltd.,Miyo Securities Pvt Ltd,57,816.0,46512.0,2025-08-25 13:51:34.039094
2025-08-25,21691,2025082504007311,BPCL,Property Wiard Limited,Capital Hub P. Ltd,500,815.0,407500.0,2025-08-25 13:54:06.946633
2025-08-25,21690,2025082504007312,BPCL,Online Securities Pvt. Ltd.,Capital Hub P. Ltd,10,815.0,8150.0,2025-08-25 13:54:06.946687
2025-08-25,21689,2025082504007313,BPCL,Naasa Securities Co. Ltd.,Capital Hub P. Ltd,500,812.7,406350.0,2025-08-25 13:54:06.946753
2025-08-25,21688,2025082504007314,BPCL,K.B.L. Securities Limited ,Capital Hub P. Ltd,2000,812.7,1625400.0,2025-08-25 13:54:06.946775
2025-08-25,21687,2025082504007315,BPCL,Nagarik Stock Dealer ,Capital Hub P. Ltd,1990,812.5,1616875.0,2025-08-25 13:54:06.946801
2025-08-25,21586,2025082504007324,BPCL,Premier Securities Company Ltd.,Creative Securities Pvt Ltd,10,816.0,8160.0,2025-08-25 13:54:19.233518
2025-08-25,21361,2025082504007370,BPCL,Nagarik Stock Dealer ,Aakashbhairab Securities Ltd.,510,812.5,414375.0,2025-08-25 13:55:19.454010
2025-08-25,21360,2025082504007371,BPCL,Property Wiard Limited,Aakashbhairab Securities Ltd.,490,812.0,397880.0,2025-08-25 13:55:19.454240
2025-08-25,21268,2025082504007387,BPCL,Property Wiard Limited,Sri Hari Securities Pvt. Ltd.,200,812.0,162400.0,2025-08-25 13:55:42.125135
2025-08-25,21067,2025082504007439,BPCL,Sri Hari Securities Pvt. Ltd.,Imperial Securities Company Pvt. Ltd.,51,814.0,41514.0,2025-08-25 13:56:50.528249
2025-08-25,20878,2025082504007487,BPCL,Sweta Securities Private Limited,Hatemalo Financial Services Private Limited,100,813.0,81300.0,2025-08-25 13:57:30.181068
2025-08-25,20518,2025082504007567,BPCL,Deevyaa Securities & Stock House Pvt. Ltd,Imperial Securities Company Pvt. Ltd.,49,812.1,39792.9,2025-08-25 13:59:00.451393
2025-08-25,19947,2025082504007699,BPCL,Deevyaa Securities & Stock House Pvt. Ltd,Miyo Securities Pvt Ltd,151,812.1,122627.1,2025-08-25 14:01:09.271984
2025-08-25,19938,2025082504007704,BPCL,Naasa Securities Co. Ltd.,Miyo Securities Pvt Ltd,67,812.1,54410.7,2025-08-25 14:01:12.082469
2025-08-25,19937,2025082504007705,BPCL,Naasa Securities Co. Ltd.,Agrawal Securities (PVT) Ltd.,300,812.9,243870.0,2025-08-25 14:01:12.082502
2025-08-25,19936,2025082504007706,BPCL,Naasa Securities Co. Ltd.,Vision Securities Pvt. Ltd,100,813.0,81300.0,2025-08-25 14:01:12.082529
2025-08-25,19935,2025082504007707,BPCL,Naasa Securities Co. Ltd.,Agrawal Securities (PVT) Ltd.,1000,813.0,813000.0,2025-08-25 14:01:12.082555
2025-08-25,19934,2025082504007708,BPCL,Naasa Securities Co. Ltd.,Sumeru Securities Pvt. Ltd.,500,813.0,406500.0,2025-08-25 14:01:12.082576
2025-08-25,19933,2025082504007709,BPCL,Naasa Securities Co. Ltd.,Agrawal Securities (PVT) Ltd.,33,813.9,26858.7,2025-08-25 14:01:12.082600
2025-08-25,19306,2025082504007869,BPCL,Online Securities Pvt. Ltd.,Vision Securities Pvt. Ltd,73,813.6,59392.8,2025-08-25 14:04:00.027629
2025-08-25,19274,2025082504007879,BPCL,Naasa Securities Co. Ltd.,Kohinoor Investment & Securities Pvt. Ltd.,4,817.2,3268.8,2025-08-25 14:04:14.020592
2025-08-25,18616,2025082504008068,BPCL,Naasa Securities Co. Ltd.,Vision Securities Pvt. Ltd,1287,813.4,1046845.8,2025-08-25 14:06:30.971674
2025-08-25,18615,2025082504008069,BPCL,Naasa Securities Co. Ltd.,Imperial Securities Company Pvt. Ltd.,500,813.5,406750.0,2025-08-25 14:06:30.971735
2025-08-25,18614,2025082504008070,BPCL,Naasa Securities Co. Ltd.,Vision Securities Pvt. Ltd,87,813.6,70783.2,2025-08-25 14:06:30.971759
2025-08-25,18613,2025082504008071,BPCL,Naasa Securities Co. Ltd.,Secured Securities Ltd.,126,813.6,102513.6,2025-08-25 14:06:30.971780
2025-08-25,18268,2025082504008129,BPCL,Property Wiard Limited,K.B.L. Securities Limited ,75,812.0,60900.0,2025-08-25 14:07:40.140184
2025-08-25,18267,2025082504008130,BPCL,Deevyaa Securities & Stock House Pvt. Ltd,K.B.L. Securities Limited ,200,810.5,162100.0,2025-08-25 14:07:40.140257
2025-08-25,18266,2025082504008131,BPCL,Sipla Securities Private Limited,K.B.L. Securities Limited ,55,810.2,44561.0,2025-08-25 14:07:40.140285
2025-08-25,18185,2025082504008144,BPCL,Asian Securities Private Ltd.,N.I.M.B. Stock Markets Limited,10,812.0,8120.0,2025-08-25 14:08:03.051882
2025-08-25,18098,2025082504008159,BPCL,Sipla Securities Private Limited,N.I.M.B. Stock Markets Limited,65,812.0,52780.0,2025-08-25 14:08:21.347472
2025-08-25,18097,2025082504008160,BPCL,Sipla Securities Private Limited,Citizens Share Broker Limited,100,812.0,81200.0,2025-08-25 14:08:21.347864
2025-08-25,17930,2025082504008194,BPCL,Sipla Securities Private Limited,Dipshikha Dhitopatra Karobar Co. Pvt Ltd.,270,811.1,218997.0,2025-08-25 14:08:53.022530
2025-08-25,17878,2025082504008201,BPCL,Sipla Securities Private Limited,Sani Securities Company Ltd.,100,811.1,81110.0,2025-08-25 14:09:01.879365
2025-08-25,17733,2025082504008238,BPCL,Sipla Securities Private Limited,Sundhara Securities Limited,100,811.1,81110.0,2025-08-25 14:09:33.804352
2025-08-25,17411,2025082504008288,BPCL,Kumari Securities Private Limited,Infinity Securities Limited,30,813.0,24390.0,2025-08-25 14:10:59.877420
2025-08-25,16880,2025082504008412,BPCL,Imperial Securities Company Pvt. Ltd.,Deevyaa Securities & Stock House Pvt. Ltd,11,811.0,8921.0,2025-08-25 14:13:35.675025
2025-08-25,16830,2025082504008428,BPCL,Sipla Securities Private Limited,N.I.M.B. Stock Markets Limited,310,811.1,251441.0,2025-08-25 14:13:55.201946
2025-08-25,16829,2025082504008429,BPCL,Imperial Securities Company Pvt. Ltd.,N.I.M.B. Stock Markets Limited,145,811.0,117595.0,2025-08-25 14:13:55.202194
2025-08-25,16608,2025082504008476,BPCL,Linch Stock Market Ltd.,Infinity Securities Limited,120,813.0,97560.0,2025-08-25 14:15:04.936012
2025-08-25,16607,2025082504008477,BPCL,Linch Stock Market Ltd.,Secured Securities Ltd.,374,813.6,304286.4,2025-08-25 14:15:04.936441
2025-08-25,16606,2025082504008478,BPCL,Linch Stock Market Ltd.,Creative Securities Pvt Ltd,10,816.0,8160.0,2025-08-25 14:15:04.936719
2025-08-25,16605,2025082504008479,BPCL,Linch Stock Market Ltd.,ABC Securities Private Limited,10,816.0,8160.0,2025-08-25 14:15:04.936979
2025-08-25,16604,2025082504008480,BPCL,Linch Stock Market Ltd.,Capital Max Securities Ltd,300,816.0,244800.0,2025-08-25 14:15:04.937231
2025-08-25,16603,2025082504008481,BPCL,Linch Stock Market Ltd.,Secured Securities Ltd.,186,816.0,151776.0,2025-08-25 14:15:04.937474
2025-08-25,16305,2025082504008552,BPCL,Midas Stock Broking Company Private Limited,Aryatara Investment & Securities,30,812.0,24360.0,2025-08-25 14:16:30.876981
2025-08-25,15833,2025082504008658,BPCL,SHUBHAKAMANA SECURITIES PVT. LTD,N.I.M.B. Stock Markets Limited,200,813.0,162600.0,2025-08-25 14:18:28.700570
2025-08-25,15832,2025082504008659,BPCL,Midas Stock Broking Company Private Limited,N.I.M.B. Stock Markets Limited,120,813.0,97560.0,2025-08-25 14:18:28.700992
2025-08-25,15613,2025082504008684,BPCL,Online Securities Pvt. Ltd.,Indira securities pvt. ltd,50,813.0,40650.0,2025-08-25 14:19:11.823811
2025-08-25,15208,2025082504008757,BPCL,Dipshikha Dhitopatra Karobar Co. Pvt Ltd.,Naasa Securities Co. Ltd.,100,812.2,81220.0,2025-08-25 14:20:23.617963
2025-08-25,15207,2025082504008758,BPCL,Sipla Securities Private Limited,Naasa Securities Co. Ltd.,900,811.7,730530.0,2025-08-25 14:20:23.618026
2025-08-25,15125,2025082504008786,BPCL,Sri Hari Securities Pvt. Ltd.,N.I.M.B. Stock Markets Limited,90,812.0,73080.0,2025-08-25 14:20:50.922969
2025-08-25,15124,2025082504008787,BPCL,Sipla Securities Private Limited,N.I.M.B. Stock Markets Limited,10,811.7,8117.0,2025-08-25 14:20:50.923214
2025-08-25,14659,2025082504008864,BPCL,Sipla Securities Private Limited,SHUBHAKAMANA SECURITIES PVT. LTD,90,811.7,73053.0,2025-08-25 14:22:26.279636
2025-08-25,14658,2025082504008865,BPCL,SUN SECURITIES PVT LTD,SHUBHAKAMANA SECURITIES PVT. LTD,200,811.6,162320.0,2025-08-25 14:22:26.279765
2025-08-25,14657,2025082504008866,BPCL,Imperial Securities Company Pvt. Ltd.,SHUBHAKAMANA SECURITIES PVT. LTD,209,811.5,169603.5,2025-08-25 14:22:26.279850
2025-08-25,14296,2025082504008939,BPCL,Kohinoor Investment & Securities Pvt. Ltd.,S.P.S.A. Securities Limited,50,814.0,40700.0,2025-08-25 14:23:58.902687
2025-08-25,14263,2025082504008945,BPCL,N.M.B. SECURITIES LIMITED,Dipshikha Dhitopatra Karobar Co. Pvt Ltd.,100,812.0,81200.0,2025-08-25 14:24:03.493995
2025-08-25,13924,2025082504009016,BPCL,N.M.B. SECURITIES LIMITED,SUN SECURITIES PVT LTD,30,812.2,24366.0,2025-08-25 14:25:15.229160
2025-08-25,13713,2025082504009049,BPCL,Trishakti Securities Public Limited,Premier Securities Company Ltd.,1000,815.0,815000.0,2025-08-25 14:26:19.526449
2025-08-25,13712,2025082504009050,BPCL,Trishakti Securities Public Limited,Secured Securities Ltd.,114,816.0,93024.0,2025-08-25 14:26:19.526751
2025-08-25,13711,2025082504009051,BPCL,Trishakti Securities Public Limited,SUN SECURITIES PVT LTD,100,816.0,81600.0,2025-08-25 14:26:19.526844
2025-08-25,13710,2025082504009052,BPCL,Trishakti Securities Public Limited,Aryatara Investment & Securities,47,816.9,38394.3,2025-08-25 14:26:19.526924
2025-08-25,13709,2025082504009053,BPCL,Trishakti Securities Public Limited,Dakshinkali Investment & Securities Pvt. Ltd.,1000,817.0,817000.0,2025-08-25 14:26:19.527035
2025-08-25,13708,2025082504009054,BPCL,Trishakti Securities Public Limited,Shree Krishna Securities Ltd.,239,817.0,195263.0,2025-08-25 14:26:19.527153
2025-08-25,13160,2025082504009231,BPCL,Dipshikha Dhitopatra Karobar Co. Pvt Ltd.,Miyo Securities Pvt Ltd,100,818.0,81800.0,2025-08-25 14:28:25.644119
2025-08-25,13126,2025082504009232,BPCL,Property Wiard Limited,Miyo Securities Pvt Ltd,10,818.0,8180.0,2025-08-25 14:28:30.505997
2025-08-25,13125,2025082504009233,BPCL,Property Wiard Limited,Kohinoor Investment & Securities Pvt. Ltd.,105,818.0,85890.0,2025-08-25 14:28:30.506226
2025-08-25,13124,2025082504009234,BPCL,Property Wiard Limited,SUN SECURITIES PVT LTD,100,818.8,81880.0,2025-08-25 14:28:30.506308
2025-08-25,13123,2025082504009235,BPCL,Property Wiard Limited,Dynamic Money Managers Securities Pvt. Ltd.,1000,819.0,819000.0,2025-08-25 14:28:30.506392
2025-08-25,13122,2025082504009236,BPCL,Property Wiard Limited,Sani Securities Company Ltd.,500,820.0,410000.0,2025-08-25 14:28:30.506469
2025-08-25,13121,2025082504009237,BPCL,Property Wiard Limited,SUN SECURITIES PVT LTD,20,820.0,16400.0,2025-08-25 14:28:30.506542
2025-08-25,13120,2025082504009238,BPCL,Property Wiard Limited,Shree Krishna Securities Ltd.,761,820.0,624020.0,2025-08-25 14:28:30.506615
2025-08-25,13045,2025082504009264,BPCL,Dipshikha Dhitopatra Karobar Co. Pvt Ltd.,Nepal Stock House (PVT) Ltd.,50,818.0,40900.0,2025-08-25 14:28:44.775310
2025-08-25,13006,2025082504009271,BPCL,Trishakti Securities Public Limited,SUN SECURITIES PVT LTD,10,821.7,8217.0,2025-08-25 14:28:54.380463
2025-08-25,12893,2025082504009286,BPCL,Dipshikha Dhitopatra Karobar Co. Pvt Ltd.,Opal Securities Investment (PVT) Ltd.,2,810.0,1620.0,2025-08-25 14:29:10.933829
2025-08-25,12803,2025082504009312,BPCL,Dipshikha Dhitopatra Karobar Co. Pvt Ltd.,Kalika Securities Pvt. Ltd.,2,812.0,1624.0,2025-08-25 14:29:24.307429
2025-08-25,12745,2025082504009325,BPCL,Dipshikha Dhitopatra Karobar Co. Pvt Ltd.,Sani Securities Company Ltd.,4,812.0,3248.0,2025-08-25 14:29:38.403268
2025-08-25,12697,2025082504009332,BPCL,Dipshikha Dhitopatra Karobar Co. Pvt Ltd.,Investment Management Nepal Pvt. Ltd.,7,814.0,5698.0,2025-08-25 14:29:53.511486
2025-08-25,12150,2025082504009481,BPCL,K.B.L. Securities Limited ,Dakshinkali Investment & Securities Pvt. Ltd.,60,820.0,49200.0,2025-08-25 14:31:49.470654
2025-08-25,12054,2025082504009496,BPCL,Sumeru Securities Pvt. Ltd.,Dakshinkali Investment & Securities Pvt. Ltd.,940,820.0,770800.0,2025-08-25 14:32:10.359046
2025-08-25,12053,2025082504009497,BPCL,Sumeru Securities Pvt. Ltd.,N.I.M.B. Stock Markets Limited,60,820.0,49200.0,2025-08-25 14:32:10.359263
2025-08-25,11952,2025082504009505,BPCL,Midas Stock Broking Company Private Limited,N.I.M.B. Stock Markets Limited,32,820.0,26240.0,2025-08-25 14:32:26.575975
2025-08-25,11595,2025082504009583,BPCL,Midas Stock Broking Company Private Limited,Trishakti Securities Public Limited,50,817.0,40850.0,2025-08-25 14:33:47.225770
2025-08-25,11450,2025082504009617,BPCL,Deevyaa Securities & Stock House Pvt. Ltd,Roadshow securities limited,300,817.1,245130.0,2025-08-25 14:34:12.174960
2025-08-25,11374,2025082504009626,BPCL,Midas Stock Broking Company Private Limited,Property Wiard Limited,100,817.0,81700.0,2025-08-25 14:34:26.452875
2025-08-25,11373,2025082504009627,BPCL,SUN SECURITIES PVT LTD,Property Wiard Limited,1000,816.5,816500.0,2025-08-25 14:34:26.453050
2025-08-25,11372,2025082504009628,BPCL,Naasa Securities Co. Ltd.,Property Wiard Limited,45,816.4,36738.0,2025-08-25 14:34:26.453130
2025-08-25,11371,2025082504009629,BPCL,Sumeru Securities Pvt. Ltd.,Property Wiard Limited,1000,816.4,816400.0,2025-08-25 14:34:26.453205
2025-08-25,11370,2025082504009630,BPCL,Dipshikha Dhitopatra Karobar Co. Pvt Ltd.,Property Wiard Limited,100,816.2,81620.0,2025-08-25 14:34:26.453280
2025-08-25,11369,2025082504009631,BPCL,Imperial Securities Company Pvt. Ltd.,Property Wiard Limited,255,816.0,208080.0,2025-08-25 14:34:26.453363
2025-08-25,11350,2025082504009636,BPCL,Imperial Securities Company Pvt. Ltd.,Agrawal Securities (PVT) Ltd.,1245,816.0,1015920.0,2025-08-25 14:34:32.601473
2025-08-25,11349,2025082504009637,BPCL,Sunrise Securities Limited,Agrawal Securities (PVT) Ltd.,3755,815.0,3060325.0,2025-08-25 14:34:32.601562
2025-08-25,11345,2025082504009638,BPCL,Dipshikha Dhitopatra Karobar Co. Pvt Ltd.,S.P.S.A. Securities Limited,1,815.0,815.0,2025-08-25 14:34:33.314685
2025-08-25,11150,2025082504009672,BPCL,Secured Securities Ltd.,Capital Max Securities Ltd,300,814.0,244200.0,2025-08-25 14:35:11.628004
2025-08-25,11149,2025082504009673,BPCL,Sunrise Securities Limited,Capital Max Securities Ltd,200,813.0,162600.0,2025-08-25 14:35:11.628108
2025-08-25,10636,2025082504009760,BPCL,Naasa Securities Co. Ltd.,Malla & Malla Stock Broking Company Pvt. Limited,10,816.0,8160.0,2025-08-25 14:37:10.823369
2025-08-25,10556,2025082504009788,BPCL,Online Securities Pvt. Ltd.,Malla & Malla Stock Broking Company Pvt. Limited,290,816.0,236640.0,2025-08-25 14:37:25.922825
2025-08-25,10478,2025082504009821,BPCL,Online Securities Pvt. Ltd.,Malla & Malla Stock Broking Company Pvt. Limited,210,816.0,171360.0,2025-08-25 14:37:38.414075
2025-08-25,10477,2025082504009822,BPCL,Online Securities Pvt. Ltd.,Malla & Malla Stock Broking Company Pvt. Limited,500,816.0,408000.0,2025-08-25 14:37:38.414478
2025-08-25,10476,2025082504009823,BPCL,Sunrise Securities Limited,Malla & Malla Stock Broking Company Pvt. Limited,1790,815.0,1458850.0,2025-08-25 14:37:38.414718
2025-08-25,10433,2025082504009827,BPCL,Online Securities Pvt. Ltd.,Sweta Securities Private Limited,15,816.0,12240.0,2025-08-25 14:37:47.488607
2025-08-25,10387,2025082504009837,BPCL,Online Securities Pvt. Ltd.,Malla & Malla Stock Broking Company Pvt. Limited,485,816.0,395760.0,2025-08-25 14:37:54.502972
2025-08-25,10386,2025082504009838,BPCL,Kalika Securities Pvt. Ltd.,Malla & Malla Stock Broking Company Pvt. Limited,50,815.1,40755.0,2025-08-25 14:37:54.503250
2025-08-25,10385,2025082504009839,BPCL,Sunrise Securities Limited,Malla & Malla Stock Broking Company Pvt. Limited,620,815.0,505300.0,2025-08-25 14:37:54.503340
2025-08-25,10298,2025082504009881,BPCL,Sumeru Securities Pvt. Ltd.,Nepal Investment And Securities Trading Private Limited,46,816.0,37536.0,2025-08-25 14:38:02.780425
2025-08-25,10297,2025082504009882,BPCL,Sumeru Securities Pvt. Ltd.,N.I.M.B. Stock Markets Limited,304,818.0,248672.0,2025-08-25 14:38:02.780794
2025-08-25,10150,2025082504009924,BPCL,Naasa Securities Co. Ltd.,Agrawal Securities (PVT) Ltd.,150,815.3,122295.0,2025-08-25 14:38:33.465155
2025-08-25,9832,2025082504009980,BPCL,Sumeru Securities Pvt. Ltd.,South Asian Bulls Pvt. Ltd.,150,817.0,122550.0,2025-08-25 14:39:54.287912
2025-08-25,8952,2025082504010224,BPCL,Naasa Securities Co. Ltd.,Dynamic Money Managers Securities Pvt. Ltd.,115,815.5,93782.5,2025-08-25 14:42:58.539768
2025-08-25,8951,2025082504010225,BPCL,Online Securities Pvt. Ltd.,Dynamic Money Managers Securities Pvt. Ltd.,500,815.4,407700.0,2025-08-25 14:42:58.539979
2025-08-25,8950,2025082504010226,BPCL,Midas Stock Broking Company Private Limited,Dynamic Money Managers Securities Pvt. Ltd.,500,815.3,407650.0,2025-08-25 14:42:58.540061
2025-08-25,8949,2025082504010227,BPCL,Sunrise Securities Limited,Dynamic Money Managers Securities Pvt. Ltd.,441,815.0,359415.0,2025-08-25 14:42:58.540142
2025-08-25,8707,2025082504010281,BPCL,Sumeru Securities Pvt. Ltd.,South Asian Bulls Pvt. Ltd.,20,816.9,16338.0,2025-08-25 14:43:56.498381
2025-08-25,8595,2025082504010322,BPCL,Sumeru Securities Pvt. Ltd.,Sumeru Securities Pvt. Ltd.,17,816.9,13887.3,2025-08-25 14:44:20.610655
2025-08-25,8521,2025082504010351,BPCL,Sunrise Securities Limited,Sumeru Securities Pvt. Ltd.,94,815.0,76610.0,2025-08-25 14:44:28.674411
2025-08-25,8520,2025082504010352,BPCL,Himalayan Brokerage Company Limited,Sumeru Securities Pvt. Ltd.,19,813.3,15452.7,2025-08-25 14:44:28.674810
2025-08-25,7583,2025082504010580,BPCL,Trishakti Securities Public Limited,Neev Securities Pvt. Ltd.,78,815.0,63570.0,2025-08-25 14:46:50.014072
2025-08-25,7582,2025082504010581,BPCL,Trishakti Securities Public Limited,SUN SECURITIES PVT LTD,1000,816.8,816800.0,2025-08-25 14:46:50.014290
2025-08-25,7581,2025082504010582,BPCL,Trishakti Securities Public Limited,N.I.M.B. Stock Markets Limited,604,816.9,493407.6,2025-08-25 14:46:50.014379
2025-08-25,7580,2025082504010583,BPCL,Trishakti Securities Public Limited,South Asian Bulls Pvt. Ltd.,850,817.0,694450.0,2025-08-25 14:46:50.014468
2025-08-25,7579,2025082504010584,BPCL,Trishakti Securities Public Limited,Midas Stock Broking Company Private Limited,500,818.0,409000.0,2025-08-25 14:46:50.014560
2025-08-25,7578,2025082504010585,BPCL,Trishakti Securities Public Limited,Imperial Securities Company Pvt. Ltd.,765,818.0,625770.0,2025-08-25 14:46:50.014637
2025-08-25,7577,2025082504010586,BPCL,Trishakti Securities Public Limited,SUN SECURITIES PVT LTD,180,818.9,147402.0,2025-08-25 14:46:50.014716
2025-08-25,7576,2025082504010587,BPCL,Trishakti Securities Public Limited,Dakshinkali Investment & Securities Pvt. Ltd.,1000,819.0,819000.0,2025-08-25 14:46:50.014806
2025-08-25,7575,2025082504010588,BPCL,Trishakti Securities Public Limited,SUN SECURITIES PVT LTD,100,819.4,81940.0,2025-08-25 14:46:50.014930
2025-08-25,7574,2025082504010589,BPCL,Trishakti Securities Public Limited,Midas Stock Broking Company Private Limited,1000,819.5,819500.0,2025-08-25 14:46:50.015016
2025-08-25,7573,2025082504010590,BPCL,Trishakti Securities Public Limited,SUN SECURITIES PVT LTD,100,819.9,81990.0,2025-08-25 14:46:50.015098
2025-08-25,7572,2025082504010591,BPCL,Trishakti Securities Public Limited,Agrawal Securities (PVT) Ltd.,700,819.9,573930.0,2025-08-25 14:46:50.015179
2025-08-25,7571,2025082504010592,BPCL,Trishakti Securities Public Limited,Market Securities & Exchange (PVT) Ltd.,100,820.0,82000.0,2025-08-25 14:46:50.015259
2025-08-25,7570,2025082504010593,BPCL,Trishakti Securities Public Limited,Naasa Securities Co. Ltd.,500,820.0,410000.0,2025-08-25 14:46:50.015341
2025-08-25,5831,2025082504011045,BPCL,Trishakti Securities Public Limited,Sewa Securities Pvt. Ltd.,219,818.0,179142.0,2025-08-25 14:51:10.953846
2025-08-25,5830,2025082504011046,BPCL,Trishakti Securities Public Limited,SUN SECURITIES PVT LTD,500,819.9,409950.0,2025-08-25 14:51:10.954270
2025-08-25,5829,2025082504011047,BPCL,Trishakti Securities Public Limited,Dakshinkali Investment & Securities Pvt. Ltd.,1000,820.0,820000.0,2025-08-25 14:51:10.954652
2025-08-25,5828,2025082504011048,BPCL,Trishakti Securities Public Limited,Prabhu Stock Market Limited,150,820.0,123000.0,2025-08-25 14:51:10.954980
2025-08-25,5827,2025082504011049,BPCL,Trishakti Securities Public Limited,Sumeru Securities Pvt. Ltd.,400,820.0,328000.0,2025-08-25 14:51:10.955305
2025-08-25,5806,2025082504011052,BPCL,Trishakti Securities Public Limited,Sri Hari Securities Pvt. Ltd.,254,820.0,208280.0,2025-08-25 14:51:14.515881
2025-08-25,5344,2025082504011157,BPCL,K.B.L. Securities Limited ,Sri Hari Securities Pvt. Ltd.,46,816.0,37536.0,2025-08-25 14:52:35.230873
2025-08-25,4824,2025082504011281,BPCL,K.B.L. Securities Limited ,Indira securities pvt. ltd,900,816.3,734670.0,2025-08-25 14:53:45.470384
2025-08-25,4226,2025082504011431,BPCL,Vision Securities Pvt. Ltd,Sri Hari Securities Pvt. Ltd.,1000,816.7,816700.0,2025-08-25 14:54:57.532873
2025-08-25,4040,2025082504011460,BPCL,Vision Securities Pvt. Ltd,Dynamic Money Managers Securities Pvt. Ltd.,200,816.7,163340.0,2025-08-25 14:55:13.688011
2025-08-25,4039,2025082504011461,BPCL,K.B.L. Securities Limited ,Dynamic Money Managers Securities Pvt. Ltd.,1100,816.3,897930.0,2025-08-25 14:55:13.688439
2025-08-25,4038,2025082504011462,BPCL,K.B.L. Securities Limited ,Dynamic Money Managers Securities Pvt. Ltd.,954,816.0,778464.0,2025-08-25 14:55:13.688679
2025-08-25,3930,2025082504011484,BPCL,Agrawal Securities (PVT) Ltd.,Midas Stock Broking Company Private Limited,20,814.7,16294.0,2025-08-25 14:55:23.759065
2025-08-25,3720,2025082504011519,BPCL,Himalayan Brokerage Company Limited,Sani Securities Company Ltd.,31,814.3,25243.3,2025-08-25 14:55:42.184795
2025-08-25,3412,2025082504011611,BPCL,SUN SECURITIES PVT LTD,Himalayan Securities Limited,10,814.8,8148.0,2025-08-25 14:56:13.698021
2025-08-25,3288,2025082504011636,BPCL,SUN SECURITIES PVT LTD,Indira securities pvt. ltd,10,814.8,8148.0,2025-08-25 14:56:31.892207
2025-08-25,3287,2025082504011637,BPCL,Himalayan Brokerage Company Limited,Indira securities pvt. ltd,50,814.3,40715.0,2025-08-25 14:56:31.892305
2025-08-25,3286,2025082504011638,BPCL,Blue Chip Securities Ltd,Indira securities pvt. ltd,200,814.2,162840.0,2025-08-25 14:56:31.892418
2025-08-25,3285,2025082504011639,BPCL,SUN SECURITIES PVT LTD,Indira securities pvt. ltd,40,813.5,32540.0,2025-08-25 14:56:31.892489
2025-08-25,2918,2025082504011704,BPCL,Sri Hari Securities Pvt. Ltd.,Pragyan Securities (PVT) Ltd.,200,814.9,162980.0,2025-08-25 14:57:05.714178
2025-08-25,2917,2025082504011705,BPCL,SUN SECURITIES PVT LTD,Pragyan Securities (PVT) Ltd.,60,813.5,48810.0,2025-08-25 14:57:05.714336
2025-08-25,2850,2025082504011726,BPCL,Secured Securities Ltd.,Nabil Stock Dealer Ltd.,10,813.5,8135.0,2025-08-25 14:57:11.279499
2025-08-25,2849,2025082504011727,BPCL,SUN SECURITIES PVT LTD,Nabil Stock Dealer Ltd.,100,813.2,81320.0,2025-08-25 14:57:11.279738
2025-08-25,2848,2025082504011728,BPCL,SUN SECURITIES PVT LTD,Nabil Stock Dealer Ltd.,50,813.2,40660.0,2025-08-25 14:57:11.279819
2025-08-25,2847,2025082504011729,BPCL,Dipshikha Dhitopatra Karobar Co. Pvt Ltd.,Nabil Stock Dealer Ltd.,85,813.1,69113.5,2025-08-25 14:57:11.279896
2025-08-25,2846,2025082504011730,BPCL,SUN SECURITIES PVT LTD,Nabil Stock Dealer Ltd.,1000,813.0,813000.0,2025-08-25 14:57:11.280008
2025-08-25,2845,2025082504011731,BPCL,Dynamic Money Managers Securities Pvt. Ltd.,Nabil Stock Dealer Ltd.,2222,812.3,1804930.6,2025-08-25 14:57:11.280082
2025-08-25,2844,2025082504011732,BPCL,N.M.B. SECURITIES LIMITED,Nabil Stock Dealer Ltd.,33,812.2,26802.6,2025-08-25 14:57:11.280166
2025-08-25,2201,2025082504011860,BPCL,N.M.B. SECURITIES LIMITED,Nepal Investment And Securities Trading Private Limited,37,812.2,30051.4,2025-08-25 14:58:03.733572
2025-08-25,2200,2025082504011861,BPCL,N.M.B. SECURITIES LIMITED,Nepal Investment And Securities Trading Private Limited,41,812.2,33300.2,2025-08-25 14:58:03.733814
2025-08-25,1977,2025082504011919,BPCL,N.M.B. SECURITIES LIMITED,Sri Hari Securities Pvt. Ltd.,109,812.2,88529.8,2025-08-25 14:58:22.750411
2025-08-25,1976,2025082504011920,BPCL,Naasa Securities Co. Ltd.,Sri Hari Securities Pvt. Ltd.,200,810.1,162020.0,2025-08-25 14:58:22.750594
2025-08-25,1975,2025082504011921,BPCL,K.B.L. Securities Limited ,Sri Hari Securities Pvt. Ltd.,500,810.1,405050.0,2025-08-25 14:58:22.750672
2025-08-25,1974,2025082504011922,BPCL,Indira securities pvt. ltd,Sri Hari Securities Pvt. Ltd.,380,810.0,307800.0,2025-08-25 14:58:22.750748
2025-08-25,1973,2025082504011923,BPCL,Imperial Securities Company Pvt. Ltd.,Sri Hari Securities Pvt. Ltd.,120,810.0,97200.0,2025-08-25 14:58:22.750825
2025-08-25,1972,2025082504011924,BPCL,Kalika Securities Pvt. Ltd.,Sri Hari Securities Pvt. Ltd.,50,810.0,40500.0,2025-08-25 14:58:22.750900
2025-08-25,1971,2025082504011925,BPCL,Blue Chip Securities Ltd,Sri Hari Securities Pvt. Ltd.,50,810.0,40500.0,2025-08-25 14:58:22.750974
2025-08-25,1970,2025082504011926,BPCL,N.I.M.B. Stock Markets Limited,Sri Hari Securities Pvt. Ltd.,591,810.0,478710.0,2025-08-25 14:58:22.751071
2025-08-25,1640,2025082504012001,BPCL,Online Securities Pvt. Ltd.,Trishakti Securities Public Limited,140,813.0,113820.0,2025-08-25 14:58:43.643976
2025-08-25,1437,2025082504012043,BPCL,Online Securities Pvt. Ltd.,Sri Hari Securities Pvt. Ltd.,500,813.0,406500.0,2025-08-25 14:58:56.125870
2025-08-25,1094,2025082504012191,BPCL,Online Securities Pvt. Ltd.,SUN SECURITIES PVT LTD,360,813.0,292680.0,2025-08-25 14:59:17.921195
2025-08-25,89,2025082504012458,BPCL,Vision Securities Pvt. Ltd,SUN SECURITIES PVT LTD,10,815.0,8150.0,2025-08-25 14:59:58.065084
2025-08-25,88,2025082504012459,BPCL,Naasa Securities Co. Ltd.,SUN SECURITIES PVT LTD,100,811.0,81100.0,2025-08-25 14:59:58.065543
2025-08-25,87,2025082504012460,BPCL,SUN SECURITIES PVT LTD,SUN SECURITIES PVT LTD,100,810.2,81020.0,2025-08-25 14:59:58.065769
2025-08-25,86,2025082504012461,BPCL,SUN SECURITIES PVT LTD,SUN SECURITIES PVT LTD,100,810.2,81020.0,2025-08-25 14:59:58.066028
2025-08-25,85,2025082504012462,BPCL,SUN SECURITIES PVT LTD,SUN SECURITIES PVT LTD,100,810.2,81020.0,2025-08-25 14:59:58.066264
2025-08-25,84,2025082504012463,BPCL,N.I.M.B. Stock Markets Limited,SUN SECURITIES PVT LTD,230,810.0,186300.0,2025-08-25 14:59:58.066522
