Date,S.N.,Contract ID,Symbol,Buyer Broker,Seller Broker,volume,rate,amount,transaction_time
2025-08-25,57051,2025082504000007,NHPC,Neev Securities Pvt. Ltd.,Bhrikuti Stock Broking Co. Pvt. Ltd.,10,210.0,2100.0,2025-08-25 11:00:32.149080
2025-08-25,55609,2025082504000089,NHPC,Secured Securities Ltd.,Aryatara Investment & Securities,20,209.9,4198.0,2025-08-25 11:07:25.948283
2025-08-25,54903,2025082504000156,NHPC,Naasa Securities Co. Ltd.,Aryatara Investment & Securities,35,209.9,7346.5,2025-08-25 11:10:34.400037
2025-08-25,54902,2025082504000157,NHPC,Naasa Securities Co. Ltd.,Online Securities Pvt. Ltd.,445,209.9,93405.5,2025-08-25 11:10:34.400141
2025-08-25,54665,2025082504000174,NHPC,Naasa Securities Co. Ltd.,Kumari Securities Private Limited,18,207.1,3727.8,2025-08-25 11:11:52.931374
2025-08-25,53899,2025082504000319,NHPC,Trishakti Securities Public Limited,Online Securities Pvt. Ltd.,500,207.3,103650.0,2025-08-25 11:15:59.608850
2025-08-25,52734,2025082504000495,NHPC,Trisul Securities & Invt. Ltd.,Dynamic Money Managers Securities Pvt. Ltd.,10,209.7,2097.0,2025-08-25 11:21:32.741418
2025-08-25,52597,2025082504000527,NHPC,Naasa Securities Co. Ltd.,Dynamic Money Managers Securities Pvt. Ltd.,10,209.7,2097.0,2025-08-25 11:22:09.680036
2025-08-25,50465,2025082504001024,NHPC,Naasa Securities Co. Ltd.,Aryatara Investment & Securities,10,208.0,2080.0,2025-08-25 11:32:03.166057
2025-08-25,50464,2025082504001025,NHPC,Online Securities Pvt. Ltd.,Aryatara Investment & Securities,190,208.0,39520.0,2025-08-25 11:32:03.166201
2025-08-25,50364,2025082504001049,NHPC,Deevyaa Securities & Stock House Pvt. Ltd,Trisul Securities & Invt. Ltd.,409,207.4,84826.6,2025-08-25 11:32:36.400943
2025-08-25,50093,2025082504001092,NHPC,Deevyaa Securities & Stock House Pvt. Ltd,Dipshikha Dhitopatra Karobar Co. Pvt Ltd.,591,207.4,122573.4,2025-08-25 11:33:41.650809
2025-08-25,50092,2025082504001093,NHPC,Premier Securities Company Ltd.,Dipshikha Dhitopatra Karobar Co. Pvt Ltd.,100,207.4,20740.0,2025-08-25 11:33:41.650948
2025-08-25,50091,2025082504001094,NHPC,Trishakti Securities Public Limited,Dipshikha Dhitopatra Karobar Co. Pvt Ltd.,300,207.3,62190.0,2025-08-25 11:33:41.650998
2025-08-25,50090,2025082504001095,NHPC,Naasa Securities Co. Ltd.,Dipshikha Dhitopatra Karobar Co. Pvt Ltd.,32,207.1,6627.2,2025-08-25 11:33:41.651047
2025-08-25,50089,2025082504001096,NHPC,Sewa Securities Pvt. Ltd.,Dipshikha Dhitopatra Karobar Co. Pvt Ltd.,700,207.0,144900.0,2025-08-25 11:33:41.651099
2025-08-25,50088,2025082504001097,NHPC,Creative Securities Pvt Ltd,Dipshikha Dhitopatra Karobar Co. Pvt Ltd.,500,207.0,103500.0,2025-08-25 11:33:41.651141
2025-08-25,50087,2025082504001098,NHPC,Dipshikha Dhitopatra Karobar Co. Pvt Ltd.,Dipshikha Dhitopatra Karobar Co. Pvt Ltd.,500,207.0,103500.0,2025-08-25 11:33:41.651178
2025-08-25,50086,2025082504001099,NHPC,Kohinoor Investment & Securities Pvt. Ltd.,Dipshikha Dhitopatra Karobar Co. Pvt Ltd.,966,207.0,199962.0,2025-08-25 11:33:41.651216
2025-08-25,50085,2025082504001100,NHPC,Ashutosh Brokerage & Securities (PVT) Ltd.,Dipshikha Dhitopatra Karobar Co. Pvt Ltd.,150,207.0,31050.0,2025-08-25 11:33:41.651255
2025-08-25,50084,2025082504001101,NHPC,Linch Stock Market Ltd.,Dipshikha Dhitopatra Karobar Co. Pvt Ltd.,400,207.0,82800.0,2025-08-25 11:33:41.651296
2025-08-25,50083,2025082504001102,NHPC,Online Securities Pvt. Ltd.,Dipshikha Dhitopatra Karobar Co. Pvt Ltd.,500,207.0,103500.0,2025-08-25 11:33:41.651340
2025-08-25,50082,2025082504001103,NHPC,Sunrise Securities Limited,Dipshikha Dhitopatra Karobar Co. Pvt Ltd.,261,207.0,54027.0,2025-08-25 11:33:41.651380
2025-08-25,49566,2025082504001221,NHPC,Sunrise Securities Limited,Deevyaa Securities & Stock House Pvt. Ltd,11,207.0,2277.0,2025-08-25 11:36:10.875501
2025-08-25,49519,2025082504001227,NHPC,Trisul Securities & Invt. Ltd.,Online Securities Pvt. Ltd.,107,208.0,22256.0,2025-08-25 11:36:26.212915
2025-08-25,49472,2025082504001243,NHPC,Trisul Securities & Invt. Ltd.,Agrawal Securities (PVT) Ltd.,10,209.6,2096.0,2025-08-25 11:36:37.270037
2025-08-25,49270,2025082504001290,NHPC,Sunrise Securities Limited,Pragyan Securities (PVT) Ltd.,28,207.0,5796.0,2025-08-25 11:37:32.054447
2025-08-25,49269,2025082504001291,NHPC,Online Securities Pvt. Ltd.,Pragyan Securities (PVT) Ltd.,10,207.0,2070.0,2025-08-25 11:37:32.054619
2025-08-25,49240,2025082504001298,NHPC,Sewa Securities Pvt. Ltd.,Pragyan Securities (PVT) Ltd.,104,207.0,21528.0,2025-08-25 11:37:40.657549
2025-08-25,48074,2025082504001557,NHPC,Sewa Securities Pvt. Ltd.,Naasa Securities Co. Ltd.,16,207.0,3312.0,2025-08-25 11:43:13.067706
2025-08-25,48073,2025082504001558,NHPC,Oxford Securities Pvt. Ltd.,Naasa Securities Co. Ltd.,30,207.0,6210.0,2025-08-25 11:43:13.067960
2025-08-25,48072,2025082504001559,NHPC,ABC Securities Private Limited,Naasa Securities Co. Ltd.,50,207.0,10350.0,2025-08-25 11:43:13.068100
2025-08-25,48071,2025082504001560,NHPC,Naasa Securities Co. Ltd.,Naasa Securities Co. Ltd.,87,206.6,17974.2,2025-08-25 11:43:13.068235
2025-08-25,46174,2025082504002045,NHPC,Vision Securities Pvt. Ltd,Oxford Securities Pvt. Ltd.,200,207.0,41400.0,2025-08-25 11:51:58.283662
2025-08-25,46173,2025082504002046,NHPC,Vision Securities Pvt. Ltd,Capital Max Securities Ltd,178,207.0,36846.0,2025-08-25 11:51:58.283815
2025-08-25,45893,2025082504002093,NHPC,Vision Securities Pvt. Ltd,Capital Max Securities Ltd,122,207.0,25254.0,2025-08-25 11:53:21.692906
2025-08-25,45892,2025082504002094,NHPC,Vision Securities Pvt. Ltd,Capital Max Securities Ltd,80,206.7,16536.0,2025-08-25 11:53:21.692964
2025-08-25,45891,2025082504002095,NHPC,Naasa Securities Co. Ltd.,Capital Max Securities Ltd,113,206.6,23345.8,2025-08-25 11:53:21.692989
2025-08-25,45890,2025082504002096,NHPC,Imperial Securities Company Pvt. Ltd.,Capital Max Securities Ltd,95,206.5,19617.5,2025-08-25 11:53:21.693013
2025-08-25,45889,2025082504002097,NHPC,ABC Securities Private Limited,Capital Max Securities Ltd,50,206.5,10325.0,2025-08-25 11:53:21.693036
2025-08-25,45888,2025082504002098,NHPC,Online Securities Pvt. Ltd.,Capital Max Securities Ltd,35,206.3,7220.5,2025-08-25 11:53:21.693058
2025-08-25,45257,2025082504002204,NHPC,Aryatara Investment & Securities,Naasa Securities Co. Ltd.,55,206.5,11357.5,2025-08-25 11:55:52.346833
2025-08-25,44793,2025082504002312,NHPC,Aryatara Investment & Securities,Trishakti Securities Public Limited,45,206.7,9301.5,2025-08-25 11:58:22.601122
2025-08-25,44792,2025082504002313,NHPC,Kohinoor Investment & Securities Pvt. Ltd.,Trishakti Securities Public Limited,400,206.6,82640.0,2025-08-25 11:58:22.601420
2025-08-25,44791,2025082504002314,NHPC,Naasa Securities Co. Ltd.,Trishakti Securities Public Limited,58,206.6,11982.8,2025-08-25 11:58:22.601590
2025-08-25,44099,2025082504002464,NHPC,Kohinoor Investment & Securities Pvt. Ltd.,South Asian Bulls Pvt. Ltd.,11,208.0,2288.0,2025-08-25 12:02:21.417699
2025-08-25,43750,2025082504002533,NHPC,Neev Securities Pvt. Ltd.,Naasa Securities Co. Ltd.,25,206.7,5167.5,2025-08-25 12:03:54.289464
2025-08-25,42899,2025082504002704,NHPC,Nepal Stock House (PVT) Ltd.,Nepal Stock House (PVT) Ltd.,100,207.0,20700.0,2025-08-25 12:08:13.663173
2025-08-25,42673,2025082504002741,NHPC,Nepal Stock House (PVT) Ltd.,Imperial Securities Company Pvt. Ltd.,400,207.0,82800.0,2025-08-25 12:09:37.943706
2025-08-25,42672,2025082504002742,NHPC,Sundhara Securities Limited,Imperial Securities Company Pvt. Ltd.,100,207.0,20700.0,2025-08-25 12:09:37.943860
2025-08-25,42298,2025082504002816,NHPC,Sundhara Securities Limited,K.B.L. Securities Limited ,100,207.0,20700.0,2025-08-25 12:11:29.381816
2025-08-25,42297,2025082504002817,NHPC,Vision Securities Pvt. Ltd,K.B.L. Securities Limited ,100,206.8,20680.0,2025-08-25 12:11:29.381897
2025-08-25,42296,2025082504002818,NHPC,Nepal Investment And Securities Trading Private Limited,K.B.L. Securities Limited ,20,206.8,4136.0,2025-08-25 12:11:29.381927
2025-08-25,42295,2025082504002819,NHPC,Neev Securities Pvt. Ltd.,K.B.L. Securities Limited ,475,206.7,98182.5,2025-08-25 12:11:29.381952
2025-08-25,42294,2025082504002820,NHPC,Naasa Securities Co. Ltd.,K.B.L. Securities Limited ,195,206.6,40287.0,2025-08-25 12:11:29.381982
2025-08-25,41476,2025082504003006,NHPC,Sani Securities Company Ltd.,Infinity Securities Limited,210,207.0,43470.0,2025-08-25 12:16:00.495667
2025-08-25,41067,2025082504003088,NHPC,SUN SECURITIES PVT LTD,Kohinoor Investment & Securities Pvt. Ltd.,500,206.8,103400.0,2025-08-25 12:18:35.398612
2025-08-25,41066,2025082504003089,NHPC,Investment Management Nepal Pvt. Ltd.,Kohinoor Investment & Securities Pvt. Ltd.,100,206.7,20670.0,2025-08-25 12:18:35.398783
2025-08-25,41065,2025082504003090,NHPC,Naasa Securities Co. Ltd.,Kohinoor Investment & Securities Pvt. Ltd.,247,206.6,51030.2,2025-08-25 12:18:35.398856
2025-08-25,41064,2025082504003091,NHPC,Secured Securities Ltd.,Kohinoor Investment & Securities Pvt. Ltd.,200,206.6,41320.0,2025-08-25 12:18:35.398925
2025-08-25,41063,2025082504003092,NHPC,Online Securities Pvt. Ltd.,Kohinoor Investment & Securities Pvt. Ltd.,500,206.6,103300.0,2025-08-25 12:18:35.398992
2025-08-25,41062,2025082504003093,NHPC,N.I.M.B. Stock Markets Limited,Kohinoor Investment & Securities Pvt. Ltd.,1300,206.6,268580.0,2025-08-25 12:18:35.399057
2025-08-25,41061,2025082504003094,NHPC,Neev Securities Pvt. Ltd.,Kohinoor Investment & Securities Pvt. Ltd.,16505,206.5,3408282.5,2025-08-25 12:18:35.399122
2025-08-25,38606,2025082504003571,NHPC,Imperial Securities Company Pvt. Ltd.,Naasa Securities Co. Ltd.,25,207.0,5175.0,2025-08-25 12:32:44.322112
2025-08-25,38499,2025082504003602,NHPC,Thrive Brokerage House Pvt. Ltd,Naasa Securities Co. Ltd.,34,207.0,7038.0,2025-08-25 12:33:17.549992
2025-08-25,38225,2025082504003656,NHPC,Neev Securities Pvt. Ltd.,South Asian Bulls Pvt. Ltd.,10,208.0,2080.0,2025-08-25 12:34:53.204020
2025-08-25,37761,2025082504003727,NHPC,Thrive Brokerage House Pvt. Ltd,South Asian Bulls Pvt. Ltd.,29,208.0,6032.0,2025-08-25 12:37:36.479480
2025-08-25,37760,2025082504003728,NHPC,Thrive Brokerage House Pvt. Ltd,Dipshikha Dhitopatra Karobar Co. Pvt Ltd.,407,208.0,84656.0,2025-08-25 12:37:36.479764
2025-08-25,37423,2025082504003802,NHPC,Trisul Securities & Invt. Ltd.,Dipshikha Dhitopatra Karobar Co. Pvt Ltd.,200,208.0,41600.0,2025-08-25 12:39:26.198198
2025-08-25,36477,2025082504003986,NHPC,Premier Securities Company Ltd.,Dipshikha Dhitopatra Karobar Co. Pvt Ltd.,50,208.0,10400.0,2025-08-25 12:45:00.002050
2025-08-25,35574,2025082504004134,NHPC,Vision Securities Pvt. Ltd,Dipshikha Dhitopatra Karobar Co. Pvt Ltd.,92,208.0,19136.0,2025-08-25 12:49:03.809639
2025-08-25,35152,2025082504004191,NHPC,Vision Securities Pvt. Ltd,Dynamic Money Managers Securities Pvt. Ltd.,108,208.5,22518.0,2025-08-25 12:50:40.037857
2025-08-25,34573,2025082504004368,NHPC,ABC Securities Private Limited,Capital Max Securities Ltd,160,208.0,33280.0,2025-08-25 12:53:10.157814
2025-08-25,34494,2025082504004403,NHPC,Nepal Investment And Securities Trading Private Limited,Capital Max Securities Ltd,40,208.0,8320.0,2025-08-25 12:53:27.499672
2025-08-25,32744,2025082504004730,NHPC,Nepal Investment And Securities Trading Private Limited,Dynamic Money Managers Securities Pvt. Ltd.,60,208.5,12510.0,2025-08-25 13:01:20.576391
2025-08-25,32135,2025082504004868,NHPC,Ashutosh Brokerage & Securities (PVT) Ltd.,Trishakti Securities Public Limited,1039,208.1,216215.9,2025-08-25 13:04:11.950386
2025-08-25,31808,2025082504004924,NHPC,Ashutosh Brokerage & Securities (PVT) Ltd.,Dipshikha Dhitopatra Karobar Co. Pvt Ltd.,961,208.1,199984.1,2025-08-25 13:05:39.071067
2025-08-25,31720,2025082504004938,NHPC,Creative Securities Pvt Ltd,Dipshikha Dhitopatra Karobar Co. Pvt Ltd.,200,208.0,41600.0,2025-08-25 13:05:59.177399
2025-08-25,31719,2025082504004939,NHPC,Online Securities Pvt. Ltd.,Dipshikha Dhitopatra Karobar Co. Pvt Ltd.,290,208.0,60320.0,2025-08-25 13:05:59.177620
2025-08-25,31718,2025082504004940,NHPC,Imperial Securities Company Pvt. Ltd.,Dipshikha Dhitopatra Karobar Co. Pvt Ltd.,100,208.0,20800.0,2025-08-25 13:05:59.177746
2025-08-25,31717,2025082504004941,NHPC,Sri Hari Securities Pvt. Ltd.,Dipshikha Dhitopatra Karobar Co. Pvt Ltd.,725,208.0,150800.0,2025-08-25 13:05:59.177825
2025-08-25,31622,2025082504004965,NHPC,Sani Securities Company Ltd.,Imperial Securities Company Pvt. Ltd.,100,208.0,20800.0,2025-08-25 13:06:40.649246
2025-08-25,29817,2025082504005345,NHPC,Naasa Securities Co. Ltd.,Naasa Securities Co. Ltd.,10,208.0,2080.0,2025-08-25 13:16:19.184271
2025-08-25,29234,2025082504005450,NHPC,South Asian Bulls Pvt. Ltd.,Aryatara Investment & Securities,300,207.9,62370.0,2025-08-25 13:18:35.483672
2025-08-25,29233,2025082504005451,NHPC,South Asian Bulls Pvt. Ltd.,Aryatara Investment & Securities,200,207.9,41580.0,2025-08-25 13:18:35.484085
2025-08-25,29114,2025082504005485,NHPC,Online Securities Pvt. Ltd.,Aryatara Investment & Securities,100,207.9,20790.0,2025-08-25 13:19:07.322342
2025-08-25,28498,2025082504005646,NHPC,Neev Securities Pvt. Ltd.,Naasa Securities Co. Ltd.,10,208.0,2080.0,2025-08-25 13:22:00.421271
2025-08-25,28392,2025082504005659,NHPC,Online Securities Pvt. Ltd.,Sani Securities Company Ltd.,20,207.9,4158.0,2025-08-25 13:22:28.292114
2025-08-25,27736,2025082504005833,NHPC,Nepal Investment And Securities Trading Private Limited,Naasa Securities Co. Ltd.,30,207.7,6231.0,2025-08-25 13:25:34.267683
2025-08-25,27735,2025082504005834,NHPC,Nepal Investment And Securities Trading Private Limited,Naasa Securities Co. Ltd.,50,207.7,10385.0,2025-08-25 13:25:34.267889
2025-08-25,27559,2025082504005889,NHPC,Online Securities Pvt. Ltd.,Sani Securities Company Ltd.,30,207.7,6231.0,2025-08-25 13:26:26.782935
2025-08-25,26908,2025082504006055,NHPC,Cristal Kanchanjanga Securites Pvt. Ltd.,Trisul Securities & Invt. Ltd.,20,207.9,4158.0,2025-08-25 13:29:22.990454
2025-08-25,26613,2025082504006127,NHPC,Imperial Securities Company Pvt. Ltd.,Trisul Securities & Invt. Ltd.,50,207.9,10395.0,2025-08-25 13:30:55.840773
2025-08-25,26492,2025082504006160,NHPC,Online Securities Pvt. Ltd.,Trisul Securities & Invt. Ltd.,115,207.9,23908.5,2025-08-25 13:31:41.670260
2025-08-25,26335,2025082504006186,NHPC,Online Securities Pvt. Ltd.,Kumari Securities Private Limited,500,207.9,103950.0,2025-08-25 13:32:49.331403
2025-08-25,26244,2025082504006196,NHPC,Online Securities Pvt. Ltd.,Linch Stock Market Ltd.,575,207.9,119542.5,2025-08-25 13:33:11.126378
2025-08-25,26243,2025082504006197,NHPC,Online Securities Pvt. Ltd.,Linch Stock Market Ltd.,240,207.7,49848.0,2025-08-25 13:33:11.126582
2025-08-25,26242,2025082504006198,NHPC,Aryatara Investment & Securities,Linch Stock Market Ltd.,485,207.6,100686.0,2025-08-25 13:33:11.126681
2025-08-25,25969,2025082504006251,NHPC,Vision Securities Pvt. Ltd,Midas Stock Broking Company Private Limited,50,207.7,10385.0,2025-08-25 13:34:23.848024
2025-08-25,25968,2025082504006252,NHPC,Aryatara Investment & Securities,Midas Stock Broking Company Private Limited,15,207.6,3114.0,2025-08-25 13:34:23.848128
2025-08-25,25967,2025082504006253,NHPC,Nepal Investment And Securities Trading Private Limited,Midas Stock Broking Company Private Limited,20,207.1,4142.0,2025-08-25 13:34:23.848196
2025-08-25,25966,2025082504006254,NHPC,Nepal Investment And Securities Trading Private Limited,Midas Stock Broking Company Private Limited,30,207.1,6213.0,2025-08-25 13:34:23.848289
2025-08-25,25965,2025082504006255,NHPC,Nepal Investment And Securities Trading Private Limited,Midas Stock Broking Company Private Limited,30,207.1,6213.0,2025-08-25 13:34:23.848407
2025-08-25,25964,2025082504006256,NHPC,Naasa Securities Co. Ltd.,Midas Stock Broking Company Private Limited,55,207.1,11390.5,2025-08-25 13:34:23.848493
2025-08-25,25864,2025082504006267,NHPC,Aryatara Investment & Securities,Naasa Securities Co. Ltd.,9,203.0,1827.0,2025-08-25 13:34:57.412697
2025-08-25,25787,2025082504006276,NHPC,MILKY WAY SHARE BROKER COMPANY LTD ,Investment Management Nepal Pvt. Ltd.,1000,208.0,208000.0,2025-08-25 13:35:20.201362
2025-08-25,25786,2025082504006277,NHPC,MILKY WAY SHARE BROKER COMPANY LTD ,Trisul Securities & Invt. Ltd.,200,208.0,41600.0,2025-08-25 13:35:20.201794
2025-08-25,25785,2025082504006278,NHPC,MILKY WAY SHARE BROKER COMPANY LTD ,Kohinoor Investment & Securities Pvt. Ltd.,50,208.0,10400.0,2025-08-25 13:35:20.202068
2025-08-25,25676,2025082504006292,NHPC,Neev Securities Pvt. Ltd.,Dynamic Money Managers Securities Pvt. Ltd.,10,208.5,2085.0,2025-08-25 13:35:43.449830
2025-08-25,25638,2025082504006295,NHPC,Aryatara Investment & Securities,Dynamic Money Managers Securities Pvt. Ltd.,100,208.5,20850.0,2025-08-25 13:35:58.990872
2025-08-25,25637,2025082504006296,NHPC,Online Securities Pvt. Ltd.,Aryatara Investment & Securities,3,205.0,615.0,2025-08-25 13:36:00.365988
2025-08-25,24523,2025082504006521,NHPC,Linch Stock Market Ltd.,Vision Securities Pvt. Ltd,20,208.4,4168.0,2025-08-25 13:41:31.836616
2025-08-25,23810,2025082504006713,NHPC,Naasa Securities Co. Ltd.,Naasa Securities Co. Ltd.,10,208.1,2081.0,2025-08-25 13:44:24.467685
2025-08-25,23787,2025082504006716,NHPC,Dynamic Money Managers Securities Pvt. Ltd.,Dynamic Money Managers Securities Pvt. Ltd.,150,208.5,31275.0,2025-08-25 13:44:31.594593
2025-08-25,23598,2025082504006773,NHPC,Naasa Securities Co. Ltd.,Thrive Brokerage House Pvt. Ltd,435,208.1,90523.5,2025-08-25 13:45:32.107792
2025-08-25,23597,2025082504006774,NHPC,Aryatara Investment & Securities,Thrive Brokerage House Pvt. Ltd,65,208.0,13520.0,2025-08-25 13:45:32.108145
2025-08-25,22357,2025082504007142,NHPC,Aryatara Investment & Securities,Online Securities Pvt. Ltd.,200,208.0,41600.0,2025-08-25 13:51:14.206010
2025-08-25,22356,2025082504007143,NHPC,Nepal Investment And Securities Trading Private Limited,Online Securities Pvt. Ltd.,10,208.0,2080.0,2025-08-25 13:51:14.206238
2025-08-25,22355,2025082504007144,NHPC,Trishakti Securities Public Limited,Online Securities Pvt. Ltd.,500,208.0,104000.0,2025-08-25 13:51:14.206336
2025-08-25,22354,2025082504007145,NHPC,Linch Stock Market Ltd.,Online Securities Pvt. Ltd.,20,208.0,4160.0,2025-08-25 13:51:14.206426
2025-08-25,22353,2025082504007146,NHPC,Aryatara Investment & Securities,Online Securities Pvt. Ltd.,50,208.0,10400.0,2025-08-25 13:51:14.206511
2025-08-25,21923,2025082504007260,NHPC,Sani Securities Company Ltd.,Online Securities Pvt. Ltd.,209,208.0,43472.0,2025-08-25 13:53:10.014986
2025-08-25,21722,2025082504007304,NHPC,Trishakti Securities Public Limited,Himalayan Brokerage Company Limited,100,207.5,20750.0,2025-08-25 13:53:57.937255
2025-08-25,21715,2025082504007306,NHPC,Naasa Securities Co. Ltd.,Online Securities Pvt. Ltd.,3,208.0,624.0,2025-08-25 13:53:58.865689
2025-08-25,21534,2025082504007331,NHPC,South Asian Bulls Pvt. Ltd.,Himalayan Brokerage Company Limited,100,207.5,20750.0,2025-08-25 13:54:28.067265
2025-08-25,21514,2025082504007337,NHPC,Trishakti Securities Public Limited,Himalayan Brokerage Company Limited,50,207.5,10375.0,2025-08-25 13:54:33.897589
2025-08-25,21150,2025082504007429,NHPC,Trishakti Securities Public Limited,Online Securities Pvt. Ltd.,11,207.5,2282.5,2025-08-25 13:56:19.722946
2025-08-25,20919,2025082504007478,NHPC,Trishakti Securities Public Limited,Himalayan Brokerage Company Limited,89,207.5,18467.5,2025-08-25 13:57:21.439827
2025-08-25,20918,2025082504007479,NHPC,Naasa Securities Co. Ltd.,Himalayan Brokerage Company Limited,20,207.5,4150.0,2025-08-25 13:57:21.440230
2025-08-25,20604,2025082504007551,NHPC,Trishakti Securities Public Limited,Himalayan Brokerage Company Limited,100,207.5,20750.0,2025-08-25 13:58:38.778078
2025-08-25,20564,2025082504007558,NHPC,ABC Securities Private Limited,Himalayan Brokerage Company Limited,41,207.5,8507.5,2025-08-25 13:58:50.351501
2025-08-25,18554,2025082504008081,NHPC,Naasa Securities Co. Ltd.,Vision Securities Pvt. Ltd,7,204.0,1428.0,2025-08-25 14:06:41.864458
2025-08-25,18546,2025082504008084,NHPC,Agrawal Securities (PVT) Ltd.,Arun Securities (PVT) Ltd.,4,208.0,832.0,2025-08-25 14:06:46.274268
2025-08-25,17537,2025082504008277,NHPC,Naasa Securities Co. Ltd.,Premier Securities Company Ltd.,250,208.0,52000.0,2025-08-25 14:10:19.368985
2025-08-25,17326,2025082504008301,NHPC,ABC Securities Private Limited,Premier Securities Company Ltd.,59,208.0,12272.0,2025-08-25 14:11:25.556075
2025-08-25,16890,2025082504008406,NHPC,Neev Securities Pvt. Ltd.,Premier Securities Company Ltd.,100,208.0,20800.0,2025-08-25 14:13:34.111478
2025-08-25,15985,2025082504008634,NHPC,Dipshikha Dhitopatra Karobar Co. Pvt Ltd.,Premier Securities Company Ltd.,100,208.0,20800.0,2025-08-25 14:17:52.299272
2025-08-25,15930,2025082504008640,NHPC,Naasa Securities Co. Ltd.,Arun Securities (PVT) Ltd.,5,204.0,1020.0,2025-08-25 14:18:02.615981
2025-08-25,15201,2025082504008762,NHPC,Kohinoor Investment & Securities Pvt. Ltd.,Premier Securities Company Ltd.,91,208.0,18928.0,2025-08-25 14:20:24.905418
2025-08-25,15200,2025082504008763,NHPC,Kohinoor Investment & Securities Pvt. Ltd.,N.I.M.B. Stock Markets Limited,280,208.0,58240.0,2025-08-25 14:20:24.905657
2025-08-25,15199,2025082504008764,NHPC,Kohinoor Investment & Securities Pvt. Ltd.,Neev Securities Pvt. Ltd.,29,208.0,6032.0,2025-08-25 14:20:24.905763
2025-08-25,15097,2025082504008794,NHPC,Neev Securities Pvt. Ltd.,Capital Max Securities Ltd,10,208.4,2084.0,2025-08-25 14:20:59.388049
2025-08-25,14437,2025082504008905,NHPC,Naasa Securities Co. Ltd.,Investment Management Nepal Pvt. Ltd.,200,207.7,41540.0,2025-08-25 14:23:20.098147
2025-08-25,14305,2025082504008937,NHPC,Naasa Securities Co. Ltd.,Trisul Securities & Invt. Ltd.,200,207.7,41540.0,2025-08-25 14:23:55.506707
2025-08-25,14204,2025082504008959,NHPC,Naasa Securities Co. Ltd.,Trisul Securities & Invt. Ltd.,100,207.7,20770.0,2025-08-25 14:24:17.604419
2025-08-25,14203,2025082504008960,NHPC,Online Securities Pvt. Ltd.,Trisul Securities & Invt. Ltd.,100,207.7,20770.0,2025-08-25 14:24:17.604682
2025-08-25,14047,2025082504008997,NHPC,Trisul Securities & Invt. Ltd.,Online Securities Pvt. Ltd.,10,208.0,2080.0,2025-08-25 14:24:52.800560
2025-08-25,14004,2025082504009005,NHPC,Naasa Securities Co. Ltd.,Online Securities Pvt. Ltd.,130,208.0,27040.0,2025-08-25 14:25:00.627685
2025-08-25,13936,2025082504009015,NHPC,Naasa Securities Co. Ltd.,Trisul Securities & Invt. Ltd.,110,208.0,22880.0,2025-08-25 14:25:12.911136
2025-08-25,13554,2025082504009102,NHPC,Aryatara Investment & Securities,Trisul Securities & Invt. Ltd.,40,208.0,8320.0,2025-08-25 14:27:01.936265
2025-08-25,13347,2025082504009189,NHPC,Oxford Securities Pvt. Ltd.,Trisul Securities & Invt. Ltd.,50,208.0,10400.0,2025-08-25 14:27:39.064825
2025-08-25,13346,2025082504009190,NHPC,Oxford Securities Pvt. Ltd.,Trisul Securities & Invt. Ltd.,200,208.0,41600.0,2025-08-25 14:27:39.065086
2025-08-25,12935,2025082504009274,NHPC,Oxford Securities Pvt. Ltd.,Neev Securities Pvt. Ltd.,750,208.0,156000.0,2025-08-25 14:29:00.801706
2025-08-25,12608,2025082504009352,NHPC,South Asian Bulls Pvt. Ltd.,Neev Securities Pvt. Ltd.,250,208.0,52000.0,2025-08-25 14:30:10.120602
2025-08-25,11616,2025082504009579,NHPC,Kohinoor Investment & Securities Pvt. Ltd.,Midas Stock Broking Company Private Limited,50,208.1,10405.0,2025-08-25 14:33:42.931114
2025-08-25,11290,2025082504009652,NHPC,Bhrikuti Stock Broking Co. Pvt. Ltd.,Capital Max Securities Ltd,200,208.4,41680.0,2025-08-25 14:34:44.690065
2025-08-25,10757,2025082504009733,NHPC,Kohinoor Investment & Securities Pvt. Ltd.,Aryatara Investment & Securities,142,208.1,29550.2,2025-08-25 14:36:40.871237
2025-08-25,10756,2025082504009734,NHPC,Sweta Securities Private Limited,Aryatara Investment & Securities,158,208.0,32864.0,2025-08-25 14:36:40.871521
2025-08-25,10539,2025082504009794,NHPC,Sweta Securities Private Limited,Sewa Securities Pvt. Ltd.,92,208.0,19136.0,2025-08-25 14:37:29.869429
2025-08-25,10538,2025082504009795,NHPC,Naasa Securities Co. Ltd.,Sewa Securities Pvt. Ltd.,100,208.0,20800.0,2025-08-25 14:37:29.869719
2025-08-25,10010,2025082504009955,NHPC,Naasa Securities Co. Ltd.,Sewa Securities Pvt. Ltd.,200,208.0,41600.0,2025-08-25 14:39:06.289257
2025-08-25,9676,2025082504010042,NHPC,Kumari Securities Private Limited,Sewa Securities Pvt. Ltd.,128,208.0,26624.0,2025-08-25 14:40:35.777229
2025-08-25,9280,2025082504010161,NHPC,Naasa Securities Co. Ltd.,Shree Krishna Securities Ltd.,1000,208.0,208000.0,2025-08-25 14:41:54.842169
2025-08-25,9279,2025082504010162,NHPC,Naasa Securities Co. Ltd.,Linch Stock Market Ltd.,150,208.0,31200.0,2025-08-25 14:41:54.842639
2025-08-25,9040,2025082504010209,NHPC,Naasa Securities Co. Ltd.,Sewa Securities Pvt. Ltd.,50,208.0,10400.0,2025-08-25 14:42:42.457391
2025-08-25,9039,2025082504010210,NHPC,Online Securities Pvt. Ltd.,Sewa Securities Pvt. Ltd.,448,207.9,93139.2,2025-08-25 14:42:42.457713
2025-08-25,8668,2025082504010287,NHPC,Online Securities Pvt. Ltd.,Premier Securities Company Ltd.,552,207.9,114760.8,2025-08-25 14:44:06.640458
2025-08-25,8667,2025082504010288,NHPC,Online Securities Pvt. Ltd.,Premier Securities Company Ltd.,160,207.9,33264.0,2025-08-25 14:44:06.640566
2025-08-25,8069,2025082504010459,NHPC,Online Securities Pvt. Ltd.,Dipshikha Dhitopatra Karobar Co. Pvt Ltd.,100,207.9,20790.0,2025-08-25 14:45:35.873005
2025-08-25,8067,2025082504010460,NHPC,Online Securities Pvt. Ltd.,Trisul Securities & Invt. Ltd.,800,207.9,166320.0,2025-08-25 14:45:36.720381
2025-08-25,7859,2025082504010498,NHPC,Imperial Securities Company Pvt. Ltd.,Asian Securities Private Ltd.,500,208.0,104000.0,2025-08-25 14:46:07.177572
2025-08-25,7510,2025082504010614,NHPC,Online Securities Pvt. Ltd.,Naasa Securities Co. Ltd.,30,208.0,6240.0,2025-08-25 14:47:00.317848
2025-08-25,7143,2025082504010719,NHPC,Online Securities Pvt. Ltd.,Imperial Securities Company Pvt. Ltd.,150,208.0,31200.0,2025-08-25 14:48:07.828755
2025-08-25,6876,2025082504010755,NHPC,Imperial Securities Company Pvt. Ltd.,Imperial Securities Company Pvt. Ltd.,150,208.0,31200.0,2025-08-25 14:48:42.279670
2025-08-25,6875,2025082504010756,NHPC,Imperial Securities Company Pvt. Ltd.,Naasa Securities Co. Ltd.,50,208.0,10400.0,2025-08-25 14:48:42.279949
2025-08-25,6874,2025082504010757,NHPC,Imperial Securities Company Pvt. Ltd.,Capital Max Securities Ltd,290,208.4,60436.0,2025-08-25 14:48:42.280051
2025-08-25,6120,2025082504010989,NHPC,Kohinoor Investment & Securities Pvt. Ltd.,Dynamic Money Managers Securities Pvt. Ltd.,72,208.5,15012.0,2025-08-25 14:50:29.935924
2025-08-25,5895,2025082504011026,NHPC,Neev Securities Pvt. Ltd.,Vision Securities Pvt. Ltd,10,208.8,2088.0,2025-08-25 14:51:03.173144
2025-08-25,4600,2025082504011346,NHPC,Sundhara Securities Limited,Kohinoor Investment & Securities Pvt. Ltd.,100,208.5,20850.0,2025-08-25 14:54:18.147030
2025-08-25,4370,2025082504011397,NHPC,Imperial Securities Company Pvt. Ltd.,Siprabi Securities Pvt. Ltd.,10,208.4,2084.0,2025-08-25 14:54:41.725279
2025-08-25,4369,2025082504011398,NHPC,Bhrikuti Stock Broking Co. Pvt. Ltd.,Siprabi Securities Pvt. Ltd.,40,208.1,8324.0,2025-08-25 14:54:41.725553
2025-08-25,4027,2025082504011463,NHPC,Bhrikuti Stock Broking Co. Pvt. Ltd.,Agrawal Securities (PVT) Ltd.,460,208.1,95726.0,2025-08-25 14:55:14.524335
2025-08-25,4026,2025082504011464,NHPC,Siprabi Securities Pvt. Ltd.,Agrawal Securities (PVT) Ltd.,30,208.0,6240.0,2025-08-25 14:55:14.524607
2025-08-25,4025,2025082504011465,NHPC,Kohinoor Investment & Securities Pvt. Ltd.,Agrawal Securities (PVT) Ltd.,300,208.0,62400.0,2025-08-25 14:55:14.524708
2025-08-25,4024,2025082504011466,NHPC,Online Securities Pvt. Ltd.,Agrawal Securities (PVT) Ltd.,1650,208.0,343200.0,2025-08-25 14:55:14.524803
2025-08-25,3592,2025082504011556,NHPC,Online Securities Pvt. Ltd.,Agrawal Securities (PVT) Ltd.,350,208.0,72800.0,2025-08-25 14:55:56.866961
2025-08-25,3591,2025082504011557,NHPC,Sani Securities Company Ltd.,Agrawal Securities (PVT) Ltd.,425,208.0,88400.0,2025-08-25 14:55:56.867240
2025-08-25,3449,2025082504011596,NHPC,Linch Stock Market Ltd.,Kumari Securities Private Limited,89,208.1,18520.9,2025-08-25 14:56:07.917730
2025-08-25,2954,2025082504011697,NHPC,Agrawal Securities (PVT) Ltd.,Arun Securities (PVT) Ltd.,30,208.2,6246.0,2025-08-25 14:57:03.709464
2025-08-25,2953,2025082504011698,NHPC,Linch Stock Market Ltd.,Arun Securities (PVT) Ltd.,11,208.1,2289.1,2025-08-25 14:57:03.709704
2025-08-25,2952,2025082504011699,NHPC,Sani Securities Company Ltd.,Arun Securities (PVT) Ltd.,159,208.0,33072.0,2025-08-25 14:57:03.709806
2025-08-25,2214,2025082504011857,NHPC,Neev Securities Pvt. Ltd.,Imperial Securities Company Pvt. Ltd.,10,208.6,2086.0,2025-08-25 14:58:03.117248
2025-08-25,1983,2025082504011917,NHPC,Neev Securities Pvt. Ltd.,Imperial Securities Company Pvt. Ltd.,10,208.6,2086.0,2025-08-25 14:58:22.252448
2025-08-25,1981,2025082504011918,NHPC,Sani Securities Company Ltd.,Sweta Securities Private Limited,100,208.0,20800.0,2025-08-25 14:58:22.692595
2025-08-25,1886,2025082504011946,NHPC,Neev Securities Pvt. Ltd.,Linch Stock Market Ltd.,10,208.8,2088.0,2025-08-25 14:58:30.311091
2025-08-25,1423,2025082504012048,NHPC,Nepal Investment And Securities Trading Private Limited,Linch Stock Market Ltd.,15,208.8,3132.0,2025-08-25 14:58:57.064978
2025-08-25,1212,2025082504012148,NHPC,Naasa Securities Co. Ltd.,Aryatara Investment & Securities,50,208.6,10430.0,2025-08-25 14:59:10.555299
2025-08-25,1010,2025082504012236,NHPC,Sundhara Securities Limited,Linch Stock Market Ltd.,125,208.8,26100.0,2025-08-25 14:59:21.545138
2025-08-25,742,2025082504012314,NHPC,Neev Securities Pvt. Ltd.,Global IME Securities Limited,10,209.0,2090.0,2025-08-25 14:59:32.784014
2025-08-25,462,2025082504012371,NHPC,Sundhara Securities Limited,Cristal Kanchanjanga Securites Pvt. Ltd.,65,208.8,13572.0,2025-08-25 14:59:44.210675
2025-08-25,461,2025082504012372,NHPC,Investment Management Nepal Pvt. Ltd.,Cristal Kanchanjanga Securites Pvt. Ltd.,100,208.5,20850.0,2025-08-25 14:59:44.210917
2025-08-25,460,2025082504012373,NHPC,Sani Securities Company Ltd.,Cristal Kanchanjanga Securites Pvt. Ltd.,100,208.5,20850.0,2025-08-25 14:59:44.211016
2025-08-25,459,2025082504012374,NHPC,Dipshikha Dhitopatra Karobar Co. Pvt Ltd.,Cristal Kanchanjanga Securites Pvt. Ltd.,500,208.1,104050.0,2025-08-25 14:59:44.211108
2025-08-25,458,2025082504012375,NHPC,Naasa Securities Co. Ltd.,Cristal Kanchanjanga Securites Pvt. Ltd.,200,208.1,41620.0,2025-08-25 14:59:44.211206
2025-08-25,457,2025082504012376,NHPC,Vision Securities Pvt. Ltd,Cristal Kanchanjanga Securites Pvt. Ltd.,35,208.1,7283.5,2025-08-25 14:59:44.211297
2025-08-25,298,2025082504012406,NHPC,Dipshikha Dhitopatra Karobar Co. Pvt Ltd.,Global IME Securities Limited,20,209.0,4180.0,2025-08-25 14:59:50.715626
2025-08-25,65,2025082504012464,NHPC,Thrive Brokerage House Pvt. Ltd,Global IME Securities Limited,70,209.0,14630.0,2025-08-25 14:59:58.487867
