Date,S.N.,contract_id,symbol,buyer_broker,seller_broker,volume,price,amount,transaction_time
2025-08-25,53000,2025082503001954,SAPDBL,Cristal Kanchanjanga Securites Pvt. Ltd.,ABC Securities Private Limited,1,814.0,814.0,2025-08-25 11:20:26.997982
2025-08-25,52481,2025082503002092,SAPDBL,Naasa Securities Co. Ltd.,Naasa Securities Co. Ltd.,10,835.0,8350.0,2025-08-25 11:22:41.945524
2025-08-25,51011,2025082503002486,SAPDBL,Naasa Securities Co. Ltd.,Naasa Securities Co. Ltd.,13,835.0,10855.0,2025-08-25 11:29:22.864369
2025-08-25,51007,2025082503002488,SAPDBL,Naasa Securities Co. Ltd.,South Asian Bulls Pvt. Ltd.,30,835.0,25050.0,2025-08-25 11:29:24.148756
2025-08-25,51006,2025082503002489,SAPDBL,Agrawal Securities (PVT) Ltd.,South Asian Bulls Pvt. Ltd.,40,835.0,33400.0,2025-08-25 11:29:24.149012
2025-08-25,50925,2025082503002510,SAPDBL,Naasa Securities Co. Ltd.,South Asian Bulls Pvt. Ltd.,10,835.0,8350.0,2025-08-25 11:29:53.087869
2025-08-25,50442,2025082503002649,SAPDBL,Arun Securities (PVT) Ltd.,Shree Krishna Securities Ltd.,10,832.6,8326.0,2025-08-25 11:32:09.596890
2025-08-25,48820,2025082503003076,SAPDBL,Primo Securities (PVT) Ltd.,Trishakti Securities Public Limited,20,833.1,16662.0,2025-08-25 11:39:43.875131
2025-08-25,48819,2025082503003077,SAPDBL,Online Securities Pvt. Ltd.,Trishakti Securities Public Limited,120,833.0,99960.0,2025-08-25 11:39:43.875269
2025-08-25,48818,2025082503003078,SAPDBL,Arun Securities (PVT) Ltd.,Trishakti Securities Public Limited,30,832.6,24978.0,2025-08-25 11:39:43.875330
2025-08-25,48817,2025082503003079,SAPDBL,Bhrikuti Stock Broking Co. Pvt. Ltd.,Trishakti Securities Public Limited,100,832.6,83260.0,2025-08-25 11:39:43.875429
2025-08-25,48816,2025082503003080,SAPDBL,Linch Stock Market Ltd.,Trishakti Securities Public Limited,55,832.0,45760.0,2025-08-25 11:39:43.875494
2025-08-25,48815,2025082503003081,SAPDBL,Sri Hari Securities Pvt. Ltd.,Trishakti Securities Public Limited,300,831.5,249450.0,2025-08-25 11:39:43.875546
2025-08-25,47835,2025082503003323,SAPDBL,Arun Securities (PVT) Ltd.,South Asian Bulls Pvt. Ltd.,50,831.2,41560.0,2025-08-25 11:44:07.932295
2025-08-25,47834,2025082503003324,SAPDBL,Online Securities Pvt. Ltd.,South Asian Bulls Pvt. Ltd.,50,831.1,41555.0,2025-08-25 11:44:07.932450
2025-08-25,47543,2025082503003393,SAPDBL,Online Securities Pvt. Ltd.,Trishakti Securities Public Limited,50,831.1,41555.0,2025-08-25 11:45:30.250198
2025-08-25,47542,2025082503003394,SAPDBL,Sri Hari Securities Pvt. Ltd.,Trishakti Securities Public Limited,100,831.0,83100.0,2025-08-25 11:45:30.250320
2025-08-25,47541,2025082503003395,SAPDBL,Aryatara Investment & Securities,Trishakti Securities Public Limited,100,831.0,83100.0,2025-08-25 11:45:30.250377
2025-08-25,47540,2025082503003396,SAPDBL,Sani Securities Company Ltd.,Trishakti Securities Public Limited,190,831.0,157890.0,2025-08-25 11:45:30.250431
2025-08-25,47539,2025082503003397,SAPDBL,Kohinoor Investment & Securities Pvt. Ltd.,Trishakti Securities Public Limited,100,830.2,83020.0,2025-08-25 11:45:30.250484
2025-08-25,47538,2025082503003398,SAPDBL,Online Securities Pvt. Ltd.,Trishakti Securities Public Limited,50,830.1,41505.0,2025-08-25 11:45:30.250536
2025-08-25,47537,2025082503003399,SAPDBL,Shree Krishna Securities Ltd.,Trishakti Securities Public Limited,20,830.0,16600.0,2025-08-25 11:45:30.250589
2025-08-25,47321,2025082503003449,SAPDBL,Shree Krishna Securities Ltd.,Imperial Securities Company Pvt. Ltd.,30,830.0,24900.0,2025-08-25 11:46:25.188957
2025-08-25,47320,2025082503003450,SAPDBL,Vision Securities Pvt. Ltd,Imperial Securities Company Pvt. Ltd.,10,830.0,8300.0,2025-08-25 11:46:25.189116
2025-08-25,47319,2025082503003451,SAPDBL,South Asian Bulls Pvt. Ltd.,Imperial Securities Company Pvt. Ltd.,60,830.0,49800.0,2025-08-25 11:46:25.189176
2025-08-25,47121,2025082503003485,SAPDBL,Naasa Securities Co. Ltd.,Capital Max Securities Ltd,10,830.1,8301.0,2025-08-25 11:47:24.362179
2025-08-25,46954,2025082503003517,SAPDBL,Sani Securities Company Ltd.,SHUBHAKAMANA SECURITIES PVT. LTD,55,839.9,46194.5,2025-08-25 11:48:06.908054
2025-08-25,46937,2025082503003518,SAPDBL,South Asian Bulls Pvt. Ltd.,Shree Krishna Securities Ltd.,10,830.0,8300.0,2025-08-25 11:48:15.439175
2025-08-25,44970,2025082503003899,SAPDBL,Imperial Securities Company Pvt. Ltd.,Naasa Securities Co. Ltd.,100,830.6,83060.0,2025-08-25 11:57:16.329666
2025-08-25,44965,2025082503003902,SAPDBL,Online Securities Pvt. Ltd.,Arun Securities (PVT) Ltd.,100,830.5,83050.0,2025-08-25 11:57:18.034904
2025-08-25,44895,2025082503003916,SAPDBL,Creative Securities Pvt Ltd,Midas Stock Broking Company Private Limited,100,832.0,83200.0,2025-08-25 11:57:48.096520
2025-08-25,44894,2025082503003917,SAPDBL,Agrawal Securities (PVT) Ltd.,Midas Stock Broking Company Private Limited,20,830.5,16610.0,2025-08-25 11:57:48.096783
2025-08-25,44893,2025082503003918,SAPDBL,Aryatara Investment & Securities,Midas Stock Broking Company Private Limited,20,830.4,16608.0,2025-08-25 11:57:48.096968
2025-08-25,44892,2025082503003919,SAPDBL,Market Securities & Exchange (PVT) Ltd.,Midas Stock Broking Company Private Limited,200,830.3,166060.0,2025-08-25 11:57:48.097151
2025-08-25,44891,2025082503003920,SAPDBL,South Asian Bulls Pvt. Ltd.,Midas Stock Broking Company Private Limited,30,830.0,24900.0,2025-08-25 11:57:48.097323
2025-08-25,44890,2025082503003921,SAPDBL,Naasa Securities Co. Ltd.,Midas Stock Broking Company Private Limited,10,830.0,8300.0,2025-08-25 11:57:48.097482
2025-08-25,44889,2025082503003922,SAPDBL,Aryatara Investment & Securities,Midas Stock Broking Company Private Limited,50,830.0,41500.0,2025-08-25 11:57:48.097644
2025-08-25,44888,2025082503003923,SAPDBL,Aryatara Investment & Securities,Midas Stock Broking Company Private Limited,70,830.0,58100.0,2025-08-25 11:57:48.884499
2025-08-25,44887,2025082503003924,SAPDBL,Aryatara Investment & Securities,Kumari Securities Private Limited,25,835.0,20875.0,2025-08-25 11:57:48.884634
2025-08-25,44886,2025082503003925,SAPDBL,Aryatara Investment & Securities,Kohinoor Investment & Securities Pvt. Ltd.,30,835.0,25050.0,2025-08-25 11:57:48.884689
2025-08-25,43722,2025082503004156,SAPDBL,ABC Securities Private Limited,Shree Krishna Securities Ltd.,10,829.0,8290.0,2025-08-25 12:04:02.320407
2025-08-25,42645,2025082503004364,SAPDBL,Naasa Securities Co. Ltd.,Asian Securities Private Ltd.,170,834.0,141780.0,2025-08-25 12:09:46.205216
2025-08-25,42566,2025082503004393,SAPDBL,Naasa Securities Co. Ltd.,Shree Krishna Securities Ltd.,10,829.1,8291.0,2025-08-25 12:10:06.318314
2025-08-25,42123,2025082503004475,SAPDBL,Naasa Securities Co. Ltd.,Midas Stock Broking Company Private Limited,90,829.1,74619.0,2025-08-25 12:12:21.322890
2025-08-25,42122,2025082503004476,SAPDBL,ABC Securities Private Limited,Midas Stock Broking Company Private Limited,40,829.0,33160.0,2025-08-25 12:12:21.323039
2025-08-25,42121,2025082503004477,SAPDBL,Imperial Securities Company Pvt. Ltd.,Midas Stock Broking Company Private Limited,10,829.0,8290.0,2025-08-25 12:12:21.323100
2025-08-25,42120,2025082503004478,SAPDBL,Dipshikha Dhitopatra Karobar Co. Pvt Ltd.,Midas Stock Broking Company Private Limited,30,829.0,24870.0,2025-08-25 12:12:21.323155
2025-08-25,42119,2025082503004479,SAPDBL,Sri Hari Securities Pvt. Ltd.,Midas Stock Broking Company Private Limited,300,829.0,248700.0,2025-08-25 12:12:21.323211
2025-08-25,42118,2025082503004480,SAPDBL,Linch Stock Market Ltd.,Midas Stock Broking Company Private Limited,10,829.0,8290.0,2025-08-25 12:12:21.323268
2025-08-25,42117,2025082503004481,SAPDBL,Aryatara Investment & Securities,Midas Stock Broking Company Private Limited,50,829.0,41450.0,2025-08-25 12:12:21.323324
2025-08-25,42116,2025082503004482,SAPDBL,Roadshow securities limited,Midas Stock Broking Company Private Limited,32,829.0,26528.0,2025-08-25 12:12:21.323380
2025-08-25,40657,2025082503004827,SAPDBL,Creative Securities Pvt Ltd,Thrive Brokerage House Pvt. Ltd,80,830.0,66400.0,2025-08-25 12:20:49.760564
2025-08-25,39860,2025082503005045,SAPDBL,Ashutosh Brokerage & Securities (PVT) Ltd.,Trishakti Securities Public Limited,10,833.9,8339.0,2025-08-25 12:25:01.297557
2025-08-25,38870,2025082503005205,SAPDBL,Creative Securities Pvt Ltd,Shree Krishna Securities Ltd.,10,830.0,8300.0,2025-08-25 12:31:11.246511
2025-08-25,38752,2025082503005223,SAPDBL,Creative Securities Pvt Ltd,Bhrikuti Stock Broking Co. Pvt. Ltd.,10,830.0,8300.0,2025-08-25 12:31:42.155511
2025-08-25,38751,2025082503005224,SAPDBL,Secured Securities Ltd.,Bhrikuti Stock Broking Co. Pvt. Ltd.,10,830.0,8300.0,2025-08-25 12:31:42.155656
2025-08-25,35580,2025082503005801,SAPDBL,Agrawal Securities (PVT) Ltd.,Siprabi Securities Pvt. Ltd.,30,833.7,25011.0,2025-08-25 12:49:00.752276
2025-08-25,35508,2025082503005814,SAPDBL,Online Securities Pvt. Ltd.,Trishakti Securities Public Limited,20,833.8,16676.0,2025-08-25 12:49:26.881347
2025-08-25,34686,2025082503005992,SAPDBL,Agrawal Securities (PVT) Ltd.,Sipla Securities Private Limited,20,833.7,16674.0,2025-08-25 12:52:48.859005
2025-08-25,34664,2025082503005993,SAPDBL,Trishakti Securities Public Limited,Sipla Securities Private Limited,40,833.7,33348.0,2025-08-25 12:52:51.112781
2025-08-25,33979,2025082503006066,SAPDBL,Trishakti Securities Public Limited,Sipla Securities Private Limited,150,831.0,124650.0,2025-08-25 12:55:50.313126
2025-08-25,33887,2025082503006078,SAPDBL,Aryatara Investment & Securities,Sipla Securities Private Limited,100,831.0,83100.0,2025-08-25 12:56:17.587238
2025-08-25,33759,2025082503006093,SAPDBL,Arun Securities (PVT) Ltd.,Sipla Securities Private Limited,30,831.0,24930.0,2025-08-25 12:57:01.691711
2025-08-25,32404,2025082503006352,SAPDBL,Online Securities Pvt. Ltd.,Sipla Securities Private Limited,20,831.2,16624.0,2025-08-25 13:02:51.501770
2025-08-25,32403,2025082503006353,SAPDBL,Secured Securities Ltd.,Sipla Securities Private Limited,140,831.1,116354.0,2025-08-25 13:02:51.501994
2025-08-25,31857,2025082503006446,SAPDBL,Siprabi Securities Pvt. Ltd.,N.I.M.B. Stock Markets Limited,108,833.0,89964.0,2025-08-25 13:05:23.977966
2025-08-25,30317,2025082503006767,SAPDBL,Midas Stock Broking Company Private Limited,Asian Securities Private Ltd.,70,833.0,58310.0,2025-08-25 13:13:31.793665
2025-08-25,30201,2025082503006799,SAPDBL,Secured Securities Ltd.,Trishakti Securities Public Limited,135,835.0,112725.0,2025-08-25 13:14:13.134182
2025-08-25,30200,2025082503006800,SAPDBL,Secured Securities Ltd.,Sani Securities Company Ltd.,20,835.0,16700.0,2025-08-25 13:14:13.134354
2025-08-25,29834,2025082503006881,SAPDBL,Dipshikha Dhitopatra Karobar Co. Pvt Ltd.,SHUBHAKAMANA SECURITIES PVT. LTD,50,837.8,41890.0,2025-08-25 13:16:14.436460
2025-08-25,29171,2025082503007046,SAPDBL,Naasa Securities Co. Ltd.,Asian Securities Private Ltd.,20,835.1,16702.0,2025-08-25 13:18:52.893442
2025-08-25,29170,2025082503007047,SAPDBL,Secured Securities Ltd.,Asian Securities Private Ltd.,80,835.0,66800.0,2025-08-25 13:18:52.893590
2025-08-25,28850,2025082503007099,SAPDBL,Citizens Share Broker Limited,Arun Securities (PVT) Ltd.,20,837.9,16758.0,2025-08-25 13:20:25.125312
2025-08-25,28849,2025082503007100,SAPDBL,Citizens Share Broker Limited,Agrawal Securities (PVT) Ltd.,50,837.9,41895.0,2025-08-25 13:20:25.125495
2025-08-25,28814,2025082503007122,SAPDBL,Shree Krishna Securities Ltd.,Agrawal Securities (PVT) Ltd.,10,837.9,8379.0,2025-08-25 13:20:29.669638
2025-08-25,28312,2025082503007240,SAPDBL,South Asian Bulls Pvt. Ltd.,Linch Stock Market Ltd.,20,838.0,16760.0,2025-08-25 13:22:57.942310
2025-08-25,28262,2025082503007256,SAPDBL,Shree Krishna Securities Ltd.,Malla & Malla Stock Broking Company Pvt. Limited,10,840.0,8400.0,2025-08-25 13:23:14.212336
2025-08-25,28182,2025082503007279,SAPDBL,Agrawal Securities (PVT) Ltd.,Nepal Stock House (PVT) Ltd.,10,840.0,8400.0,2025-08-25 13:23:35.973346
2025-08-25,28181,2025082503007280,SAPDBL,Agrawal Securities (PVT) Ltd.,Kohinoor Investment & Securities Pvt. Ltd.,70,840.0,58800.0,2025-08-25 13:23:35.973648
2025-08-25,28180,2025082503007281,SAPDBL,Agrawal Securities (PVT) Ltd.,Hatemalo Financial Services Private Limited,20,840.0,16800.0,2025-08-25 13:23:35.973826
2025-08-25,27647,2025082503007358,SAPDBL,Naasa Securities Co. Ltd.,SHUBHAKAMANA SECURITIES PVT. LTD,100,839.9,83990.0,2025-08-25 13:25:58.176318
2025-08-25,27646,2025082503007359,SAPDBL,Naasa Securities Co. Ltd.,Hatemalo Financial Services Private Limited,200,840.0,168000.0,2025-08-25 13:25:58.176639
2025-08-25,27333,2025082503007422,SAPDBL,Online Securities Pvt. Ltd.,Imperial Securities Company Pvt. Ltd.,50,839.9,41995.0,2025-08-25 13:27:18.923502
2025-08-25,27319,2025082503007424,SAPDBL,Imperial Securities Company Pvt. Ltd.,Siprabi Securities Pvt. Ltd.,10,836.3,8363.0,2025-08-25 13:27:24.326959
2025-08-25,27318,2025082503007425,SAPDBL,Trishakti Securities Public Limited,Siprabi Securities Pvt. Ltd.,33,836.2,27594.6,2025-08-25 13:27:24.327293
2025-08-25,27125,2025082503007449,SAPDBL,Thrive Brokerage House Pvt. Ltd,Dipshikha Dhitopatra Karobar Co. Pvt Ltd.,100,836.3,83630.0,2025-08-25 13:28:09.092234
2025-08-25,27094,2025082503007453,SAPDBL,Thrive Brokerage House Pvt. Ltd,Thrive Brokerage House Pvt. Ltd,100,836.3,83630.0,2025-08-25 13:28:16.300257
2025-08-25,27093,2025082503007454,SAPDBL,Trishakti Securities Public Limited,Thrive Brokerage House Pvt. Ltd,100,836.2,83620.0,2025-08-25 13:28:16.300318
2025-08-25,26927,2025082503007471,SAPDBL,Trishakti Securities Public Limited,Sri Hari Securities Pvt. Ltd.,117,836.2,97835.4,2025-08-25 13:29:16.216195
2025-08-25,26926,2025082503007472,SAPDBL,Aryatara Investment & Securities,Sri Hari Securities Pvt. Ltd.,200,836.0,167200.0,2025-08-25 13:29:16.216298
2025-08-25,26925,2025082503007473,SAPDBL,Midas Stock Broking Company Private Limited,Sri Hari Securities Pvt. Ltd.,30,835.2,25056.0,2025-08-25 13:29:16.216388
2025-08-25,26924,2025082503007474,SAPDBL,Trishakti Securities Public Limited,Sri Hari Securities Pvt. Ltd.,153,835.2,127785.6,2025-08-25 13:29:16.216449
2025-08-25,26831,2025082503007492,SAPDBL,Trishakti Securities Public Limited,Shree Krishna Securities Ltd.,97,835.2,81014.4,2025-08-25 13:29:50.456896
2025-08-25,26803,2025082503007500,SAPDBL,Secured Securities Ltd.,Shree Krishna Securities Ltd.,40,835.0,33400.0,2025-08-25 13:29:59.482048
2025-08-25,26802,2025082503007501,SAPDBL,Citizens Share Broker Limited,Shree Krishna Securities Ltd.,10,831.3,8313.0,2025-08-25 13:29:59.482128
2025-08-25,26207,2025082503007594,SAPDBL,SHUBHAKAMANA SECURITIES PVT. LTD,Sani Securities Company Ltd.,4,830.0,3320.0,2025-08-25 13:33:20.508157
2025-08-25,25999,2025082503007612,SAPDBL,SHUBHAKAMANA SECURITIES PVT. LTD,N.I.M.B. Stock Markets Limited,8,833.0,6664.0,2025-08-25 13:34:12.650750
2025-08-25,25477,2025082503007708,SAPDBL,SHUBHAKAMANA SECURITIES PVT. LTD,South Asian Bulls Pvt. Ltd.,3,835.0,2505.0,2025-08-25 13:36:56.156292
2025-08-25,25413,2025082503007721,SAPDBL,Dynamic Money Managers Securities Pvt. Ltd.,Arun Securities (PVT) Ltd.,85,835.0,70975.0,2025-08-25 13:37:16.937045
2025-08-25,25194,2025082503007777,SAPDBL,Hatemalo Financial Services Private Limited,Arun Securities (PVT) Ltd.,20,835.0,16700.0,2025-08-25 13:38:33.378183
2025-08-25,25137,2025082503007784,SAPDBL,ABC Securities Private Limited,Kohinoor Investment & Securities Pvt. Ltd.,50,834.0,41700.0,2025-08-25 13:38:48.465486
2025-08-25,24993,2025082503007829,SAPDBL,Shree Krishna Securities Ltd.,Arun Securities (PVT) Ltd.,30,835.0,25050.0,2025-08-25 13:39:31.605362
2025-08-25,24863,2025082503007848,SAPDBL,ABC Securities Private Limited,Arun Securities (PVT) Ltd.,36,834.0,30024.0,2025-08-25 13:40:01.087706
2025-08-25,24862,2025082503007849,SAPDBL,Thrive Brokerage House Pvt. Ltd,Arun Securities (PVT) Ltd.,75,832.2,62415.0,2025-08-25 13:40:01.087915
2025-08-25,24861,2025082503007850,SAPDBL,SHUBHAKAMANA SECURITIES PVT. LTD,Arun Securities (PVT) Ltd.,100,832.1,83210.0,2025-08-25 13:40:01.087989
2025-08-25,24860,2025082503007851,SAPDBL,South Asian Bulls Pvt. Ltd.,Arun Securities (PVT) Ltd.,109,832.0,90688.0,2025-08-25 13:40:01.088063
2025-08-25,23153,2025082503008197,SAPDBL,Shree Krishna Securities Ltd.,Imperial Securities Company Pvt. Ltd.,10,840.9,8409.0,2025-08-25 13:47:52.805641
2025-08-25,22849,2025082503008241,SAPDBL,Vision Securities Pvt. Ltd,Sri Hari Securities Pvt. Ltd.,800,840.0,672000.0,2025-08-25 13:49:04.197730
2025-08-25,22753,2025082503008256,SAPDBL,Vision Securities Pvt. Ltd,Bhrikuti Stock Broking Co. Pvt. Ltd.,90,842.0,75780.0,2025-08-25 13:49:35.813666
2025-08-25,22632,2025082503008274,SAPDBL,Secured Securities Ltd.,Shree Krishna Securities Ltd.,10,833.2,8332.0,2025-08-25 13:49:55.254879
2025-08-25,21130,2025082503008568,SAPDBL,Shree Krishna Securities Ltd.,N.I.M.B. Stock Markets Limited,10,842.6,8426.0,2025-08-25 13:56:24.549096
2025-08-25,18198,2025082503009092,SAPDBL,Sani Securities Company Ltd.,Linch Stock Market Ltd.,16,835.1,13361.6,2025-08-25 14:07:59.534206
2025-08-25,17323,2025082503009229,SAPDBL,Opal Securities Investment (PVT) Ltd.,Thrive Brokerage House Pvt. Ltd,10,841.3,8413.0,2025-08-25 14:11:26.307526
2025-08-25,17322,2025082503009230,SAPDBL,Opal Securities Investment (PVT) Ltd.,Linch Stock Market Ltd.,30,841.5,25245.0,2025-08-25 14:11:26.307914
2025-08-25,17321,2025082503009231,SAPDBL,Opal Securities Investment (PVT) Ltd.,Imperial Securities Company Pvt. Ltd.,40,841.9,33676.0,2025-08-25 14:11:26.308234
2025-08-25,17135,2025082503009259,SAPDBL,Opal Securities Investment (PVT) Ltd.,N.I.M.B. Stock Markets Limited,20,842.0,16840.0,2025-08-25 14:12:31.030188
2025-08-25,17068,2025082503009267,SAPDBL,Naasa Securities Co. Ltd.,Sweta Securities Private Limited,10,842.0,8420.0,2025-08-25 14:12:46.361451
2025-08-25,15992,2025082503009459,SAPDBL,South Asian Bulls Pvt. Ltd.,Thrive Brokerage House Pvt. Ltd,10,841.7,8417.0,2025-08-25 14:17:48.266554
2025-08-25,15991,2025082503009460,SAPDBL,South Asian Bulls Pvt. Ltd.,Neev Securities Pvt. Ltd.,240,841.8,202032.0,2025-08-25 14:17:48.266759
2025-08-25,15675,2025082503009518,SAPDBL,Online Securities Pvt. Ltd.,Naasa Securities Co. Ltd.,10,841.0,8410.0,2025-08-25 14:19:03.914970
2025-08-25,13856,2025082503009820,SAPDBL,Siprabi Securities Pvt. Ltd.,Imperial Securities Company Pvt. Ltd.,50,840.9,42045.0,2025-08-25 14:25:37.683203
2025-08-25,12867,2025082503010057,SAPDBL,Siprabi Securities Pvt. Ltd.,Vision Securities Pvt. Ltd,20,835.4,16708.0,2025-08-25 14:29:13.528152
2025-08-25,12866,2025082503010058,SAPDBL,Dipshikha Dhitopatra Karobar Co. Pvt Ltd.,Vision Securities Pvt. Ltd,50,835.3,41765.0,2025-08-25 14:29:13.528202
2025-08-25,12865,2025082503010059,SAPDBL,Oxford Securities Pvt. Ltd.,Vision Securities Pvt. Ltd,230,835.1,192073.0,2025-08-25 14:29:13.528231
2025-08-25,12778,2025082503010081,SAPDBL,Oxford Securities Pvt. Ltd.,Naasa Securities Co. Ltd.,80,835.1,66808.0,2025-08-25 14:29:31.119739
2025-08-25,12677,2025082503010111,SAPDBL,Oxford Securities Pvt. Ltd.,Sri Hari Securities Pvt. Ltd.,49,835.1,40919.9,2025-08-25 14:30:00.107055
2025-08-25,12676,2025082503010112,SAPDBL,Nepal Investment And Securities Trading Private Limited,Sri Hari Securities Pvt. Ltd.,100,835.1,83510.0,2025-08-25 14:30:00.107419
2025-08-25,12675,2025082503010113,SAPDBL,J.F. Securites (PVT) Ltd.,Sri Hari Securities Pvt. Ltd.,50,835.0,41750.0,2025-08-25 14:30:00.107644
2025-08-25,12674,2025082503010114,SAPDBL,Oxford Securities Pvt. Ltd.,Sri Hari Securities Pvt. Ltd.,50,835.0,41750.0,2025-08-25 14:30:00.107861
2025-08-25,12673,2025082503010115,SAPDBL,Sani Securities Company Ltd.,Sri Hari Securities Pvt. Ltd.,51,835.0,42585.0,2025-08-25 14:30:00.108093
2025-08-25,12334,2025082503010196,SAPDBL,Sani Securities Company Ltd.,Thrive Brokerage House Pvt. Ltd,33,835.0,27555.0,2025-08-25 14:31:07.778983
2025-08-25,12333,2025082503010197,SAPDBL,Imperial Securities Company Pvt. Ltd.,Thrive Brokerage House Pvt. Ltd,10,835.0,8350.0,2025-08-25 14:31:07.779075
2025-08-25,12332,2025082503010198,SAPDBL,Vision Securities Pvt. Ltd,Thrive Brokerage House Pvt. Ltd,10,834.0,8340.0,2025-08-25 14:31:07.779103
2025-08-25,12331,2025082503010199,SAPDBL,Siprabi Securities Pvt. Ltd.,Thrive Brokerage House Pvt. Ltd,47,833.5,39174.5,2025-08-25 14:31:07.779131
2025-08-25,10540,2025082503010614,SAPDBL,Shree Krishna Securities Ltd.,Naasa Securities Co. Ltd.,10,839.9,8399.0,2025-08-25 14:37:29.829691
2025-08-25,8791,2025082503010917,SAPDBL,Nepal Stock House (PVT) Ltd.,Garima Securities Limited,30,835.0,25050.0,2025-08-25 14:43:35.863947
2025-08-25,8790,2025082503010918,SAPDBL,Deevyaa Securities & Stock House Pvt. Ltd,Garima Securities Limited,30,835.0,25050.0,2025-08-25 14:43:35.864365
2025-08-25,8663,2025082503010948,SAPDBL,Imperial Securities Company Pvt. Ltd.,Garima Securities Limited,140,835.0,116900.0,2025-08-25 14:44:06.680050
2025-08-25,8662,2025082503010949,SAPDBL,Imperial Securities Company Pvt. Ltd.,Dynamic Money Managers Securities Pvt. Ltd.,100,839.0,83900.0,2025-08-25 14:44:06.680282
2025-08-25,8661,2025082503010950,SAPDBL,Imperial Securities Company Pvt. Ltd.,Neev Securities Pvt. Ltd.,10,839.7,8397.0,2025-08-25 14:44:06.680378
2025-08-25,7807,2025082503011074,SAPDBL,Sweta Securities Private Limited,Thrive Brokerage House Pvt. Ltd,50,833.6,41680.0,2025-08-25 14:46:14.744666
2025-08-25,7806,2025082503011075,SAPDBL,Sani Securities Company Ltd.,Thrive Brokerage House Pvt. Ltd,60,833.5,50010.0,2025-08-25 14:46:14.744883
2025-08-25,7805,2025082503011076,SAPDBL,Trishakti Securities Public Limited,Thrive Brokerage House Pvt. Ltd,150,833.4,125010.0,2025-08-25 14:46:14.744960
2025-08-25,7804,2025082503011077,SAPDBL,Shree Krishna Securities Ltd.,Thrive Brokerage House Pvt. Ltd,1740,833.4,1450116.0,2025-08-25 14:46:14.745046
2025-08-25,7648,2025082503011098,SAPDBL,Siprabi Securities Pvt. Ltd.,Trishakti Securities Public Limited,3,833.5,2500.5,2025-08-25 14:46:37.936887
2025-08-25,7306,2025082503011160,SAPDBL,Dynamic Money Managers Securities Pvt. Ltd.,Linch Stock Market Ltd.,50,838.9,41945.0,2025-08-25 14:47:35.380799
2025-08-25,6838,2025082503011254,SAPDBL,Trishakti Securities Public Limited,Himalayan Brokerage Company Limited,500,833.5,416750.0,2025-08-25 14:48:48.257890
2025-08-25,6066,2025082503011395,SAPDBL,Trishakti Securities Public Limited,J.F. Securites (PVT) Ltd.,500,833.5,416750.0,2025-08-25 14:50:40.248291
2025-08-25,6065,2025082503011396,SAPDBL,Aryatara Investment & Securities,J.F. Securites (PVT) Ltd.,75,833.5,62512.5,2025-08-25 14:50:40.248343
2025-08-25,6064,2025082503011397,SAPDBL,Primo Securities (PVT) Ltd.,J.F. Securites (PVT) Ltd.,10,833.5,8335.0,2025-08-25 14:50:40.248367
2025-08-25,6063,2025082503011398,SAPDBL,Shree Krishna Securities Ltd.,J.F. Securites (PVT) Ltd.,25,833.4,20835.0,2025-08-25 14:50:40.248390
2025-08-25,5845,2025082503011466,SAPDBL,Arun Securities (PVT) Ltd.,Infinity Securities Limited,20,834.0,16680.0,2025-08-25 14:51:07.384216
2025-08-25,5572,2025082503011526,SAPDBL,Arun Securities (PVT) Ltd.,Linch Stock Market Ltd.,35,835.0,29225.0,2025-08-25 14:51:51.043526
2025-08-25,5061,2025082503011626,SAPDBL,Thrive Brokerage House Pvt. Ltd,Trishakti Securities Public Limited,200,833.6,166720.0,2025-08-25 14:53:15.748207
2025-08-25,5060,2025082503011627,SAPDBL,Trishakti Securities Public Limited,Trishakti Securities Public Limited,500,833.5,416750.0,2025-08-25 14:53:15.748469
2025-08-25,5059,2025082503011628,SAPDBL,Shree Krishna Securities Ltd.,Trishakti Securities Public Limited,235,833.4,195849.0,2025-08-25 14:53:15.748549
2025-08-25,5058,2025082503011629,SAPDBL,Secured Securities Ltd.,Trishakti Securities Public Limited,115,833.2,95818.0,2025-08-25 14:53:15.748652
2025-08-25,5057,2025082503011630,SAPDBL,Hatemalo Financial Services Private Limited,Trishakti Securities Public Limited,53,833.1,44154.3,2025-08-25 14:53:15.748730
2025-08-25,4772,2025082503011692,SAPDBL,Hatemalo Financial Services Private Limited,Thrive Brokerage House Pvt. Ltd,167,833.1,139127.7,2025-08-25 14:53:53.119441
2025-08-25,4771,2025082503011693,SAPDBL,Sani Securities Company Ltd.,Thrive Brokerage House Pvt. Ltd,100,833.0,83300.0,2025-08-25 14:53:53.119835
2025-08-25,4770,2025082503011694,SAPDBL,Trishakti Securities Public Limited,Thrive Brokerage House Pvt. Ltd,250,833.0,208250.0,2025-08-25 14:53:53.120122
2025-08-25,4540,2025082503011750,SAPDBL,Imperial Securities Company Pvt. Ltd.,Thrive Brokerage House Pvt. Ltd,10,833.0,8330.0,2025-08-25 14:54:25.708269
2025-08-25,4340,2025082503011790,SAPDBL,Siprabi Securities Pvt. Ltd.,Infinity Securities Limited,10,832.0,8320.0,2025-08-25 14:54:46.023143
2025-08-25,4339,2025082503011791,SAPDBL,Primo Securities (PVT) Ltd.,Infinity Securities Limited,20,832.0,16640.0,2025-08-25 14:54:46.023516
2025-08-25,4133,2025082503011818,SAPDBL,Citizens Share Broker Limited,Thrive Brokerage House Pvt. Ltd,70,831.3,58191.0,2025-08-25 14:55:06.513100
2025-08-25,4132,2025082503011819,SAPDBL,Trishakti Securities Public Limited,Thrive Brokerage House Pvt. Ltd,175,831.0,145425.0,2025-08-25 14:55:06.513281
2025-08-25,4131,2025082503011820,SAPDBL,Dynamic Money Managers Securities Pvt. Ltd.,Thrive Brokerage House Pvt. Ltd,50,831.0,41550.0,2025-08-25 14:55:06.513357
2025-08-25,4130,2025082503011821,SAPDBL,Thrive Brokerage House Pvt. Ltd,Thrive Brokerage House Pvt. Ltd,100,830.6,83060.0,2025-08-25 14:55:06.513432
2025-08-25,4129,2025082503011822,SAPDBL,Malla & Malla Stock Broking Company Pvt. Limited,Thrive Brokerage House Pvt. Ltd,78,830.5,64779.0,2025-08-25 14:55:06.513508
2025-08-25,3646,2025082503011919,SAPDBL,Malla & Malla Stock Broking Company Pvt. Limited,Thrive Brokerage House Pvt. Ltd,22,830.5,18271.0,2025-08-25 14:55:50.911908
2025-08-25,3645,2025082503011920,SAPDBL,Nepal Investment And Securities Trading Private Limited,Thrive Brokerage House Pvt. Ltd,70,830.1,58107.0,2025-08-25 14:55:50.912322
2025-08-25,3644,2025082503011921,SAPDBL,Secured Securities Ltd.,Thrive Brokerage House Pvt. Ltd,10,830.0,8300.0,2025-08-25 14:55:50.912558
2025-08-25,3643,2025082503011922,SAPDBL,Online Securities Pvt. Ltd.,Thrive Brokerage House Pvt. Ltd,50,830.0,41500.0,2025-08-25 14:55:50.912780
2025-08-25,3642,2025082503011923,SAPDBL,Kumari Securities Private Limited,Thrive Brokerage House Pvt. Ltd,10,830.0,8300.0,2025-08-25 14:55:50.912992
2025-08-25,3641,2025082503011924,SAPDBL,Nepal Investment And Securities Trading Private Limited,Thrive Brokerage House Pvt. Ltd,60,830.0,49800.0,2025-08-25 14:55:50.913224
2025-08-25,3640,2025082503011925,SAPDBL,Global IME Securities Limited,Thrive Brokerage House Pvt. Ltd,241,830.0,200030.0,2025-08-25 14:55:50.913465
2025-08-25,3639,2025082503011926,SAPDBL,Primo Securities (PVT) Ltd.,Thrive Brokerage House Pvt. Ltd,10,830.0,8300.0,2025-08-25 14:55:50.913679
2025-08-25,3638,2025082503011927,SAPDBL,Trishakti Securities Public Limited,Thrive Brokerage House Pvt. Ltd,27,830.0,22410.0,2025-08-25 14:55:50.913909
2025-08-25,3571,2025082503011940,SAPDBL,Trishakti Securities Public Limited,Infinity Securities Limited,420,830.0,348600.0,2025-08-25 14:55:58.219790
2025-08-25,3555,2025082503011941,SAPDBL,Trishakti Securities Public Limited,Creative Securities Pvt Ltd,53,830.0,43990.0,2025-08-25 14:55:58.556736
2025-08-25,3554,2025082503011942,SAPDBL,Asian Securities Private Ltd.,Creative Securities Pvt Ltd,117,830.0,97110.0,2025-08-25 14:55:58.556843
2025-08-25,3431,2025082503011956,SAPDBL,Asian Securities Private Ltd.,Online Securities Pvt. Ltd.,18,830.0,14940.0,2025-08-25 14:56:11.427079
2025-08-25,3430,2025082503011957,SAPDBL,N.I.M.B. Stock Markets Limited,Online Securities Pvt. Ltd.,200,829.6,165920.0,2025-08-25 14:56:11.427326
2025-08-25,3429,2025082503011958,SAPDBL,Roadshow securities limited,Online Securities Pvt. Ltd.,18,829.0,14922.0,2025-08-25 14:56:11.427468
2025-08-25,3428,2025082503011959,SAPDBL,Agrawal Securities (PVT) Ltd.,Online Securities Pvt. Ltd.,64,829.0,53056.0,2025-08-25 14:56:11.427594
2025-08-25,3231,2025082503012007,SAPDBL,Siprabi Securities Pvt. Ltd.,Garima Securities Limited,20,830.0,16600.0,2025-08-25 14:56:35.436472
2025-08-25,3190,2025082503012011,SAPDBL,Arun Securities (PVT) Ltd.,Vision Securities Pvt. Ltd,100,831.0,83100.0,2025-08-25 14:56:41.121349
2025-08-25,3189,2025082503012012,SAPDBL,Arun Securities (PVT) Ltd.,Sani Securities Company Ltd.,10,831.3,8313.0,2025-08-25 14:56:41.121533
2025-08-25,3187,2025082503012013,SAPDBL,Arun Securities (PVT) Ltd.,Thrive Brokerage House Pvt. Ltd,77,831.3,64010.1,2025-08-25 14:56:41.171503
2025-08-25,3186,2025082503012014,SAPDBL,Siprabi Securities Pvt. Ltd.,Thrive Brokerage House Pvt. Ltd,339,830.0,281370.0,2025-08-25 14:56:41.171629
2025-08-25,2584,2025082503012121,SAPDBL,Bhrikuti Stock Broking Co. Pvt. Ltd.,Thrive Brokerage House Pvt. Ltd,29,830.0,24070.0,2025-08-25 14:57:31.424855
2025-08-25,1530,2025082503012331,SAPDBL,Agrawal Securities (PVT) Ltd.,Thrive Brokerage House Pvt. Ltd,136,829.0,112744.0,2025-08-25 14:58:48.913790
2025-08-25,1529,2025082503012332,SAPDBL,Dynamic Money Managers Securities Pvt. Ltd.,Thrive Brokerage House Pvt. Ltd,50,829.0,41450.0,2025-08-25 14:58:48.913840
2025-08-25,1528,2025082503012333,SAPDBL,Vision Securities Pvt. Ltd,Thrive Brokerage House Pvt. Ltd,10,829.0,8290.0,2025-08-25 14:58:48.913872
2025-08-25,1527,2025082503012334,SAPDBL,Online Securities Pvt. Ltd.,Thrive Brokerage House Pvt. Ltd,10,829.0,8290.0,2025-08-25 14:58:48.913898
2025-08-25,1526,2025082503012335,SAPDBL,Linch Stock Market Ltd.,Thrive Brokerage House Pvt. Ltd,50,829.0,41450.0,2025-08-25 14:58:48.913935
2025-08-25,1525,2025082503012336,SAPDBL,Aryatara Investment & Securities,Thrive Brokerage House Pvt. Ltd,50,828.0,41400.0,2025-08-25 14:58:48.913962
2025-08-25,1524,2025082503012337,SAPDBL,Bhrikuti Stock Broking Co. Pvt. Ltd.,Thrive Brokerage House Pvt. Ltd,50,828.0,41400.0,2025-08-25 14:58:48.913987
2025-08-25,1523,2025082503012338,SAPDBL,Thrive Brokerage House Pvt. Ltd,Thrive Brokerage House Pvt. Ltd,100,826.2,82620.0,2025-08-25 14:58:48.914014
2025-08-25,1522,2025082503012339,SAPDBL,Imperial Securities Company Pvt. Ltd.,Thrive Brokerage House Pvt. Ltd,44,826.1,36348.4,2025-08-25 14:58:48.914054
2025-08-25,1318,2025082503012389,SAPDBL,Thrive Brokerage House Pvt. Ltd,Naasa Securities Co. Ltd.,75,829.0,62175.0,2025-08-25 14:59:05.014358
2025-08-25,480,2025082503012540,SAPDBL,Kalika Securities Pvt. Ltd.,Naasa Securities Co. Ltd.,100,829.0,82900.0,2025-08-25 14:59:43.172589
2025-08-25,391,2025082503012561,SAPDBL,Sumeru Securities Pvt. Ltd.,Thrive Brokerage House Pvt. Ltd,500,826.4,413200.0,2025-08-25 14:59:47.391542
