Date,S.N.,Contract ID,Symbol,Buyer Broker,Seller Broker,volume,rate,amount,transaction_time
2025-08-25,57005,2025082504000011,SHEL,Sani Securities Company Ltd.,Siprabi Securities Pvt. Ltd.,10,305.0,3050.0,2025-08-25 11:00:51.977102
2025-08-25,54958,2025082504000144,SHEL,Nepal Stock House (PVT) Ltd.,Vision Securities Pvt. Ltd,10,302.0,3020.0,2025-08-25 11:10:18.410538
2025-08-25,54686,2025082504000171,SHEL,Aryatara Investment & Securities,MILKY WAY SHARE BROKER COMPANY LTD ,12,303.9,3646.8,2025-08-25 11:11:45.654446
2025-08-25,54632,2025082504000177,SHEL,Prabhu Stock Market Limited,MILKY WAY SHARE BROKER COMPANY LTD ,500,303.9,151950.0,2025-08-25 11:12:03.828113
2025-08-25,54519,2025082504000190,SHEL,Nepal Stock House (PVT) Ltd.,KALASH STOCK MARKET PVT. LTD.,200,302.0,60400.0,2025-08-25 11:12:37.355354
2025-08-25,54466,2025082504000200,SHEL,Nepal Stock House (PVT) Ltd.,Capital Hub P. Ltd,200,302.0,60400.0,2025-08-25 11:12:51.470367
2025-08-25,54080,2025082504000269,SHEL,Linch Stock Market Ltd.,Cristal Kanchanjanga Securites Pvt. Ltd.,100,302.1,30210.0,2025-08-25 11:15:01.759818
2025-08-25,54079,2025082504000270,SHEL,Vision Securities Pvt. Ltd,Cristal Kanchanjanga Securites Pvt. Ltd.,50,302.1,15105.0,2025-08-25 11:15:01.759934
2025-08-25,54078,2025082504000271,SHEL,Nepal Stock House (PVT) Ltd.,Cristal Kanchanjanga Securites Pvt. Ltd.,50,302.0,15100.0,2025-08-25 11:15:01.759986
2025-08-25,54040,2025082504000279,SHEL,Nepal Stock House (PVT) Ltd.,Online Securities Pvt. Ltd.,10,302.0,3020.0,2025-08-25 11:15:13.433226
2025-08-25,54017,2025082504000284,SHEL,Nepal Stock House (PVT) Ltd.,Sagarmatha Securities Private Limited,30,302.0,9060.0,2025-08-25 11:15:19.748695
2025-08-25,54016,2025082504000285,SHEL,Online Securities Pvt. Ltd.,Sagarmatha Securities Private Limited,970,301.4,292358.0,2025-08-25 11:15:19.748813
2025-08-25,53418,2025082504000404,SHEL,Vision Securities Pvt. Ltd,Dipshikha Dhitopatra Karobar Co. Pvt Ltd.,10,301.6,3016.0,2025-08-25 11:18:39.004974
2025-08-25,52918,2025082504000467,SHEL,Vision Securities Pvt. Ltd,Nepal Stock House (PVT) Ltd.,490,301.6,147784.0,2025-08-25 11:20:43.089775
2025-08-25,52752,2025082504000492,SHEL,Siprabi Securities Pvt. Ltd.,J.F. Securites (PVT) Ltd.,300,303.1,90930.0,2025-08-25 11:21:26.192684
2025-08-25,52751,2025082504000493,SHEL,Siprabi Securities Pvt. Ltd.,ABC Securities Private Limited,1340,303.4,406556.0,2025-08-25 11:21:26.192869
2025-08-25,52610,2025082504000522,SHEL,Siprabi Securities Pvt. Ltd.,J.F. Securites (PVT) Ltd.,360,303.4,109224.0,2025-08-25 11:22:08.102178
2025-08-25,52464,2025082504000556,SHEL,Naasa Securities Co. Ltd.,Nepal Stock House (PVT) Ltd.,10,301.6,3016.0,2025-08-25 11:22:45.460342
2025-08-25,52278,2025082504000613,SHEL,Naasa Securities Co. Ltd.,Nepal Stock House (PVT) Ltd.,162,301.6,48859.2,2025-08-25 11:23:26.461385
2025-08-25,52277,2025082504000614,SHEL,Vision Securities Pvt. Ltd,Nepal Stock House (PVT) Ltd.,123,301.6,37096.8,2025-08-25 11:23:26.461620
2025-08-25,52252,2025082504000618,SHEL,Vision Securities Pvt. Ltd,ABC Securities Private Limited,10,301.6,3016.0,2025-08-25 11:23:32.010388
2025-08-25,52216,2025082504000625,SHEL,Vision Securities Pvt. Ltd,Capital Hub P. Ltd,200,301.6,60320.0,2025-08-25 11:23:42.139518
2025-08-25,52042,2025082504000667,SHEL,Vision Securities Pvt. Ltd,Kumari Securities Private Limited,167,301.6,50367.2,2025-08-25 11:24:29.946603
2025-08-25,52041,2025082504000668,SHEL,Sewa Securities Pvt. Ltd.,Kumari Securities Private Limited,100,301.6,30160.0,2025-08-25 11:24:29.946721
2025-08-25,52040,2025082504000669,SHEL,Kohinoor Investment & Securities Pvt. Ltd.,Kumari Securities Private Limited,500,301.5,150750.0,2025-08-25 11:24:29.946751
2025-08-25,52039,2025082504000670,SHEL,Vision Securities Pvt. Ltd,Kumari Securities Private Limited,10,301.5,3015.0,2025-08-25 11:24:29.946770
2025-08-25,52038,2025082504000671,SHEL,Online Securities Pvt. Ltd.,Kumari Securities Private Limited,30,301.4,9042.0,2025-08-25 11:24:29.946794
2025-08-25,52037,2025082504000672,SHEL,Sewa Securities Pvt. Ltd.,Kumari Securities Private Limited,180,301.2,54216.0,2025-08-25 11:24:29.946817
2025-08-25,52036,2025082504000673,SHEL,Sharepro Securities Private Limited,Kumari Securities Private Limited,13,301.1,3914.3,2025-08-25 11:24:29.946840
2025-08-25,51752,2025082504000735,SHEL,Trisul Securities & Invt. Ltd.,Capital Hub P. Ltd,100,302.0,30200.0,2025-08-25 11:25:55.477997
2025-08-25,51564,2025082504000764,SHEL,Sweta Securities Private Limited,Capital Max Securities Ltd,10,301.3,3013.0,2025-08-25 11:26:53.551449
2025-08-25,51413,2025082504000788,SHEL,Sweta Securities Private Limited,Dynamic Money Managers Securities Pvt. Ltd.,190,301.3,57247.0,2025-08-25 11:27:37.180393
2025-08-25,51194,2025082504000850,SHEL,Midas Stock Broking Company Private Limited,Dynamic Money Managers Securities Pvt. Ltd.,10,301.2,3012.0,2025-08-25 11:28:38.907719
2025-08-25,51193,2025082504000851,SHEL,Midas Stock Broking Company Private Limited,Dynamic Money Managers Securities Pvt. Ltd.,100,301.2,30120.0,2025-08-25 11:28:38.907916
2025-08-25,51192,2025082504000852,SHEL,Sharepro Securities Private Limited,Dynamic Money Managers Securities Pvt. Ltd.,542,301.1,163196.2,2025-08-25 11:28:38.907998
2025-08-25,51191,2025082504000853,SHEL,Prabhu Stock Market Limited,Dynamic Money Managers Securities Pvt. Ltd.,500,301.0,150500.0,2025-08-25 11:28:38.908062
2025-08-25,51190,2025082504000854,SHEL,Sumeru Securities Pvt. Ltd.,Dynamic Money Managers Securities Pvt. Ltd.,658,301.0,198058.0,2025-08-25 11:28:38.908124
2025-08-25,50853,2025082504000935,SHEL,Sumeru Securities Pvt. Ltd.,Aryatara Investment & Securities,142,301.0,42742.0,2025-08-25 11:30:15.912530
2025-08-25,50852,2025082504000936,SHEL,Hatemalo Financial Services Private Limited,Aryatara Investment & Securities,100,301.0,30100.0,2025-08-25 11:30:15.912711
2025-08-25,50851,2025082504000937,SHEL,Hatemalo Financial Services Private Limited,Aryatara Investment & Securities,258,301.0,77658.0,2025-08-25 11:30:15.912798
2025-08-25,50674,2025082504000986,SHEL,Hatemalo Financial Services Private Limited,Imperial Securities Company Pvt. Ltd.,400,301.0,120400.0,2025-08-25 11:31:02.693877
2025-08-25,50616,2025082504001002,SHEL,Hatemalo Financial Services Private Limited,Investment Management Nepal Pvt. Ltd.,200,301.0,60200.0,2025-08-25 11:31:19.936276
2025-08-25,50612,2025082504001003,SHEL,Hatemalo Financial Services Private Limited,Deevyaa Securities & Stock House Pvt. Ltd,10,301.0,3010.0,2025-08-25 11:31:21.796560
2025-08-25,50524,2025082504001014,SHEL,Hatemalo Financial Services Private Limited,Sewa Securities Pvt. Ltd.,132,301.0,39732.0,2025-08-25 11:31:54.092661
2025-08-25,50523,2025082504001015,SHEL,Deevyaa Securities & Stock House Pvt. Ltd,Sewa Securities Pvt. Ltd.,150,301.0,45150.0,2025-08-25 11:31:54.092828
2025-08-25,50522,2025082504001016,SHEL,Hatemalo Financial Services Private Limited,Sewa Securities Pvt. Ltd.,118,301.0,35518.0,2025-08-25 11:31:54.092897
2025-08-25,50280,2025082504001062,SHEL,Hatemalo Financial Services Private Limited,Naasa Securities Co. Ltd.,600,301.0,180600.0,2025-08-25 11:33:02.782297
2025-08-25,49937,2025082504001132,SHEL,Hatemalo Financial Services Private Limited,Dipshikha Dhitopatra Karobar Co. Pvt Ltd.,100,301.0,30100.0,2025-08-25 11:34:23.880818
2025-08-25,49848,2025082504001145,SHEL,Hatemalo Financial Services Private Limited,Aryatara Investment & Securities,182,301.0,54782.0,2025-08-25 11:34:47.737864
2025-08-25,49778,2025082504001164,SHEL,Kumari Securities Private Limited,Sumeru Securities Pvt. Ltd.,1000,300.6,300600.0,2025-08-25 11:35:07.267806
2025-08-25,49777,2025082504001165,SHEL,Online Securities Pvt. Ltd.,Sumeru Securities Pvt. Ltd.,100,300.5,30050.0,2025-08-25 11:35:07.268003
2025-08-25,49776,2025082504001166,SHEL,Dipshikha Dhitopatra Karobar Co. Pvt Ltd.,Sumeru Securities Pvt. Ltd.,100,300.5,30050.0,2025-08-25 11:35:07.268090
2025-08-25,49775,2025082504001167,SHEL,Sweta Securities Private Limited,Sumeru Securities Pvt. Ltd.,300,300.4,90120.0,2025-08-25 11:35:07.268158
2025-08-25,49746,2025082504001177,SHEL,Kalika Securities Pvt. Ltd.,Aryatara Investment & Securities,10,301.0,3010.0,2025-08-25 11:35:13.758339
2025-08-25,49666,2025082504001190,SHEL,Kalika Securities Pvt. Ltd.,Kohinoor Investment & Securities Pvt. Ltd.,50,301.0,15050.0,2025-08-25 11:35:44.597361
2025-08-25,49635,2025082504001191,SHEL,Cristal Kanchanjanga Securites Pvt. Ltd.,ABC Securities Private Limited,500,300.3,150150.0,2025-08-25 11:35:52.487572
2025-08-25,49634,2025082504001192,SHEL,Ashutosh Brokerage & Securities (PVT) Ltd.,ABC Securities Private Limited,300,300.2,90060.0,2025-08-25 11:35:52.487867
2025-08-25,49633,2025082504001193,SHEL,Dynamic Money Managers Securities Pvt. Ltd.,ABC Securities Private Limited,500,300.1,150050.0,2025-08-25 11:35:52.488071
2025-08-25,49632,2025082504001194,SHEL,SUN SECURITIES PVT LTD,ABC Securities Private Limited,700,300.1,210070.0,2025-08-25 11:35:52.488401
2025-08-25,49585,2025082504001215,SHEL,Kalika Securities Pvt. Ltd.,Kohinoor Investment & Securities Pvt. Ltd.,50,301.0,15050.0,2025-08-25 11:36:06.854440
2025-08-25,49491,2025082504001234,SHEL,SUN SECURITIES PVT LTD,Shree Krishna Securities Ltd.,300,300.1,90030.0,2025-08-25 11:36:34.354729
2025-08-25,49490,2025082504001235,SHEL,Naasa Securities Co. Ltd.,Shree Krishna Securities Ltd.,100,300.1,30010.0,2025-08-25 11:36:34.354897
2025-08-25,49471,2025082504001244,SHEL,Vision Securities Pvt. Ltd,Kohinoor Investment & Securities Pvt. Ltd.,10,301.0,3010.0,2025-08-25 11:36:38.098219
2025-08-25,49430,2025082504001257,SHEL,Thrive Brokerage House Pvt. Ltd,Trishakti Securities Public Limited,10,302.0,3020.0,2025-08-25 11:36:48.463903
2025-08-25,49429,2025082504001258,SHEL,Thrive Brokerage House Pvt. Ltd,Asian Securities Private Ltd.,20,302.0,6040.0,2025-08-25 11:36:48.464241
2025-08-25,49428,2025082504001259,SHEL,Thrive Brokerage House Pvt. Ltd,Naasa Securities Co. Ltd.,100,302.0,30200.0,2025-08-25 11:36:48.464451
2025-08-25,49427,2025082504001260,SHEL,Thrive Brokerage House Pvt. Ltd,Naasa Securities Co. Ltd.,125,302.0,37750.0,2025-08-25 11:36:48.464635
2025-08-25,49300,2025082504001284,SHEL,Kalika Securities Pvt. Ltd.,Naasa Securities Co. Ltd.,10,301.0,3010.0,2025-08-25 11:37:25.947239
2025-08-25,48828,2025082504001368,SHEL,K.B.L. Securities Limited ,Aryatara Investment & Securities,500,300.4,150200.0,2025-08-25 11:39:41.578619
2025-08-25,48827,2025082504001369,SHEL,Thrive Brokerage House Pvt. Ltd,Aryatara Investment & Securities,500,300.3,150150.0,2025-08-25 11:39:41.578804
2025-08-25,48134,2025082504001537,SHEL,Sani Securities Company Ltd.,Naasa Securities Co. Ltd.,50,301.0,15050.0,2025-08-25 11:42:48.985438
2025-08-25,48133,2025082504001538,SHEL,Sani Securities Company Ltd.,Linch Stock Market Ltd.,100,302.0,30200.0,2025-08-25 11:42:48.985598
2025-08-25,47747,2025082504001670,SHEL,Citizens Share Broker Limited,Naasa Securities Co. Ltd.,37,301.4,11151.8,2025-08-25 11:44:32.402267
2025-08-25,47657,2025082504001695,SHEL,Online Securities Pvt. Ltd.,Thrive Brokerage House Pvt. Ltd,49,301.0,14749.0,2025-08-25 11:45:01.365970
2025-08-25,47656,2025082504001696,SHEL,Sani Securities Company Ltd.,Thrive Brokerage House Pvt. Ltd,51,300.5,15325.5,2025-08-25 11:45:01.366170
2025-08-25,47632,2025082504001700,SHEL,Kalika Securities Pvt. Ltd.,Naasa Securities Co. Ltd.,50,301.4,15070.0,2025-08-25 11:45:05.461253
2025-08-25,47114,2025082504001831,SHEL,Kalika Securities Pvt. Ltd.,Naasa Securities Co. Ltd.,50,301.4,15070.0,2025-08-25 11:47:30.322071
2025-08-25,46756,2025082504001902,SHEL,Kalika Securities Pvt. Ltd.,Market Securities & Exchange (PVT) Ltd.,20,301.0,6020.0,2025-08-25 11:49:22.437330
2025-08-25,46650,2025082504001925,SHEL,Kalika Securities Pvt. Ltd.,Market Securities & Exchange (PVT) Ltd.,30,301.0,9030.0,2025-08-25 11:49:47.007357
2025-08-25,46366,2025082504001995,SHEL,Deevyaa Securities & Stock House Pvt. Ltd,Market Securities & Exchange (PVT) Ltd.,35,301.0,10535.0,2025-08-25 11:51:07.879841
2025-08-25,46315,2025082504002008,SHEL,Shree Krishna Securities Ltd.,Sani Securities Company Ltd.,200,300.7,60140.0,2025-08-25 11:51:19.487530
2025-08-25,46314,2025082504002009,SHEL,Trishakti Securities Public Limited,Sani Securities Company Ltd.,200,300.6,60120.0,2025-08-25 11:51:19.487727
2025-08-25,46313,2025082504002010,SHEL,Sani Securities Company Ltd.,Sani Securities Company Ltd.,449,300.5,134924.5,2025-08-25 11:51:19.487818
2025-08-25,46246,2025082504002032,SHEL,Kalika Securities Pvt. Ltd.,Market Securities & Exchange (PVT) Ltd.,15,301.0,4515.0,2025-08-25 11:51:38.762871
2025-08-25,46074,2025082504002055,SHEL,Sani Securities Company Ltd.,Agrawal Securities (PVT) Ltd.,10,300.5,3005.0,2025-08-25 11:52:23.373017
2025-08-25,45172,2025082504002216,SHEL,Dipshikha Dhitopatra Karobar Co. Pvt Ltd.,Market Securities & Exchange (PVT) Ltd.,100,301.0,30100.0,2025-08-25 11:56:16.951157
2025-08-25,44808,2025082504002307,SHEL,Dipshikha Dhitopatra Karobar Co. Pvt Ltd.,Online Securities Pvt. Ltd.,500,301.9,150950.0,2025-08-25 11:58:19.558633
2025-08-25,44807,2025082504002308,SHEL,Dipshikha Dhitopatra Karobar Co. Pvt Ltd.,Miyo Securities Pvt Ltd,500,301.9,150950.0,2025-08-25 11:58:19.558995
2025-08-25,44773,2025082504002317,SHEL,Sani Securities Company Ltd.,Miyo Securities Pvt Ltd,90,301.9,27171.0,2025-08-25 11:58:27.778171
2025-08-25,44768,2025082504002321,SHEL,Sani Securities Company Ltd.,Miyo Securities Pvt Ltd,10,301.9,3019.0,2025-08-25 11:58:29.788290
2025-08-25,44767,2025082504002322,SHEL,Sani Securities Company Ltd.,Linch Stock Market Ltd.,504,302.0,152208.0,2025-08-25 11:58:29.788342
2025-08-25,44766,2025082504002323,SHEL,Sani Securities Company Ltd.,Naasa Securities Co. Ltd.,200,302.0,60400.0,2025-08-25 11:58:29.788369
2025-08-25,44765,2025082504002324,SHEL,Sani Securities Company Ltd.,Premier Securities Company Ltd.,1000,302.0,302000.0,2025-08-25 11:58:29.788394
2025-08-25,44764,2025082504002325,SHEL,Sani Securities Company Ltd.,Naasa Securities Co. Ltd.,10,302.0,3020.0,2025-08-25 11:58:29.788424
2025-08-25,44763,2025082504002326,SHEL,Sani Securities Company Ltd.,Capital Max Securities Ltd,10,302.0,3020.0,2025-08-25 11:58:29.788446
2025-08-25,44762,2025082504002327,SHEL,Sani Securities Company Ltd.,Online Securities Pvt. Ltd.,200,302.9,60580.0,2025-08-25 11:58:29.788470
2025-08-25,44761,2025082504002328,SHEL,Sani Securities Company Ltd.,Linch Stock Market Ltd.,66,302.9,19991.4,2025-08-25 11:58:29.788493
2025-08-25,44525,2025082504002380,SHEL,Sani Securities Company Ltd.,Nepal Stock House (PVT) Ltd.,500,301.4,150700.0,2025-08-25 11:59:53.854063
2025-08-25,44524,2025082504002381,SHEL,Bhrikuti Stock Broking Co. Pvt. Ltd.,Nepal Stock House (PVT) Ltd.,50,301.3,15065.0,2025-08-25 11:59:53.854307
2025-08-25,44523,2025082504002382,SHEL,Midas Stock Broking Company Private Limited,Nepal Stock House (PVT) Ltd.,100,301.2,30120.0,2025-08-25 11:59:53.854422
2025-08-25,44522,2025082504002383,SHEL,Thrive Brokerage House Pvt. Ltd,Nepal Stock House (PVT) Ltd.,1000,301.1,301100.0,2025-08-25 11:59:53.854502
2025-08-25,44521,2025082504002384,SHEL,Dipshikha Dhitopatra Karobar Co. Pvt Ltd.,Nepal Stock House (PVT) Ltd.,400,301.0,120400.0,2025-08-25 11:59:53.854585
2025-08-25,44520,2025082504002385,SHEL,Agrawal Securities (PVT) Ltd.,Nepal Stock House (PVT) Ltd.,100,301.0,30100.0,2025-08-25 11:59:53.854667
2025-08-25,44519,2025082504002386,SHEL,Kumari Securities Private Limited,Nepal Stock House (PVT) Ltd.,57,301.0,17157.0,2025-08-25 11:59:53.854747
2025-08-25,44518,2025082504002387,SHEL,Neev Securities Pvt. Ltd.,Nepal Stock House (PVT) Ltd.,7793,300.8,2344134.4,2025-08-25 11:59:53.854829
2025-08-25,44457,2025082504002397,SHEL,Naasa Securities Co. Ltd.,Agrawal Securities (PVT) Ltd.,20,301.0,6020.0,2025-08-25 12:00:13.983459
2025-08-25,43885,2025082504002512,SHEL,Nagarik Stock Dealer ,Naasa Securities Co. Ltd.,50,301.0,15050.0,2025-08-25 12:03:17.896465
2025-08-25,43854,2025082504002516,SHEL,Creative Securities Pvt Ltd,Naasa Securities Co. Ltd.,1000,301.0,301000.0,2025-08-25 12:03:29.187467
2025-08-25,43834,2025082504002521,SHEL,Linch Stock Market Ltd.,Naasa Securities Co. Ltd.,400,301.0,120400.0,2025-08-25 12:03:34.679096
2025-08-25,43818,2025082504002527,SHEL,Sani Securities Company Ltd.,Naasa Securities Co. Ltd.,1530,301.0,460530.0,2025-08-25 12:03:36.120795
2025-08-25,43576,2025082504002548,SHEL,Sani Securities Company Ltd.,Secured Securities Ltd.,10,301.0,3010.0,2025-08-25 12:04:32.785557
2025-08-25,43317,2025082504002593,SHEL,South Asian Bulls Pvt. Ltd.,Vision Securities Pvt. Ltd,10,301.2,3012.0,2025-08-25 12:05:56.936812
2025-08-25,43174,2025082504002647,SHEL,South Asian Bulls Pvt. Ltd.,Dakshinkali Investment & Securities Pvt. Ltd.,10,301.2,3012.0,2025-08-25 12:06:43.077147
2025-08-25,43116,2025082504002651,SHEL,South Asian Bulls Pvt. Ltd.,Imperial Securities Company Pvt. Ltd.,10,301.2,3012.0,2025-08-25 12:07:05.495687
2025-08-25,42829,2025082504002717,SHEL,Linch Stock Market Ltd.,Neev Securities Pvt. Ltd.,10,301.3,3013.0,2025-08-25 12:08:41.449196
2025-08-25,42617,2025082504002753,SHEL,Kalika Securities Pvt. Ltd.,Nabil Stock Dealer Ltd.,10,302.0,3020.0,2025-08-25 12:09:50.062660
2025-08-25,41729,2025082504002973,SHEL,Midas Stock Broking Company Private Limited,Sani Securities Company Ltd.,20,301.5,6030.0,2025-08-25 12:14:23.914196
2025-08-25,41439,2025082504003016,SHEL,Sundhara Securities Limited,Bhrikuti Stock Broking Co. Pvt. Ltd.,300,302.5,90750.0,2025-08-25 12:16:12.418033
2025-08-25,41431,2025082504003019,SHEL,Naasa Securities Co. Ltd.,Shree Krishna Securities Ltd.,100,302.0,30200.0,2025-08-25 12:16:19.507781
2025-08-25,41197,2025082504003060,SHEL,Naasa Securities Co. Ltd.,Pragyan Securities (PVT) Ltd.,19,302.0,5738.0,2025-08-25 12:17:44.570442
2025-08-25,40793,2025082504003145,SHEL,Pragyan Securities (PVT) Ltd.,Linch Stock Market Ltd.,154,302.9,46646.6,2025-08-25 12:19:57.437639
2025-08-25,40792,2025082504003146,SHEL,Pragyan Securities (PVT) Ltd.,R.B.B. Securities Company Ltd,846,302.9,256253.4,2025-08-25 12:19:57.437864
2025-08-25,40545,2025082504003209,SHEL,Naasa Securities Co. Ltd.,Sagarmatha Securities Private Limited,547,302.0,165194.0,2025-08-25 12:21:29.706181
2025-08-25,40309,2025082504003256,SHEL,Himalayan Securities Limited,Sri Hari Securities Pvt. Ltd.,150,301.6,45240.0,2025-08-25 12:22:35.910443
2025-08-25,40308,2025082504003257,SHEL,R.B.B. Securities Company Ltd,Sri Hari Securities Pvt. Ltd.,850,301.6,256360.0,2025-08-25 12:22:35.910723
2025-08-25,39908,2025082504003329,SHEL,R.B.B. Securities Company Ltd,Nepal Stock House (PVT) Ltd.,150,301.6,45240.0,2025-08-25 12:24:39.374406
2025-08-25,39842,2025082504003351,SHEL,Imperial Securities Company Pvt. Ltd.,Kumari Securities Private Limited,50,302.0,15100.0,2025-08-25 12:25:05.194958
2025-08-25,39703,2025082504003375,SHEL,Sani Securities Company Ltd.,Kumari Securities Private Limited,450,302.0,135900.0,2025-08-25 12:26:10.856571
2025-08-25,39702,2025082504003376,SHEL,Sani Securities Company Ltd.,Online Securities Pvt. Ltd.,100,302.0,30200.0,2025-08-25 12:26:10.857038
2025-08-25,39580,2025082504003400,SHEL,Aryatara Investment & Securities,Sagarmatha Securities Private Limited,30,302.8,9084.0,2025-08-25 12:26:48.547744
2025-08-25,39542,2025082504003401,SHEL,Aryatara Investment & Securities,Sundhara Securities Limited,13,302.1,3927.3,2025-08-25 12:26:59.058533
2025-08-25,39460,2025082504003419,SHEL,Sri Hari Securities Pvt. Ltd.,Naasa Securities Co. Ltd.,20,302.0,6040.0,2025-08-25 12:27:37.854016
2025-08-25,39035,2025082504003475,SHEL,Sri Hari Securities Pvt. Ltd.,Bhrikuti Stock Broking Co. Pvt. Ltd.,200,302.0,60400.0,2025-08-25 12:30:07.801628
2025-08-25,38700,2025082504003551,SHEL,Sri Hari Securities Pvt. Ltd.,Online Securities Pvt. Ltd.,20,302.0,6040.0,2025-08-25 12:32:02.367241
2025-08-25,38649,2025082504003564,SHEL,Sri Hari Securities Pvt. Ltd.,J.F. Securites (PVT) Ltd.,10,302.0,3020.0,2025-08-25 12:32:32.418274
2025-08-25,38346,2025082504003637,SHEL,Sri Hari Securities Pvt. Ltd.,Dipshikha Dhitopatra Karobar Co. Pvt Ltd.,17,302.0,5134.0,2025-08-25 12:34:09.294180
2025-08-25,37054,2025082504003878,SHEL,Nepal Stock House (PVT) Ltd.,Premier Securities Company Ltd.,25,301.9,7547.5,2025-08-25 12:41:39.197690
2025-08-25,37053,2025082504003879,SHEL,Nepal Stock House (PVT) Ltd.,Dipshikha Dhitopatra Karobar Co. Pvt Ltd.,75,302.0,22650.0,2025-08-25 12:41:39.198191
2025-08-25,36935,2025082504003898,SHEL,Siprabi Securities Pvt. Ltd.,Neev Securities Pvt. Ltd.,500,301.9,150950.0,2025-08-25 12:42:24.712279
2025-08-25,36785,2025082504003917,SHEL,South Asian Bulls Pvt. Ltd.,Naasa Securities Co. Ltd.,10,301.8,3018.0,2025-08-25 12:43:22.663512
2025-08-25,35689,2025082504004098,SHEL,Linch Stock Market Ltd.,Himalayan Brokerage Company Limited,100,302.0,30200.0,2025-08-25 12:48:30.481731
2025-08-25,34811,2025082504004307,SHEL,Sani Securities Company Ltd.,Himalayan Brokerage Company Limited,50,302.0,15100.0,2025-08-25 12:52:10.641609
2025-08-25,34691,2025082504004338,SHEL,Secured Securities Ltd.,Himalayan Brokerage Company Limited,850,302.0,256700.0,2025-08-25 12:52:47.873479
2025-08-25,34690,2025082504004339,SHEL,Secured Securities Ltd.,Nepal Stock House (PVT) Ltd.,150,302.0,45300.0,2025-08-25 12:52:47.873791
2025-08-25,34544,2025082504004377,SHEL,Linch Stock Market Ltd.,Nepal Stock House (PVT) Ltd.,50,302.0,15100.0,2025-08-25 12:53:15.955503
2025-08-25,34326,2025082504004435,SHEL,Nepal Investment And Securities Trading Private Limited,Nepal Stock House (PVT) Ltd.,150,302.1,45315.0,2025-08-25 12:54:12.691103
2025-08-25,34325,2025082504004436,SHEL,Nepal Investment And Securities Trading Private Limited,Premier Securities Company Ltd.,25,302.1,7552.5,2025-08-25 12:54:12.691620
2025-08-25,34324,2025082504004437,SHEL,Nepal Investment And Securities Trading Private Limited,Trisul Securities & Invt. Ltd.,1000,302.2,302200.0,2025-08-25 12:54:12.691952
2025-08-25,34131,2025082504004453,SHEL,Siprabi Securities Pvt. Ltd.,Premier Securities Company Ltd.,25,302.3,7557.5,2025-08-25 12:54:56.053434
2025-08-25,34002,2025082504004483,SHEL,Linch Stock Market Ltd.,Premier Securities Company Ltd.,25,302.7,7567.5,2025-08-25 12:55:37.380854
2025-08-25,34001,2025082504004484,SHEL,Linch Stock Market Ltd.,Sagarmatha Securities Private Limited,115,302.8,34822.0,2025-08-25 12:55:37.381430
2025-08-25,33933,2025082504004499,SHEL,Nepal Investment And Securities Trading Private Limited,Sagarmatha Securities Private Limited,58,302.8,17562.4,2025-08-25 12:56:04.110031
2025-08-25,33932,2025082504004500,SHEL,Nepal Investment And Securities Trading Private Limited,R.B.B. Securities Company Ltd,154,302.9,46646.6,2025-08-25 12:56:04.110576
2025-08-25,33931,2025082504004501,SHEL,Nepal Investment And Securities Trading Private Limited,R.B.B. Securities Company Ltd,500,302.9,151450.0,2025-08-25 12:56:04.110910
2025-08-25,33930,2025082504004502,SHEL,Nepal Investment And Securities Trading Private Limited,Naasa Securities Co. Ltd.,65,303.0,19695.0,2025-08-25 12:56:04.111242
2025-08-25,33929,2025082504004503,SHEL,Nepal Investment And Securities Trading Private Limited,Aryatara Investment & Securities,48,303.0,14544.0,2025-08-25 12:56:04.111566
2025-08-25,33893,2025082504004515,SHEL,Imperial Securities Company Pvt. Ltd.,Pragyan Securities (PVT) Ltd.,60,302.1,18126.0,2025-08-25 12:56:13.351872
2025-08-25,33892,2025082504004516,SHEL,Online Securities Pvt. Ltd.,Pragyan Securities (PVT) Ltd.,900,302.0,271800.0,2025-08-25 12:56:13.352430
2025-08-25,33530,2025082504004582,SHEL,Deevyaa Securities & Stock House Pvt. Ltd,Aryatara Investment & Securities,452,303.0,136956.0,2025-08-25 12:58:09.950585
2025-08-25,33529,2025082504004583,SHEL,Deevyaa Securities & Stock House Pvt. Ltd,Imperial Securities Company Pvt. Ltd.,100,303.0,30300.0,2025-08-25 12:58:09.950860
2025-08-25,33528,2025082504004584,SHEL,Deevyaa Securities & Stock House Pvt. Ltd,Aryatara Investment & Securities,300,303.0,90900.0,2025-08-25 12:58:09.950985
2025-08-25,33527,2025082504004585,SHEL,Deevyaa Securities & Stock House Pvt. Ltd,Opal Securities Investment (PVT) Ltd.,80,303.0,24240.0,2025-08-25 12:58:09.951107
2025-08-25,33526,2025082504004586,SHEL,Deevyaa Securities & Stock House Pvt. Ltd,Aryatara Investment & Securities,30,303.0,9090.0,2025-08-25 12:58:09.951256
2025-08-25,33263,2025082504004632,SHEL,Linch Stock Market Ltd.,J.F. Securites (PVT) Ltd.,130,303.4,39442.0,2025-08-25 12:59:28.994688
2025-08-25,32889,2025082504004696,SHEL,Imperial Securities Company Pvt. Ltd.,J.F. Securites (PVT) Ltd.,1010,303.4,306434.0,2025-08-25 13:01:00.173564
2025-08-25,32888,2025082504004697,SHEL,Imperial Securities Company Pvt. Ltd.,Miyo Securities Pvt Ltd,10,303.4,3034.0,2025-08-25 13:01:00.174068
2025-08-25,32881,2025082504004699,SHEL,Sweta Securities Private Limited,Sri Hari Securities Pvt. Ltd.,1000,303.6,303600.0,2025-08-25 13:01:01.704236
2025-08-25,32880,2025082504004700,SHEL,Sweta Securities Private Limited,Sri Hari Securities Pvt. Ltd.,1000,303.7,303700.0,2025-08-25 13:01:01.704522
2025-08-25,32879,2025082504004701,SHEL,Sweta Securities Private Limited,Sri Hari Securities Pvt. Ltd.,1000,303.8,303800.0,2025-08-25 13:01:01.704633
2025-08-25,32878,2025082504004702,SHEL,Sweta Securities Private Limited,MILKY WAY SHARE BROKER COMPANY LTD ,488,303.9,148303.2,2025-08-25 13:01:01.704743
2025-08-25,32877,2025082504004703,SHEL,Sweta Securities Private Limited,Dipshikha Dhitopatra Karobar Co. Pvt Ltd.,100,304.0,30400.0,2025-08-25 13:01:01.704852
2025-08-25,32876,2025082504004704,SHEL,Sweta Securities Private Limited,Aryatara Investment & Securities,200,304.0,60800.0,2025-08-25 13:01:01.704985
2025-08-25,32875,2025082504004705,SHEL,Sweta Securities Private Limited,Linch Stock Market Ltd.,100,304.0,30400.0,2025-08-25 13:01:01.705090
2025-08-25,32864,2025082504004709,SHEL,Sweta Securities Private Limited,Agrawal Securities (PVT) Ltd.,100,304.0,30400.0,2025-08-25 13:01:04.065296
2025-08-25,32263,2025082504004840,SHEL,Sundhara Securities Limited,Sri Hari Securities Pvt. Ltd.,100,304.0,30400.0,2025-08-25 13:03:24.681569
2025-08-25,32262,2025082504004841,SHEL,Opal Securities Investment (PVT) Ltd.,Sri Hari Securities Pvt. Ltd.,115,304.0,34960.0,2025-08-25 13:03:24.681847
2025-08-25,32261,2025082504004842,SHEL,Online Securities Pvt. Ltd.,Sri Hari Securities Pvt. Ltd.,285,304.0,86640.0,2025-08-25 13:03:24.682013
2025-08-25,31944,2025082504004903,SHEL,Linch Stock Market Ltd.,Naasa Securities Co. Ltd.,10,303.2,3032.0,2025-08-25 13:05:04.675298
2025-08-25,31805,2025082504004925,SHEL,Linch Stock Market Ltd.,Imperial Securities Company Pvt. Ltd.,100,303.2,30320.0,2025-08-25 13:05:39.356046
2025-08-25,31549,2025082504004991,SHEL,Linch Stock Market Ltd.,Asian Securities Private Ltd.,20,303.2,6064.0,2025-08-25 13:07:02.778385
2025-08-25,31428,2025082504005007,SHEL,Linch Stock Market Ltd.,Sani Securities Company Ltd.,20,303.3,6066.0,2025-08-25 13:07:37.133636
2025-08-25,31340,2025082504005028,SHEL,Linch Stock Market Ltd.,Sweta Securities Private Limited,10,303.3,3033.0,2025-08-25 13:08:17.608128
2025-08-25,30753,2025082504005112,SHEL,Linch Stock Market Ltd.,Nepal Stock House (PVT) Ltd.,100,303.3,30330.0,2025-08-25 13:11:18.443383
2025-08-25,30728,2025082504005118,SHEL,Aryatara Investment & Securities,Bhrikuti Stock Broking Co. Pvt. Ltd.,100,304.0,30400.0,2025-08-25 13:11:24.778280
2025-08-25,30650,2025082504005132,SHEL,Linch Stock Market Ltd.,Bhrikuti Stock Broking Co. Pvt. Ltd.,400,304.0,121600.0,2025-08-25 13:11:54.745813
2025-08-25,30649,2025082504005133,SHEL,Linch Stock Market Ltd.,Online Securities Pvt. Ltd.,20,304.0,6080.0,2025-08-25 13:11:54.746142
2025-08-25,30268,2025082504005239,SHEL,Sri Hari Securities Pvt. Ltd.,Dipshikha Dhitopatra Karobar Co. Pvt Ltd.,99,304.9,30185.1,2025-08-25 13:13:44.447273
2025-08-25,30251,2025082504005249,SHEL,Aryatara Investment & Securities,Dipshikha Dhitopatra Karobar Co. Pvt Ltd.,105,304.9,32014.5,2025-08-25 13:13:53.912744
2025-08-25,30250,2025082504005250,SHEL,Aryatara Investment & Securities,Sri Hari Securities Pvt. Ltd.,1000,304.9,304900.0,2025-08-25 13:13:53.913036
2025-08-25,30249,2025082504005251,SHEL,Aryatara Investment & Securities,Siprabi Securities Pvt. Ltd.,895,304.9,272885.5,2025-08-25 13:13:53.913168
2025-08-25,30232,2025082504005253,SHEL,Imperial Securities Company Pvt. Ltd.,Siprabi Securities Pvt. Ltd.,1000,304.9,304900.0,2025-08-25 13:14:01.233545
2025-08-25,30197,2025082504005265,SHEL,Sajilo Broker Limited,Hatemalo Financial Services Private Limited,500,304.5,152250.0,2025-08-25 13:14:14.556819
2025-08-25,29802,2025082504005348,SHEL,Hatemalo Financial Services Private Limited,Siprabi Securities Pvt. Ltd.,105,304.9,32014.5,2025-08-25 13:16:23.883471
2025-08-25,29801,2025082504005349,SHEL,Hatemalo Financial Services Private Limited,Kohinoor Investment & Securities Pvt. Ltd.,350,305.0,106750.0,2025-08-25 13:16:23.883746
2025-08-25,29800,2025082504005350,SHEL,Hatemalo Financial Services Private Limited,Kumari Securities Private Limited,45,305.0,13725.0,2025-08-25 13:16:23.883861
2025-08-25,29752,2025082504005359,SHEL,Linch Stock Market Ltd.,Naasa Securities Co. Ltd.,10,304.1,3041.0,2025-08-25 13:16:37.608448
2025-08-25,29488,2025082504005394,SHEL,Blue Chip Securities Ltd,Hatemalo Financial Services Private Limited,700,304.3,213010.0,2025-08-25 13:17:18.018026
2025-08-25,29415,2025082504005414,SHEL,Hatemalo Financial Services Private Limited,Kumari Securities Private Limited,227,305.0,69235.0,2025-08-25 13:17:39.065718
2025-08-25,29414,2025082504005415,SHEL,Hatemalo Financial Services Private Limited,Sewa Securities Pvt. Ltd.,134,305.0,40870.0,2025-08-25 13:17:39.066003
2025-08-25,29413,2025082504005416,SHEL,Hatemalo Financial Services Private Limited,Online Securities Pvt. Ltd.,150,305.0,45750.0,2025-08-25 13:17:39.066130
2025-08-25,29412,2025082504005417,SHEL,Hatemalo Financial Services Private Limited,Oxford Securities Pvt. Ltd.,20,305.0,6100.0,2025-08-25 13:17:39.066250
2025-08-25,29411,2025082504005418,SHEL,Hatemalo Financial Services Private Limited,Secured Securities Ltd.,169,305.0,51545.0,2025-08-25 13:17:39.066376
2025-08-25,29373,2025082504005430,SHEL,Imperial Securities Company Pvt. Ltd.,Secured Securities Ltd.,24,305.0,7320.0,2025-08-25 13:17:52.592005
2025-08-25,28941,2025082504005537,SHEL,South Asian Bulls Pvt. Ltd.,Secured Securities Ltd.,157,305.0,47885.0,2025-08-25 13:20:07.982720
2025-08-25,28940,2025082504005538,SHEL,South Asian Bulls Pvt. Ltd.,Sani Securities Company Ltd.,10,305.0,3050.0,2025-08-25 13:20:07.983241
2025-08-25,28939,2025082504005539,SHEL,South Asian Bulls Pvt. Ltd.,Sri Hari Securities Pvt. Ltd.,333,305.0,101565.0,2025-08-25 13:20:07.983588
2025-08-25,28912,2025082504005547,SHEL,J.F. Securites (PVT) Ltd.,Hatemalo Financial Services Private Limited,100,304.1,30410.0,2025-08-25 13:20:13.437628
2025-08-25,28911,2025082504005548,SHEL,Aryatara Investment & Securities,Hatemalo Financial Services Private Limited,100,304.0,30400.0,2025-08-25 13:20:13.438140
2025-08-25,28910,2025082504005549,SHEL,Machhapuchchhre Securities Limited,Hatemalo Financial Services Private Limited,300,304.0,91200.0,2025-08-25 13:20:13.438566
2025-08-25,28668,2025082504005596,SHEL,Hatemalo Financial Services Private Limited,Sri Hari Securities Pvt. Ltd.,500,305.0,152500.0,2025-08-25 13:21:05.557153
2025-08-25,28385,2025082504005662,SHEL,K.B.L. Securities Limited ,Sri Hari Securities Pvt. Ltd.,167,305.0,50935.0,2025-08-25 13:22:34.822673
2025-08-25,28384,2025082504005663,SHEL,K.B.L. Securities Limited ,Premier Securities Company Ltd.,300,305.0,91500.0,2025-08-25 13:22:34.822955
2025-08-25,28383,2025082504005664,SHEL,K.B.L. Securities Limited ,Sani Securities Company Ltd.,20,305.0,6100.0,2025-08-25 13:22:34.823071
2025-08-25,28382,2025082504005665,SHEL,K.B.L. Securities Limited ,Linch Stock Market Ltd.,13,305.0,3965.0,2025-08-25 13:22:34.823197
2025-08-25,28370,2025082504005674,SHEL,Capital Max Securities Ltd,Hatemalo Financial Services Private Limited,200,304.1,60820.0,2025-08-25 13:22:36.779623
2025-08-25,28369,2025082504005675,SHEL,Machhapuchchhre Securities Limited,Hatemalo Financial Services Private Limited,355,304.0,107920.0,2025-08-25 13:22:36.779928
2025-08-25,28218,2025082504005712,SHEL,Hatemalo Financial Services Private Limited,Nabil Stock Dealer Ltd.,450,304.0,136800.0,2025-08-25 13:23:30.085154
2025-08-25,28034,2025082504005753,SHEL,Hatemalo Financial Services Private Limited,Nepal Stock House (PVT) Ltd.,550,304.0,167200.0,2025-08-25 13:24:05.302794
2025-08-25,28033,2025082504005754,SHEL,Midas Stock Broking Company Private Limited,Nepal Stock House (PVT) Ltd.,450,303.5,136575.0,2025-08-25 13:24:05.302845
2025-08-25,27745,2025082504005828,SHEL,Midas Stock Broking Company Private Limited,Hatemalo Financial Services Private Limited,169,303.5,51291.5,2025-08-25 13:25:32.226541
2025-08-25,27744,2025082504005829,SHEL,Online Securities Pvt. Ltd.,Hatemalo Financial Services Private Limited,20,303.3,6066.0,2025-08-25 13:25:32.226873
2025-08-25,27743,2025082504005830,SHEL,Linch Stock Market Ltd.,Hatemalo Financial Services Private Limited,70,303.2,21224.0,2025-08-25 13:25:32.227020
2025-08-25,27742,2025082504005831,SHEL,Siprabi Securities Pvt. Ltd.,Hatemalo Financial Services Private Limited,186,303.2,56395.2,2025-08-25 13:25:32.227148
2025-08-25,27388,2025082504005913,SHEL,Siprabi Securities Pvt. Ltd.,Dakshinkali Investment & Securities Pvt. Ltd.,814,303.2,246804.8,2025-08-25 13:27:03.339771
2025-08-25,27387,2025082504005914,SHEL,Sumeru Securities Pvt. Ltd.,Dakshinkali Investment & Securities Pvt. Ltd.,686,303.1,207926.6,2025-08-25 13:27:03.340335
2025-08-25,27287,2025082504005935,SHEL,Sumeru Securities Pvt. Ltd.,Thrive Brokerage House Pvt. Ltd,30,303.1,9093.0,2025-08-25 13:27:32.108378
2025-08-25,27245,2025082504005951,SHEL,Sumeru Securities Pvt. Ltd.,Sweta Securities Private Limited,20,303.1,6062.0,2025-08-25 13:27:41.996263
2025-08-25,27041,2025082504006022,SHEL,Hatemalo Financial Services Private Limited,Bhrikuti Stock Broking Co. Pvt. Ltd.,200,304.8,60960.0,2025-08-25 13:28:31.662330
2025-08-25,27040,2025082504006023,SHEL,Hatemalo Financial Services Private Limited,Siprabi Securities Pvt. Ltd.,800,304.9,243920.0,2025-08-25 13:28:31.662696
2025-08-25,27008,2025082504006029,SHEL,Sumeru Securities Pvt. Ltd.,Hatemalo Financial Services Private Limited,64,303.1,19398.4,2025-08-25 13:28:49.710268
2025-08-25,27007,2025082504006030,SHEL,Hatemalo Financial Services Private Limited,Hatemalo Financial Services Private Limited,1936,303.1,586801.6,2025-08-25 13:28:49.710585
2025-08-25,26980,2025082504006035,SHEL,Vision Securities Pvt. Ltd,Siprabi Securities Pvt. Ltd.,200,304.9,60980.0,2025-08-25 13:29:01.602287
2025-08-25,26979,2025082504006036,SHEL,Vision Securities Pvt. Ltd,Linch Stock Market Ltd.,87,305.0,26535.0,2025-08-25 13:29:01.602560
2025-08-25,26978,2025082504006037,SHEL,Vision Securities Pvt. Ltd,Nepal Investment And Securities Trading Private Limited,50,305.0,15250.0,2025-08-25 13:29:01.602679
2025-08-25,26977,2025082504006038,SHEL,Vision Securities Pvt. Ltd,Sani Securities Company Ltd.,20,305.0,6100.0,2025-08-25 13:29:01.602790
2025-08-25,26976,2025082504006039,SHEL,Vision Securities Pvt. Ltd,Trishakti Securities Public Limited,100,305.0,30500.0,2025-08-25 13:29:01.602900
2025-08-25,26975,2025082504006040,SHEL,Vision Securities Pvt. Ltd,Nepal Investment And Securities Trading Private Limited,43,305.0,13115.0,2025-08-25 13:29:01.603009
2025-08-25,26784,2025082504006083,SHEL,Vision Securities Pvt. Ltd,Siprabi Securities Pvt. Ltd.,160,305.0,48800.0,2025-08-25 13:30:04.083382
2025-08-25,26783,2025082504006084,SHEL,Vision Securities Pvt. Ltd,J.F. Securites (PVT) Ltd.,100,305.0,30500.0,2025-08-25 13:30:04.083723
2025-08-25,26782,2025082504006085,SHEL,Vision Securities Pvt. Ltd,Capital Max Securities Ltd,40,305.0,12200.0,2025-08-25 13:30:04.083861
2025-08-25,25768,2025082504006279,SHEL,Dynamic Money Managers Securities Pvt. Ltd.,Hatemalo Financial Services Private Limited,102,304.9,31099.8,2025-08-25 13:35:24.930587
2025-08-25,25636,2025082504006297,SHEL,Shree Krishna Securities Ltd.,Hatemalo Financial Services Private Limited,500,304.9,152450.0,2025-08-25 13:36:00.874167
2025-08-25,25460,2025082504006325,SHEL,Miyo Securities Pvt Ltd,Hatemalo Financial Services Private Limited,398,304.9,121350.2,2025-08-25 13:37:01.687097
2025-08-25,25323,2025082504006358,SHEL,Hatemalo Financial Services Private Limited,Capital Max Securities Ltd,1000,305.0,305000.0,2025-08-25 13:37:40.238139
2025-08-25,25287,2025082504006371,SHEL,Dynamic Money Managers Securities Pvt. Ltd.,Capital Max Securities Ltd,38,305.0,11590.0,2025-08-25 13:37:58.327904
2025-08-25,25150,2025082504006410,SHEL,Investment Management Nepal Pvt. Ltd.,Hatemalo Financial Services Private Limited,1000,304.9,304900.0,2025-08-25 13:38:45.646327
2025-08-25,25149,2025082504006411,SHEL,Investment Management Nepal Pvt. Ltd.,Capital Max Securities Ltd,922,305.0,281210.0,2025-08-25 13:38:45.646630
2025-08-25,25148,2025082504006412,SHEL,Investment Management Nepal Pvt. Ltd.,N.I.M.B. Stock Markets Limited,450,305.0,137250.0,2025-08-25 13:38:45.646756
2025-08-25,25147,2025082504006413,SHEL,Investment Management Nepal Pvt. Ltd.,ABC Securities Private Limited,25,305.0,7625.0,2025-08-25 13:38:45.646877
2025-08-25,25146,2025082504006414,SHEL,Investment Management Nepal Pvt. Ltd.,Secured Securities Ltd.,200,305.0,61000.0,2025-08-25 13:38:45.646996
2025-08-25,25145,2025082504006415,SHEL,Investment Management Nepal Pvt. Ltd.,Shree Krishna Securities Ltd.,20,305.0,6100.0,2025-08-25 13:38:45.647167
2025-08-25,25144,2025082504006416,SHEL,Investment Management Nepal Pvt. Ltd.,Linch Stock Market Ltd.,100,305.0,30500.0,2025-08-25 13:38:45.647520
2025-08-25,25143,2025082504006417,SHEL,Investment Management Nepal Pvt. Ltd.,Imperial Securities Company Pvt. Ltd.,135,305.0,41175.0,2025-08-25 13:38:45.647861
2025-08-25,24767,2025082504006471,SHEL,Dynamic Money Managers Securities Pvt. Ltd.,Thrive Brokerage House Pvt. Ltd,13,305.5,3971.5,2025-08-25 13:40:21.129132
2025-08-25,24518,2025082504006522,SHEL,Linch Stock Market Ltd.,Naasa Securities Co. Ltd.,75,305.0,22875.0,2025-08-25 13:41:33.704562
2025-08-25,24487,2025082504006524,SHEL,Linch Stock Market Ltd.,Bhrikuti Stock Broking Co. Pvt. Ltd.,23,305.0,7015.0,2025-08-25 13:41:43.442377
2025-08-25,24486,2025082504006525,SHEL,Dipshikha Dhitopatra Karobar Co. Pvt Ltd.,Bhrikuti Stock Broking Co. Pvt. Ltd.,50,305.0,15250.0,2025-08-25 13:41:43.442959
2025-08-25,24397,2025082504006554,SHEL,Investment Management Nepal Pvt. Ltd.,Bhrikuti Stock Broking Co. Pvt. Ltd.,148,305.0,45140.0,2025-08-25 13:42:01.473040
2025-08-25,24070,2025082504006625,SHEL,Dynamic Money Managers Securities Pvt. Ltd.,Bhrikuti Stock Broking Co. Pvt. Ltd.,29,305.0,8845.0,2025-08-25 13:43:15.045115
2025-08-25,24069,2025082504006626,SHEL,Dynamic Money Managers Securities Pvt. Ltd.,Bhrikuti Stock Broking Co. Pvt. Ltd.,40,305.0,12200.0,2025-08-25 13:43:15.045673
2025-08-25,24068,2025082504006627,SHEL,Nepal Investment And Securities Trading Private Limited,Bhrikuti Stock Broking Co. Pvt. Ltd.,100,305.0,30500.0,2025-08-25 13:43:15.160913
2025-08-25,24047,2025082504006637,SHEL,Kumari Securities Private Limited,Bhrikuti Stock Broking Co. Pvt. Ltd.,360,305.0,109800.0,2025-08-25 13:43:22.253958
2025-08-25,24014,2025082504006651,SHEL,Kumari Securities Private Limited,Dipshikha Dhitopatra Karobar Co. Pvt Ltd.,480,305.0,146400.0,2025-08-25 13:43:29.936215
2025-08-25,23965,2025082504006664,SHEL,Kumari Securities Private Limited,Linch Stock Market Ltd.,100,305.0,30500.0,2025-08-25 13:43:40.482039
2025-08-25,23759,2025082504006721,SHEL,Kumari Securities Private Limited,K.B.L. Securities Limited ,60,305.0,18300.0,2025-08-25 13:44:40.647442
2025-08-25,23758,2025082504006722,SHEL,Secured Securities Ltd.,K.B.L. Securities Limited ,500,305.0,152500.0,2025-08-25 13:44:40.648012
2025-08-25,23461,2025082504006810,SHEL,Hatemalo Financial Services Private Limited,K.B.L. Securities Limited ,140,305.0,42700.0,2025-08-25 13:46:17.519513
2025-08-25,23460,2025082504006811,SHEL,Hatemalo Financial Services Private Limited,Aryatara Investment & Securities,10,305.0,3050.0,2025-08-25 13:46:17.519833
2025-08-25,23459,2025082504006812,SHEL,Hatemalo Financial Services Private Limited,Thrive Brokerage House Pvt. Ltd,27,305.2,8240.4,2025-08-25 13:46:17.519957
2025-08-25,23458,2025082504006813,SHEL,Hatemalo Financial Services Private Limited,Sri Hari Securities Pvt. Ltd.,823,305.9,251755.7,2025-08-25 13:46:17.520079
2025-08-25,22938,2025082504006962,SHEL,Secured Securities Ltd.,Sri Hari Securities Pvt. Ltd.,20,305.9,6118.0,2025-08-25 13:48:47.335755
2025-08-25,22853,2025082504006997,SHEL,Secured Securities Ltd.,Hatemalo Financial Services Private Limited,300,305.5,91650.0,2025-08-25 13:49:03.938393
2025-08-25,22852,2025082504006998,SHEL,Linch Stock Market Ltd.,Hatemalo Financial Services Private Limited,80,305.0,24400.0,2025-08-25 13:49:03.938717
2025-08-25,22851,2025082504006999,SHEL,Dipshikha Dhitopatra Karobar Co. Pvt Ltd.,Hatemalo Financial Services Private Limited,620,304.9,189038.0,2025-08-25 13:49:03.938967
2025-08-25,22386,2025082504007141,SHEL,Trishakti Securities Public Limited,Capital Max Securities Ltd,1000,305.0,305000.0,2025-08-25 13:51:09.283176
2025-08-25,22279,2025082504007183,SHEL,Premier Securities Company Ltd.,Capital Max Securities Ltd,1000,305.0,305000.0,2025-08-25 13:51:29.449639
2025-08-25,22020,2025082504007233,SHEL,Nepal Stock House (PVT) Ltd.,Kohinoor Investment & Securities Pvt. Ltd.,300,305.8,91740.0,2025-08-25 13:52:38.332617
2025-08-25,21860,2025082504007278,SHEL,Hatemalo Financial Services Private Limited,Kohinoor Investment & Securities Pvt. Ltd.,1000,305.8,305800.0,2025-08-25 13:53:23.568814
2025-08-25,21310,2025082504007381,SHEL,R.B.B. Securities Company Ltd,Kohinoor Investment & Securities Pvt. Ltd.,500,305.8,152900.0,2025-08-25 13:55:35.637544
2025-08-25,21241,2025082504007396,SHEL,Imperial Securities Company Pvt. Ltd.,Sani Securities Company Ltd.,1000,305.7,305700.0,2025-08-25 13:55:53.056688
2025-08-25,21203,2025082504007409,SHEL,S.P.S.A. Securities Limited,Naasa Securities Co. Ltd.,10,305.2,3052.0,2025-08-25 13:56:03.878898
2025-08-25,21180,2025082504007415,SHEL,Hatemalo Financial Services Private Limited,Kohinoor Investment & Securities Pvt. Ltd.,950,305.8,290510.0,2025-08-25 13:56:11.972542
2025-08-25,21179,2025082504007416,SHEL,Hatemalo Financial Services Private Limited,Sri Hari Securities Pvt. Ltd.,157,305.9,48026.3,2025-08-25 13:56:11.973119
2025-08-25,21178,2025082504007417,SHEL,Hatemalo Financial Services Private Limited,Imperial Securities Company Pvt. Ltd.,300,305.9,91770.0,2025-08-25 13:56:11.973524
2025-08-25,21177,2025082504007418,SHEL,Hatemalo Financial Services Private Limited,Sri Hari Securities Pvt. Ltd.,1000,305.9,305900.0,2025-08-25 13:56:11.973906
2025-08-25,21176,2025082504007419,SHEL,Hatemalo Financial Services Private Limited,Sri Hari Securities Pvt. Ltd.,200,305.9,61180.0,2025-08-25 13:56:11.974274
2025-08-25,21175,2025082504007420,SHEL,Hatemalo Financial Services Private Limited,Bhrikuti Stock Broking Co. Pvt. Ltd.,300,306.0,91800.0,2025-08-25 13:56:11.974673
2025-08-25,21174,2025082504007421,SHEL,Hatemalo Financial Services Private Limited,Linch Stock Market Ltd.,100,306.0,30600.0,2025-08-25 13:56:11.975029
2025-08-25,21173,2025082504007422,SHEL,Hatemalo Financial Services Private Limited,Naasa Securities Co. Ltd.,300,306.0,91800.0,2025-08-25 13:56:11.975401
2025-08-25,21172,2025082504007423,SHEL,Hatemalo Financial Services Private Limited,K.B.L. Securities Limited ,900,306.0,275400.0,2025-08-25 13:56:11.975769
2025-08-25,21171,2025082504007424,SHEL,Hatemalo Financial Services Private Limited,Sani Securities Company Ltd.,525,306.0,160650.0,2025-08-25 13:56:11.976117
2025-08-25,21170,2025082504007425,SHEL,Hatemalo Financial Services Private Limited,Vision Securities Pvt. Ltd,500,306.0,153000.0,2025-08-25 13:56:11.976479
2025-08-25,21169,2025082504007426,SHEL,Hatemalo Financial Services Private Limited,Cristal Kanchanjanga Securites Pvt. Ltd.,200,306.0,61200.0,2025-08-25 13:56:11.976844
2025-08-25,21045,2025082504007446,SHEL,Hatemalo Financial Services Private Limited,Midas Stock Broking Company Private Limited,100,306.3,30630.0,2025-08-25 13:56:56.076410
2025-08-25,21044,2025082504007447,SHEL,Hatemalo Financial Services Private Limited,Aryatara Investment & Securities,79,306.3,24197.7,2025-08-25 13:56:56.076744
2025-08-25,20907,2025082504007482,SHEL,Hatemalo Financial Services Private Limited,Vision Securities Pvt. Ltd,89,306.3,27260.7,2025-08-25 13:57:23.042745
2025-08-25,20482,2025082504007577,SHEL,Imperial Securities Company Pvt. Ltd.,Vision Securities Pvt. Ltd,50,306.4,15320.0,2025-08-25 13:59:13.557534
2025-08-25,20420,2025082504007598,SHEL,Aryatara Investment & Securities,Capital Max Securities Ltd,100,306.0,30600.0,2025-08-25 13:59:25.967894
2025-08-25,19792,2025082504007755,SHEL,Naasa Securities Co. Ltd.,Hatemalo Financial Services Private Limited,30,305.1,9153.0,2025-08-25 14:01:55.860542
2025-08-25,19791,2025082504007756,SHEL,Siprabi Securities Pvt. Ltd.,Hatemalo Financial Services Private Limited,300,305.0,91500.0,2025-08-25 14:01:55.860908
2025-08-25,19790,2025082504007757,SHEL,Kumari Securities Private Limited,Hatemalo Financial Services Private Limited,1000,305.0,305000.0,2025-08-25 14:01:55.861032
2025-08-25,19485,2025082504007830,SHEL,Premier Securities Company Ltd.,Hatemalo Financial Services Private Limited,4370,305.0,1332850.0,2025-08-25 14:03:13.672304
2025-08-25,19034,2025082504007936,SHEL,Premier Securities Company Ltd.,Trishakti Securities Public Limited,10,305.0,3050.0,2025-08-25 14:05:08.112233
2025-08-25,18991,2025082504007956,SHEL,Premier Securities Company Ltd.,ABC Securities Private Limited,300,305.0,91500.0,2025-08-25 14:05:17.549654
2025-08-25,18739,2025082504008042,SHEL,Premier Securities Company Ltd.,Citizens Share Broker Limited,1000,305.0,305000.0,2025-08-25 14:06:07.189760
2025-08-25,18620,2025082504008067,SHEL,Premier Securities Company Ltd.,Kohinoor Investment & Securities Pvt. Ltd.,300,305.0,91500.0,2025-08-25 14:06:29.495588
2025-08-25,18600,2025082504008073,SHEL,Premier Securities Company Ltd.,Sundhara Securities Limited,20,305.0,6100.0,2025-08-25 14:06:32.112611
2025-08-25,18519,2025082504008086,SHEL,ABC Securities Private Limited,Nepal Stock House (PVT) Ltd.,500,305.0,152500.0,2025-08-25 14:06:50.892519
2025-08-25,18406,2025082504008108,SHEL,ABC Securities Private Limited,Nabil Stock Dealer Ltd.,200,305.0,61000.0,2025-08-25 14:07:11.016209
2025-08-25,18249,2025082504008136,SHEL,ABC Securities Private Limited,Vision Securities Pvt. Ltd,26,305.0,7930.0,2025-08-25 14:07:49.602971
2025-08-25,17879,2025082504008200,SHEL,Dipshikha Dhitopatra Karobar Co. Pvt Ltd.,Online Securities Pvt. Ltd.,50,304.9,15245.0,2025-08-25 14:09:01.341865
2025-08-25,17228,2025082504008312,SHEL,Trishakti Securities Public Limited,Online Securities Pvt. Ltd.,500,305.5,152750.0,2025-08-25 14:11:54.757801
2025-08-25,17227,2025082504008313,SHEL,Trishakti Securities Public Limited,Vision Securities Pvt. Ltd,100,305.8,30580.0,2025-08-25 14:11:54.758151
2025-08-25,17226,2025082504008314,SHEL,Trishakti Securities Public Limited,Premier Securities Company Ltd.,400,305.9,122360.0,2025-08-25 14:11:54.758280
2025-08-25,17225,2025082504008315,SHEL,Trishakti Securities Public Limited,Sri Hari Securities Pvt. Ltd.,200,305.9,61180.0,2025-08-25 14:11:54.758423
2025-08-25,17224,2025082504008316,SHEL,Trishakti Securities Public Limited,Shree Krishna Securities Ltd.,500,305.9,152950.0,2025-08-25 14:11:54.758553
2025-08-25,17223,2025082504008317,SHEL,Trishakti Securities Public Limited,Naasa Securities Co. Ltd.,1200,305.9,367080.0,2025-08-25 14:11:54.758682
2025-08-25,17151,2025082504008336,SHEL,Dynamic Money Managers Securities Pvt. Ltd.,Capital Max Securities Ltd,34,306.0,10404.0,2025-08-25 14:12:22.889955
2025-08-25,17141,2025082504008337,SHEL,Trishakti Securities Public Limited,Premier Securities Company Ltd.,500,305.9,152950.0,2025-08-25 14:12:27.371901
2025-08-25,17040,2025082504008377,SHEL,Trishakti Securities Public Limited,Trishakti Securities Public Limited,10,305.9,3059.0,2025-08-25 14:12:53.243072
2025-08-25,16946,2025082504008398,SHEL,Sumeru Securities Pvt. Ltd.,Capital Max Securities Ltd,63,306.0,19278.0,2025-08-25 14:13:20.543726
2025-08-25,16610,2025082504008475,SHEL,Trishakti Securities Public Limited,Sri Hari Securities Pvt. Ltd.,590,305.9,180481.0,2025-08-25 14:15:04.161824
2025-08-25,15916,2025082504008642,SHEL,Naasa Securities Co. Ltd.,Thrive Brokerage House Pvt. Ltd,10,305.2,3052.0,2025-08-25 14:18:06.377651
2025-08-25,15831,2025082504008660,SHEL,Naasa Securities Co. Ltd.,Sri Hari Securities Pvt. Ltd.,10,305.2,3052.0,2025-08-25 14:18:29.833184
2025-08-25,15795,2025082504008663,SHEL,Sri Hari Securities Pvt. Ltd.,Indira securities pvt. ltd,10,305.1,3051.0,2025-08-25 14:18:41.742553
2025-08-25,15646,2025082504008676,SHEL,Sri Hari Securities Pvt. Ltd.,Capital Max Securities Ltd,3990,305.1,1217349.0,2025-08-25 14:19:10.482597
2025-08-25,15645,2025082504008677,SHEL,N.I.M.B. Stock Markets Limited,Capital Max Securities Ltd,200,305.0,61000.0,2025-08-25 14:19:10.482996
2025-08-25,15644,2025082504008678,SHEL,ABC Securities Private Limited,Capital Max Securities Ltd,728,305.0,222040.0,2025-08-25 14:19:10.483149
2025-08-25,15643,2025082504008679,SHEL,Naasa Securities Co. Ltd.,Capital Max Securities Ltd,82,305.0,25010.0,2025-08-25 14:19:10.483280
2025-08-25,15197,2025082504008766,SHEL,Naasa Securities Co. Ltd.,Indira securities pvt. ltd,10,305.0,3050.0,2025-08-25 14:20:25.010265
2025-08-25,15148,2025082504008778,SHEL,Naasa Securities Co. Ltd.,Himalayan Brokerage Company Limited,200,305.0,61000.0,2025-08-25 14:20:38.822417
2025-08-25,15105,2025082504008789,SHEL,Imperial Securities Company Pvt. Ltd.,Citizens Share Broker Limited,150,305.0,45750.0,2025-08-25 14:20:57.608917
2025-08-25,15073,2025082504008801,SHEL,Dipshikha Dhitopatra Karobar Co. Pvt Ltd.,Trishakti Securities Public Limited,330,304.9,100617.0,2025-08-25 14:21:09.475728
2025-08-25,15072,2025082504008802,SHEL,Miyo Securities Pvt Ltd,Trishakti Securities Public Limited,160,304.9,48784.0,2025-08-25 14:21:09.476029
2025-08-25,14629,2025082504008873,SHEL,Miyo Securities Pvt Ltd,ABC Securities Private Limited,100,304.9,30490.0,2025-08-25 14:22:33.042217
2025-08-25,14476,2025082504008889,SHEL,Miyo Securities Pvt Ltd,Capital Max Securities Ltd,240,304.9,73176.0,2025-08-25 14:23:13.532141
2025-08-25,14475,2025082504008890,SHEL,K.B.L. Securities Limited ,Capital Max Securities Ltd,500,304.1,152050.0,2025-08-25 14:23:13.532474
2025-08-25,14474,2025082504008891,SHEL,Naasa Securities Co. Ltd.,Capital Max Securities Ltd,10,304.0,3040.0,2025-08-25 14:23:13.532608
2025-08-25,14473,2025082504008892,SHEL,Imperial Securities Company Pvt. Ltd.,Capital Max Securities Ltd,25,304.0,7600.0,2025-08-25 14:23:13.532732
2025-08-25,14472,2025082504008893,SHEL,Dipshikha Dhitopatra Karobar Co. Pvt Ltd.,Capital Max Securities Ltd,100,304.0,30400.0,2025-08-25 14:23:13.532869
2025-08-25,14471,2025082504008894,SHEL,Naasa Securities Co. Ltd.,Capital Max Securities Ltd,100,304.0,30400.0,2025-08-25 14:23:13.533050
2025-08-25,14470,2025082504008895,SHEL,Imperial Securities Company Pvt. Ltd.,Capital Max Securities Ltd,100,304.0,30400.0,2025-08-25 14:23:13.533192
2025-08-25,14469,2025082504008896,SHEL,Sewa Securities Pvt. Ltd.,Capital Max Securities Ltd,152,304.0,46208.0,2025-08-25 14:23:13.533327
2025-08-25,14468,2025082504008897,SHEL,Dipshikha Dhitopatra Karobar Co. Pvt Ltd.,Capital Max Securities Ltd,400,304.0,121600.0,2025-08-25 14:23:13.533470
2025-08-25,14467,2025082504008898,SHEL,ABC Securities Private Limited,Capital Max Securities Ltd,1500,303.5,455250.0,2025-08-25 14:23:13.533625
2025-08-25,14466,2025082504008899,SHEL,ABC Securities Private Limited,Capital Max Securities Ltd,1500,303.4,455100.0,2025-08-25 14:23:13.533750
2025-08-25,14465,2025082504008900,SHEL,Creative Securities Pvt Ltd,Capital Max Securities Ltd,176,303.3,53380.8,2025-08-25 14:23:13.533874
2025-08-25,14177,2025082504008963,SHEL,Dynamic Money Managers Securities Pvt. Ltd.,Trishakti Securities Public Limited,100,305.0,30500.0,2025-08-25 14:24:25.646599
2025-08-25,14067,2025082504008988,SHEL,Naasa Securities Co. Ltd.,Trishakti Securities Public Limited,30,305.0,9150.0,2025-08-25 14:24:48.328026
2025-08-25,14009,2025082504009003,SHEL,ABC Securities Private Limited,Capital Max Securities Ltd,1557,303.5,472549.5,2025-08-25 14:24:59.968770
2025-08-25,14008,2025082504009004,SHEL,South Asian Bulls Pvt. Ltd.,Capital Max Securities Ltd,104,303.5,31564.0,2025-08-25 14:24:59.968878
2025-08-25,13811,2025082504009026,SHEL,South Asian Bulls Pvt. Ltd.,Aryatara Investment & Securities,396,303.5,120186.0,2025-08-25 14:25:44.235159
2025-08-25,13810,2025082504009027,SHEL,Kumari Securities Private Limited,Aryatara Investment & Securities,259,303.4,78580.6,2025-08-25 14:25:44.235481
2025-08-25,13776,2025082504009030,SHEL,Sani Securities Company Ltd.,Trishakti Securities Public Limited,20,305.0,6100.0,2025-08-25 14:25:52.333671
2025-08-25,13651,2025082504009069,SHEL,N.I.M.B. Stock Markets Limited,Trishakti Securities Public Limited,850,305.0,259250.0,2025-08-25 14:26:39.959308
2025-08-25,13650,2025082504009070,SHEL,N.I.M.B. Stock Markets Limited,Sani Securities Company Ltd.,85,305.0,25925.0,2025-08-25 14:26:39.959965
2025-08-25,13649,2025082504009071,SHEL,N.I.M.B. Stock Markets Limited,Thrive Brokerage House Pvt. Ltd,300,305.8,91740.0,2025-08-25 14:26:39.960478
2025-08-25,13648,2025082504009072,SHEL,N.I.M.B. Stock Markets Limited,Sri Hari Securities Pvt. Ltd.,265,305.9,81063.5,2025-08-25 14:26:39.961033
2025-08-25,13553,2025082504009103,SHEL,Aryatara Investment & Securities,Cristal Kanchanjanga Securites Pvt. Ltd.,20,305.0,6100.0,2025-08-25 14:27:01.947773
2025-08-25,13416,2025082504009173,SHEL,Imperial Securities Company Pvt. Ltd.,Trishakti Securities Public Limited,20,305.0,6100.0,2025-08-25 14:27:24.864182
2025-08-25,13268,2025082504009211,SHEL,Nepal Investment And Securities Trading Private Limited,Trishakti Securities Public Limited,980,305.0,298900.0,2025-08-25 14:27:58.710832
2025-08-25,13196,2025082504009224,SHEL,Nepal Investment And Securities Trading Private Limited,Capital Max Securities Ltd,20,305.0,6100.0,2025-08-25 14:28:15.808767
2025-08-25,12837,2025082504009308,SHEL,S.P.S.A. Securities Limited,Kalika Securities Pvt. Ltd.,100,304.1,30410.0,2025-08-25 14:29:20.136808
2025-08-25,12757,2025082504009322,SHEL,Neev Securities Pvt. Ltd.,Capital Max Securities Ltd,300,305.0,91500.0,2025-08-25 14:29:36.952068
2025-08-25,12718,2025082504009328,SHEL,Miyo Securities Pvt Ltd,Trishakti Securities Public Limited,1000,304.9,304900.0,2025-08-25 14:29:48.159273
2025-08-25,12565,2025082504009364,SHEL,Hatemalo Financial Services Private Limited,Capital Max Securities Ltd,2000,305.0,610000.0,2025-08-25 14:30:18.699489
2025-08-25,12467,2025082504009385,SHEL,Naasa Securities Co. Ltd.,Kalika Securities Pvt. Ltd.,20,304.3,6086.0,2025-08-25 14:30:44.506448
2025-08-25,12397,2025082504009418,SHEL,Miyo Securities Pvt Ltd,Kalika Securities Pvt. Ltd.,210,304.3,63903.0,2025-08-25 14:30:56.408181
2025-08-25,11905,2025082504009508,SHEL,S.P.S.A. Securities Limited,Sani Securities Company Ltd.,190,304.4,57836.0,2025-08-25 14:32:31.560254
2025-08-25,11904,2025082504009509,SHEL,Sri Hari Securities Pvt. Ltd.,Sani Securities Company Ltd.,310,304.4,94364.0,2025-08-25 14:32:31.560643
2025-08-25,11663,2025082504009570,SHEL,Miyo Securities Pvt Ltd,Sri Hari Securities Pvt. Ltd.,500,304.5,152250.0,2025-08-25 14:33:28.716626
2025-08-25,11435,2025082504009619,SHEL,N.I.M.B. Stock Markets Limited,Sri Hari Securities Pvt. Ltd.,200,304.6,60920.0,2025-08-25 14:34:15.993850
2025-08-25,11434,2025082504009620,SHEL,Agrawal Securities (PVT) Ltd.,Sri Hari Securities Pvt. Ltd.,300,304.5,91350.0,2025-08-25 14:34:15.994295
2025-08-25,10933,2025082504009707,SHEL,Agrawal Securities (PVT) Ltd.,Creative Securities Pvt Ltd,20,304.5,6090.0,2025-08-25 14:36:06.403407
2025-08-25,10923,2025082504009711,SHEL,Agrawal Securities (PVT) Ltd.,Himalayan Brokerage Company Limited,180,304.5,54810.0,2025-08-25 14:36:10.270754
2025-08-25,10737,2025082504009736,SHEL,Sri Hari Securities Pvt. Ltd.,Thrive Brokerage House Pvt. Ltd,20,304.4,6088.0,2025-08-25 14:36:48.456579
2025-08-25,10736,2025082504009737,SHEL,Naasa Securities Co. Ltd.,Himalayan Brokerage Company Limited,20,304.5,6090.0,2025-08-25 14:36:48.636352
2025-08-25,10617,2025082504009774,SHEL,Naasa Securities Co. Ltd.,Himalayan Brokerage Company Limited,280,304.5,85260.0,2025-08-25 14:37:12.445586
2025-08-25,10616,2025082504009775,SHEL,Sri Hari Securities Pvt. Ltd.,Himalayan Brokerage Company Limited,20,304.4,6088.0,2025-08-25 14:37:12.446193
2025-08-25,10534,2025082504009798,SHEL,Sri Hari Securities Pvt. Ltd.,Capital Max Securities Ltd,650,304.4,197860.0,2025-08-25 14:37:31.306257
2025-08-25,10533,2025082504009799,SHEL,ABC Securities Private Limited,Capital Max Securities Ltd,500,304.2,152100.0,2025-08-25 14:37:31.306956
2025-08-25,10532,2025082504009800,SHEL,Online Securities Pvt. Ltd.,Capital Max Securities Ltd,150,304.0,45600.0,2025-08-25 14:37:31.307367
2025-08-25,10531,2025082504009801,SHEL,Capital Max Securities Ltd,Capital Max Securities Ltd,350,304.0,106400.0,2025-08-25 14:37:31.307754
2025-08-25,10530,2025082504009802,SHEL,Aryatara Investment & Securities,Capital Max Securities Ltd,20,303.9,6078.0,2025-08-25 14:37:31.308144
2025-08-25,10529,2025082504009803,SHEL,Capital Max Securities Ltd,Capital Max Securities Ltd,200,303.9,60780.0,2025-08-25 14:37:31.308554
2025-08-25,10528,2025082504009804,SHEL,Sani Securities Company Ltd.,Capital Max Securities Ltd,50,303.7,15185.0,2025-08-25 14:37:31.308952
2025-08-25,10527,2025082504009805,SHEL,Trishakti Securities Public Limited,Capital Max Securities Ltd,280,303.7,85036.0,2025-08-25 14:37:31.309344
2025-08-25,10526,2025082504009806,SHEL,Hatemalo Financial Services Private Limited,Capital Max Securities Ltd,480,303.6,145728.0,2025-08-25 14:37:31.309744
2025-08-25,10371,2025082504009840,SHEL,Hatemalo Financial Services Private Limited,Capital Max Securities Ltd,1520,303.6,461472.0,2025-08-25 14:37:57.573085
2025-08-25,10370,2025082504009841,SHEL,Thrive Brokerage House Pvt. Ltd,Capital Max Securities Ltd,200,303.6,60720.0,2025-08-25 14:37:57.573195
2025-08-25,10369,2025082504009842,SHEL,Aryatara Investment & Securities,Capital Max Securities Ltd,30,303.5,9105.0,2025-08-25 14:37:57.573258
2025-08-25,10368,2025082504009843,SHEL,N.I.M.B. Stock Markets Limited,Capital Max Securities Ltd,500,303.5,151750.0,2025-08-25 14:37:57.573354
2025-08-25,10367,2025082504009844,SHEL,Imperial Securities Company Pvt. Ltd.,Capital Max Securities Ltd,60,303.5,18210.0,2025-08-25 14:37:57.573420
2025-08-25,10366,2025082504009845,SHEL,Kumari Securities Private Limited,Capital Max Securities Ltd,1241,303.4,376519.4,2025-08-25 14:37:57.573492
2025-08-25,10365,2025082504009846,SHEL,ABC Securities Private Limited,Capital Max Securities Ltd,1000,303.4,303400.0,2025-08-25 14:37:57.573556
2025-08-25,10364,2025082504009847,SHEL,Creative Securities Pvt Ltd,Capital Max Securities Ltd,824,303.3,249919.2,2025-08-25 14:37:57.573692
2025-08-25,10363,2025082504009848,SHEL,Creative Securities Pvt Ltd,Capital Max Securities Ltd,1000,303.3,303300.0,2025-08-25 14:37:57.573749
2025-08-25,10362,2025082504009849,SHEL,ABC Securities Private Limited,Capital Max Securities Ltd,1000,303.2,303200.0,2025-08-25 14:37:57.573833
2025-08-25,10361,2025082504009850,SHEL,Hatemalo Financial Services Private Limited,Capital Max Securities Ltd,64,303.1,19398.4,2025-08-25 14:37:57.573900
2025-08-25,10360,2025082504009851,SHEL,J.F. Securites (PVT) Ltd.,Capital Max Securities Ltd,200,303.1,60620.0,2025-08-25 14:37:57.573966
2025-08-25,10359,2025082504009852,SHEL,Deevyaa Securities & Stock House Pvt. Ltd,Capital Max Securities Ltd,300,303.1,90930.0,2025-08-25 14:37:57.574030
2025-08-25,10358,2025082504009853,SHEL,Sri Hari Securities Pvt. Ltd.,Capital Max Securities Ltd,100,303.1,30310.0,2025-08-25 14:37:57.574093
2025-08-25,10357,2025082504009854,SHEL,Asian Securities Private Ltd.,Capital Max Securities Ltd,200,303.1,60620.0,2025-08-25 14:37:57.574156
2025-08-25,10356,2025082504009855,SHEL,Deevyaa Securities & Stock House Pvt. Ltd,Capital Max Securities Ltd,38,303.0,11514.0,2025-08-25 14:37:57.574276
2025-08-25,10355,2025082504009856,SHEL,Deevyaa Securities & Stock House Pvt. Ltd,Capital Max Securities Ltd,900,303.0,272700.0,2025-08-25 14:37:57.574383
2025-08-25,10354,2025082504009857,SHEL,Linch Stock Market Ltd.,Capital Max Securities Ltd,240,303.0,72720.0,2025-08-25 14:37:57.574451
2025-08-25,10353,2025082504009858,SHEL,MILKY WAY SHARE BROKER COMPANY LTD ,Capital Max Securities Ltd,1000,303.0,303000.0,2025-08-25 14:37:57.574569
2025-08-25,10352,2025082504009859,SHEL,Capital Max Securities Ltd,Capital Max Securities Ltd,390,303.0,118170.0,2025-08-25 14:37:57.574649
2025-08-25,10351,2025082504009860,SHEL,Online Securities Pvt. Ltd.,Capital Max Securities Ltd,163,303.0,49389.0,2025-08-25 14:37:57.574719
2025-08-25,10350,2025082504009861,SHEL,Aakashbhairab Securities Ltd.,Capital Max Securities Ltd,2000,303.0,606000.0,2025-08-25 14:37:57.574795
2025-08-25,10349,2025082504009862,SHEL,Secured Securities Ltd.,Capital Max Securities Ltd,300,303.0,90900.0,2025-08-25 14:37:57.574871
2025-08-25,10348,2025082504009863,SHEL,Deevyaa Securities & Stock House Pvt. Ltd,Capital Max Securities Ltd,40,303.0,12120.0,2025-08-25 14:37:57.574981
2025-08-25,10347,2025082504009864,SHEL,Nepal Stock House (PVT) Ltd.,Capital Max Securities Ltd,200,303.0,60600.0,2025-08-25 14:37:57.575039
2025-08-25,10346,2025082504009865,SHEL,Linch Stock Market Ltd.,Capital Max Securities Ltd,500,303.0,151500.0,2025-08-25 14:37:57.575114
2025-08-25,10345,2025082504009866,SHEL,Sri Hari Securities Pvt. Ltd.,Capital Max Securities Ltd,1500,303.0,454500.0,2025-08-25 14:37:57.575195
2025-08-25,10344,2025082504009867,SHEL,Sri Hari Securities Pvt. Ltd.,Capital Max Securities Ltd,2000,303.0,606000.0,2025-08-25 14:37:57.575268
2025-08-25,10343,2025082504009868,SHEL,Sundhara Securities Limited,Capital Max Securities Ltd,28,303.0,8484.0,2025-08-25 14:37:57.575387
2025-08-25,10342,2025082504009869,SHEL,Secured Securities Ltd.,Capital Max Securities Ltd,300,302.5,90750.0,2025-08-25 14:37:57.575462
2025-08-25,10341,2025082504009870,SHEL,Sri Hari Securities Pvt. Ltd.,Capital Max Securities Ltd,200,302.5,60500.0,2025-08-25 14:37:57.575546
2025-08-25,10340,2025082504009871,SHEL,Sri Hari Securities Pvt. Ltd.,Capital Max Securities Ltd,3000,302.2,906600.0,2025-08-25 14:37:57.575619
2025-08-25,10339,2025082504009872,SHEL,Oxford Securities Pvt. Ltd.,Capital Max Securities Ltd,1000,302.2,302200.0,2025-08-25 14:37:57.575691
2025-08-25,10338,2025082504009873,SHEL,Capital Max Securities Ltd,Capital Max Securities Ltd,500,302.0,151000.0,2025-08-25 14:37:57.575799
2025-08-25,10337,2025082504009874,SHEL,Capital Max Securities Ltd,Capital Max Securities Ltd,500,302.0,151000.0,2025-08-25 14:37:57.575856
2025-08-25,10336,2025082504009875,SHEL,Bhrikuti Stock Broking Co. Pvt. Ltd.,Capital Max Securities Ltd,1000,302.0,302000.0,2025-08-25 14:37:57.575921
2025-08-25,10335,2025082504009876,SHEL,South Asian Bulls Pvt. Ltd.,Capital Max Securities Ltd,200,302.0,60400.0,2025-08-25 14:37:57.575993
2025-08-25,10334,2025082504009877,SHEL,Nepal Stock House (PVT) Ltd.,Capital Max Securities Ltd,32,302.0,9664.0,2025-08-25 14:37:57.576094
2025-08-25,10333,2025082504009878,SHEL,Imperial Securities Company Pvt. Ltd.,Capital Max Securities Ltd,600,302.0,181200.0,2025-08-25 14:37:57.576181
2025-08-25,10332,2025082504009879,SHEL,APPLE SECURITIES PRIVATE LIMITED,Capital Max Securities Ltd,130,302.0,39260.0,2025-08-25 14:37:57.576264
2025-08-25,10133,2025082504009925,SHEL,APPLE SECURITIES PRIVATE LIMITED,Sri Hari Securities Pvt. Ltd.,10,302.0,3020.0,2025-08-25 14:38:39.275682
2025-08-25,9992,2025082504009957,SHEL,Sumeru Securities Pvt. Ltd.,Sani Securities Company Ltd.,1,300.0,300.0,2025-08-25 14:39:10.071443
2025-08-25,9602,2025082504010058,SHEL,N.I.M.B. Stock Markets Limited,Premier Securities Company Ltd.,10,303.0,3030.0,2025-08-25 14:40:48.610331
2025-08-25,9514,2025082504010099,SHEL,Sri Hari Securities Pvt. Ltd.,Trishakti Securities Public Limited,200,303.5,60700.0,2025-08-25 14:41:04.269071
2025-08-25,9322,2025082504010148,SHEL,N.I.M.B. Stock Markets Limited,Trishakti Securities Public Limited,10,303.0,3030.0,2025-08-25 14:41:48.739359
2025-08-25,9201,2025082504010170,SHEL,Midas Stock Broking Company Private Limited,Vision Securities Pvt. Ltd,20,303.1,6062.0,2025-08-25 14:42:14.870014
2025-08-25,9200,2025082504010171,SHEL,Bhrikuti Stock Broking Co. Pvt. Ltd.,Vision Securities Pvt. Ltd,33,303.1,10002.3,2025-08-25 14:42:14.870340
2025-08-25,9186,2025082504010173,SHEL,Sumeru Securities Pvt. Ltd.,Naasa Securities Co. Ltd.,10,303.5,3035.0,2025-08-25 14:42:16.060637
2025-08-25,9182,2025082504010175,SHEL,Online Securities Pvt. Ltd.,Naasa Securities Co. Ltd.,10,303.5,3035.0,2025-08-25 14:42:16.838583
2025-08-25,8956,2025082504010223,SHEL,Neev Securities Pvt. Ltd.,Sri Hari Securities Pvt. Ltd.,10,304.9,3049.0,2025-08-25 14:42:58.239582
2025-08-25,8939,2025082504010228,SHEL,Online Securities Pvt. Ltd.,Sri Hari Securities Pvt. Ltd.,10,304.9,3049.0,2025-08-25 14:42:59.260682
2025-08-25,8081,2025082504010453,SHEL,Dipshikha Dhitopatra Karobar Co. Pvt Ltd.,Trishakti Securities Public Limited,20,303.6,6072.0,2025-08-25 14:45:33.521210
2025-08-25,8080,2025082504010454,SHEL,Naasa Securities Co. Ltd.,Trishakti Securities Public Limited,20,303.6,6072.0,2025-08-25 14:45:33.521589
2025-08-25,7771,2025082504010525,SHEL,Cristal Kanchanjanga Securites Pvt. Ltd.,Sundhara Securities Limited,250,303.6,75900.0,2025-08-25 14:46:21.215083
2025-08-25,7531,2025082504010605,SHEL,Online Securities Pvt. Ltd.,Trishakti Securities Public Limited,10,304.5,3045.0,2025-08-25 14:46:57.614951
2025-08-25,7404,2025082504010643,SHEL,Capital Max Securities Ltd,Trishakti Securities Public Limited,40,304.5,12180.0,2025-08-25 14:47:19.168498
2025-08-25,7403,2025082504010644,SHEL,Capital Max Securities Ltd,Sri Hari Securities Pvt. Ltd.,1945,304.9,593030.5,2025-08-25 14:47:19.169083
2025-08-25,7320,2025082504010670,SHEL,ABC Securities Private Limited,Sri Hari Securities Pvt. Ltd.,180,304.9,54882.0,2025-08-25 14:47:33.444889
2025-08-25,7319,2025082504010671,SHEL,ABC Securities Private Limited,Naasa Securities Co. Ltd.,33,305.0,10065.0,2025-08-25 14:47:33.445225
2025-08-25,7318,2025082504010672,SHEL,ABC Securities Private Limited,Citizens Share Broker Limited,350,305.0,106750.0,2025-08-25 14:47:33.445423
2025-08-25,7317,2025082504010673,SHEL,ABC Securities Private Limited,Primo Securities (PVT) Ltd.,200,305.0,61000.0,2025-08-25 14:47:33.445569
2025-08-25,7316,2025082504010674,SHEL,ABC Securities Private Limited,Vision Securities Pvt. Ltd,1000,305.0,305000.0,2025-08-25 14:47:33.445697
2025-08-25,7315,2025082504010675,SHEL,ABC Securities Private Limited,Linch Stock Market Ltd.,167,305.0,50935.0,2025-08-25 14:47:33.445816
2025-08-25,7140,2025082504010722,SHEL,ABC Securities Private Limited,Vision Securities Pvt. Ltd,93,305.0,28365.0,2025-08-25 14:48:08.643631
2025-08-25,7139,2025082504010723,SHEL,Investment Management Nepal Pvt. Ltd.,Vision Securities Pvt. Ltd,500,305.0,152500.0,2025-08-25 14:48:08.643940
2025-08-25,6943,2025082504010742,SHEL,Naasa Securities Co. Ltd.,Vision Securities Pvt. Ltd,300,305.0,91500.0,2025-08-25 14:48:33.039096
2025-08-25,6362,2025082504010920,SHEL,Sani Securities Company Ltd.,Sundhara Securities Limited,110,305.0,33550.0,2025-08-25 14:49:57.715963
2025-08-25,6361,2025082504010921,SHEL,Sani Securities Company Ltd.,Dipshikha Dhitopatra Karobar Co. Pvt Ltd.,393,305.0,119865.0,2025-08-25 14:49:57.716287
2025-08-25,6360,2025082504010922,SHEL,Sani Securities Company Ltd.,Dipshikha Dhitopatra Karobar Co. Pvt Ltd.,197,305.0,60085.0,2025-08-25 14:49:57.716430
2025-08-25,6091,2025082504011000,SHEL,Sri Hari Securities Pvt. Ltd.,Dipshikha Dhitopatra Karobar Co. Pvt Ltd.,303,305.0,92415.0,2025-08-25 14:50:35.045757
2025-08-25,5784,2025082504011055,SHEL,Sri Hari Securities Pvt. Ltd.,Secured Securities Ltd.,10,305.0,3050.0,2025-08-25 14:51:17.663934
2025-08-25,5641,2025082504011085,SHEL,Sri Hari Securities Pvt. Ltd.,Sani Securities Company Ltd.,187,305.0,57035.0,2025-08-25 14:51:37.315615
2025-08-25,5640,2025082504011086,SHEL,Midas Stock Broking Company Private Limited,Sani Securities Company Ltd.,313,305.0,95465.0,2025-08-25 14:51:37.315976
2025-08-25,5549,2025082504011108,SHEL,Miyo Securities Pvt Ltd,Aryatara Investment & Securities,20,305.2,6104.0,2025-08-25 14:51:54.541517
2025-08-25,5494,2025082504011118,SHEL,Midas Stock Broking Company Private Limited,Trishakti Securities Public Limited,24,305.0,7320.0,2025-08-25 14:52:04.305937
2025-08-25,5424,2025082504011134,SHEL,Primo Securities (PVT) Ltd.,Cristal Kanchanjanga Securites Pvt. Ltd.,250,305.2,76300.0,2025-08-25 14:52:20.340755
2025-08-25,5423,2025082504011135,SHEL,Primo Securities (PVT) Ltd.,Nepal Investment And Securities Trading Private Limited,100,305.2,30520.0,2025-08-25 14:52:20.341054
2025-08-25,5422,2025082504011136,SHEL,Primo Securities (PVT) Ltd.,Arun Securities (PVT) Ltd.,1150,305.5,351325.0,2025-08-25 14:52:20.341184
2025-08-25,5364,2025082504011149,SHEL,ABC Securities Private Limited,Primo Securities (PVT) Ltd.,500,305.1,152550.0,2025-08-25 14:52:30.182368
2025-08-25,5305,2025082504011160,SHEL,Miyo Securities Pvt Ltd,Primo Securities (PVT) Ltd.,100,305.1,30510.0,2025-08-25 14:52:40.714117
2025-08-25,5201,2025082504011185,SHEL,ABC Securities Private Limited,Primo Securities (PVT) Ltd.,400,305.1,122040.0,2025-08-25 14:52:51.376838
2025-08-25,5197,2025082504011186,SHEL,Sani Securities Company Ltd.,Arun Securities (PVT) Ltd.,330,305.5,100815.0,2025-08-25 14:52:52.386847
2025-08-25,5096,2025082504011217,SHEL,Primo Securities (PVT) Ltd.,Arun Securities (PVT) Ltd.,20,305.5,6110.0,2025-08-25 14:53:08.555820
2025-08-25,5095,2025082504011218,SHEL,Primo Securities (PVT) Ltd.,Nepal Stock House (PVT) Ltd.,1000,305.5,305500.0,2025-08-25 14:53:08.556122
2025-08-25,5094,2025082504011219,SHEL,Primo Securities (PVT) Ltd.,Naasa Securities Co. Ltd.,200,305.5,61100.0,2025-08-25 14:53:08.556247
2025-08-25,4923,2025082504011262,SHEL,Primo Securities (PVT) Ltd.,Himalayan Brokerage Company Limited,280,305.5,85540.0,2025-08-25 14:53:30.869253
2025-08-25,4723,2025082504011304,SHEL,Miyo Securities Pvt Ltd,Himalayan Brokerage Company Limited,100,305.5,30550.0,2025-08-25 14:54:02.113690
2025-08-25,4472,2025082504011378,SHEL,Midas Stock Broking Company Private Limited,Vision Securities Pvt. Ltd,107,305.2,32656.4,2025-08-25 14:54:33.435997
2025-08-25,4215,2025082504011432,SHEL,Primo Securities (PVT) Ltd.,Himalayan Brokerage Company Limited,340,305.5,103870.0,2025-08-25 14:54:59.090140
2025-08-25,3898,2025082504011492,SHEL,Himalayan Brokerage Company Limited,Naasa Securities Co. Ltd.,73,305.9,22330.7,2025-08-25 14:55:28.194774
2025-08-25,3897,2025082504011493,SHEL,Himalayan Brokerage Company Limited,Trishakti Securities Public Limited,351,305.9,107370.9,2025-08-25 14:55:28.194883
2025-08-25,3817,2025082504011508,SHEL,ABC Securities Private Limited,Trishakti Securities Public Limited,100,305.9,30590.0,2025-08-25 14:55:35.113060
2025-08-25,3655,2025082504011538,SHEL,Midas Stock Broking Company Private Limited,Trishakti Securities Public Limited,48,305.9,14683.2,2025-08-25 14:55:49.894309
2025-08-25,3637,2025082504011540,SHEL,Primo Securities (PVT) Ltd.,Trishakti Securities Public Limited,501,305.9,153255.9,2025-08-25 14:55:51.346747
2025-08-25,3489,2025082504011577,SHEL,Capital Hub P. Ltd,Naasa Securities Co. Ltd.,650,306.0,198900.0,2025-08-25 14:56:03.719577
2025-08-25,3484,2025082504011582,SHEL,ABC Securities Private Limited,Naasa Securities Co. Ltd.,350,306.0,107100.0,2025-08-25 14:56:04.389961
2025-08-25,3483,2025082504011583,SHEL,ABC Securities Private Limited,Kohinoor Investment & Securities Pvt. Ltd.,10,306.0,3060.0,2025-08-25 14:56:04.390250
2025-08-25,3482,2025082504011584,SHEL,ABC Securities Private Limited,Dipshikha Dhitopatra Karobar Co. Pvt Ltd.,100,306.0,30600.0,2025-08-25 14:56:04.390383
2025-08-25,3481,2025082504011585,SHEL,ABC Securities Private Limited,Imperial Securities Company Pvt. Ltd.,90,306.0,27540.0,2025-08-25 14:56:04.390505
2025-08-25,3465,2025082504011589,SHEL,Naasa Securities Co. Ltd.,Imperial Securities Company Pvt. Ltd.,10,306.0,3060.0,2025-08-25 14:56:06.883926
2025-08-25,3464,2025082504011590,SHEL,Naasa Securities Co. Ltd.,Swarna Laxmi Securities Pvt. Ltd.,20,306.0,6120.0,2025-08-25 14:56:06.884212
2025-08-25,3463,2025082504011591,SHEL,Naasa Securities Co. Ltd.,Deevyaa Securities & Stock House Pvt. Ltd,620,306.0,189720.0,2025-08-25 14:56:06.884344
2025-08-25,3462,2025082504011592,SHEL,Naasa Securities Co. Ltd.,ABC Securities Private Limited,300,306.0,91800.0,2025-08-25 14:56:06.884465
2025-08-25,3461,2025082504011593,SHEL,Naasa Securities Co. Ltd.,Agrawal Securities (PVT) Ltd.,50,306.0,15300.0,2025-08-25 14:56:06.884584
2025-08-25,3452,2025082504011594,SHEL,Primo Securities (PVT) Ltd.,Agrawal Securities (PVT) Ltd.,490,306.0,149940.0,2025-08-25 14:56:07.417007
2025-08-25,3353,2025082504011619,SHEL,Primo Securities (PVT) Ltd.,Global IME Securities Limited,20,306.5,6130.0,2025-08-25 14:56:22.472045
2025-08-25,3352,2025082504011620,SHEL,Primo Securities (PVT) Ltd.,Dipshikha Dhitopatra Karobar Co. Pvt Ltd.,149,306.5,45668.5,2025-08-25 14:56:22.472327
2025-08-25,3305,2025082504011632,SHEL,Imperial Securities Company Pvt. Ltd.,Sundhara Securities Limited,200,306.0,61200.0,2025-08-25 14:56:29.956050
2025-08-25,3208,2025082504011662,SHEL,Sani Securities Company Ltd.,Sundhara Securities Limited,48,306.0,14688.0,2025-08-25 14:56:39.979795
2025-08-25,3071,2025082504011682,SHEL,MILKY WAY SHARE BROKER COMPANY LTD ,Online Securities Pvt. Ltd.,135,306.0,41310.0,2025-08-25 14:56:51.915036
2025-08-25,3014,2025082504011691,SHEL,MILKY WAY SHARE BROKER COMPANY LTD ,Primo Securities (PVT) Ltd.,100,306.0,30600.0,2025-08-25 14:56:58.671116
2025-08-25,2796,2025082504011739,SHEL,S.P.S.A. Securities Limited,Dipshikha Dhitopatra Karobar Co. Pvt Ltd.,200,306.5,61300.0,2025-08-25 14:57:15.551594
2025-08-25,2527,2025082504011780,SHEL,ABC Securities Private Limited,Dipshikha Dhitopatra Karobar Co. Pvt Ltd.,151,306.5,46281.5,2025-08-25 14:57:37.278106
2025-08-25,2129,2025082504011887,SHEL,ABC Securities Private Limited,Secured Securities Ltd.,500,306.5,153250.0,2025-08-25 14:58:12.140796
2025-08-25,1887,2025082504011945,SHEL,Midas Stock Broking Company Private Limited,Dipshikha Dhitopatra Karobar Co. Pvt Ltd.,313,307.0,96091.0,2025-08-25 14:58:30.127102
2025-08-25,1795,2025082504011967,SHEL,South Asian Bulls Pvt. Ltd.,Dipshikha Dhitopatra Karobar Co. Pvt Ltd.,20,307.0,6140.0,2025-08-25 14:58:35.149480
2025-08-25,1689,2025082504011990,SHEL,Midas Stock Broking Company Private Limited,ABC Securities Private Limited,665,306.6,203889.0,2025-08-25 14:58:41.947337
2025-08-25,1564,2025082504012012,SHEL,Imperial Securities Company Pvt. Ltd.,Dipshikha Dhitopatra Karobar Co. Pvt Ltd.,130,307.0,39910.0,2025-08-25 14:58:46.690350
2025-08-25,1563,2025082504012013,SHEL,Imperial Securities Company Pvt. Ltd.,Shree Krishna Securities Ltd.,200,307.0,61400.0,2025-08-25 14:58:46.690659
2025-08-25,1562,2025082504012014,SHEL,Imperial Securities Company Pvt. Ltd.,Imperial Securities Company Pvt. Ltd.,170,307.0,52190.0,2025-08-25 14:58:46.690784
2025-08-25,1396,2025082504012063,SHEL,Secured Securities Ltd.,Imperial Securities Company Pvt. Ltd.,3500,307.0,1074500.0,2025-08-25 14:58:58.075361
2025-08-25,1379,2025082504012070,SHEL,Midas Stock Broking Company Private Limited,Sweta Securities Private Limited,335,306.6,102711.0,2025-08-25 14:58:59.916357
2025-08-25,1378,2025082504012071,SHEL,MILKY WAY SHARE BROKER COMPANY LTD ,Sweta Securities Private Limited,165,306.6,50589.0,2025-08-25 14:58:59.916655
2025-08-25,1169,2025082504012169,SHEL,Secured Securities Ltd.,Infinity Securities Limited,150,306.9,46035.0,2025-08-25 14:59:13.003253
2025-08-25,1069,2025082504012201,SHEL,Naasa Securities Co. Ltd.,Infinity Securities Limited,100,306.9,30690.0,2025-08-25 14:59:19.291669
2025-08-25,1048,2025082504012213,SHEL,Sundhara Securities Limited,Imperial Securities Company Pvt. Ltd.,813,306.7,249347.1,2025-08-25 14:59:20.227133
2025-08-25,810,2025082504012300,SHEL,Opal Securities Investment (PVT) Ltd.,Infinity Securities Limited,300,306.9,92070.0,2025-08-25 14:59:29.255703
2025-08-25,801,2025082504012303,SHEL,ABC Securities Private Limited,Infinity Securities Limited,50,306.9,15345.0,2025-08-25 14:59:29.986030
2025-08-25,800,2025082504012304,SHEL,ABC Securities Private Limited,Imperial Securities Company Pvt. Ltd.,927,307.0,284589.0,2025-08-25 14:59:29.986615
2025-08-25,404,2025082504012385,SHEL,Premier Securities Company Ltd.,Imperial Securities Company Pvt. Ltd.,400,307.0,122800.0,2025-08-25 14:59:47.111613
2025-08-25,387,2025082504012388,SHEL,Midas Stock Broking Company Private Limited,Imperial Securities Company Pvt. Ltd.,5000,307.0,1535000.0,2025-08-25 14:59:47.579978
2025-08-25,207,2025082504012430,SHEL,Sani Securities Company Ltd.,Thrive Brokerage House Pvt. Ltd,102,306.8,31293.6,2025-08-25 14:59:53.454769
2025-08-25,206,2025082504012431,SHEL,Sundhara Securities Limited,Thrive Brokerage House Pvt. Ltd,187,306.7,57352.9,2025-08-25 14:59:53.455055
2025-08-25,205,2025082504012432,SHEL,Dipshikha Dhitopatra Karobar Co. Pvt Ltd.,Thrive Brokerage House Pvt. Ltd,21,306.7,6440.7,2025-08-25 14:59:53.455179
2025-08-25,198,2025082504012434,SHEL,Online Securities Pvt. Ltd.,Primo Securities (PVT) Ltd.,190,307.0,58330.0,2025-08-25 14:59:53.752596
2025-08-25,197,2025082504012435,SHEL,Online Securities Pvt. Ltd.,Neev Securities Pvt. Ltd.,110,307.0,33770.0,2025-08-25 14:59:53.752863
2025-08-25,64,2025082504012465,SHEL,MILKY WAY SHARE BROKER COMPANY LTD ,Neev Securities Pvt. Ltd.,140,307.0,42980.0,2025-08-25 14:59:58.522139
2025-08-25,63,2025082504012466,SHEL,MILKY WAY SHARE BROKER COMPANY LTD ,Secured Securities Ltd.,500,307.0,153500.0,2025-08-25 14:59:58.522404
2025-08-25,62,2025082504012467,SHEL,MILKY WAY SHARE BROKER COMPANY LTD ,Asian Securities Private Ltd.,150,307.0,46050.0,2025-08-25 14:59:58.522526
2025-08-25,61,2025082504012468,SHEL,MILKY WAY SHARE BROKER COMPANY LTD ,Citizens Share Broker Limited,300,307.0,92100.0,2025-08-25 14:59:58.522645
2025-08-25,60,2025082504012469,SHEL,MILKY WAY SHARE BROKER COMPANY LTD ,Sani Securities Company Ltd.,20,307.0,6140.0,2025-08-25 14:59:58.522781
