Date,S.N.,Contract ID,Symbol,Buyer Broker,Seller Broker,volume,rate,amount,transaction_time
2025-08-25,55806,2025082504000070,UPCL,Ashutosh Brokerage & Securities (PVT) Ltd.,Cristal Kanchanjanga Securites Pvt. Ltd.,30,385.9,11577.0,2025-08-25 11:06:22.994401
2025-08-25,55497,2025082504000101,UPCL,Dipshikha Dhitopatra Karobar Co. Pvt Ltd.,Dynamic Money Managers Securities Pvt. Ltd.,50,382.0,19100.0,2025-08-25 11:07:59.912734
2025-08-25,55447,2025082504000106,UPCL,Trishakti Securities Public Limited,Dynamic Money Managers Securities Pvt. Ltd.,240,382.0,91680.0,2025-08-25 11:08:11.117547
2025-08-25,54914,2025082504000153,UPCL,Trisul Securities & Invt. Ltd.,Vision Securities Pvt. Ltd,300,384.8,115440.0,2025-08-25 11:10:31.826012
2025-08-25,54913,2025082504000154,UPCL,Trisul Securities & Invt. Ltd.,Cristal Kanchanjanga Securites Pvt. Ltd.,170,384.9,65433.0,2025-08-25 11:10:31.826108
2025-08-25,54912,2025082504000155,UPCL,Trisul Securities & Invt. Ltd.,Cristal Kanchanjanga Securites Pvt. Ltd.,49,385.0,18865.0,2025-08-25 11:10:31.826151
2025-08-25,53534,2025082504000387,UPCL,Trishakti Securities Public Limited,Sundhara Securities Limited,58,382.8,22202.4,2025-08-25 11:18:00.150813
2025-08-25,53519,2025082504000389,UPCL,Shree Krishna Securities Ltd.,Shree Krishna Securities Ltd.,108,383.0,41364.0,2025-08-25 11:18:05.564809
2025-08-25,53045,2025082504000455,UPCL,Trishakti Securities Public Limited,Primo Securities (PVT) Ltd.,180,383.0,68940.0,2025-08-25 11:20:13.178690
2025-08-25,53044,2025082504000456,UPCL,Trishakti Securities Public Limited,Vision Securities Pvt. Ltd,200,383.0,76600.0,2025-08-25 11:20:13.178805
2025-08-25,53011,2025082504000464,UPCL,Trishakti Securities Public Limited,Cristal Kanchanjanga Securites Pvt. Ltd.,300,383.0,114900.0,2025-08-25 11:20:23.988038
2025-08-25,52915,2025082504000468,UPCL,Global IME Securities Limited,Vision Securities Pvt. Ltd,12,384.2,4610.4,2025-08-25 11:20:44.037812
2025-08-25,52843,2025082504000472,UPCL,Trishakti Securities Public Limited,Vision Securities Pvt. Ltd,22,384.2,8452.4,2025-08-25 11:21:02.457383
2025-08-25,52794,2025082504000483,UPCL,Thrive Brokerage House Pvt. Ltd,Sajilo Broker Limited,100,382.7,38270.0,2025-08-25 11:21:13.019191
2025-08-25,52793,2025082504000484,UPCL,Trisul Securities & Invt. Ltd.,Sajilo Broker Limited,200,382.1,76420.0,2025-08-25 11:21:13.019281
2025-08-25,52792,2025082504000485,UPCL,Secured Securities Ltd.,Sajilo Broker Limited,100,382.0,38200.0,2025-08-25 11:21:13.019320
2025-08-25,52791,2025082504000486,UPCL,Sweta Securities Private Limited,Sajilo Broker Limited,100,381.4,38140.0,2025-08-25 11:21:13.019348
2025-08-25,52663,2025082504000513,UPCL,Secured Securities Ltd.,ABC Securities Private Limited,100,381.0,38100.0,2025-08-25 11:21:51.266570
2025-08-25,52512,2025082504000541,UPCL,Secured Securities Ltd.,Agrawal Securities (PVT) Ltd.,100,381.0,38100.0,2025-08-25 11:22:34.892273
2025-08-25,52377,2025082504000587,UPCL,Vision Securities Pvt. Ltd,Agrawal Securities (PVT) Ltd.,200,382.0,76400.0,2025-08-25 11:23:09.095865
2025-08-25,52203,2025082504000631,UPCL,Vision Securities Pvt. Ltd,Sani Securities Company Ltd.,50,382.0,19100.0,2025-08-25 11:23:45.407714
2025-08-25,52202,2025082504000632,UPCL,Linch Stock Market Ltd.,Sani Securities Company Ltd.,100,381.1,38110.0,2025-08-25 11:23:45.407843
2025-08-25,52201,2025082504000633,UPCL,Secured Securities Ltd.,Sani Securities Company Ltd.,850,381.0,323850.0,2025-08-25 11:23:45.407917
2025-08-25,51235,2025082504000836,UPCL,Kohinoor Investment & Securities Pvt. Ltd.,Aryatara Investment & Securities,40,382.0,15280.0,2025-08-25 11:28:21.074733
2025-08-25,50588,2025082504001007,UPCL,Sweta Securities Private Limited,Aryatara Investment & Securities,100,382.0,38200.0,2025-08-25 11:31:30.187361
2025-08-25,50427,2025082504001034,UPCL,Naasa Securities Co. Ltd.,Global IME Securities Limited,11,381.4,4195.4,2025-08-25 11:32:12.905712
2025-08-25,50426,2025082504001035,UPCL,Naasa Securities Co. Ltd.,Global IME Securities Limited,11,381.3,4194.3,2025-08-25 11:32:12.905927
2025-08-25,50425,2025082504001036,UPCL,Dipshikha Dhitopatra Karobar Co. Pvt Ltd.,Global IME Securities Limited,78,381.2,29733.6,2025-08-25 11:32:12.906067
2025-08-25,49809,2025082504001158,UPCL,Trishakti Securities Public Limited,Aryatara Investment & Securities,10,382.0,3820.0,2025-08-25 11:35:01.688194
2025-08-25,49765,2025082504001172,UPCL,Sweta Securities Private Limited,Aryatara Investment & Securities,100,382.0,38200.0,2025-08-25 11:35:10.144516
2025-08-25,49727,2025082504001181,UPCL,Naasa Securities Co. Ltd.,Dynamic Money Managers Securities Pvt. Ltd.,800,381.5,305200.0,2025-08-25 11:35:19.533093
2025-08-25,49690,2025082504001185,UPCL,Sweta Securities Private Limited,Aryatara Investment & Securities,50,382.0,19100.0,2025-08-25 11:35:32.231620
2025-08-25,49253,2025082504001292,UPCL,Naasa Securities Co. Ltd.,Sipla Securities Private Limited,200,381.5,76300.0,2025-08-25 11:37:34.741102
2025-08-25,49252,2025082504001293,UPCL,Dipshikha Dhitopatra Karobar Co. Pvt Ltd.,Sipla Securities Private Limited,172,381.2,65566.4,2025-08-25 11:37:34.741361
2025-08-25,49251,2025082504001294,UPCL,Sweta Securities Private Limited,Sipla Securities Private Limited,100,381.2,38120.0,2025-08-25 11:37:34.741506
2025-08-25,49250,2025082504001295,UPCL,Thrive Brokerage House Pvt. Ltd,Sipla Securities Private Limited,1368,381.1,521344.8,2025-08-25 11:37:34.741647
2025-08-25,48956,2025082504001328,UPCL,Trishakti Securities Public Limited,Aryatara Investment & Securities,10,382.0,3820.0,2025-08-25 11:38:57.712305
2025-08-25,48621,2025082504001410,UPCL,Kumari Securities Private Limited,Aryatara Investment & Securities,100,382.0,38200.0,2025-08-25 11:40:22.662600
2025-08-25,48454,2025082504001444,UPCL,Sweta Securities Private Limited,Aryatara Investment & Securities,50,382.0,19100.0,2025-08-25 11:41:15.876737
2025-08-25,48283,2025082504001491,UPCL,Thrive Brokerage House Pvt. Ltd,Aakashbhairab Securities Ltd.,1132,381.1,431405.2,2025-08-25 11:41:55.484057
2025-08-25,48282,2025082504001492,UPCL,Secured Securities Ltd.,Aakashbhairab Securities Ltd.,1950,381.0,742950.0,2025-08-25 11:41:55.484296
2025-08-25,48281,2025082504001493,UPCL,Sani Securities Company Ltd.,Aakashbhairab Securities Ltd.,250,381.0,95250.0,2025-08-25 11:41:55.484492
2025-08-25,48280,2025082504001494,UPCL,Trishakti Securities Public Limited,Aakashbhairab Securities Ltd.,68,381.0,25908.0,2025-08-25 11:41:55.484634
2025-08-25,48006,2025082504001575,UPCL,Trishakti Securities Public Limited,INDEX SECURITIES LIMITED,32,381.0,12192.0,2025-08-25 11:43:25.632874
2025-08-25,48005,2025082504001576,UPCL,Sweta Securities Private Limited,INDEX SECURITIES LIMITED,10,380.3,3803.0,2025-08-25 11:43:25.632973
2025-08-25,48004,2025082504001577,UPCL,Sweta Securities Private Limited,INDEX SECURITIES LIMITED,10,380.2,3802.0,2025-08-25 11:43:25.633054
2025-08-25,47512,2025082504001728,UPCL,Imperial Securities Company Pvt. Ltd.,J.F. Securites (PVT) Ltd.,30,380.1,11403.0,2025-08-25 11:45:39.074519
2025-08-25,47511,2025082504001729,UPCL,BHOLE GANESH SECURITIES LTD,J.F. Securites (PVT) Ltd.,24,380.0,9120.0,2025-08-25 11:45:39.074615
2025-08-25,47429,2025082504001750,UPCL,BHOLE GANESH SECURITIES LTD,Aryatara Investment & Securities,40,380.0,15200.0,2025-08-25 11:45:53.109525
2025-08-25,47351,2025082504001773,UPCL,BHOLE GANESH SECURITIES LTD,Trisul Securities & Invt. Ltd.,500,380.0,190000.0,2025-08-25 11:46:16.333685
2025-08-25,46940,2025082504001864,UPCL,Secured Securities Ltd.,Dipshikha Dhitopatra Karobar Co. Pvt Ltd.,25,380.1,9502.5,2025-08-25 11:48:15.228676
2025-08-25,46939,2025082504001865,UPCL,BHOLE GANESH SECURITIES LTD,Dipshikha Dhitopatra Karobar Co. Pvt Ltd.,25,380.0,9500.0,2025-08-25 11:48:15.228945
2025-08-25,46733,2025082504001907,UPCL,BHOLE GANESH SECURITIES LTD,SHUBHAKAMANA SECURITIES PVT. LTD,681,380.0,258780.0,2025-08-25 11:49:26.919572
2025-08-25,46732,2025082504001908,UPCL,Dipshikha Dhitopatra Karobar Co. Pvt Ltd.,SHUBHAKAMANA SECURITIES PVT. LTD,479,380.0,182020.0,2025-08-25 11:49:26.919741
2025-08-25,46266,2025082504002023,UPCL,Secured Securities Ltd.,Aakashbhairab Securities Ltd.,10,380.1,3801.0,2025-08-25 11:51:32.013633
2025-08-25,46265,2025082504002024,UPCL,Dipshikha Dhitopatra Karobar Co. Pvt Ltd.,Aakashbhairab Securities Ltd.,521,380.0,197980.0,2025-08-25 11:51:32.013761
2025-08-25,46264,2025082504002025,UPCL,Shree Krishna Securities Ltd.,Aakashbhairab Securities Ltd.,2000,380.0,760000.0,2025-08-25 11:51:32.013813
2025-08-25,46263,2025082504002026,UPCL,Siprabi Securities Pvt. Ltd.,Aakashbhairab Securities Ltd.,100,380.0,38000.0,2025-08-25 11:51:32.013863
2025-08-25,46262,2025082504002027,UPCL,Aakashbhairab Securities Ltd.,Aakashbhairab Securities Ltd.,50,380.0,19000.0,2025-08-25 11:51:32.013916
2025-08-25,46261,2025082504002028,UPCL,Secured Securities Ltd.,Aakashbhairab Securities Ltd.,319,380.0,121220.0,2025-08-25 11:51:32.013993
2025-08-25,45549,2025082504002161,UPCL,Secured Securities Ltd.,Premier Securities Company Ltd.,58,380.0,22040.0,2025-08-25 11:54:42.435210
2025-08-25,45081,2025082504002229,UPCL,Secured Securities Ltd.,Pragyan Securities (PVT) Ltd.,123,380.0,46740.0,2025-08-25 11:56:45.778872
2025-08-25,45080,2025082504002230,UPCL,Online Securities Pvt. Ltd.,Pragyan Securities (PVT) Ltd.,10,380.0,3800.0,2025-08-25 11:56:45.779125
2025-08-25,45079,2025082504002231,UPCL,Secured Securities Ltd.,Pragyan Securities (PVT) Ltd.,25,380.0,9500.0,2025-08-25 11:56:45.779276
2025-08-25,44769,2025082504002320,UPCL,ABC Securities Private Limited,Pragyan Securities (PVT) Ltd.,100,380.0,38000.0,2025-08-25 11:58:29.327746
2025-08-25,44754,2025082504002330,UPCL,Citizens Share Broker Limited,Pragyan Securities (PVT) Ltd.,42,380.0,15960.0,2025-08-25 11:58:37.169091
2025-08-25,44753,2025082504002331,UPCL,Citizens Share Broker Limited,Dakshinkali Investment & Securities Pvt. Ltd.,158,380.0,60040.0,2025-08-25 11:58:37.169362
2025-08-25,44565,2025082504002372,UPCL,ABC Securities Private Limited,Dakshinkali Investment & Securities Pvt. Ltd.,100,380.0,38000.0,2025-08-25 11:59:36.048591
2025-08-25,44557,2025082504002374,UPCL,Aakashbhairab Securities Ltd.,Dakshinkali Investment & Securities Pvt. Ltd.,200,380.0,76000.0,2025-08-25 11:59:41.180781
2025-08-25,44418,2025082504002415,UPCL,ABC Securities Private Limited,Dakshinkali Investment & Securities Pvt. Ltd.,100,380.0,38000.0,2025-08-25 12:00:20.449333
2025-08-25,44386,2025082504002420,UPCL,Vision Securities Pvt. Ltd,Dakshinkali Investment & Securities Pvt. Ltd.,270,380.0,102600.0,2025-08-25 12:00:37.383128
2025-08-25,44307,2025082504002434,UPCL,ABC Securities Private Limited,Dakshinkali Investment & Securities Pvt. Ltd.,50,380.0,19000.0,2025-08-25 12:01:11.119802
2025-08-25,44272,2025082504002439,UPCL,ABC Securities Private Limited,Dakshinkali Investment & Securities Pvt. Ltd.,30,380.0,11400.0,2025-08-25 12:01:25.203256
2025-08-25,44266,2025082504002441,UPCL,Citizens Share Broker Limited,Dakshinkali Investment & Securities Pvt. Ltd.,92,380.0,34960.0,2025-08-25 12:01:28.605192
2025-08-25,44265,2025082504002442,UPCL,Citizens Share Broker Limited,Creative Securities Pvt Ltd,100,380.0,38000.0,2025-08-25 12:01:28.605463
2025-08-25,44196,2025082504002447,UPCL,Primo Securities (PVT) Ltd.,Kohinoor Investment & Securities Pvt. Ltd.,100,381.0,38100.0,2025-08-25 12:01:47.759309
2025-08-25,44195,2025082504002448,UPCL,Primo Securities (PVT) Ltd.,KALASH STOCK MARKET PVT. LTD.,250,381.0,95250.0,2025-08-25 12:01:47.759586
2025-08-25,43028,2025082504002671,UPCL,Citizens Share Broker Limited,Sweta Securities Private Limited,30,380.0,11400.0,2025-08-25 12:07:34.627796
2025-08-25,43027,2025082504002672,UPCL,Linch Stock Market Ltd.,Sweta Securities Private Limited,315,380.0,119700.0,2025-08-25 12:07:34.627963
2025-08-25,43026,2025082504002673,UPCL,Secured Securities Ltd.,Sweta Securities Private Limited,25,380.0,9500.0,2025-08-25 12:07:34.628018
2025-08-25,43025,2025082504002674,UPCL,Shree Krishna Securities Ltd.,Sweta Securities Private Limited,130,380.0,49400.0,2025-08-25 12:07:34.628076
2025-08-25,42849,2025082504002713,UPCL,Trishakti Securities Public Limited,Sumeru Securities Pvt. Ltd.,10,381.9,3819.0,2025-08-25 12:08:31.374395
2025-08-25,42656,2025082504002745,UPCL,Shree Krishna Securities Ltd.,Pragyan Securities (PVT) Ltd.,14,380.0,5320.0,2025-08-25 12:09:41.850730
2025-08-25,42612,2025082504002755,UPCL,Shree Krishna Securities Ltd.,Pragyan Securities (PVT) Ltd.,20,380.0,7600.0,2025-08-25 12:09:51.127047
2025-08-25,42601,2025082504002757,UPCL,Shree Krishna Securities Ltd.,Pragyan Securities (PVT) Ltd.,20,380.0,7600.0,2025-08-25 12:09:54.928805
2025-08-25,41964,2025082504002908,UPCL,Shree Krishna Securities Ltd.,S.P.S.A. Securities Limited,115,380.0,43700.0,2025-08-25 12:13:18.870193
2025-08-25,41896,2025082504002924,UPCL,Secured Securities Ltd.,Shree Krishna Securities Ltd.,100,381.8,38180.0,2025-08-25 12:13:42.031640
2025-08-25,41794,2025082504002946,UPCL,Shree Krishna Securities Ltd.,Imperial Securities Company Pvt. Ltd.,10,380.0,3800.0,2025-08-25 12:14:06.686668
2025-08-25,40954,2025082504003118,UPCL,Primo Securities (PVT) Ltd.,Shree Krishna Securities Ltd.,200,381.8,76360.0,2025-08-25 12:19:02.777804
2025-08-25,40458,2025082504003225,UPCL,Primo Securities (PVT) Ltd.,Secured Securities Ltd.,40,381.7,15268.0,2025-08-25 12:21:47.373372
2025-08-25,40001,2025082504003311,UPCL,Nepal Investment And Securities Trading Private Limited,Shree Krishna Securities Ltd.,50,381.8,19090.0,2025-08-25 12:24:08.070867
2025-08-25,39851,2025082504003343,UPCL,Aryatara Investment & Securities,Dynamic Money Managers Securities Pvt. Ltd.,100,381.0,38100.0,2025-08-25 12:25:04.756671
2025-08-25,39850,2025082504003344,UPCL,Sani Securities Company Ltd.,Dynamic Money Managers Securities Pvt. Ltd.,100,380.2,38020.0,2025-08-25 12:25:04.757015
2025-08-25,39849,2025082504003345,UPCL,Nepal Stock House (PVT) Ltd.,Dynamic Money Managers Securities Pvt. Ltd.,100,380.1,38010.0,2025-08-25 12:25:04.757200
2025-08-25,39848,2025082504003346,UPCL,Ashutosh Brokerage & Securities (PVT) Ltd.,Dynamic Money Managers Securities Pvt. Ltd.,100,380.1,38010.0,2025-08-25 12:25:04.757400
2025-08-25,39847,2025082504003347,UPCL,Shree Krishna Securities Ltd.,Dynamic Money Managers Securities Pvt. Ltd.,191,380.0,72580.0,2025-08-25 12:25:04.757584
2025-08-25,39846,2025082504003348,UPCL,K.B.L. Securities Limited ,Dynamic Money Managers Securities Pvt. Ltd.,100,380.0,38000.0,2025-08-25 12:25:04.757769
2025-08-25,39845,2025082504003349,UPCL,Dipshikha Dhitopatra Karobar Co. Pvt Ltd.,Dynamic Money Managers Securities Pvt. Ltd.,230,380.0,87400.0,2025-08-25 12:25:04.757931
2025-08-25,39844,2025082504003350,UPCL,Aryatara Investment & Securities,Dynamic Money Managers Securities Pvt. Ltd.,69,380.0,26220.0,2025-08-25 12:25:04.758096
2025-08-25,39642,2025082504003395,UPCL,Imperial Securities Company Pvt. Ltd.,Online Securities Pvt. Ltd.,50,381.0,19050.0,2025-08-25 12:26:30.473378
2025-08-25,39589,2025082504003399,UPCL,Primo Securities (PVT) Ltd.,Online Securities Pvt. Ltd.,950,381.0,361950.0,2025-08-25 12:26:45.413651
2025-08-25,38514,2025082504003598,UPCL,Primo Securities (PVT) Ltd.,Citizens Share Broker Limited,250,381.7,95425.0,2025-08-25 12:33:13.691680
2025-08-25,38081,2025082504003673,UPCL,Primo Securities (PVT) Ltd.,Asian Securities Private Ltd.,1000,381.0,381000.0,2025-08-25 12:35:50.316283
2025-08-25,37968,2025082504003689,UPCL,Primo Securities (PVT) Ltd.,Asian Securities Private Ltd.,600,381.0,228600.0,2025-08-25 12:36:31.432757
2025-08-25,37929,2025082504003692,UPCL,Kalika Securities Pvt. Ltd.,Capital Max Securities Ltd,12,380.4,4564.8,2025-08-25 12:36:43.966182
2025-08-25,37908,2025082504003700,UPCL,Imperial Securities Company Pvt. Ltd.,Dynamic Money Managers Securities Pvt. Ltd.,100,380.4,38040.0,2025-08-25 12:36:49.107249
2025-08-25,37907,2025082504003701,UPCL,Shree Krishna Securities Ltd.,Dynamic Money Managers Securities Pvt. Ltd.,400,380.3,152120.0,2025-08-25 12:36:49.107445
2025-08-25,37821,2025082504003716,UPCL,Primo Securities (PVT) Ltd.,Asian Securities Private Ltd.,500,381.0,190500.0,2025-08-25 12:37:17.561425
2025-08-25,37700,2025082504003740,UPCL,Primo Securities (PVT) Ltd.,Investment Management Nepal Pvt. Ltd.,50,380.4,19020.0,2025-08-25 12:37:54.706891
2025-08-25,37653,2025082504003752,UPCL,Primo Securities (PVT) Ltd.,Asian Securities Private Ltd.,1570,381.0,598170.0,2025-08-25 12:38:11.767624
2025-08-25,37172,2025082504003860,UPCL,Primo Securities (PVT) Ltd.,Shree Krishna Securities Ltd.,150,381.8,57270.0,2025-08-25 12:40:51.258961
2025-08-25,37007,2025082504003891,UPCL,Neev Securities Pvt. Ltd.,Neev Securities Pvt. Ltd.,20,380.4,7608.0,2025-08-25 12:41:57.996632
2025-08-25,36964,2025082504003895,UPCL,Primo Securities (PVT) Ltd.,Naasa Securities Co. Ltd.,251,381.7,95806.7,2025-08-25 12:42:11.520971
2025-08-25,36186,2025082504004040,UPCL,Neev Securities Pvt. Ltd.,Miyo Securities Pvt Ltd,19,380.6,7231.4,2025-08-25 12:46:23.523410
2025-08-25,36181,2025082504004041,UPCL,Primo Securities (PVT) Ltd.,Shree Krishna Securities Ltd.,190,381.8,72542.0,2025-08-25 12:46:25.417497
2025-08-25,36097,2025082504004059,UPCL,Neev Securities Pvt. Ltd.,Shree Krishna Securities Ltd.,10,380.6,3806.0,2025-08-25 12:47:02.264186
2025-08-25,35487,2025082504004145,UPCL,Machhapuchchhre Securities Limited,Sumeru Securities Pvt. Ltd.,10,381.9,3819.0,2025-08-25 12:49:35.841166
2025-08-25,35079,2025082504004207,UPCL,Premier Securities Company Ltd.,Sumeru Securities Pvt. Ltd.,300,381.9,114570.0,2025-08-25 12:51:03.610152
2025-08-25,35019,2025082504004236,UPCL,Primo Securities (PVT) Ltd.,Sumeru Securities Pvt. Ltd.,780,381.9,297882.0,2025-08-25 12:51:14.379797
2025-08-25,35018,2025082504004237,UPCL,Primo Securities (PVT) Ltd.,Citizens Share Broker Limited,500,381.9,190950.0,2025-08-25 12:51:14.380107
2025-08-25,35010,2025082504004240,UPCL,Online Securities Pvt. Ltd.,Nepal Stock House (PVT) Ltd.,10,382.0,3820.0,2025-08-25 12:51:17.841747
2025-08-25,34784,2025082504004308,UPCL,Naasa Securities Co. Ltd.,Nepal Stock House (PVT) Ltd.,40,382.0,15280.0,2025-08-25 12:52:17.276335
2025-08-25,34783,2025082504004309,UPCL,Naasa Securities Co. Ltd.,Aakashbhairab Securities Ltd.,1960,382.0,748720.0,2025-08-25 12:52:17.276538
2025-08-25,34419,2025082504004414,UPCL,Global IME Securities Limited,Aakashbhairab Securities Ltd.,40,382.0,15280.0,2025-08-25 12:53:52.406688
2025-08-25,34418,2025082504004415,UPCL,Global IME Securities Limited,Creative Securities Pvt Ltd,100,382.0,38200.0,2025-08-25 12:53:52.406865
2025-08-25,34417,2025082504004416,UPCL,Global IME Securities Limited,Dipshikha Dhitopatra Karobar Co. Pvt Ltd.,54,382.0,20628.0,2025-08-25 12:53:52.406949
2025-08-25,34416,2025082504004417,UPCL,Global IME Securities Limited,Trishakti Securities Public Limited,170,382.0,64940.0,2025-08-25 12:53:52.407015
2025-08-25,33746,2025082504004545,UPCL,Global IME Securities Limited,Midas Stock Broking Company Private Limited,200,382.0,76400.0,2025-08-25 12:57:07.962175
2025-08-25,33497,2025082504004588,UPCL,Secured Securities Ltd.,Bhrikuti Stock Broking Co. Pvt. Ltd.,30,382.2,11466.0,2025-08-25 12:58:19.621618
2025-08-25,33212,2025082504004636,UPCL,Oxford Securities Pvt. Ltd.,Aryatara Investment & Securities,100,384.0,38400.0,2025-08-25 12:59:40.429562
2025-08-25,33211,2025082504004637,UPCL,Oxford Securities Pvt. Ltd.,Sumeru Securities Pvt. Ltd.,400,384.0,153600.0,2025-08-25 12:59:40.429761
2025-08-25,33210,2025082504004638,UPCL,Shree Krishna Securities Ltd.,Sumeru Securities Pvt. Ltd.,2600,384.0,998400.0,2025-08-25 12:59:40.550451
2025-08-25,33201,2025082504004640,UPCL,Shree Krishna Securities Ltd.,J.F. Securites (PVT) Ltd.,400,384.0,153600.0,2025-08-25 12:59:44.180057
2025-08-25,32903,2025082504004694,UPCL,Vision Securities Pvt. Ltd,J.F. Securites (PVT) Ltd.,60,383.9,23034.0,2025-08-25 13:00:56.921707
2025-08-25,32305,2025082504004828,UPCL,Oxford Securities Pvt. Ltd.,J.F. Securites (PVT) Ltd.,540,383.9,207306.0,2025-08-25 13:03:16.527712
2025-08-25,32304,2025082504004829,UPCL,Oxford Securities Pvt. Ltd.,Aryatara Investment & Securities,200,384.9,76980.0,2025-08-25 13:03:16.528039
2025-08-25,32303,2025082504004830,UPCL,Oxford Securities Pvt. Ltd.,Cristal Kanchanjanga Securites Pvt. Ltd.,451,385.0,173635.0,2025-08-25 13:03:16.528247
2025-08-25,32302,2025082504004831,UPCL,Oxford Securities Pvt. Ltd.,Miyo Securities Pvt Ltd,50,385.0,19250.0,2025-08-25 13:03:16.528476
2025-08-25,32301,2025082504004832,UPCL,Oxford Securities Pvt. Ltd.,Shree Krishna Securities Ltd.,100,385.0,38500.0,2025-08-25 13:03:16.528675
2025-08-25,32300,2025082504004833,UPCL,Oxford Securities Pvt. Ltd.,Online Securities Pvt. Ltd.,100,385.0,38500.0,2025-08-25 13:03:16.528873
2025-08-25,32299,2025082504004834,UPCL,Oxford Securities Pvt. Ltd.,Pragyan Securities (PVT) Ltd.,250,385.0,96250.0,2025-08-25 13:03:16.529055
2025-08-25,32298,2025082504004835,UPCL,Oxford Securities Pvt. Ltd.,Aakashbhairab Securities Ltd.,500,385.0,192500.0,2025-08-25 13:03:16.529271
2025-08-25,32297,2025082504004836,UPCL,Oxford Securities Pvt. Ltd.,Linch Stock Market Ltd.,300,385.0,115500.0,2025-08-25 13:03:16.529478
2025-08-25,32225,2025082504004846,UPCL,Oxford Securities Pvt. Ltd.,Midas Stock Broking Company Private Limited,90,385.0,34650.0,2025-08-25 13:03:38.356646
2025-08-25,31856,2025082504004916,UPCL,Oxford Securities Pvt. Ltd.,Siprabi Securities Pvt. Ltd.,419,385.0,161315.0,2025-08-25 13:05:23.982338
2025-08-25,31855,2025082504004917,UPCL,Premier Securities Company Ltd.,Siprabi Securities Pvt. Ltd.,81,385.0,31185.0,2025-08-25 13:05:23.982523
2025-08-25,31756,2025082504004931,UPCL,Premier Securities Company Ltd.,Siprabi Securities Pvt. Ltd.,400,385.0,154000.0,2025-08-25 13:05:52.140102
2025-08-25,31716,2025082504004942,UPCL,Asian Securities Private Ltd.,Ashutosh Brokerage & Securities (PVT) Ltd.,100,385.9,38590.0,2025-08-25 13:06:00.443724
2025-08-25,31659,2025082504004953,UPCL,KALASH STOCK MARKET PVT. LTD.,Ashutosh Brokerage & Securities (PVT) Ltd.,400,385.9,154360.0,2025-08-25 13:06:24.458196
2025-08-25,31569,2025082504004980,UPCL,KALASH STOCK MARKET PVT. LTD.,Sani Securities Company Ltd.,100,385.9,38590.0,2025-08-25 13:06:56.840545
2025-08-25,30475,2025082504005166,UPCL,Premier Securities Company Ltd.,Opal Securities Investment (PVT) Ltd.,19,385.0,7315.0,2025-08-25 13:12:44.256929
2025-08-25,30474,2025082504005167,UPCL,Midas Stock Broking Company Private Limited,Opal Securities Investment (PVT) Ltd.,15,385.0,5775.0,2025-08-25 13:12:44.257125
2025-08-25,29942,2025082504005323,UPCL,Midas Stock Broking Company Private Limited,Opal Securities Investment (PVT) Ltd.,200,385.0,77000.0,2025-08-25 13:15:36.407027
2025-08-25,29270,2025082504005445,UPCL,Global IME Securities Limited,Opal Securities Investment (PVT) Ltd.,80,385.0,30800.0,2025-08-25 13:18:25.457513
2025-08-25,28981,2025082504005521,UPCL,Trishakti Securities Public Limited,Opal Securities Investment (PVT) Ltd.,200,383.2,76640.0,2025-08-25 13:19:56.929512
2025-08-25,28980,2025082504005522,UPCL,Midas Stock Broking Company Private Limited,Opal Securities Investment (PVT) Ltd.,100,383.1,38310.0,2025-08-25 13:19:56.929943
2025-08-25,28979,2025082504005523,UPCL,Midas Stock Broking Company Private Limited,Opal Securities Investment (PVT) Ltd.,200,383.1,76620.0,2025-08-25 13:19:56.930157
2025-08-25,28978,2025082504005524,UPCL,Sani Securities Company Ltd.,Opal Securities Investment (PVT) Ltd.,65,383.0,24895.0,2025-08-25 13:19:56.930460
2025-08-25,28977,2025082504005525,UPCL,Ashutosh Brokerage & Securities (PVT) Ltd.,Opal Securities Investment (PVT) Ltd.,435,383.0,166605.0,2025-08-25 13:19:56.930724
2025-08-25,28844,2025082504005559,UPCL,Ashutosh Brokerage & Securities (PVT) Ltd.,Opal Securities Investment (PVT) Ltd.,686,385.0,264110.0,2025-08-25 13:20:26.668605
2025-08-25,28843,2025082504005560,UPCL,Ashutosh Brokerage & Securities (PVT) Ltd.,Aakashbhairab Securities Ltd.,1000,385.0,385000.0,2025-08-25 13:20:26.668791
2025-08-25,28842,2025082504005561,UPCL,Ashutosh Brokerage & Securities (PVT) Ltd.,Capital Max Securities Ltd,500,385.2,192600.0,2025-08-25 13:20:26.668897
2025-08-25,28841,2025082504005562,UPCL,Ashutosh Brokerage & Securities (PVT) Ltd.,Sani Securities Company Ltd.,379,385.9,146256.1,2025-08-25 13:20:26.668964
2025-08-25,27866,2025082504005793,UPCL,Hatemalo Financial Services Private Limited,BHOLE GANESH SECURITIES LTD,10,385.8,3858.0,2025-08-25 13:24:55.142102
2025-08-25,27597,2025082504005885,UPCL,Sundhara Securities Limited,Vision Securities Pvt. Ltd,100,385.8,38580.0,2025-08-25 13:26:16.746526
2025-08-25,27421,2025082504005908,UPCL,Sundhara Securities Limited,Vision Securities Pvt. Ltd,100,385.8,38580.0,2025-08-25 13:26:52.423977
2025-08-25,27389,2025082504005912,UPCL,KALASH STOCK MARKET PVT. LTD.,Sani Securities Company Ltd.,475,385.9,183302.5,2025-08-25 13:27:02.989124
2025-08-25,27338,2025082504005921,UPCL,Sundhara Securities Limited,ABC Securities Private Limited,100,383.4,38340.0,2025-08-25 13:27:18.545203
2025-08-25,27337,2025082504005922,UPCL,Sundhara Securities Limited,ABC Securities Private Limited,100,383.3,38330.0,2025-08-25 13:27:18.545598
2025-08-25,27336,2025082504005923,UPCL,Himalayan Brokerage Company Limited,ABC Securities Private Limited,1900,383.3,728270.0,2025-08-25 13:27:18.545822
2025-08-25,27321,2025082504005928,UPCL,Naasa Securities Co. Ltd.,Sani Securities Company Ltd.,46,385.9,17751.4,2025-08-25 13:27:24.238972
2025-08-25,27320,2025082504005929,UPCL,Naasa Securities Co. Ltd.,Nepal Stock House (PVT) Ltd.,42,385.9,16207.8,2025-08-25 13:27:24.239190
2025-08-25,26705,2025082504006098,UPCL,Himalayan Brokerage Company Limited,Asian Securities Private Ltd.,8100,384.1,3111210.0,2025-08-25 13:30:19.687237
2025-08-25,25883,2025082504006265,UPCL,Imperial Securities Company Pvt. Ltd.,Asian Securities Private Ltd.,50,385.0,19250.0,2025-08-25 13:34:53.135858
2025-08-25,25614,2025082504006299,UPCL,Ashutosh Brokerage & Securities (PVT) Ltd.,Asian Securities Private Ltd.,1322,385.0,508970.0,2025-08-25 13:36:11.045703
2025-08-25,25613,2025082504006300,UPCL,Ashutosh Brokerage & Securities (PVT) Ltd.,Sunrise Securities Limited,678,385.0,261030.0,2025-08-25 13:36:11.046097
2025-08-25,25513,2025082504006316,UPCL,Nepal Stock House (PVT) Ltd.,Sagarmatha Securities Private Limited,100,384.0,38400.0,2025-08-25 13:36:41.624215
2025-08-25,25504,2025082504006319,UPCL,Imperial Securities Company Pvt. Ltd.,Sagarmatha Securities Private Limited,20,384.0,7680.0,2025-08-25 13:36:43.215049
2025-08-25,25302,2025082504006364,UPCL,Premier Securities Company Ltd.,Sagarmatha Securities Private Limited,10,384.0,3840.0,2025-08-25 13:37:50.350861
2025-08-25,25293,2025082504006369,UPCL,Ashutosh Brokerage & Securities (PVT) Ltd.,Sagarmatha Securities Private Limited,70,384.0,26880.0,2025-08-25 13:37:56.414074
2025-08-25,25248,2025082504006382,UPCL,Asian Securities Private Ltd.,Sunrise Securities Limited,100,385.0,38500.0,2025-08-25 13:38:14.425362
2025-08-25,25204,2025082504006395,UPCL,Asian Securities Private Ltd.,Sunrise Securities Limited,72,385.0,27720.0,2025-08-25 13:38:30.486619
2025-08-25,25062,2025082504006427,UPCL,Asian Securities Private Ltd.,Opal Securities Investment (PVT) Ltd.,50,385.8,19290.0,2025-08-25 13:39:16.728451
2025-08-25,24992,2025082504006440,UPCL,Midas Stock Broking Company Private Limited,Nepal Stock House (PVT) Ltd.,12,385.9,4630.8,2025-08-25 13:39:32.224693
2025-08-25,24991,2025082504006441,UPCL,Midas Stock Broking Company Private Limited,Kumari Securities Private Limited,188,385.9,72549.2,2025-08-25 13:39:32.224795
2025-08-25,24492,2025082504006523,UPCL,Midas Stock Broking Company Private Limited,Imperial Securities Company Pvt. Ltd.,200,385.0,77000.0,2025-08-25 13:41:42.884020
2025-08-25,24065,2025082504006629,UPCL,Imperial Securities Company Pvt. Ltd.,Asian Securities Private Ltd.,50,385.5,19275.0,2025-08-25 13:43:15.677633
2025-08-25,24019,2025082504006647,UPCL,Asian Securities Private Ltd.,Asian Securities Private Ltd.,450,385.5,173475.0,2025-08-25 13:43:29.308098
2025-08-25,24018,2025082504006648,UPCL,Asian Securities Private Ltd.,Sagarmatha Securities Private Limited,50,385.5,19275.0,2025-08-25 13:43:29.308331
2025-08-25,23951,2025082504006670,UPCL,Sumeru Securities Pvt. Ltd.,Sagarmatha Securities Private Limited,58,385.5,22359.0,2025-08-25 13:43:46.952230
2025-08-25,23950,2025082504006671,UPCL,Sumeru Securities Pvt. Ltd.,Trishakti Securities Public Limited,30,385.7,11571.0,2025-08-25 13:43:46.952498
2025-08-25,23949,2025082504006672,UPCL,Sumeru Securities Pvt. Ltd.,Cristal Kanchanjanga Securites Pvt. Ltd.,51,385.9,19680.9,2025-08-25 13:43:46.952654
2025-08-25,23948,2025082504006673,UPCL,Sumeru Securities Pvt. Ltd.,Bhrikuti Stock Broking Co. Pvt. Ltd.,300,386.0,115800.0,2025-08-25 13:43:46.952774
2025-08-25,23947,2025082504006674,UPCL,Sumeru Securities Pvt. Ltd.,Naasa Securities Co. Ltd.,108,386.0,41688.0,2025-08-25 13:43:46.952897
2025-08-25,23946,2025082504006675,UPCL,Sumeru Securities Pvt. Ltd.,Cristal Kanchanjanga Securites Pvt. Ltd.,51,386.0,19686.0,2025-08-25 13:43:46.953029
2025-08-25,23742,2025082504006732,UPCL,Dakshinkali Investment & Securities Pvt. Ltd.,Sewa Securities Pvt. Ltd.,54,387.0,20898.0,2025-08-25 13:44:42.453236
2025-08-25,23741,2025082504006733,UPCL,Dakshinkali Investment & Securities Pvt. Ltd.,Aakashbhairab Securities Ltd.,446,387.0,172602.0,2025-08-25 13:44:42.453299
2025-08-25,23234,2025082504006879,UPCL,Midas Stock Broking Company Private Limited,Agrawal Securities (PVT) Ltd.,100,386.5,38650.0,2025-08-25 13:47:26.254377
2025-08-25,22912,2025082504006968,UPCL,Agrawal Securities (PVT) Ltd.,Vision Securities Pvt. Ltd,100,386.9,38690.0,2025-08-25 13:48:52.234671
2025-08-25,22911,2025082504006969,UPCL,Agrawal Securities (PVT) Ltd.,Aakashbhairab Securities Ltd.,900,387.0,348300.0,2025-08-25 13:48:52.234912
2025-08-25,22761,2025082504007023,UPCL,Asian Securities Private Ltd.,Aakashbhairab Securities Ltd.,100,387.0,38700.0,2025-08-25 13:49:32.854533
2025-08-25,22175,2025082504007201,UPCL,Pragyan Securities (PVT) Ltd.,Aakashbhairab Securities Ltd.,100,387.0,38700.0,2025-08-25 13:51:57.602354
2025-08-25,22164,2025082504007204,UPCL,ABC Securities Private Limited,Aakashbhairab Securities Ltd.,1454,387.0,562698.0,2025-08-25 13:52:04.500896
2025-08-25,22163,2025082504007205,UPCL,ABC Securities Private Limited,Shree Krishna Securities Ltd.,46,387.0,17802.0,2025-08-25 13:52:04.501137
2025-08-25,22074,2025082504007220,UPCL,Trisul Securities & Invt. Ltd.,Shree Krishna Securities Ltd.,54,387.0,20898.0,2025-08-25 13:52:26.008217
2025-08-25,22073,2025082504007221,UPCL,Trisul Securities & Invt. Ltd.,J.F. Securites (PVT) Ltd.,50,387.0,19350.0,2025-08-25 13:52:26.008646
2025-08-25,21911,2025082504007262,UPCL,Online Securities Pvt. Ltd.,Sweta Securities Private Limited,10,387.4,3874.0,2025-08-25 13:53:13.164064
2025-08-25,21910,2025082504007263,UPCL,Online Securities Pvt. Ltd.,Bhrikuti Stock Broking Co. Pvt. Ltd.,240,387.5,93000.0,2025-08-25 13:53:13.164343
2025-08-25,21899,2025082504007268,UPCL,Vision Securities Pvt. Ltd,Bhrikuti Stock Broking Co. Pvt. Ltd.,60,387.5,23250.0,2025-08-25 13:53:14.686384
2025-08-25,21898,2025082504007269,UPCL,Vision Securities Pvt. Ltd,Shree Krishna Securities Ltd.,200,387.5,77500.0,2025-08-25 13:53:14.686668
2025-08-25,21897,2025082504007270,UPCL,Vision Securities Pvt. Ltd,Malla & Malla Stock Broking Company Pvt. Limited,175,387.6,67830.0,2025-08-25 13:53:14.686920
2025-08-25,21896,2025082504007271,UPCL,Vision Securities Pvt. Ltd,Sweta Securities Private Limited,10,387.9,3879.0,2025-08-25 13:53:14.687273
2025-08-25,21895,2025082504007272,UPCL,Vision Securities Pvt. Ltd,J.F. Securites (PVT) Ltd.,50,388.0,19400.0,2025-08-25 13:53:14.687571
2025-08-25,21894,2025082504007273,UPCL,Vision Securities Pvt. Ltd,Vision Securities Pvt. Ltd,210,388.0,81480.0,2025-08-25 13:53:14.687851
2025-08-25,21774,2025082504007293,UPCL,Trisul Securities & Invt. Ltd.,Aakashbhairab Securities Ltd.,896,387.0,346752.0,2025-08-25 13:53:42.552000
2025-08-25,21508,2025082504007339,UPCL,Imperial Securities Company Pvt. Ltd.,Aakashbhairab Securities Ltd.,20,387.0,7740.0,2025-08-25 13:54:36.139344
2025-08-25,21423,2025082504007360,UPCL,Imperial Securities Company Pvt. Ltd.,Aakashbhairab Securities Ltd.,84,387.0,32508.0,2025-08-25 13:54:59.368111
2025-08-25,21085,2025082504007437,UPCL,South Asian Bulls Pvt. Ltd.,Pragyan Securities (PVT) Ltd.,100,387.9,38790.0,2025-08-25 13:56:41.635156
2025-08-25,20966,2025082504007463,UPCL,Kalika Securities Pvt. Ltd.,Sharepro Securities Private Limited,1,380.4,380.4,2025-08-25 13:57:09.538770
2025-08-25,20929,2025082504007473,UPCL,Roadshow securities limited,Vision Securities Pvt. Ltd,3165,388.0,1228020.0,2025-08-25 13:57:20.532693
2025-08-25,20928,2025082504007474,UPCL,Roadshow securities limited,Aakashbhairab Securities Ltd.,2000,388.0,776000.0,2025-08-25 13:57:20.532747
2025-08-25,20850,2025082504007490,UPCL,Roadshow securities limited,Siprabi Securities Pvt. Ltd.,50,388.6,19430.0,2025-08-25 13:57:37.570104
2025-08-25,20849,2025082504007491,UPCL,Roadshow securities limited,Sweta Securities Private Limited,10,388.8,3888.0,2025-08-25 13:57:37.570150
2025-08-25,20743,2025082504007531,UPCL,Trisul Securities & Invt. Ltd.,Imperial Securities Company Pvt. Ltd.,100,388.9,38890.0,2025-08-25 13:58:04.359954
2025-08-25,20533,2025082504007564,UPCL,Primo Securities (PVT) Ltd.,Imperial Securities Company Pvt. Ltd.,900,388.9,350010.0,2025-08-25 13:58:55.147623
2025-08-25,20397,2025082504007614,UPCL,Online Securities Pvt. Ltd.,Shree Krishna Securities Ltd.,200,389.0,77800.0,2025-08-25 13:59:28.907243
2025-08-25,20396,2025082504007615,UPCL,Online Securities Pvt. Ltd.,Shree Krishna Securities Ltd.,50,389.0,19450.0,2025-08-25 13:59:28.907484
2025-08-25,20214,2025082504007665,UPCL,Primo Securities (PVT) Ltd.,Property Wiard Limited,20,389.9,7798.0,2025-08-25 14:00:08.445524
2025-08-25,20213,2025082504007666,UPCL,Primo Securities (PVT) Ltd.,Vision Securities Pvt. Ltd,200,389.9,77980.0,2025-08-25 14:00:08.445752
2025-08-25,20095,2025082504007684,UPCL,Roadshow securities limited,SUN SECURITIES PVT LTD,10,390.0,3900.0,2025-08-25 14:00:28.970349
2025-08-25,20087,2025082504007685,UPCL,Trisul Securities & Invt. Ltd.,SUN SECURITIES PVT LTD,50,390.0,19500.0,2025-08-25 14:00:30.065238
2025-08-25,19887,2025082504007738,UPCL,Asian Securities Private Ltd.,SUN SECURITIES PVT LTD,18,390.0,7020.0,2025-08-25 14:01:20.547929
2025-08-25,19731,2025082504007778,UPCL,Aryatara Investment & Securities,Agrawal Securities (PVT) Ltd.,10,388.8,3888.0,2025-08-25 14:02:13.466957
2025-08-25,19666,2025082504007793,UPCL,Asian Securities Private Ltd.,Agrawal Securities (PVT) Ltd.,40,388.8,15552.0,2025-08-25 14:02:32.062190
2025-08-25,19527,2025082504007821,UPCL,Primo Securities (PVT) Ltd.,Siprabi Securities Pvt. Ltd.,500,389.9,194950.0,2025-08-25 14:03:01.136632
2025-08-25,19226,2025082504007890,UPCL,Kumari Securities Private Limited,Siprabi Securities Pvt. Ltd.,200,389.0,77800.0,2025-08-25 14:04:25.539882
2025-08-25,19225,2025082504007891,UPCL,Hatemalo Financial Services Private Limited,Siprabi Securities Pvt. Ltd.,100,389.0,38900.0,2025-08-25 14:04:25.540359
2025-08-25,19022,2025082504007938,UPCL,ABC Securities Private Limited,Online Securities Pvt. Ltd.,200,388.8,77760.0,2025-08-25 14:05:11.763544
2025-08-25,19021,2025082504007939,UPCL,Midas Stock Broking Company Private Limited,Online Securities Pvt. Ltd.,100,388.7,38870.0,2025-08-25 14:05:11.763809
2025-08-25,19020,2025082504007940,UPCL,Citizens Share Broker Limited,Online Securities Pvt. Ltd.,400,388.7,155480.0,2025-08-25 14:05:11.763902
2025-08-25,19019,2025082504007941,UPCL,Nagarik Stock Dealer ,Online Securities Pvt. Ltd.,200,388.6,77720.0,2025-08-25 14:05:11.763986
2025-08-25,19018,2025082504007942,UPCL,Roadshow securities limited,Online Securities Pvt. Ltd.,100,388.5,38850.0,2025-08-25 14:05:11.764070
2025-08-25,18925,2025082504007966,UPCL,Roadshow securities limited,Premier Securities Company Ltd.,17,388.0,6596.0,2025-08-25 14:05:36.431483
2025-08-25,18843,2025082504008013,UPCL,Roadshow securities limited,Kumari Securities Private Limited,33,388.0,12804.0,2025-08-25 14:05:49.579244
2025-08-25,18842,2025082504008014,UPCL,Imperial Securities Company Pvt. Ltd.,Kumari Securities Private Limited,20,388.0,7760.0,2025-08-25 14:05:49.579491
2025-08-25,18841,2025082504008015,UPCL,Primo Securities (PVT) Ltd.,Kumari Securities Private Limited,447,388.0,173436.0,2025-08-25 14:05:49.579694
2025-08-25,18804,2025082504008025,UPCL,Roadshow securities limited,Pragyan Securities (PVT) Ltd.,10,389.0,3890.0,2025-08-25 14:05:55.117217
2025-08-25,18755,2025082504008035,UPCL,Primo Securities (PVT) Ltd.,Sweta Securities Private Limited,53,388.0,20564.0,2025-08-25 14:06:05.856467
2025-08-25,18559,2025082504008080,UPCL,Online Securities Pvt. Ltd.,Sweta Securities Private Limited,100,387.6,38760.0,2025-08-25 14:06:40.017023
2025-08-25,18549,2025082504008083,UPCL,Online Securities Pvt. Ltd.,Roadshow securities limited,200,387.6,77520.0,2025-08-25 14:06:45.245007
2025-08-25,18542,2025082504008085,UPCL,Primo Securities (PVT) Ltd.,Sweta Securities Private Limited,97,387.5,37587.5,2025-08-25 14:06:48.047131
2025-08-25,18366,2025082504008113,UPCL,Nepal Stock House (PVT) Ltd.,Roadshow securities limited,500,387.2,193600.0,2025-08-25 14:07:23.337162
2025-08-25,18365,2025082504008114,UPCL,Linch Stock Market Ltd.,Roadshow securities limited,200,386.2,77240.0,2025-08-25 14:07:23.337259
2025-08-25,18364,2025082504008115,UPCL,Primo Securities (PVT) Ltd.,Roadshow securities limited,500,386.1,193050.0,2025-08-25 14:07:23.337370
2025-08-25,18363,2025082504008116,UPCL,Opal Securities Investment (PVT) Ltd.,Roadshow securities limited,30,386.0,11580.0,2025-08-25 14:07:23.337437
2025-08-25,17793,2025082504008226,UPCL,Roadshow securities limited,Sweta Securities Private Limited,50,386.0,19300.0,2025-08-25 14:09:26.761004
2025-08-25,17792,2025082504008227,UPCL,Midas Stock Broking Company Private Limited,Sweta Securities Private Limited,300,386.0,115800.0,2025-08-25 14:09:26.761490
2025-08-25,17791,2025082504008228,UPCL,Hatemalo Financial Services Private Limited,Sweta Securities Private Limited,100,386.0,38600.0,2025-08-25 14:09:26.761748
2025-08-25,17565,2025082504008256,UPCL,Primo Securities (PVT) Ltd.,Aakashbhairab Securities Ltd.,500,387.0,193500.0,2025-08-25 14:10:16.955337
2025-08-25,17403,2025082504008289,UPCL,Asian Securities Private Ltd.,Aryatara Investment & Securities,10,387.9,3879.0,2025-08-25 14:11:01.073390
2025-08-25,16666,2025082504008459,UPCL,Imperial Securities Company Pvt. Ltd.,Aryatara Investment & Securities,190,387.9,73701.0,2025-08-25 14:14:47.548456
2025-08-25,16665,2025082504008460,UPCL,Imperial Securities Company Pvt. Ltd.,Online Securities Pvt. Ltd.,810,388.0,314280.0,2025-08-25 14:14:47.548878
2025-08-25,16569,2025082504008486,UPCL,Primo Securities (PVT) Ltd.,Online Securities Pvt. Ltd.,79,388.0,30652.0,2025-08-25 14:15:13.093519
2025-08-25,16514,2025082504008503,UPCL,Imperial Securities Company Pvt. Ltd.,Online Securities Pvt. Ltd.,20,388.0,7760.0,2025-08-25 14:15:31.031240
2025-08-25,16146,2025082504008595,UPCL,Vision Securities Pvt. Ltd,Online Securities Pvt. Ltd.,90,388.0,34920.0,2025-08-25 14:17:09.777797
2025-08-25,16118,2025082504008604,UPCL,Cristal Kanchanjanga Securites Pvt. Ltd.,Himalayan Securities Limited,500,387.1,193550.0,2025-08-25 14:17:15.812684
2025-08-25,16117,2025082504008605,UPCL,Oxford Securities Pvt. Ltd.,Himalayan Securities Limited,31,387.1,12000.1,2025-08-25 14:17:15.813091
2025-08-25,15995,2025082504008632,UPCL,Asian Securities Private Ltd.,Malla & Malla Stock Broking Company Pvt. Limited,8,385.0,3080.0,2025-08-25 14:17:47.489832
2025-08-25,15365,2025082504008718,UPCL,Primo Securities (PVT) Ltd.,Vision Securities Pvt. Ltd,200,388.7,77740.0,2025-08-25 14:19:48.232110
2025-08-25,15364,2025082504008719,UPCL,Primo Securities (PVT) Ltd.,Pragyan Securities (PVT) Ltd.,170,389.0,66130.0,2025-08-25 14:19:48.232562
2025-08-25,15225,2025082504008754,UPCL,Sajilo Broker Limited,Sajilo Broker Limited,1000,389.1,389100.0,2025-08-25 14:20:15.942913
2025-08-25,15206,2025082504008759,UPCL,Primo Securities (PVT) Ltd.,Sweta Securities Private Limited,100,389.0,38900.0,2025-08-25 14:20:23.687225
2025-08-25,15198,2025082504008765,UPCL,Sajilo Broker Limited,Sajilo Broker Limited,1000,389.1,389100.0,2025-08-25 14:20:24.972497
2025-08-25,15162,2025082504008768,UPCL,Primo Securities (PVT) Ltd.,Sweta Securities Private Limited,30,389.5,11685.0,2025-08-25 14:20:37.416402
2025-08-25,15027,2025082504008808,UPCL,Aryatara Investment & Securities,Sweta Securities Private Limited,20,389.5,7790.0,2025-08-25 14:21:20.542519
2025-08-25,14968,2025082504008826,UPCL,Premier Securities Company Ltd.,Sweta Securities Private Limited,50,389.5,19475.0,2025-08-25 14:21:31.163788
2025-08-25,14967,2025082504008827,UPCL,Premier Securities Company Ltd.,Nabil Stock Dealer Ltd.,100,389.5,38950.0,2025-08-25 14:21:31.163894
2025-08-25,14966,2025082504008828,UPCL,Premier Securities Company Ltd.,Vision Securities Pvt. Ltd,50,389.6,19480.0,2025-08-25 14:21:31.163975
2025-08-25,14923,2025082504008833,UPCL,Premier Securities Company Ltd.,Vision Securities Pvt. Ltd,250,389.6,97400.0,2025-08-25 14:21:39.217155
2025-08-25,14922,2025082504008834,UPCL,Premier Securities Company Ltd.,Sweta Securities Private Limited,50,389.7,19485.0,2025-08-25 14:21:39.217210
2025-08-25,13875,2025082504009020,UPCL,Primo Securities (PVT) Ltd.,Sweta Securities Private Limited,10,389.8,3898.0,2025-08-25 14:25:33.590171
2025-08-25,13874,2025082504009021,UPCL,Primo Securities (PVT) Ltd.,Kumari Securities Private Limited,112,389.8,43657.6,2025-08-25 14:25:33.590453
2025-08-25,13745,2025082504009044,UPCL,Primo Securities (PVT) Ltd.,Online Securities Pvt. Ltd.,200,389.9,77980.0,2025-08-25 14:26:02.701994
2025-08-25,13744,2025082504009045,UPCL,Primo Securities (PVT) Ltd.,Primo Securities (PVT) Ltd.,54,389.9,21054.6,2025-08-25 14:26:02.702218
2025-08-25,13249,2025082504009218,UPCL,Primo Securities (PVT) Ltd.,Roadshow securities limited,1000,388.5,388500.0,2025-08-25 14:28:05.310359
2025-08-25,12761,2025082504009320,UPCL,Machhapuchchhre Securities Limited,SUN SECURITIES PVT LTD,10,390.0,3900.0,2025-08-25 14:29:36.469853
2025-08-25,12511,2025082504009371,UPCL,South Asian Bulls Pvt. Ltd.,SUN SECURITIES PVT LTD,92,390.0,35880.0,2025-08-25 14:30:32.226997
2025-08-25,12510,2025082504009372,UPCL,South Asian Bulls Pvt. Ltd.,Primo Securities (PVT) Ltd.,70,390.0,27300.0,2025-08-25 14:30:32.227275
2025-08-25,12509,2025082504009373,UPCL,South Asian Bulls Pvt. Ltd.,Nepal Stock House (PVT) Ltd.,38,390.0,14820.0,2025-08-25 14:30:32.227401
2025-08-25,12412,2025082504009417,UPCL,Asian Securities Private Ltd.,Nepal Stock House (PVT) Ltd.,10,390.0,3900.0,2025-08-25 14:30:53.653359
2025-08-25,11943,2025082504009507,UPCL,Aryatara Investment & Securities,Nepal Stock House (PVT) Ltd.,50,390.0,19500.0,2025-08-25 14:32:30.275535
2025-08-25,11859,2025082504009524,UPCL,Premier Securities Company Ltd.,Nepal Stock House (PVT) Ltd.,100,390.0,39000.0,2025-08-25 14:32:39.769425
2025-08-25,11739,2025082504009556,UPCL,Asian Securities Private Ltd.,Nepal Stock House (PVT) Ltd.,100,390.0,39000.0,2025-08-25 14:33:09.532658
2025-08-25,11738,2025082504009557,UPCL,Asian Securities Private Ltd.,Aakashbhairab Securities Ltd.,100,390.0,39000.0,2025-08-25 14:33:09.532934
2025-08-25,11451,2025082504009616,UPCL,INDEX SECURITIES LIMITED,Aakashbhairab Securities Ltd.,10,390.0,3900.0,2025-08-25 14:34:12.066427
2025-08-25,9978,2025082504009958,UPCL,Roadshow securities limited,Aryatara Investment & Securities,10,389.8,3898.0,2025-08-25 14:39:14.053196
2025-08-25,9794,2025082504009990,UPCL,Naasa Securities Co. Ltd.,Bhrikuti Stock Broking Co. Pvt. Ltd.,110,389.0,42790.0,2025-08-25 14:40:03.504557
2025-08-25,9779,2025082504009996,UPCL,Thrive Brokerage House Pvt. Ltd,Bhrikuti Stock Broking Co. Pvt. Ltd.,90,389.0,35010.0,2025-08-25 14:40:06.697797
2025-08-25,9757,2025082504010001,UPCL,Thrive Brokerage House Pvt. Ltd,Sagarmatha Securities Private Limited,130,389.0,50570.0,2025-08-25 14:40:15.235819
2025-08-25,9697,2025082504010033,UPCL,Primo Securities (PVT) Ltd.,Aryatara Investment & Securities,403,389.8,157089.4,2025-08-25 14:40:27.349381
2025-08-25,9675,2025082504010043,UPCL,Thrive Brokerage House Pvt. Ltd,Shree Krishna Securities Ltd.,10,389.0,3890.0,2025-08-25 14:40:36.529754
2025-08-25,9613,2025082504010057,UPCL,Primo Securities (PVT) Ltd.,Sharepro Securities Private Limited,300,389.7,116910.0,2025-08-25 14:40:46.468344
2025-08-25,9288,2025082504010160,UPCL,Thrive Brokerage House Pvt. Ltd,Sweta Securities Private Limited,170,389.0,66130.0,2025-08-25 14:41:54.659509
2025-08-25,9253,2025082504010166,UPCL,Citizens Share Broker Limited,Sweta Securities Private Limited,100,389.0,38900.0,2025-08-25 14:42:02.212604
2025-08-25,9042,2025082504010208,UPCL,Primo Securities (PVT) Ltd.,Sharepro Securities Private Limited,44,389.7,17146.8,2025-08-25 14:42:41.918446
2025-08-25,8712,2025082504010279,UPCL,Nepal Stock House (PVT) Ltd.,Shree Krishna Securities Ltd.,128,389.0,49792.0,2025-08-25 14:43:55.216162
2025-08-25,8276,2025082504010404,UPCL,Bhrikuti Stock Broking Co. Pvt. Ltd.,Sharepro Securities Private Limited,146,388.8,56764.8,2025-08-25 14:45:04.572107
2025-08-25,8275,2025082504010405,UPCL,Bhrikuti Stock Broking Co. Pvt. Ltd.,Agrawal Securities (PVT) Ltd.,4,388.8,1555.2,2025-08-25 14:45:04.572309
2025-08-25,8100,2025082504010450,UPCL,Naasa Securities Co. Ltd.,Shree Krishna Securities Ltd.,10,388.4,3884.0,2025-08-25 14:45:31.681810
2025-08-25,8099,2025082504010451,UPCL,Neev Securities Pvt. Ltd.,Shree Krishna Securities Ltd.,300,388.0,116400.0,2025-08-25 14:45:31.682041
2025-08-25,8098,2025082504010452,UPCL,Investment Management Nepal Pvt. Ltd.,Shree Krishna Securities Ltd.,62,388.0,24056.0,2025-08-25 14:45:31.682136
2025-08-25,7946,2025082504010489,UPCL,Investment Management Nepal Pvt. Ltd.,Opal Securities Investment (PVT) Ltd.,10,388.0,3880.0,2025-08-25 14:45:58.800831
2025-08-25,7704,2025082504010552,UPCL,Asian Securities Private Ltd.,Sharepro Securities Private Limited,10,388.9,3889.0,2025-08-25 14:46:32.978461
2025-08-25,7383,2025082504010647,UPCL,Primo Securities (PVT) Ltd.,Dakshinkali Investment & Securities Pvt. Ltd.,500,389.0,194500.0,2025-08-25 14:47:25.094483
2025-08-25,7382,2025082504010648,UPCL,Primo Securities (PVT) Ltd.,Sundhara Securities Limited,100,389.0,38900.0,2025-08-25 14:47:25.094760
2025-08-25,7125,2025082504010726,UPCL,Asian Securities Private Ltd.,Naasa Securities Co. Ltd.,10,389.7,3897.0,2025-08-25 14:48:11.528842
2025-08-25,6940,2025082504010743,UPCL,Miyo Securities Pvt Ltd,Naasa Securities Co. Ltd.,100,389.7,38970.0,2025-08-25 14:48:33.811045
2025-08-25,6833,2025082504010772,UPCL,Primo Securities (PVT) Ltd.,Naasa Securities Co. Ltd.,1360,389.7,529992.0,2025-08-25 14:48:48.392814
2025-08-25,6471,2025082504010891,UPCL,Linch Stock Market Ltd.,Thrive Brokerage House Pvt. Ltd,10,388.1,3881.0,2025-08-25 14:49:39.792803
2025-08-25,6470,2025082504010892,UPCL,Midas Stock Broking Company Private Limited,Thrive Brokerage House Pvt. Ltd,200,388.1,77620.0,2025-08-25 14:49:39.792890
2025-08-25,6469,2025082504010893,UPCL,Investment Management Nepal Pvt. Ltd.,Thrive Brokerage House Pvt. Ltd,790,388.0,306520.0,2025-08-25 14:49:39.792916
2025-08-25,6275,2025082504010944,UPCL,Investment Management Nepal Pvt. Ltd.,Capital Max Securities Ltd,138,388.0,53544.0,2025-08-25 14:50:09.967673
2025-08-25,6274,2025082504010945,UPCL,Kumari Securities Private Limited,Capital Max Securities Ltd,72,388.0,27936.0,2025-08-25 14:50:09.967733
2025-08-25,5533,2025082504011113,UPCL,Capital Max Securities Ltd,ABC Securities Private Limited,10,388.1,3881.0,2025-08-25 14:51:57.472732
2025-08-25,5532,2025082504011114,UPCL,Capital Max Securities Ltd,Naasa Securities Co. Ltd.,180,389.5,70110.0,2025-08-25 14:51:57.472975
2025-08-25,5531,2025082504011115,UPCL,Capital Max Securities Ltd,Sundhara Securities Limited,90,389.5,35055.0,2025-08-25 14:51:57.473109
2025-08-25,5512,2025082504011116,UPCL,Asian Securities Private Ltd.,Sweta Securities Private Limited,20,388.0,7760.0,2025-08-25 14:52:01.813644
2025-08-25,5456,2025082504011128,UPCL,Machhapuchchhre Securities Limited,Sundhara Securities Limited,10,389.5,3895.0,2025-08-25 14:52:13.489194
2025-08-25,5401,2025082504011137,UPCL,Asian Securities Private Ltd.,Sweta Securities Private Limited,20,388.0,7760.0,2025-08-25 14:52:22.962520
2025-08-25,5327,2025082504011158,UPCL,Machhapuchchhre Securities Limited,Thrive Brokerage House Pvt. Ltd,10,389.7,3897.0,2025-08-25 14:52:37.555086
2025-08-25,4754,2025082504011299,UPCL,Primo Securities (PVT) Ltd.,Thrive Brokerage House Pvt. Ltd,90,389.7,35073.0,2025-08-25 14:53:56.765171
2025-08-25,4753,2025082504011300,UPCL,Primo Securities (PVT) Ltd.,Imperial Securities Company Pvt. Ltd.,200,389.7,77940.0,2025-08-25 14:53:56.765643
2025-08-25,4694,2025082504011315,UPCL,Primo Securities (PVT) Ltd.,Aryatara Investment & Securities,87,389.8,33912.6,2025-08-25 14:54:05.882667
2025-08-25,4693,2025082504011316,UPCL,Primo Securities (PVT) Ltd.,ABC Securities Private Limited,50,389.8,19490.0,2025-08-25 14:54:05.883105
2025-08-25,4692,2025082504011317,UPCL,Primo Securities (PVT) Ltd.,Dakshinkali Investment & Securities Pvt. Ltd.,493,389.8,192171.4,2025-08-25 14:54:05.883403
2025-08-25,4608,2025082504011339,UPCL,Primo Securities (PVT) Ltd.,Citizens Share Broker Limited,500,389.9,194950.0,2025-08-25 14:54:16.921759
2025-08-25,4607,2025082504011340,UPCL,Primo Securities (PVT) Ltd.,Market Securities & Exchange (PVT) Ltd.,1000,389.9,389900.0,2025-08-25 14:54:16.922017
2025-08-25,4282,2025082504011421,UPCL,Hatemalo Financial Services Private Limited,Aakashbhairab Securities Ltd.,10,389.5,3895.0,2025-08-25 14:54:51.798931
2025-08-25,4281,2025082504011422,UPCL,Kumari Securities Private Limited,Aakashbhairab Securities Ltd.,928,388.1,360156.8,2025-08-25 14:54:51.799189
2025-08-25,4280,2025082504011423,UPCL,Asian Securities Private Ltd.,Aakashbhairab Securities Ltd.,20,388.0,7760.0,2025-08-25 14:54:51.799289
2025-08-25,4279,2025082504011424,UPCL,Shree Krishna Securities Ltd.,Aakashbhairab Securities Ltd.,118,388.0,45784.0,2025-08-25 14:54:51.799383
2025-08-25,4278,2025082504011425,UPCL,Midas Stock Broking Company Private Limited,Aakashbhairab Securities Ltd.,70,388.0,27160.0,2025-08-25 14:54:51.799468
2025-08-25,4235,2025082504011426,UPCL,Nagarik Stock Dealer ,Aakashbhairab Securities Ltd.,100,388.0,38800.0,2025-08-25 14:54:55.943050
2025-08-25,3741,2025082504011514,UPCL,Kumari Securities Private Limited,Aakashbhairab Securities Ltd.,250,388.0,97000.0,2025-08-25 14:55:39.685853
2025-08-25,3670,2025082504011533,UPCL,Sweta Securities Private Limited,Thrive Brokerage House Pvt. Ltd,261,387.5,101137.5,2025-08-25 14:55:47.889185
2025-08-25,3669,2025082504011534,UPCL,Naasa Securities Co. Ltd.,Thrive Brokerage House Pvt. Ltd,200,387.2,77440.0,2025-08-25 14:55:47.889257
2025-08-25,3668,2025082504011535,UPCL,Oxford Securities Pvt. Ltd.,Thrive Brokerage House Pvt. Ltd,119,387.1,46064.9,2025-08-25 14:55:47.889286
2025-08-25,3667,2025082504011536,UPCL,Naasa Securities Co. Ltd.,Thrive Brokerage House Pvt. Ltd,10,387.1,3871.0,2025-08-25 14:55:47.889328
2025-08-25,3666,2025082504011537,UPCL,Primo Securities (PVT) Ltd.,Thrive Brokerage House Pvt. Ltd,410,387.1,158711.0,2025-08-25 14:55:47.889354
2025-08-25,3342,2025082504011624,UPCL,Sumeru Securities Pvt. Ltd.,Sweta Securities Private Limited,4,380.0,1520.0,2025-08-25 14:56:25.984206
2025-08-25,3314,2025082504011629,UPCL,Primo Securities (PVT) Ltd.,Aakashbhairab Securities Ltd.,394,388.0,152872.0,2025-08-25 14:56:28.498384
2025-08-25,3313,2025082504011630,UPCL,Primo Securities (PVT) Ltd.,Aakashbhairab Securities Ltd.,2000,388.0,776000.0,2025-08-25 14:56:28.498809
2025-08-25,3312,2025082504011631,UPCL,Primo Securities (PVT) Ltd.,Trishakti Securities Public Limited,996,388.0,386448.0,2025-08-25 14:56:28.499068
2025-08-25,2420,2025082504011808,UPCL,Primo Securities (PVT) Ltd.,Naasa Securities Co. Ltd.,430,389.0,167270.0,2025-08-25 14:57:46.914917
2025-08-25,2185,2025082504011866,UPCL,Sani Securities Company Ltd.,Naasa Securities Co. Ltd.,10,389.0,3890.0,2025-08-25 14:58:05.161758
2025-08-25,2178,2025082504011867,UPCL,Vision Securities Pvt. Ltd,Nepal Investment And Securities Trading Private Limited,4,382.0,1528.0,2025-08-25 14:58:05.737669
2025-08-25,1923,2025082504011939,UPCL,Primo Securities (PVT) Ltd.,Naasa Securities Co. Ltd.,2560,389.0,995840.0,2025-08-25 14:58:26.352160
2025-08-25,1421,2025082504012050,UPCL,Sri Hari Securities Pvt. Ltd.,Ashutosh Brokerage & Securities (PVT) Ltd.,100,389.7,38970.0,2025-08-25 14:58:57.133663
2025-08-25,1420,2025082504012051,UPCL,Sri Hari Securities Pvt. Ltd.,Ashutosh Brokerage & Securities (PVT) Ltd.,200,389.8,77960.0,2025-08-25 14:58:57.133701
2025-08-25,1419,2025082504012052,UPCL,Sri Hari Securities Pvt. Ltd.,Ashutosh Brokerage & Securities (PVT) Ltd.,200,389.9,77980.0,2025-08-25 14:58:57.133725
2025-08-25,1418,2025082504012053,UPCL,Sri Hari Securities Pvt. Ltd.,Dipshikha Dhitopatra Karobar Co. Pvt Ltd.,500,390.0,195000.0,2025-08-25 14:58:57.133766
2025-08-25,1265,2025082504012112,UPCL,Primo Securities (PVT) Ltd.,Naasa Securities Co. Ltd.,22,389.0,8558.0,2025-08-25 14:59:08.570742
2025-08-25,1264,2025082504012113,UPCL,Primo Securities (PVT) Ltd.,Dipshikha Dhitopatra Karobar Co. Pvt Ltd.,418,390.0,163020.0,2025-08-25 14:59:08.571168
2025-08-25,926,2025082504012273,UPCL,Vision Securities Pvt. Ltd,Sweta Securities Private Limited,500,389.0,194500.0,2025-08-25 14:59:25.043843
2025-08-25,185,2025082504012438,UPCL,Nepal Investment And Securities Trading Private Limited,Linch Stock Market Ltd.,250,389.0,97250.0,2025-08-25 14:59:54.413933
2025-08-25,105,2025082504012457,UPCL,Hatemalo Financial Services Private Limited,Linch Stock Market Ltd.,10,389.0,3890.0,2025-08-25 14:59:57.535458
