Date,S.N.,contract_id,symbol,buyer_broker,seller_broker,volume,price,amount,transaction_time
2025-08-18,67641,2025081804000098,LEC,Sani Securities Company Ltd.,Primo Securities (PVT) Ltd.,4310,232.0,999920.0,2025-08-18T11:02:30.244904
2025-08-18,67640,2025081804000099,LEC,Sani Securities Company Ltd.,Primo Securities (PVT) Ltd.,100,232.0,23200.0,2025-08-18T11:02:30.244972
2025-08-18,67639,2025081804000100,LEC,Naasa Securities Co. Ltd.,Primo Securities (PVT) Ltd.,433,232.0,100456.0,2025-08-18T11:02:30.245003
2025-08-18,67382,2025081804000141,LEC,Aryatara Investment & Securities,Bhrikuti Stock Broking Co. Pvt. Ltd.,100,233.9,23390.0,2025-08-18T11:04:27.053545
2025-08-18,67170,2025081804000180,LEC,Creative Securities Pvt Ltd,Aryatara Investment & Securities,100,231.1,23110.0,2025-08-18T11:05:49.881076
2025-08-18,67034,2025081804000208,LEC,Creative Securities Pvt Ltd,Aryatara Investment & Securities,100,232.2,23220.0,2025-08-18T11:06:34.269032
2025-08-18,67003,2025081804000211,LEC,Creative Securities Pvt Ltd,Bhrikuti Stock Broking Co. Pvt. Ltd.,900,233.9,210510.0,2025-08-18T11:06:40.809697
2025-08-18,67002,2025081804000212,LEC,Creative Securities Pvt Ltd,Naasa Securities Co. Ltd.,100,233.9,23390.0,2025-08-18T11:06:40.809863
2025-08-18,67001,2025081804000213,LEC,Creative Securities Pvt Ltd,Bhrikuti Stock Broking Co. Pvt. Ltd.,800,233.9,187120.0,2025-08-18T11:06:40.809969
2025-08-18,66899,2025081804000227,LEC,Naasa Securities Co. Ltd.,Bhrikuti Stock Broking Co. Pvt. Ltd.,325,233.9,76017.5,2025-08-18T11:07:14.333953
2025-08-18,66898,2025081804000228,LEC,Naasa Securities Co. Ltd.,Bhrikuti Stock Broking Co. Pvt. Ltd.,300,234.0,70200.0,2025-08-18T11:07:14.334052
2025-08-18,66897,2025081804000229,LEC,Naasa Securities Co. Ltd.,Bhrikuti Stock Broking Co. Pvt. Ltd.,25,235.0,5875.0,2025-08-18T11:07:14.334128
2025-08-18,66846,2025081804000237,LEC,Dynamic Money Managers Securities Pvt. Ltd.,Bhrikuti Stock Broking Co. Pvt. Ltd.,275,235.0,64625.0,2025-08-18T11:07:23.204442
2025-08-18,66845,2025081804000238,LEC,Dynamic Money Managers Securities Pvt. Ltd.,Naasa Securities Co. Ltd.,300,235.0,70500.0,2025-08-18T11:07:23.204597
2025-08-18,66844,2025081804000239,LEC,Dynamic Money Managers Securities Pvt. Ltd.,Malla & Malla Stock Broking Company Pvt. Limited,1000,235.0,235000.0,2025-08-18T11:07:23.204706
2025-08-18,66843,2025081804000240,LEC,Dynamic Money Managers Securities Pvt. Ltd.,SUN SECURITIES PVT LTD,100,235.0,23500.0,2025-08-18T11:07:23.204811
2025-08-18,66842,2025081804000241,LEC,Dynamic Money Managers Securities Pvt. Ltd.,Sani Securities Company Ltd.,500,235.0,117500.0,2025-08-18T11:07:23.204914
2025-08-18,66841,2025081804000242,LEC,Dynamic Money Managers Securities Pvt. Ltd.,Online Securities Pvt. Ltd.,100,235.0,23500.0,2025-08-18T11:07:23.205015
2025-08-18,66802,2025081804000252,LEC,Dynamic Money Managers Securities Pvt. Ltd.,Magnet Securities and Investment Company Private Limited,50,235.0,11750.0,2025-08-18T11:07:34.871849
2025-08-18,66725,2025081804000274,LEC,Dynamic Money Managers Securities Pvt. Ltd.,J.F. Securites (PVT) Ltd.,20,235.0,4700.0,2025-08-18T11:07:56.896703
2025-08-18,66665,2025081804000285,LEC,Naasa Securities Co. Ltd.,Elite Stock House Limited,500,235.5,117750.0,2025-08-18T11:08:10.820586
2025-08-18,66664,2025081804000286,LEC,Naasa Securities Co. Ltd.,Aryatara Investment & Securities,2000,235.7,471400.0,2025-08-18T11:08:10.820683
2025-08-18,66663,2025081804000287,LEC,Naasa Securities Co. Ltd.,Creative Securities Pvt Ltd,500,236.0,118000.0,2025-08-18T11:08:10.820704
2025-08-18,66662,2025081804000288,LEC,Naasa Securities Co. Ltd.,Aryatara Investment & Securities,500,236.0,118000.0,2025-08-18T11:08:10.820725
2025-08-18,66661,2025081804000289,LEC,Naasa Securities Co. Ltd.,Sweta Securities Private Limited,100,236.0,23600.0,2025-08-18T11:08:10.820743
2025-08-18,66660,2025081804000290,LEC,Naasa Securities Co. Ltd.,Aryatara Investment & Securities,2000,236.0,472000.0,2025-08-18T11:08:10.820762
2025-08-18,66659,2025081804000291,LEC,Naasa Securities Co. Ltd.,Dipshikha Dhitopatra Karobar Co. Pvt Ltd.,295,236.0,69620.0,2025-08-18T11:08:10.820781
2025-08-18,66658,2025081804000292,LEC,Naasa Securities Co. Ltd.,Shree Krishna Securities Ltd.,100,236.2,23620.0,2025-08-18T11:08:10.820831
2025-08-18,66657,2025081804000293,LEC,Naasa Securities Co. Ltd.,Bhrikuti Stock Broking Co. Pvt. Ltd.,400,236.2,94480.0,2025-08-18T11:08:10.820855
2025-08-18,66656,2025081804000294,LEC,Naasa Securities Co. Ltd.,Vision Securities Pvt. Ltd,500,236.2,118100.0,2025-08-18T11:08:10.820876
2025-08-18,66655,2025081804000295,LEC,Naasa Securities Co. Ltd.,Sri Hari Securities Pvt. Ltd.,800,236.6,189280.0,2025-08-18T11:08:10.820895
2025-08-18,66654,2025081804000296,LEC,Naasa Securities Co. Ltd.,Dipshikha Dhitopatra Karobar Co. Pvt Ltd.,100,236.8,23680.0,2025-08-18T11:08:10.820937
2025-08-18,66653,2025081804000297,LEC,Naasa Securities Co. Ltd.,Naasa Securities Co. Ltd.,1470,237.0,348390.0,2025-08-18T11:08:10.820977
2025-08-18,66652,2025081804000298,LEC,Naasa Securities Co. Ltd.,Trishakti Securities Public Limited,735,237.0,174195.0,2025-08-18T11:08:10.820999
2025-08-18,66651,2025081804000299,LEC,Dynamic Money Managers Securities Pvt. Ltd.,Aryatara Investment & Securities,55,235.0,12925.0,2025-08-18T11:08:11.166647
2025-08-18,66619,2025081804000313,LEC,Dynamic Money Managers Securities Pvt. Ltd.,Agrawal Securities (PVT) Ltd.,100,235.0,23500.0,2025-08-18T11:08:19.068731
2025-08-18,66616,2025081804000314,LEC,Elite Stock House Limited,Agrawal Securities (PVT) Ltd.,500,235.0,117500.0,2025-08-18T11:08:19.553389
2025-08-18,66615,2025081804000315,LEC,Naasa Securities Co. Ltd.,Agrawal Securities (PVT) Ltd.,10,235.0,2350.0,2025-08-18T11:08:20.912934
2025-08-18,66511,2025081804000332,LEC,Naasa Securities Co. Ltd.,Agrawal Securities (PVT) Ltd.,390,235.0,91650.0,2025-08-18T11:08:45.189767
2025-08-18,66510,2025081804000333,LEC,Naasa Securities Co. Ltd.,Naasa Securities Co. Ltd.,100,235.0,23500.0,2025-08-18T11:08:45.189819
2025-08-18,66509,2025081804000334,LEC,Naasa Securities Co. Ltd.,J.F. Securites (PVT) Ltd.,300,236.9,71070.0,2025-08-18T11:08:45.189849
2025-08-18,66508,2025081804000335,LEC,Naasa Securities Co. Ltd.,Trishakti Securities Public Limited,1765,237.0,418305.0,2025-08-18T11:08:45.189881
2025-08-18,66507,2025081804000336,LEC,Naasa Securities Co. Ltd.,Imperial Securities Company Pvt. Ltd.,500,237.0,118500.0,2025-08-18T11:08:45.189911
2025-08-18,66506,2025081804000337,LEC,Naasa Securities Co. Ltd.,Dynamic Money Managers Securities Pvt. Ltd.,940,238.0,223720.0,2025-08-18T11:08:45.189938
2025-08-18,66505,2025081804000338,LEC,Naasa Securities Co. Ltd.,ABC Securities Private Limited,760,238.0,180880.0,2025-08-18T11:08:45.189964
2025-08-18,66504,2025081804000339,LEC,Naasa Securities Co. Ltd.,Imperial Securities Company Pvt. Ltd.,200,238.0,47600.0,2025-08-18T11:08:45.189992
2025-08-18,66503,2025081804000340,LEC,Naasa Securities Co. Ltd.,Kohinoor Investment & Securities Pvt. Ltd.,45,238.0,10710.0,2025-08-18T11:08:45.190024
2025-08-18,66339,2025081804000395,LEC,Naasa Securities Co. Ltd.,Aryatara Investment & Securities,200,237.9,47580.0,2025-08-18T11:09:36.647731
2025-08-18,66338,2025081804000396,LEC,Naasa Securities Co. Ltd.,Kohinoor Investment & Securities Pvt. Ltd.,455,238.0,108290.0,2025-08-18T11:09:36.647818
2025-08-18,66337,2025081804000397,LEC,Naasa Securities Co. Ltd.,Kohinoor Investment & Securities Pvt. Ltd.,100,238.0,23800.0,2025-08-18T11:09:36.64784
2025-08-18,66336,2025081804000398,LEC,Naasa Securities Co. Ltd.,Asian Securities Private Ltd.,500,238.0,119000.0,2025-08-18T11:09:36.647862
2025-08-18,66335,2025081804000399,LEC,Naasa Securities Co. Ltd.,South Asian Bulls Pvt. Ltd.,200,238.0,47600.0,2025-08-18T11:09:36.647881
2025-08-18,66334,2025081804000400,LEC,Naasa Securities Co. Ltd.,Cristal Kanchanjanga Securites Pvt. Ltd.,500,238.0,119000.0,2025-08-18T11:09:36.647901
2025-08-18,66333,2025081804000401,LEC,Naasa Securities Co. Ltd.,Nepal Stock House (PVT) Ltd.,100,238.1,23810.0,2025-08-18T11:09:36.647923
2025-08-18,66332,2025081804000402,LEC,Naasa Securities Co. Ltd.,Vision Securities Pvt. Ltd,45,238.2,10719.0,2025-08-18T11:09:36.647964
2025-08-18,66233,2025081804000422,LEC,Online Securities Pvt. Ltd.,Trishakti Securities Public Limited,100,236.0,23600.0,2025-08-18T11:09:59.705971
2025-08-18,66149,2025081804000444,LEC,Naasa Securities Co. Ltd.,Property Wiard Limited,100,237.0,23700.0,2025-08-18T11:10:27.047822
2025-08-18,66148,2025081804000445,LEC,Naasa Securities Co. Ltd.,Roadshow securities limited,10,238.0,2380.0,2025-08-18T11:10:27.047885
2025-08-18,66093,2025081804000452,LEC,Sani Securities Company Ltd.,Sundhara Securities Limited,200,237.2,47440.0,2025-08-18T11:10:39.108187
2025-08-18,65975,2025081804000474,LEC,Kumari Securities Private Limited,Aryatara Investment & Securities,50,236.1,11805.0,2025-08-18T11:11:07.357195
2025-08-18,65882,2025081804000492,LEC,Kumari Securities Private Limited,Linch Stock Market Ltd.,400,236.1,94440.0,2025-08-18T11:11:39.25194
2025-08-18,65879,2025081804000493,LEC,Kumari Securities Private Limited,Aryatara Investment & Securities,50,236.1,11805.0,2025-08-18T11:11:41.767506
2025-08-18,65837,2025081804000508,LEC,Naasa Securities Co. Ltd.,Sundhara Securities Limited,85,236.1,20068.5,2025-08-18T11:11:58.278581
2025-08-18,65816,2025081804000515,LEC,Ashutosh Brokerage & Securities (PVT) Ltd.,J.F. Securites (PVT) Ltd.,10,237.2,2372.0,2025-08-18T11:12:04.306028
2025-08-18,65809,2025081804000517,LEC,Naasa Securities Co. Ltd.,Ashutosh Brokerage & Securities (PVT) Ltd.,15,236.1,3541.5,2025-08-18T11:12:07.354668
2025-08-18,65808,2025081804000518,LEC,Naasa Securities Co. Ltd.,Ashutosh Brokerage & Securities (PVT) Ltd.,1985,236.0,468460.0,2025-08-18T11:12:07.354806
2025-08-18,65747,2025081804000535,LEC,Naasa Securities Co. Ltd.,South Asian Bulls Pvt. Ltd.,40,237.2,9488.0,2025-08-18T11:12:29.260084
2025-08-18,65746,2025081804000536,LEC,Naasa Securities Co. Ltd.,Roadshow securities limited,90,238.0,21420.0,2025-08-18T11:12:29.260125
2025-08-18,65745,2025081804000537,LEC,Naasa Securities Co. Ltd.,Deevyaa Securities & Stock House Pvt. Ltd,200,238.0,47600.0,2025-08-18T11:12:29.260153
2025-08-18,65744,2025081804000538,LEC,Naasa Securities Co. Ltd.,Swarna Laxmi Securities Pvt. Ltd.,100,238.0,23800.0,2025-08-18T11:12:29.260175
2025-08-18,65743,2025081804000539,LEC,Naasa Securities Co. Ltd.,Nepal Stock House (PVT) Ltd.,100,238.0,23800.0,2025-08-18T11:12:29.260203
2025-08-18,65742,2025081804000540,LEC,Naasa Securities Co. Ltd.,Aryatara Investment & Securities,50,238.0,11900.0,2025-08-18T11:12:29.260242
2025-08-18,65741,2025081804000541,LEC,Naasa Securities Co. Ltd.,Sani Securities Company Ltd.,100,238.0,23800.0,2025-08-18T11:12:29.260266
2025-08-18,65740,2025081804000542,LEC,Naasa Securities Co. Ltd.,Trishakti Securities Public Limited,500,238.1,119050.0,2025-08-18T11:12:29.260294
2025-08-18,65739,2025081804000543,LEC,Naasa Securities Co. Ltd.,Vision Securities Pvt. Ltd,420,238.2,100044.0,2025-08-18T11:12:29.260333
2025-08-18,65667,2025081804000561,LEC,Midas Stock Broking Company Private Limited,Oxford Securities Pvt. Ltd.,50,237.0,11850.0,2025-08-18T11:12:52.420353
2025-08-18,65553,2025081804000580,LEC,Midas Stock Broking Company Private Limited,Aryatara Investment & Securities,50,237.0,11850.0,2025-08-18T11:13:36.719537
2025-08-18,65544,2025081804000583,LEC,Midas Stock Broking Company Private Limited,Sumeru Securities Pvt. Ltd.,100,237.0,23700.0,2025-08-18T11:13:41.506408
2025-08-18,65543,2025081804000584,LEC,South Asian Bulls Pvt. Ltd.,Sumeru Securities Pvt. Ltd.,400,236.2,94480.0,2025-08-18T11:13:41.506652
2025-08-18,65218,2025081804000648,LEC,Himalayan Brokerage Company Limited,Sewa Securities Pvt. Ltd.,200,236.3,47260.0,2025-08-18T11:15:22.486481
2025-08-18,65215,2025081804000649,LEC,Sani Securities Company Ltd.,Sundhara Securities Limited,100,237.8,23780.0,2025-08-18T11:15:24.089965
2025-08-18,65155,2025081804000658,LEC,Naasa Securities Co. Ltd.,Dipshikha Dhitopatra Karobar Co. Pvt Ltd.,200,237.0,47400.0,2025-08-18T11:15:43.209524
2025-08-18,65154,2025081804000659,LEC,Naasa Securities Co. Ltd.,Bhrikuti Stock Broking Co. Pvt. Ltd.,50,237.9,11895.0,2025-08-18T11:15:43.209723
2025-08-18,65153,2025081804000660,LEC,Naasa Securities Co. Ltd.,Arun Securities (PVT) Ltd.,200,237.9,47580.0,2025-08-18T11:15:43.209808
2025-08-18,65152,2025081804000661,LEC,Naasa Securities Co. Ltd.,Dipshikha Dhitopatra Karobar Co. Pvt Ltd.,50,238.0,11900.0,2025-08-18T11:15:43.209917
2025-08-18,65116,2025081804000669,LEC,Himalayan Brokerage Company Limited,Aryatara Investment & Securities,20,236.3,4726.0,2025-08-18T11:15:55.983977
2025-08-18,65045,2025081804000690,LEC,Himalayan Brokerage Company Limited,Naasa Securities Co. Ltd.,100,236.3,23630.0,2025-08-18T11:16:11.525825
2025-08-18,64786,2025081804000740,LEC,Thrive Brokerage House Pvt. Ltd,J.F. Securites (PVT) Ltd.,50,236.4,11820.0,2025-08-18T11:17:30.756435
2025-08-18,64716,2025081804000763,LEC,Thrive Brokerage House Pvt. Ltd,Nepal Stock House (PVT) Ltd.,50,236.4,11820.0,2025-08-18T11:17:52.541137
2025-08-18,64715,2025081804000764,LEC,Himalayan Brokerage Company Limited,Nepal Stock House (PVT) Ltd.,50,236.3,11815.0,2025-08-18T11:17:52.5413
2025-08-18,64687,2025081804000772,LEC,Himalayan Brokerage Company Limited,Aakashbhairab Securities Ltd.,150,236.3,35445.0,2025-08-18T11:18:02.156563
2025-08-18,64686,2025081804000773,LEC,South Asian Bulls Pvt. Ltd.,Aakashbhairab Securities Ltd.,850,236.2,200770.0,2025-08-18T11:18:02.15672
2025-08-18,64636,2025081804000790,LEC,Naasa Securities Co. Ltd.,Premier Securities Company Ltd.,500,237.0,118500.0,2025-08-18T11:18:16.785381
2025-08-18,64635,2025081804000791,LEC,Naasa Securities Co. Ltd.,Trishakti Securities Public Limited,80,237.0,18960.0,2025-08-18T11:18:16.78546
2025-08-18,64634,2025081804000792,LEC,Naasa Securities Co. Ltd.,Cristal Kanchanjanga Securites Pvt. Ltd.,500,237.6,118800.0,2025-08-18T11:18:16.785491
2025-08-18,64633,2025081804000793,LEC,Naasa Securities Co. Ltd.,Dakshinkali Investment & Securities Pvt. Ltd.,1500,237.9,356850.0,2025-08-18T11:18:16.785512
2025-08-18,64632,2025081804000794,LEC,Naasa Securities Co. Ltd.,Dipshikha Dhitopatra Karobar Co. Pvt Ltd.,950,238.0,226100.0,2025-08-18T11:18:16.785533
2025-08-18,64631,2025081804000795,LEC,Naasa Securities Co. Ltd.,Online Securities Pvt. Ltd.,300,238.0,71400.0,2025-08-18T11:18:16.785557
2025-08-18,64630,2025081804000796,LEC,Naasa Securities Co. Ltd.,Aryatara Investment & Securities,1000,238.0,238000.0,2025-08-18T11:18:16.785578
2025-08-18,64629,2025081804000797,LEC,Naasa Securities Co. Ltd.,J.F. Securites (PVT) Ltd.,170,238.0,40460.0,2025-08-18T11:18:16.785603
2025-08-18,64609,2025081804000804,LEC,South Asian Bulls Pvt. Ltd.,Nepal Stock House (PVT) Ltd.,96,236.2,22675.2,2025-08-18T11:18:25.499568
2025-08-18,64597,2025081804000807,LEC,Naasa Securities Co. Ltd.,J.F. Securites (PVT) Ltd.,130,238.0,30940.0,2025-08-18T11:18:30.974705
2025-08-18,64596,2025081804000808,LEC,Naasa Securities Co. Ltd.,Dipshikha Dhitopatra Karobar Co. Pvt Ltd.,100,238.0,23800.0,2025-08-18T11:18:30.974802
2025-08-18,64595,2025081804000809,LEC,Naasa Securities Co. Ltd.,Dipshikha Dhitopatra Karobar Co. Pvt Ltd.,200,238.0,47600.0,2025-08-18T11:18:30.974841
2025-08-18,64594,2025081804000810,LEC,Naasa Securities Co. Ltd.,Dipshikha Dhitopatra Karobar Co. Pvt Ltd.,200,238.0,47600.0,2025-08-18T11:18:30.974874
2025-08-18,64593,2025081804000811,LEC,Naasa Securities Co. Ltd.,Aryatara Investment & Securities,140,238.0,33320.0,2025-08-18T11:18:30.974906
2025-08-18,64592,2025081804000812,LEC,Naasa Securities Co. Ltd.,Aryatara Investment & Securities,150,238.0,35700.0,2025-08-18T11:18:30.974936
2025-08-18,64591,2025081804000813,LEC,Naasa Securities Co. Ltd.,Nepal Stock House (PVT) Ltd.,100,238.1,23810.0,2025-08-18T11:18:30.97497
2025-08-18,64590,2025081804000814,LEC,Naasa Securities Co. Ltd.,Naasa Securities Co. Ltd.,10,238.2,2382.0,2025-08-18T11:18:30.975025
2025-08-18,64520,2025081804000825,LEC,Naasa Securities Co. Ltd.,Nepal Stock House (PVT) Ltd.,16,236.2,3779.2,2025-08-18T11:18:46.317016
2025-08-18,64486,2025081804000833,LEC,Naasa Securities Co. Ltd.,Sundhara Securities Limited,400,238.0,95200.0,2025-08-18T11:18:54.12331
2025-08-18,64473,2025081804000843,LEC,Naasa Securities Co. Ltd.,Citizens Share Broker Limited,1020,238.0,242760.0,2025-08-18T11:18:58.792073
2025-08-18,64460,2025081804000845,LEC,Naasa Securities Co. Ltd.,Vision Securities Pvt. Ltd,1000,238.0,238000.0,2025-08-18T11:19:04.902102
2025-08-18,64452,2025081804000846,LEC,Naasa Securities Co. Ltd.,Imperial Securities Company Pvt. Ltd.,2060,238.0,490280.0,2025-08-18T11:19:07.008557
2025-08-18,64390,2025081804000860,LEC,Naasa Securities Co. Ltd.,Deevyaa Securities & Stock House Pvt. Ltd,500,238.0,119000.0,2025-08-18T11:19:26.982154
2025-08-18,64389,2025081804000861,LEC,Naasa Securities Co. Ltd.,Midas Stock Broking Company Private Limited,500,238.0,119000.0,2025-08-18T11:19:27.321199
2025-08-18,64348,2025081804000871,LEC,Naasa Securities Co. Ltd.,Creative Securities Pvt Ltd,500,238.1,119050.0,2025-08-18T11:19:45.477693
2025-08-18,64347,2025081804000872,LEC,Naasa Securities Co. Ltd.,Naasa Securities Co. Ltd.,70,238.2,16674.0,2025-08-18T11:19:45.47779
2025-08-18,64346,2025081804000873,LEC,Naasa Securities Co. Ltd.,INDEX SECURITIES LIMITED,10,238.3,2383.0,2025-08-18T11:19:45.477859
2025-08-18,64345,2025081804000874,LEC,Naasa Securities Co. Ltd.,South Asian Bulls Pvt. Ltd.,40,238.3,9532.0,2025-08-18T11:19:45.477927
2025-08-18,64344,2025081804000875,LEC,Naasa Securities Co. Ltd.,INDEX SECURITIES LIMITED,10,238.4,2384.0,2025-08-18T11:19:45.477994
2025-08-18,64343,2025081804000876,LEC,Naasa Securities Co. Ltd.,Shree Krishna Securities Ltd.,100,238.5,23850.0,2025-08-18T11:19:45.478062
2025-08-18,64342,2025081804000877,LEC,Naasa Securities Co. Ltd.,Imperial Securities Company Pvt. Ltd.,270,238.5,64395.0,2025-08-18T11:19:45.478129
2025-08-18,64316,2025081804000878,LEC,Naasa Securities Co. Ltd.,Sharepro Securities Private Limited,200,238.0,47600.0,2025-08-18T11:19:50.978932
2025-08-18,64311,2025081804000879,LEC,Naasa Securities Co. Ltd.,Aakashbhairab Securities Ltd.,4320,238.0,1028160.0,2025-08-18T11:19:53.460106
2025-08-18,64310,2025081804000880,LEC,Naasa Securities Co. Ltd.,Aakashbhairab Securities Ltd.,1680,238.0,399840.0,2025-08-18T11:19:53.460267
2025-08-18,64265,2025081804000891,LEC,Naasa Securities Co. Ltd.,Imperial Securities Company Pvt. Ltd.,730,238.5,174105.0,2025-08-18T11:20:12.705753
2025-08-18,64264,2025081804000892,LEC,Naasa Securities Co. Ltd.,Kumari Securities Private Limited,200,238.5,47700.0,2025-08-18T11:20:12.705812
2025-08-18,64263,2025081804000893,LEC,Naasa Securities Co. Ltd.,Opal Securities Investment (PVT) Ltd.,70,239.0,16730.0,2025-08-18T11:20:12.70584
2025-08-18,64208,2025081804000910,LEC,Naasa Securities Co. Ltd.,Aryatara Investment & Securities,1000,238.0,238000.0,2025-08-18T11:20:29.646769
2025-08-18,64186,2025081804000914,LEC,Naasa Securities Co. Ltd.,Online Securities Pvt. Ltd.,10,238.0,2380.0,2025-08-18T11:20:33.832933
2025-08-18,64178,2025081804000915,LEC,Naasa Securities Co. Ltd.,Nepal Stock House (PVT) Ltd.,18,238.0,4284.0,2025-08-18T11:20:34.137445
2025-08-18,64161,2025081804000919,LEC,Sumeru Securities Pvt. Ltd.,Online Securities Pvt. Ltd.,10,238.5,2385.0,2025-08-18T11:20:39.041949
2025-08-18,64149,2025081804000923,LEC,Naasa Securities Co. Ltd.,Aryatara Investment & Securities,1000,238.0,238000.0,2025-08-18T11:20:42.839427
2025-08-18,64091,2025081804000930,LEC,Sani Securities Company Ltd.,Aryatara Investment & Securities,100,238.5,23850.0,2025-08-18T11:20:57.954944
2025-08-18,64090,2025081804000931,LEC,Naasa Securities Co. Ltd.,Aryatara Investment & Securities,400,238.0,95200.0,2025-08-18T11:20:57.955098
2025-08-18,64056,2025081804000942,LEC,Naasa Securities Co. Ltd.,J.F. Securites (PVT) Ltd.,50,238.0,11900.0,2025-08-18T11:21:06.839675
2025-08-18,64040,2025081804000950,LEC,Naasa Securities Co. Ltd.,Aryatara Investment & Securities,500,238.0,119000.0,2025-08-18T11:21:11.035674
2025-08-18,63992,2025081804000958,LEC,Naasa Securities Co. Ltd.,Imperial Securities Company Pvt. Ltd.,650,238.9,155285.0,2025-08-18T11:21:22.167464
2025-08-18,63991,2025081804000959,LEC,Naasa Securities Co. Ltd.,Neev Securities Pvt. Ltd.,100,238.9,23890.0,2025-08-18T11:21:22.167534
2025-08-18,63990,2025081804000960,LEC,Naasa Securities Co. Ltd.,Neev Securities Pvt. Ltd.,150,238.9,35835.0,2025-08-18T11:21:22.167568
2025-08-18,63989,2025081804000961,LEC,Naasa Securities Co. Ltd.,Opal Securities Investment (PVT) Ltd.,430,239.0,102770.0,2025-08-18T11:21:22.167617
2025-08-18,63988,2025081804000962,LEC,Naasa Securities Co. Ltd.,J.F. Securites (PVT) Ltd.,20,239.0,4780.0,2025-08-18T11:21:22.167644
2025-08-18,63987,2025081804000963,LEC,Naasa Securities Co. Ltd.,Pragyan Securities (PVT) Ltd.,100,239.0,23900.0,2025-08-18T11:21:22.167669
2025-08-18,63986,2025081804000964,LEC,Naasa Securities Co. Ltd.,Primo Securities (PVT) Ltd.,191,239.0,45649.0,2025-08-18T11:21:22.167692
2025-08-18,63985,2025081804000965,LEC,Naasa Securities Co. Ltd.,Online Securities Pvt. Ltd.,200,239.0,47800.0,2025-08-18T11:21:22.167745
2025-08-18,63984,2025081804000966,LEC,Naasa Securities Co. Ltd.,Sundhara Securities Limited,359,239.0,85801.0,2025-08-18T11:21:22.167773
2025-08-18,63975,2025081804000968,LEC,Kalika Securities Pvt. Ltd.,Aryatara Investment & Securities,50,238.5,11925.0,2025-08-18T11:21:24.109081
2025-08-18,63974,2025081804000969,LEC,Naasa Securities Co. Ltd.,Aryatara Investment & Securities,450,238.0,107100.0,2025-08-18T11:21:24.109297
2025-08-18,63954,2025081804000975,LEC,Naasa Securities Co. Ltd.,Sundhara Securities Limited,141,239.0,33699.0,2025-08-18T11:21:30.238371
2025-08-18,63953,2025081804000976,LEC,Naasa Securities Co. Ltd.,Sundhara Securities Limited,10,239.0,2390.0,2025-08-18T11:21:30.238436
2025-08-18,63952,2025081804000977,LEC,Naasa Securities Co. Ltd.,Dipshikha Dhitopatra Karobar Co. Pvt Ltd.,10,239.4,2394.0,2025-08-18T11:21:30.238461
2025-08-18,63951,2025081804000978,LEC,Naasa Securities Co. Ltd.,Vision Securities Pvt. Ltd,20,239.5,4790.0,2025-08-18T11:21:30.238482
2025-08-18,63950,2025081804000979,LEC,Naasa Securities Co. Ltd.,Siprabi Securities Pvt. Ltd.,69,239.8,16546.2,2025-08-18T11:21:30.238505
2025-08-18,63914,2025081804000989,LEC,Kohinoor Investment & Securities Pvt. Ltd.,Aryatara Investment & Securities,95,238.1,22619.5,2025-08-18T11:21:39.265403
2025-08-18,63913,2025081804000990,LEC,Naasa Securities Co. Ltd.,Aryatara Investment & Securities,105,238.0,24990.0,2025-08-18T11:21:39.26568
2025-08-18,63909,2025081804000991,LEC,Naasa Securities Co. Ltd.,Naasa Securities Co. Ltd.,350,238.0,83300.0,2025-08-18T11:21:40.352425
2025-08-18,63860,2025081804000997,LEC,Naasa Securities Co. Ltd.,Dipshikha Dhitopatra Karobar Co. Pvt Ltd.,10,239.1,2391.0,2025-08-18T11:21:49.441343
2025-08-18,63859,2025081804000998,LEC,Naasa Securities Co. Ltd.,Siprabi Securities Pvt. Ltd.,10,239.8,2398.0,2025-08-18T11:21:49.441407
2025-08-18,63839,2025081804000999,LEC,Naasa Securities Co. Ltd.,Sumeru Securities Pvt. Ltd.,600,238.0,142800.0,2025-08-18T11:21:52.275363
2025-08-18,63834,2025081804001000,LEC,Naasa Securities Co. Ltd.,Aryatara Investment & Securities,500,238.0,119000.0,2025-08-18T11:21:53.373802
2025-08-18,63755,2025081804001020,LEC,Naasa Securities Co. Ltd.,Dipshikha Dhitopatra Karobar Co. Pvt Ltd.,10,238.5,2385.0,2025-08-18T11:22:10.133304
2025-08-18,63749,2025081804001023,LEC,Naasa Securities Co. Ltd.,Aryatara Investment & Securities,500,238.0,119000.0,2025-08-18T11:22:12.584775
2025-08-18,63691,2025081804001033,LEC,Naasa Securities Co. Ltd.,Aryatara Investment & Securities,500,238.0,119000.0,2025-08-18T11:22:25.700852
2025-08-18,63675,2025081804001034,LEC,Naasa Securities Co. Ltd.,Deevyaa Securities & Stock House Pvt. Ltd,25,238.0,5950.0,2025-08-18T11:22:26.702881
2025-08-18,63628,2025081804001042,LEC,Oxford Securities Pvt. Ltd.,Dipshikha Dhitopatra Karobar Co. Pvt Ltd.,190,238.5,45315.0,2025-08-18T11:22:39.982355
2025-08-18,63551,2025081804001064,LEC,Oxford Securities Pvt. Ltd.,Siprabi Securities Pvt. Ltd.,15,238.5,3577.5,2025-08-18T11:22:59.439139
2025-08-18,63550,2025081804001065,LEC,Sri Hari Securities Pvt. Ltd.,Siprabi Securities Pvt. Ltd.,185,238.5,44122.5,2025-08-18T11:22:59.439467
2025-08-18,63513,2025081804001074,LEC,Naasa Securities Co. Ltd.,South Asian Bulls Pvt. Ltd.,300,238.7,71610.0,2025-08-18T11:23:09.176063
2025-08-18,63512,2025081804001075,LEC,Naasa Securities Co. Ltd.,Linch Stock Market Ltd.,200,238.8,47760.0,2025-08-18T11:23:09.176188
2025-08-18,63511,2025081804001076,LEC,Naasa Securities Co. Ltd.,Online Securities Pvt. Ltd.,100,239.0,23900.0,2025-08-18T11:23:09.176273
2025-08-18,63510,2025081804001077,LEC,Naasa Securities Co. Ltd.,Sumeru Securities Pvt. Ltd.,300,239.0,71700.0,2025-08-18T11:23:09.176395
2025-08-18,63509,2025081804001078,LEC,Naasa Securities Co. Ltd.,South Asian Bulls Pvt. Ltd.,40,239.6,9584.0,2025-08-18T11:23:09.176463
2025-08-18,63508,2025081804001079,LEC,Naasa Securities Co. Ltd.,Elite Stock House Limited,60,239.6,14376.0,2025-08-18T11:23:09.176529
2025-08-18,63475,2025081804001089,LEC,Capital Max Securities Ltd,Elite Stock House Limited,300,239.6,71880.0,2025-08-18T11:23:22.765395
2025-08-18,63408,2025081804001103,LEC,Naasa Securities Co. Ltd.,Dipshikha Dhitopatra Karobar Co. Pvt Ltd.,200,238.3,47660.0,2025-08-18T11:23:37.522308
2025-08-18,63399,2025081804001104,LEC,Investment Management Nepal Pvt. Ltd.,Elite Stock House Limited,140,239.6,33544.0,2025-08-18T11:23:40.768362
2025-08-18,63398,2025081804001105,LEC,Investment Management Nepal Pvt. Ltd.,Opal Securities Investment (PVT) Ltd.,860,239.7,206142.0,2025-08-18T11:23:40.768425
2025-08-18,63355,2025081804001114,LEC,Naasa Securities Co. Ltd.,Opal Securities Investment (PVT) Ltd.,140,239.7,33558.0,2025-08-18T11:23:52.581673
2025-08-18,63354,2025081804001115,LEC,Naasa Securities Co. Ltd.,Siprabi Securities Pvt. Ltd.,10,239.8,2398.0,2025-08-18T11:23:52.581737
2025-08-18,63199,2025081804001149,LEC,ABC Securities Private Limited,Dipshikha Dhitopatra Karobar Co. Pvt Ltd.,100,238.4,23840.0,2025-08-18T11:24:23.558006
2025-08-18,63198,2025081804001150,LEC,Naasa Securities Co. Ltd.,Dipshikha Dhitopatra Karobar Co. Pvt Ltd.,400,238.4,95360.0,2025-08-18T11:24:23.558181
2025-08-18,63136,2025081804001159,LEC,Vision Securities Pvt. Ltd,Dipshikha Dhitopatra Karobar Co. Pvt Ltd.,80,238.5,19080.0,2025-08-18T11:24:37.691111
2025-08-18,63135,2025081804001160,LEC,Naasa Securities Co. Ltd.,Dipshikha Dhitopatra Karobar Co. Pvt Ltd.,420,238.5,100170.0,2025-08-18T11:24:37.691283
2025-08-18,63132,2025081804001161,LEC,Capital Max Securities Ltd,Siprabi Securities Pvt. Ltd.,500,239.8,119900.0,2025-08-18T11:24:38.158941
2025-08-18,63095,2025081804001168,LEC,Sumeru Securities Pvt. Ltd.,Dipshikha Dhitopatra Karobar Co. Pvt Ltd.,200,238.6,47720.0,2025-08-18T11:24:49.888774
2025-08-18,63074,2025081804001170,LEC,Dipshikha Dhitopatra Karobar Co. Pvt Ltd.,Siprabi Securities Pvt. Ltd.,411,239.8,98557.8,2025-08-18T11:24:55.927396
2025-08-18,63073,2025081804001171,LEC,Dipshikha Dhitopatra Karobar Co. Pvt Ltd.,Agrawal Securities (PVT) Ltd.,89,239.9,21351.1,2025-08-18T11:24:55.927712
2025-08-18,63032,2025081804001180,LEC,Capital Max Securities Ltd,Agrawal Securities (PVT) Ltd.,500,239.9,119950.0,2025-08-18T11:25:03.266274
2025-08-18,63029,2025081804001181,LEC,Imperial Securities Company Pvt. Ltd.,Agrawal Securities (PVT) Ltd.,20,239.9,4798.0,2025-08-18T11:25:04.067667
2025-08-18,63016,2025081804001186,LEC,Sumeru Securities Pvt. Ltd.,Dipshikha Dhitopatra Karobar Co. Pvt Ltd.,200,238.6,47720.0,2025-08-18T11:25:07.011958
2025-08-18,62958,2025081804001193,LEC,Sumeru Securities Pvt. Ltd.,Dipshikha Dhitopatra Karobar Co. Pvt Ltd.,500,238.7,119350.0,2025-08-18T11:25:19.085586
2025-08-18,62889,2025081804001205,LEC,Capital Max Securities Ltd,Dipshikha Dhitopatra Karobar Co. Pvt Ltd.,500,239.0,119500.0,2025-08-18T11:25:32.204466
2025-08-18,62822,2025081804001217,LEC,Sumeru Securities Pvt. Ltd.,Dipshikha Dhitopatra Karobar Co. Pvt Ltd.,500,238.7,119350.0,2025-08-18T11:25:43.260903
2025-08-18,62808,2025081804001219,LEC,Naasa Securities Co. Ltd.,Vision Securities Pvt. Ltd,250,239.8,59950.0,2025-08-18T11:25:48.505035
2025-08-18,62807,2025081804001220,LEC,Naasa Securities Co. Ltd.,Asian Securities Private Ltd.,500,239.9,119950.0,2025-08-18T11:25:48.505217
2025-08-18,62806,2025081804001221,LEC,Naasa Securities Co. Ltd.,Kohinoor Investment & Securities Pvt. Ltd.,50,240.0,12000.0,2025-08-18T11:25:48.505293
2025-08-18,62805,2025081804001222,LEC,Sumeru Securities Pvt. Ltd.,Premier Securities Company Ltd.,400,238.7,95480.0,2025-08-18T11:25:50.260182
2025-08-18,62772,2025081804001232,LEC,ABC Securities Private Limited,Sharepro Securities Private Limited,100,239.7,23970.0,2025-08-18T11:25:57.211721
2025-08-18,62771,2025081804001233,LEC,ABC Securities Private Limited,Nepal Stock House (PVT) Ltd.,70,239.7,16779.0,2025-08-18T11:25:57.211933
2025-08-18,62770,2025081804001234,LEC,ABC Securities Private Limited,Kohinoor Investment & Securities Pvt. Ltd.,50,240.0,12000.0,2025-08-18T11:25:57.212008
2025-08-18,62769,2025081804001235,LEC,ABC Securities Private Limited,Roadshow securities limited,100,240.0,24000.0,2025-08-18T11:25:57.21208
2025-08-18,62768,2025081804001236,LEC,ABC Securities Private Limited,Kumari Securities Private Limited,200,240.0,48000.0,2025-08-18T11:25:57.212163
2025-08-18,62767,2025081804001237,LEC,ABC Securities Private Limited,Primo Securities (PVT) Ltd.,50,240.0,12000.0,2025-08-18T11:25:57.21223
2025-08-18,62766,2025081804001238,LEC,ABC Securities Private Limited,Thrive Brokerage House Pvt. Ltd,430,240.0,103200.0,2025-08-18T11:25:57.212299
2025-08-18,62765,2025081804001239,LEC,Sumeru Securities Pvt. Ltd.,Dipshikha Dhitopatra Karobar Co. Pvt Ltd.,500,238.7,119350.0,2025-08-18T11:25:57.330356
2025-08-18,62742,2025081804001245,LEC,Sumeru Securities Pvt. Ltd.,Deevyaa Securities & Stock House Pvt. Ltd,100,238.7,23870.0,2025-08-18T11:26:06.71181
2025-08-18,62741,2025081804001246,LEC,Sani Securities Company Ltd.,Deevyaa Securities & Stock House Pvt. Ltd,200,238.7,47740.0,2025-08-18T11:26:06.712068
2025-08-18,62740,2025081804001247,LEC,Dipshikha Dhitopatra Karobar Co. Pvt Ltd.,Deevyaa Securities & Stock House Pvt. Ltd,90,238.7,21483.0,2025-08-18T11:26:06.712141
2025-08-18,62733,2025081804001249,LEC,Dipshikha Dhitopatra Karobar Co. Pvt Ltd.,Dipshikha Dhitopatra Karobar Co. Pvt Ltd.,500,238.7,119350.0,2025-08-18T11:26:08.399614
2025-08-18,62722,2025081804001251,LEC,Capital Max Securities Ltd,Imperial Securities Company Pvt. Ltd.,20,239.8,4796.0,2025-08-18T11:26:12.572091
2025-08-18,62610,2025081804001267,LEC,Sumeru Securities Pvt. Ltd.,Dipshikha Dhitopatra Karobar Co. Pvt Ltd.,500,238.8,119400.0,2025-08-18T11:26:35.676702
2025-08-18,62596,2025081804001276,LEC,Sumeru Securities Pvt. Ltd.,Kohinoor Investment & Securities Pvt. Ltd.,1500,238.8,358200.0,2025-08-18T11:26:36.219557
2025-08-18,62595,2025081804001277,LEC,Dipshikha Dhitopatra Karobar Co. Pvt Ltd.,Kohinoor Investment & Securities Pvt. Ltd.,336,238.7,80203.2,2025-08-18T11:26:36.219704
2025-08-18,62594,2025081804001278,LEC,Naasa Securities Co. Ltd.,Kohinoor Investment & Securities Pvt. Ltd.,114,238.7,27211.8,2025-08-18T11:26:36.219778
2025-08-18,62578,2025081804001279,LEC,Dynamic Money Managers Securities Pvt. Ltd.,Dipshikha Dhitopatra Karobar Co. Pvt Ltd.,200,239.0,47800.0,2025-08-18T11:26:41.196146
2025-08-18,62574,2025081804001282,LEC,Opal Securities Investment (PVT) Ltd.,Dipshikha Dhitopatra Karobar Co. Pvt Ltd.,100,239.0,23900.0,2025-08-18T11:26:43.474739
2025-08-18,62570,2025081804001283,LEC,J.F. Securites (PVT) Ltd.,Dipshikha Dhitopatra Karobar Co. Pvt Ltd.,50,239.0,11950.0,2025-08-18T11:26:45.746106
2025-08-18,62561,2025081804001285,LEC,Naasa Securities Co. Ltd.,Dipshikha Dhitopatra Karobar Co. Pvt Ltd.,500,238.7,119350.0,2025-08-18T11:26:48.764031
2025-08-18,62555,2025081804001287,LEC,Naasa Securities Co. Ltd.,Dipshikha Dhitopatra Karobar Co. Pvt Ltd.,2000,238.7,477400.0,2025-08-18T11:26:51.780787
2025-08-18,62508,2025081804001296,LEC,Capital Max Securities Ltd,Dipshikha Dhitopatra Karobar Co. Pvt Ltd.,150,239.0,35850.0,2025-08-18T11:27:04.774134
2025-08-18,62399,2025081804001322,LEC,Capital Max Securities Ltd,Online Securities Pvt. Ltd.,100,239.6,23960.0,2025-08-18T11:27:33.887058
2025-08-18,62331,2025081804001340,LEC,J.F. Securites (PVT) Ltd.,Pragyan Securities (PVT) Ltd.,90,239.0,21510.0,2025-08-18T11:27:51.910695
2025-08-18,62330,2025081804001341,LEC,Midas Stock Broking Company Private Limited,Pragyan Securities (PVT) Ltd.,40,239.0,9560.0,2025-08-18T11:27:51.910874
2025-08-18,62279,2025081804001352,LEC,Midas Stock Broking Company Private Limited,Dipshikha Dhitopatra Karobar Co. Pvt Ltd.,460,239.0,109940.0,2025-08-18T11:28:00.224146
2025-08-18,62220,2025081804001361,LEC,Naasa Securities Co. Ltd.,Dipshikha Dhitopatra Karobar Co. Pvt Ltd.,40,239.0,9560.0,2025-08-18T11:28:17.115499
2025-08-18,62219,2025081804001362,LEC,Naasa Securities Co. Ltd.,Linch Stock Market Ltd.,75,239.0,17925.0,2025-08-18T11:28:17.1156
2025-08-18,62218,2025081804001363,LEC,Naasa Securities Co. Ltd.,Primo Securities (PVT) Ltd.,10,239.6,2396.0,2025-08-18T11:28:17.115673
2025-08-18,62193,2025081804001366,LEC,Capital Max Securities Ltd,Dipshikha Dhitopatra Karobar Co. Pvt Ltd.,100,239.0,23900.0,2025-08-18T11:28:21.071595
2025-08-18,62139,2025081804001376,LEC,Sri Hari Securities Pvt. Ltd.,Dipshikha Dhitopatra Karobar Co. Pvt Ltd.,400,239.0,95600.0,2025-08-18T11:28:41.729936
2025-08-18,62099,2025081804001379,LEC,Cristal Kanchanjanga Securites Pvt. Ltd.,Dipshikha Dhitopatra Karobar Co. Pvt Ltd.,500,239.0,119500.0,2025-08-18T11:28:54.006511
2025-08-18,62073,2025081804001391,LEC,South Asian Bulls Pvt. Ltd.,Linch Stock Market Ltd.,50,239.0,11950.0,2025-08-18T11:28:57.735108
2025-08-18,62069,2025081804001392,LEC,South Asian Bulls Pvt. Ltd.,Hatemalo Financial Services Private Limited,50,239.0,11950.0,2025-08-18T11:28:59.48255
2025-08-18,62007,2025081804001405,LEC,Asian Securities Private Ltd.,Hatemalo Financial Services Private Limited,100,239.0,23900.0,2025-08-18T11:29:11.8852
2025-08-18,61964,2025081804001408,LEC,Malla & Malla Stock Broking Company Pvt. Limited,Hatemalo Financial Services Private Limited,200,239.0,47800.0,2025-08-18T11:29:22.74069
2025-08-18,61939,2025081804001422,LEC,Capital Max Securities Ltd,Hatemalo Financial Services Private Limited,200,239.0,47800.0,2025-08-18T11:29:26.319995
2025-08-18,61847,2025081804001446,LEC,Cristal Kanchanjanga Securites Pvt. Ltd.,Hatemalo Financial Services Private Limited,500,239.0,119500.0,2025-08-18T11:29:49.21497
2025-08-18,61845,2025081804001447,LEC,Secured Securities Ltd.,Hatemalo Financial Services Private Limited,450,239.0,107550.0,2025-08-18T11:29:50.012972
2025-08-18,61844,2025081804001448,LEC,Secured Securities Ltd.,Midas Stock Broking Company Private Limited,30,239.0,7170.0,2025-08-18T11:29:50.01322
2025-08-18,61809,2025081804001455,LEC,Secured Securities Ltd.,Dipshikha Dhitopatra Karobar Co. Pvt Ltd.,200,239.0,47800.0,2025-08-18T11:30:03.798425
2025-08-18,61782,2025081804001458,LEC,Secured Securities Ltd.,Linch Stock Market Ltd.,800,239.0,191200.0,2025-08-18T11:30:12.452463
2025-08-18,61781,2025081804001459,LEC,Naasa Securities Co. Ltd.,Linch Stock Market Ltd.,700,239.0,167300.0,2025-08-18T11:30:12.452693
2025-08-18,61770,2025081804001461,LEC,Naasa Securities Co. Ltd.,Online Securities Pvt. Ltd.,490,239.0,117110.0,2025-08-18T11:30:15.693626
2025-08-18,61760,2025081804001468,LEC,Naasa Securities Co. Ltd.,Dipshikha Dhitopatra Karobar Co. Pvt Ltd.,500,239.0,119500.0,2025-08-18T11:30:18.583541
2025-08-18,61749,2025081804001473,LEC,Naasa Securities Co. Ltd.,Sri Hari Securities Pvt. Ltd.,800,239.0,191200.0,2025-08-18T11:30:23.142131
2025-08-18,61735,2025081804001474,LEC,Naasa Securities Co. Ltd.,Sewa Securities Pvt. Ltd.,150,239.5,35925.0,2025-08-18T11:30:26.344478
2025-08-18,61734,2025081804001475,LEC,Naasa Securities Co. Ltd.,Primo Securities (PVT) Ltd.,40,239.6,9584.0,2025-08-18T11:30:26.344576
2025-08-18,61733,2025081804001476,LEC,Naasa Securities Co. Ltd.,Vision Securities Pvt. Ltd,100,239.6,23960.0,2025-08-18T11:30:26.344644
2025-08-18,61732,2025081804001477,LEC,Naasa Securities Co. Ltd.,Online Securities Pvt. Ltd.,200,239.6,47920.0,2025-08-18T11:30:26.344717
2025-08-18,61731,2025081804001478,LEC,Naasa Securities Co. Ltd.,Linch Stock Market Ltd.,10,239.7,2397.0,2025-08-18T11:30:26.34479
2025-08-18,61720,2025081804001483,LEC,Dynamic Money Managers Securities Pvt. Ltd.,Aryatara Investment & Securities,500,239.1,119550.0,2025-08-18T11:30:29.892235
2025-08-18,61709,2025081804001485,LEC,Dynamic Money Managers Securities Pvt. Ltd.,Dipshikha Dhitopatra Karobar Co. Pvt Ltd.,250,239.1,59775.0,2025-08-18T11:30:33.657305
2025-08-18,61631,2025081804001499,LEC,Premier Securities Company Ltd.,Linch Stock Market Ltd.,50,239.7,11985.0,2025-08-18T11:31:01.082117
2025-08-18,61439,2025081804001548,LEC,Imperial Securities Company Pvt. Ltd.,Primo Securities (PVT) Ltd.,50,239.2,11960.0,2025-08-18T11:31:48.796646
2025-08-18,61389,2025081804001552,LEC,Naasa Securities Co. Ltd.,Dipshikha Dhitopatra Karobar Co. Pvt Ltd.,10,239.5,2395.0,2025-08-18T11:31:59.943898
2025-08-18,61384,2025081804001553,LEC,Stoxkarts Securities Limited,Dipshikha Dhitopatra Karobar Co. Pvt Ltd.,200,239.5,47900.0,2025-08-18T11:32:01.522227
2025-08-18,61346,2025081804001557,LEC,Dynamic Money Managers Securities Pvt. Ltd.,Prabhu Stock Market Limited,100,239.3,23930.0,2025-08-18T11:32:14.306489
2025-08-18,61341,2025081804001558,LEC,Dynamic Money Managers Securities Pvt. Ltd.,Cristal Kanchanjanga Securites Pvt. Ltd.,150,239.3,35895.0,2025-08-18T11:32:17.760284
2025-08-18,61340,2025081804001559,LEC,Imperial Securities Company Pvt. Ltd.,Cristal Kanchanjanga Securites Pvt. Ltd.,350,239.2,83720.0,2025-08-18T11:32:17.760507
2025-08-18,61321,2025081804001561,LEC,KALASH STOCK MARKET PVT. LTD.,Dipshikha Dhitopatra Karobar Co. Pvt Ltd.,290,239.5,69455.0,2025-08-18T11:32:21.020009
2025-08-18,61320,2025081804001562,LEC,KALASH STOCK MARKET PVT. LTD.,Cristal Kanchanjanga Securites Pvt. Ltd.,10,239.5,2395.0,2025-08-18T11:32:21.020271
2025-08-18,61274,2025081804001575,LEC,Naasa Securities Co. Ltd.,Cristal Kanchanjanga Securites Pvt. Ltd.,390,239.5,93405.0,2025-08-18T11:32:34.679524
2025-08-18,61273,2025081804001576,LEC,Naasa Securities Co. Ltd.,Arun Securities (PVT) Ltd.,200,239.6,47920.0,2025-08-18T11:32:34.679924
2025-08-18,61272,2025081804001577,LEC,Naasa Securities Co. Ltd.,South Asian Bulls Pvt. Ltd.,200,239.6,47920.0,2025-08-18T11:32:34.680165
2025-08-18,61271,2025081804001578,LEC,Naasa Securities Co. Ltd.,Linch Stock Market Ltd.,710,239.7,170187.0,2025-08-18T11:32:34.680439
2025-08-18,61257,2025081804001579,LEC,Imperial Securities Company Pvt. Ltd.,Linch Stock Market Ltd.,100,239.2,23920.0,2025-08-18T11:32:38.889678
2025-08-18,61252,2025081804001580,LEC,Naasa Securities Co. Ltd.,Ashutosh Brokerage & Securities (PVT) Ltd.,1000,239.1,239100.0,2025-08-18T11:32:41.335422
2025-08-18,61214,2025081804001583,LEC,Naasa Securities Co. Ltd.,Online Securities Pvt. Ltd.,2494,239.1,596315.4,2025-08-18T11:32:46.361072
2025-08-18,61157,2025081804001594,LEC,Naasa Securities Co. Ltd.,Agrawal Securities (PVT) Ltd.,500,239.1,119550.0,2025-08-18T11:32:57.287473
2025-08-18,61131,2025081804001600,LEC,Naasa Securities Co. Ltd.,BHOLE GANESH SECURITIES LTD,100,239.6,23960.0,2025-08-18T11:33:02.615349
2025-08-18,61130,2025081804001601,LEC,Naasa Securities Co. Ltd.,Linch Stock Market Ltd.,730,239.7,174981.0,2025-08-18T11:33:02.61543
2025-08-18,61129,2025081804001602,LEC,Naasa Securities Co. Ltd.,Imperial Securities Company Pvt. Ltd.,1980,239.8,474804.0,2025-08-18T11:33:02.615486
2025-08-18,61128,2025081804001603,LEC,Naasa Securities Co. Ltd.,Swarna Laxmi Securities Pvt. Ltd.,100,239.8,23980.0,2025-08-18T11:33:02.61551
2025-08-18,61127,2025081804001604,LEC,Naasa Securities Co. Ltd.,Sundhara Securities Limited,365,239.9,87563.5,2025-08-18T11:33:02.615533
2025-08-18,61126,2025081804001605,LEC,Naasa Securities Co. Ltd.,Siprabi Securities Pvt. Ltd.,1000,239.9,239900.0,2025-08-18T11:33:02.615557
2025-08-18,61125,2025081804001606,LEC,Naasa Securities Co. Ltd.,Thrive Brokerage House Pvt. Ltd,70,240.0,16800.0,2025-08-18T11:33:02.615579
2025-08-18,61124,2025081804001607,LEC,Naasa Securities Co. Ltd.,Garima Securities Limited,30,240.0,7200.0,2025-08-18T11:33:02.615607
2025-08-18,61123,2025081804001608,LEC,Naasa Securities Co. Ltd.,Thrive Brokerage House Pvt. Ltd,20,240.0,4800.0,2025-08-18T11:33:02.615647
2025-08-18,61122,2025081804001609,LEC,Naasa Securities Co. Ltd.,Naasa Securities Co. Ltd.,200,240.0,48000.0,2025-08-18T11:33:02.61567
2025-08-18,61121,2025081804001610,LEC,Naasa Securities Co. Ltd.,Online Securities Pvt. Ltd.,227,240.0,54480.0,2025-08-18T11:33:02.615694
2025-08-18,61120,2025081804001611,LEC,Naasa Securities Co. Ltd.,Dipshikha Dhitopatra Karobar Co. Pvt Ltd.,178,240.0,42720.0,2025-08-18T11:33:02.615717
2025-08-18,61104,2025081804001612,LEC,Naasa Securities Co. Ltd.,Nepal Stock House (PVT) Ltd.,400,239.1,95640.0,2025-08-18T11:33:04.353367
2025-08-18,61085,2025081804001616,LEC,Naasa Securities Co. Ltd.,Dipshikha Dhitopatra Karobar Co. Pvt Ltd.,822,240.0,197280.0,2025-08-18T11:33:10.728239
2025-08-18,61084,2025081804001617,LEC,Naasa Securities Co. Ltd.,Vision Securities Pvt. Ltd,20,240.0,4800.0,2025-08-18T11:33:10.728289
2025-08-18,61083,2025081804001618,LEC,Naasa Securities Co. Ltd.,Aryatara Investment & Securities,158,240.0,37920.0,2025-08-18T11:33:10.72834
2025-08-18,61014,2025081804001634,LEC,Aryatara Investment & Securities,Arun Securities (PVT) Ltd.,40,239.7,9588.0,2025-08-18T11:33:36.739813
2025-08-18,60993,2025081804001639,LEC,Naasa Securities Co. Ltd.,Arun Securities (PVT) Ltd.,105,239.7,25168.5,2025-08-18T11:33:41.902109
2025-08-18,60992,2025081804001640,LEC,Naasa Securities Co. Ltd.,Aryatara Investment & Securities,95,240.0,22800.0,2025-08-18T11:33:41.902171
2025-08-18,60973,2025081804001642,LEC,Kohinoor Investment & Securities Pvt. Ltd.,Aryatara Investment & Securities,247,240.0,59280.0,2025-08-18T11:33:46.574792
2025-08-18,60972,2025081804001643,LEC,Kohinoor Investment & Securities Pvt. Ltd.,Market Securities & Exchange (PVT) Ltd.,500,240.0,120000.0,2025-08-18T11:33:46.575173
2025-08-18,60971,2025081804001644,LEC,Kohinoor Investment & Securities Pvt. Ltd.,Swarna Laxmi Securities Pvt. Ltd.,100,240.0,24000.0,2025-08-18T11:33:46.575432
2025-08-18,60970,2025081804001645,LEC,Kohinoor Investment & Securities Pvt. Ltd.,Kumari Securities Private Limited,100,240.0,24000.0,2025-08-18T11:33:46.575663
2025-08-18,60969,2025081804001646,LEC,Kohinoor Investment & Securities Pvt. Ltd.,Naasa Securities Co. Ltd.,710,240.0,170400.0,2025-08-18T11:33:46.575899
2025-08-18,60968,2025081804001647,LEC,Kohinoor Investment & Securities Pvt. Ltd.,Kumari Securities Private Limited,300,240.0,72000.0,2025-08-18T11:33:46.57615
2025-08-18,60967,2025081804001648,LEC,Kohinoor Investment & Securities Pvt. Ltd.,Primo Securities (PVT) Ltd.,50,240.0,12000.0,2025-08-18T11:33:46.576403
2025-08-18,60966,2025081804001649,LEC,Kohinoor Investment & Securities Pvt. Ltd.,Sani Securities Company Ltd.,1000,240.0,240000.0,2025-08-18T11:33:46.576647
2025-08-18,60965,2025081804001650,LEC,Kohinoor Investment & Securities Pvt. Ltd.,Naasa Securities Co. Ltd.,1000,240.0,240000.0,2025-08-18T11:33:46.576874
2025-08-18,60964,2025081804001651,LEC,Kohinoor Investment & Securities Pvt. Ltd.,Naasa Securities Co. Ltd.,100,240.0,24000.0,2025-08-18T11:33:46.577119
2025-08-18,60963,2025081804001652,LEC,Kohinoor Investment & Securities Pvt. Ltd.,Swarna Laxmi Securities Pvt. Ltd.,500,240.0,120000.0,2025-08-18T11:33:46.57738
2025-08-18,60962,2025081804001653,LEC,Kohinoor Investment & Securities Pvt. Ltd.,Siprabi Securities Pvt. Ltd.,42,240.0,10080.0,2025-08-18T11:33:46.577604
2025-08-18,60961,2025081804001654,LEC,Kohinoor Investment & Securities Pvt. Ltd.,Kalika Securities Pvt. Ltd.,351,240.0,84240.0,2025-08-18T11:33:46.577825
2025-08-18,60957,2025081804001655,LEC,Primo Securities (PVT) Ltd.,Vision Securities Pvt. Ltd,500,239.6,119800.0,2025-08-18T11:33:47.798752
2025-08-18,60956,2025081804001656,LEC,Naasa Securities Co. Ltd.,Vision Securities Pvt. Ltd,1500,239.1,358650.0,2025-08-18T11:33:47.798987
2025-08-18,60903,2025081804001667,LEC,Aryatara Investment & Securities,Ashutosh Brokerage & Securities (PVT) Ltd.,59,239.2,14112.8,2025-08-18T11:34:01.827624
2025-08-18,60791,2025081804001689,LEC,Online Securities Pvt. Ltd.,Aryatara Investment & Securities,300,239.5,71850.0,2025-08-18T11:34:34.933053
2025-08-18,60790,2025081804001690,LEC,Online Securities Pvt. Ltd.,Linch Stock Market Ltd.,100,239.7,23970.0,2025-08-18T11:34:34.933231
2025-08-18,60766,2025081804001693,LEC,Online Securities Pvt. Ltd.,Imperial Securities Company Pvt. Ltd.,10,239.8,2398.0,2025-08-18T11:34:40.076353
2025-08-18,60712,2025081804001705,LEC,Online Securities Pvt. Ltd.,Naasa Securities Co. Ltd.,790,239.8,189442.0,2025-08-18T11:34:54.05726
2025-08-18,60500,2025081804001769,LEC,Imperial Securities Company Pvt. Ltd.,Linch Stock Market Ltd.,30,239.5,7185.0,2025-08-18T11:35:45.114548
2025-08-18,60428,2025081804001790,LEC,Naasa Securities Co. Ltd.,Linch Stock Market Ltd.,70,239.5,16765.0,2025-08-18T11:35:59.937472
2025-08-18,60427,2025081804001791,LEC,Naasa Securities Co. Ltd.,Naasa Securities Co. Ltd.,110,239.8,26378.0,2025-08-18T11:35:59.937578
2025-08-18,60426,2025081804001792,LEC,Naasa Securities Co. Ltd.,J.F. Securites (PVT) Ltd.,10,239.9,2399.0,2025-08-18T11:35:59.937687
2025-08-18,60247,2025081804001828,LEC,Nepal Stock House (PVT) Ltd.,South Asian Bulls Pvt. Ltd.,40,239.9,9596.0,2025-08-18T11:36:56.39579
2025-08-18,60246,2025081804001829,LEC,Nepal Stock House (PVT) Ltd.,Naasa Securities Co. Ltd.,50,239.9,11995.0,2025-08-18T11:36:56.396041
2025-08-18,60245,2025081804001830,LEC,Nepal Stock House (PVT) Ltd.,Sharepro Securities Private Limited,110,239.9,26389.0,2025-08-18T11:36:56.396144
2025-08-18,60187,2025081804001851,LEC,Linch Stock Market Ltd.,Naasa Securities Co. Ltd.,10,239.8,2398.0,2025-08-18T11:37:10.547331
2025-08-18,60155,2025081804001861,LEC,Online Securities Pvt. Ltd.,Naasa Securities Co. Ltd.,40,239.8,9592.0,2025-08-18T11:37:21.305799
2025-08-18,59925,2025081804001899,LEC,Nepal Investment And Securities Trading Private Limited,Aryatara Investment & Securities,100,239.5,23950.0,2025-08-18T11:38:03.777446
2025-08-18,59915,2025081804001902,LEC,Deevyaa Securities & Stock House Pvt. Ltd,Aryatara Investment & Securities,100,239.8,23980.0,2025-08-18T11:38:07.25118
2025-08-18,59879,2025081804001911,LEC,Deevyaa Securities & Stock House Pvt. Ltd,Aryatara Investment & Securities,46,239.8,11030.8,2025-08-18T11:38:18.907143
2025-08-18,59867,2025081804001913,LEC,Deevyaa Securities & Stock House Pvt. Ltd,J.F. Securites (PVT) Ltd.,50,239.8,11990.0,2025-08-18T11:38:21.239003
2025-08-18,59795,2025081804001924,LEC,Deevyaa Securities & Stock House Pvt. Ltd,Sri Hari Securities Pvt. Ltd.,54,239.8,12949.2,2025-08-18T11:38:34.304976
2025-08-18,59794,2025081804001925,LEC,Nepal Investment And Securities Trading Private Limited,Sri Hari Securities Pvt. Ltd.,400,239.5,95800.0,2025-08-18T11:38:34.305194
2025-08-18,59793,2025081804001926,LEC,Nepal Stock House (PVT) Ltd.,Sri Hari Securities Pvt. Ltd.,546,239.4,130712.4,2025-08-18T11:38:34.305294
2025-08-18,59730,2025081804001947,LEC,Asian Securities Private Ltd.,Nepal Stock House (PVT) Ltd.,100,239.7,23970.0,2025-08-18T11:38:47.468686
2025-08-18,59729,2025081804001948,LEC,Asian Securities Private Ltd.,Naasa Securities Co. Ltd.,10,239.8,2398.0,2025-08-18T11:38:47.468942
2025-08-18,59728,2025081804001949,LEC,Asian Securities Private Ltd.,Sharepro Securities Private Limited,90,239.9,21591.0,2025-08-18T11:38:47.469043
2025-08-18,59727,2025081804001950,LEC,Asian Securities Private Ltd.,Oxford Securities Pvt. Ltd.,200,239.9,47980.0,2025-08-18T11:38:47.469136
2025-08-18,59726,2025081804001951,LEC,Asian Securities Private Ltd.,Dipshikha Dhitopatra Karobar Co. Pvt Ltd.,100,239.9,23990.0,2025-08-18T11:38:47.469226
2025-08-18,59725,2025081804001952,LEC,Asian Securities Private Ltd.,Kumari Securities Private Limited,172,239.9,41262.8,2025-08-18T11:38:47.469328
2025-08-18,59724,2025081804001953,LEC,Asian Securities Private Ltd.,South Asian Bulls Pvt. Ltd.,40,239.9,9596.0,2025-08-18T11:38:47.469438
2025-08-18,59723,2025081804001954,LEC,Asian Securities Private Ltd.,Naasa Securities Co. Ltd.,435,239.9,104356.5,2025-08-18T11:38:47.469538
2025-08-18,59722,2025081804001955,LEC,Asian Securities Private Ltd.,Kalika Securities Pvt. Ltd.,649,240.0,155760.0,2025-08-18T11:38:47.469634
2025-08-18,59721,2025081804001956,LEC,Asian Securities Private Ltd.,Sundhara Securities Limited,17,240.0,4080.0,2025-08-18T11:38:47.46974
2025-08-18,59720,2025081804001957,LEC,Asian Securities Private Ltd.,Dipshikha Dhitopatra Karobar Co. Pvt Ltd.,87,240.0,20880.0,2025-08-18T11:38:47.469844
2025-08-18,59693,2025081804001963,LEC,Nepal Stock House (PVT) Ltd.,Imperial Securities Company Pvt. Ltd.,30,239.4,7182.0,2025-08-18T11:38:52.237615
2025-08-18,59552,2025081804001984,LEC,Nepal Stock House (PVT) Ltd.,Vision Securities Pvt. Ltd,24,239.4,5745.6,2025-08-18T11:39:26.366959
2025-08-18,59551,2025081804001985,LEC,Sewa Securities Pvt. Ltd.,Vision Securities Pvt. Ltd,100,239.3,23930.0,2025-08-18T11:39:26.367213
2025-08-18,59550,2025081804001986,LEC,Naasa Securities Co. Ltd.,Vision Securities Pvt. Ltd,176,239.3,42116.8,2025-08-18T11:39:26.367326
2025-08-18,59461,2025081804002011,LEC,Naasa Securities Co. Ltd.,Imperial Securities Company Pvt. Ltd.,1000,239.3,239300.0,2025-08-18T11:39:40.290367
2025-08-18,59401,2025081804002017,LEC,Naasa Securities Co. Ltd.,J.F. Securites (PVT) Ltd.,50,239.3,11965.0,2025-08-18T11:39:46.660852
2025-08-18,59340,2025081804002025,LEC,Naasa Securities Co. Ltd.,Sumeru Securities Pvt. Ltd.,881,239.3,210823.3,2025-08-18T11:39:53.914732
2025-08-18,59324,2025081804002027,LEC,Secured Securities Ltd.,Dipshikha Dhitopatra Karobar Co. Pvt Ltd.,150,239.8,35970.0,2025-08-18T11:39:55.815643
2025-08-18,59193,2025081804002046,LEC,Naasa Securities Co. Ltd.,Dipshikha Dhitopatra Karobar Co. Pvt Ltd.,1500,239.4,359100.0,2025-08-18T11:40:17.922138
2025-08-18,58949,2025081804002070,LEC,Aryatara Investment & Securities,Vision Securities Pvt. Ltd,100,239.2,23920.0,2025-08-18T11:40:51.385068
2025-08-18,58943,2025081804002071,LEC,Aryatara Investment & Securities,Vision Securities Pvt. Ltd,250,239.2,59800.0,2025-08-18T11:40:53.39696
2025-08-18,58929,2025081804002072,LEC,Aryatara Investment & Securities,Trademow Securities Private Limited,91,239.2,21767.2,2025-08-18T11:40:55.37848
2025-08-18,58928,2025081804002073,LEC,Naasa Securities Co. Ltd.,Trademow Securities Private Limited,264,239.1,63122.4,2025-08-18T11:40:55.378565
2025-08-18,58891,2025081804002089,LEC,Naasa Securities Co. Ltd.,Nabil Stock Dealer Ltd.,1800,239.1,430380.0,2025-08-18T11:40:58.027221
2025-08-18,58879,2025081804002091,LEC,Naasa Securities Co. Ltd.,Asian Securities Private Ltd.,1000,239.1,239100.0,2025-08-18T11:40:59.257056
2025-08-18,58838,2025081804002095,LEC,Naasa Securities Co. Ltd.,Premier Securities Company Ltd.,1042,239.1,249142.2,2025-08-18T11:41:03.649442
2025-08-18,58837,2025081804002096,LEC,Capital Max Securities Ltd,Premier Securities Company Ltd.,500,239.1,119550.0,2025-08-18T11:41:03.649666
2025-08-18,58809,2025081804002104,LEC,Naasa Securities Co. Ltd.,BHOLE GANESH SECURITIES LTD,30,239.0,7170.0,2025-08-18T11:41:10.359923
2025-08-18,58808,2025081804002105,LEC,J.F. Securites (PVT) Ltd.,Premier Securities Company Ltd.,50,239.1,11955.0,2025-08-18T11:41:11.136716
2025-08-18,58781,2025081804002113,LEC,Naasa Securities Co. Ltd.,Trishakti Securities Public Limited,7985,239.0,1908415.0,2025-08-18T11:41:16.199877
2025-08-18,58780,2025081804002114,LEC,Siprabi Securities Pvt. Ltd.,Trishakti Securities Public Limited,150,239.0,35850.0,2025-08-18T11:41:16.200181
2025-08-18,58779,2025081804002115,LEC,Naasa Securities Co. Ltd.,Trishakti Securities Public Limited,9942,239.0,2376138.0,2025-08-18T11:41:16.200278
2025-08-18,58778,2025081804002116,LEC,Naasa Securities Co. Ltd.,Online Securities Pvt. Ltd.,200,239.0,47800.0,2025-08-18T11:41:16.27039
2025-08-18,58776,2025081804002117,LEC,Dynamic Money Managers Securities Pvt. Ltd.,Premier Securities Company Ltd.,408,239.1,97552.8,2025-08-18T11:41:17.301845
2025-08-18,58722,2025081804002125,LEC,Dynamic Money Managers Securities Pvt. Ltd.,Trishakti Securities Public Limited,200,239.1,47820.0,2025-08-18T11:41:26.270995
2025-08-18,58721,2025081804002126,LEC,Cristal Kanchanjanga Securites Pvt. Ltd.,Naasa Securities Co. Ltd.,200,239.2,47840.0,2025-08-18T11:41:26.780005
2025-08-18,58720,2025081804002127,LEC,Cristal Kanchanjanga Securites Pvt. Ltd.,Vision Securities Pvt. Ltd,300,239.2,71760.0,2025-08-18T11:41:26.780231
2025-08-18,58658,2025081804002133,LEC,Dynamic Money Managers Securities Pvt. Ltd.,Sharepro Securities Private Limited,60,239.1,14346.0,2025-08-18T11:41:37.539162
2025-08-18,58603,2025081804002148,LEC,Naasa Securities Co. Ltd.,Linch Stock Market Ltd.,3000,239.0,717000.0,2025-08-18T11:41:49.12333
2025-08-18,58602,2025081804002149,LEC,Naasa Securities Co. Ltd.,Malla & Malla Stock Broking Company Pvt. Limited,500,239.0,119500.0,2025-08-18T11:41:49.358549
2025-08-18,58582,2025081804002151,LEC,Naasa Securities Co. Ltd.,Trishakti Securities Public Limited,500,239.0,119500.0,2025-08-18T11:41:52.617988
2025-08-18,58559,2025081804002152,LEC,Naasa Securities Co. Ltd.,Kalika Securities Pvt. Ltd.,50,239.0,11950.0,2025-08-18T11:41:59.822068
2025-08-18,58550,2025081804002153,LEC,Naasa Securities Co. Ltd.,Dipshikha Dhitopatra Karobar Co. Pvt Ltd.,100,239.0,23900.0,2025-08-18T11:42:01.356786
2025-08-18,58544,2025081804002154,LEC,Naasa Securities Co. Ltd.,Trishakti Securities Public Limited,300,239.0,71700.0,2025-08-18T11:42:01.663573
2025-08-18,58541,2025081804002156,LEC,Naasa Securities Co. Ltd.,Premier Securities Company Ltd.,300,239.0,71700.0,2025-08-18T11:42:01.939616
2025-08-18,58537,2025081804002158,LEC,Naasa Securities Co. Ltd.,Thrive Brokerage House Pvt. Ltd,10,239.0,2390.0,2025-08-18T11:42:03.876287
2025-08-18,58480,2025081804002172,LEC,Naasa Securities Co. Ltd.,Naasa Securities Co. Ltd.,1000,239.0,239000.0,2025-08-18T11:42:13.738948
2025-08-18,58464,2025081804002173,LEC,Naasa Securities Co. Ltd.,Vision Securities Pvt. Ltd,900,239.0,215100.0,2025-08-18T11:42:16.491709
2025-08-18,58443,2025081804002178,LEC,Naasa Securities Co. Ltd.,Naasa Securities Co. Ltd.,501,239.0,119739.0,2025-08-18T11:42:20.262937
2025-08-18,58442,2025081804002179,LEC,Naasa Securities Co. Ltd.,Naasa Securities Co. Ltd.,120,239.0,28680.0,2025-08-18T11:42:20.837369
2025-08-18,58440,2025081804002181,LEC,Naasa Securities Co. Ltd.,Naasa Securities Co. Ltd.,200,239.0,47800.0,2025-08-18T11:42:21.51677
2025-08-18,58437,2025081804002182,LEC,Naasa Securities Co. Ltd.,Vision Securities Pvt. Ltd,100,239.0,23900.0,2025-08-18T11:42:22.529769
2025-08-18,58372,2025081804002200,LEC,Naasa Securities Co. Ltd.,Naasa Securities Co. Ltd.,500,238.1,119050.0,2025-08-18T11:42:34.650559
2025-08-18,58366,2025081804002202,LEC,Naasa Securities Co. Ltd.,Capital Max Securities Ltd,100,238.1,23810.0,2025-08-18T11:42:36.259935
2025-08-18,58337,2025081804002219,LEC,Naasa Securities Co. Ltd.,Citizens Share Broker Limited,200,238.1,47620.0,2025-08-18T11:42:42.115912
2025-08-18,58334,2025081804002220,LEC,Naasa Securities Co. Ltd.,Sumeru Securities Pvt. Ltd.,1000,238.1,238100.0,2025-08-18T11:42:44.486182
2025-08-18,58329,2025081804002221,LEC,Naasa Securities Co. Ltd.,Roadshow securities limited,890,238.1,211909.0,2025-08-18T11:42:45.072173
2025-08-18,58317,2025081804002224,LEC,Naasa Securities Co. Ltd.,Deevyaa Securities & Stock House Pvt. Ltd,1000,238.1,238100.0,2025-08-18T11:42:47.719874
2025-08-18,58295,2025081804002228,LEC,Naasa Securities Co. Ltd.,Dipshikha Dhitopatra Karobar Co. Pvt Ltd.,500,238.1,119050.0,2025-08-18T11:42:51.79196
2025-08-18,58214,2025081804002242,LEC,Vision Securities Pvt. Ltd,Sumeru Securities Pvt. Ltd.,145,238.2,34539.0,2025-08-18T11:43:10.580104
2025-08-18,58187,2025081804002246,LEC,Vision Securities Pvt. Ltd,Dipshikha Dhitopatra Karobar Co. Pvt Ltd.,500,238.2,119100.0,2025-08-18T11:43:18.249157
2025-08-18,58183,2025081804002247,LEC,Investment Management Nepal Pvt. Ltd.,Linch Stock Market Ltd.,100,238.8,23880.0,2025-08-18T11:43:19.088158
2025-08-18,58182,2025081804002248,LEC,Investment Management Nepal Pvt. Ltd.,Nepal Investment And Securities Trading Private Limited,100,238.9,23890.0,2025-08-18T11:43:19.088397
2025-08-18,58181,2025081804002249,LEC,Investment Management Nepal Pvt. Ltd.,Sharepro Securities Private Limited,40,238.9,9556.0,2025-08-18T11:43:19.088492
2025-08-18,58180,2025081804002250,LEC,Investment Management Nepal Pvt. Ltd.,Property Wiard Limited,500,239.0,119500.0,2025-08-18T11:43:19.088586
2025-08-18,58179,2025081804002251,LEC,Investment Management Nepal Pvt. Ltd.,Sweta Securities Private Limited,20,239.0,4780.0,2025-08-18T11:43:19.08868
2025-08-18,58178,2025081804002252,LEC,Investment Management Nepal Pvt. Ltd.,Dipshikha Dhitopatra Karobar Co. Pvt Ltd.,200,239.0,47800.0,2025-08-18T11:43:19.088777
2025-08-18,58177,2025081804002253,LEC,Investment Management Nepal Pvt. Ltd.,Siprabi Securities Pvt. Ltd.,40,239.0,9560.0,2025-08-18T11:43:19.088867
2025-08-18,58154,2025081804002255,LEC,Naasa Securities Co. Ltd.,Thrive Brokerage House Pvt. Ltd,500,238.1,119050.0,2025-08-18T11:43:25.162598
2025-08-18,58118,2025081804002271,LEC,Naasa Securities Co. Ltd.,Dipshikha Dhitopatra Karobar Co. Pvt Ltd.,500,238.1,119050.0,2025-08-18T11:43:32.028614
2025-08-18,58038,2025081804002285,LEC,Naasa Securities Co. Ltd.,Dipshikha Dhitopatra Karobar Co. Pvt Ltd.,500,238.1,119050.0,2025-08-18T11:43:46.094161
2025-08-18,57839,2025081804002321,LEC,Naasa Securities Co. Ltd.,Sharepro Securities Private Limited,1000,238.1,238100.0,2025-08-18T11:44:22.428845
2025-08-18,57823,2025081804002328,LEC,Naasa Securities Co. Ltd.,Citizens Share Broker Limited,106,238.1,25238.6,2025-08-18T11:44:26.398523
2025-08-18,57814,2025081804002331,LEC,Naasa Securities Co. Ltd.,Nepal Stock House (PVT) Ltd.,500,238.1,119050.0,2025-08-18T11:44:29.032769
2025-08-18,57717,2025081804002352,LEC,Naasa Securities Co. Ltd.,Trishakti Securities Public Limited,50,238.2,11910.0,2025-08-18T11:44:47.719862
2025-08-18,57690,2025081804002357,LEC,Naasa Securities Co. Ltd.,KALASH STOCK MARKET PVT. LTD.,100,238.2,23820.0,2025-08-18T11:44:56.839043
2025-08-18,57672,2025081804002366,LEC,Opal Securities Investment (PVT) Ltd.,Sharepro Securities Private Limited,100,238.7,23870.0,2025-08-18T11:44:58.812126
2025-08-18,57656,2025081804002369,LEC,Ashutosh Brokerage & Securities (PVT) Ltd.,Sharepro Securities Private Limited,400,238.7,95480.0,2025-08-18T11:45:00.482123
2025-08-18,57655,2025081804002370,LEC,Ashutosh Brokerage & Securities (PVT) Ltd.,Dipshikha Dhitopatra Karobar Co. Pvt Ltd.,500,238.8,119400.0,2025-08-18T11:45:00.482171
2025-08-18,57654,2025081804002371,LEC,Ashutosh Brokerage & Securities (PVT) Ltd.,Creative Securities Pvt Ltd,100,238.9,23890.0,2025-08-18T11:45:00.482203
2025-08-18,57616,2025081804002380,LEC,Kumari Securities Private Limited,Kumari Securities Private Limited,15,238.3,3574.5,2025-08-18T11:45:08.76031
2025-08-18,57573,2025081804002381,LEC,Naasa Securities Co. Ltd.,Creative Securities Pvt Ltd,10,238.9,2389.0,2025-08-18T11:45:13.758106
2025-08-18,57543,2025081804002386,LEC,Kumari Securities Private Limited,Sewa Securities Pvt. Ltd.,985,238.3,234725.5,2025-08-18T11:45:20.899662
2025-08-18,57542,2025081804002387,LEC,Sumeru Securities Pvt. Ltd.,Sewa Securities Pvt. Ltd.,15,238.3,3574.5,2025-08-18T11:45:20.899918
2025-08-18,57521,2025081804002399,LEC,Sumeru Securities Pvt. Ltd.,Asian Securities Private Ltd.,100,238.3,23830.0,2025-08-18T11:45:25.9025
2025-08-18,57512,2025081804002402,LEC,Sumeru Securities Pvt. Ltd.,J.F. Securites (PVT) Ltd.,100,238.3,23830.0,2025-08-18T11:45:27.527919
2025-08-18,57486,2025081804002406,LEC,Sumeru Securities Pvt. Ltd.,Garima Securities Limited,10,238.3,2383.0,2025-08-18T11:45:34.04281
2025-08-18,57368,2025081804002452,LEC,Sumeru Securities Pvt. Ltd.,Agrawal Securities (PVT) Ltd.,10,238.3,2383.0,2025-08-18T11:45:51.687245
2025-08-18,57311,2025081804002463,LEC,Sumeru Securities Pvt. Ltd.,Premier Securities Company Ltd.,350,238.3,83405.0,2025-08-18T11:46:03.630073
2025-08-18,57191,2025081804002484,LEC,Sumeru Securities Pvt. Ltd.,Dynamic Money Managers Securities Pvt. Ltd.,30,238.3,7149.0,2025-08-18T11:46:31.888159
2025-08-18,57142,2025081804002495,LEC,Kumari Securities Private Limited,Dakshinkali Investment & Securities Pvt. Ltd.,1000,238.4,238400.0,2025-08-18T11:46:41.045514
2025-08-18,57141,2025081804002496,LEC,Sumeru Securities Pvt. Ltd.,Dakshinkali Investment & Securities Pvt. Ltd.,385,238.3,91745.5,2025-08-18T11:46:41.045978
2025-08-18,57140,2025081804002497,LEC,Sumeru Securities Pvt. Ltd.,Dakshinkali Investment & Securities Pvt. Ltd.,600,238.3,142980.0,2025-08-18T11:46:41.046347
2025-08-18,57139,2025081804002498,LEC,Nepal Stock House (PVT) Ltd.,Dakshinkali Investment & Securities Pvt. Ltd.,1000,238.3,238300.0,2025-08-18T11:46:41.046716
2025-08-18,57138,2025081804002499,LEC,Malla & Malla Stock Broking Company Pvt. Limited,Dakshinkali Investment & Securities Pvt. Ltd.,25,238.3,5957.5,2025-08-18T11:46:41.047018
2025-08-18,57137,2025081804002500,LEC,Ashutosh Brokerage & Securities (PVT) Ltd.,Dakshinkali Investment & Securities Pvt. Ltd.,1000,238.3,238300.0,2025-08-18T11:46:41.047363
2025-08-18,56953,2025081804002551,LEC,Naasa Securities Co. Ltd.,Dipshikha Dhitopatra Karobar Co. Pvt Ltd.,500,238.2,119100.0,2025-08-18T11:47:25.323286
2025-08-18,56947,2025081804002553,LEC,Naasa Securities Co. Ltd.,Dakshinkali Investment & Securities Pvt. Ltd.,5990,238.2,1426818.0,2025-08-18T11:47:27.316232
2025-08-18,56746,2025081804002578,LEC,Vision Securities Pvt. Ltd,Siprabi Securities Pvt. Ltd.,13,238.8,3104.4,2025-08-18T11:48:24.259606
2025-08-18,56745,2025081804002579,LEC,Vision Securities Pvt. Ltd,Creative Securities Pvt Ltd,187,238.9,44674.3,2025-08-18T11:48:24.25992
2025-08-18,56725,2025081804002581,LEC,Investment Management Nepal Pvt. Ltd.,Dipshikha Dhitopatra Karobar Co. Pvt Ltd.,25,238.3,5957.5,2025-08-18T11:48:31.705108
2025-08-18,56698,2025081804002587,LEC,Investment Management Nepal Pvt. Ltd.,Vision Securities Pvt. Ltd,200,238.3,47660.0,2025-08-18T11:48:36.337704
2025-08-18,56313,2025081804002664,LEC,Investment Management Nepal Pvt. Ltd.,Premier Securities Company Ltd.,500,238.3,119150.0,2025-08-18T11:49:46.749637
2025-08-18,56268,2025081804002666,LEC,Investment Management Nepal Pvt. Ltd.,J.F. Securites (PVT) Ltd.,50,238.3,11915.0,2025-08-18T11:49:56.894843
2025-08-18,56242,2025081804002678,LEC,Investment Management Nepal Pvt. Ltd.,Trishakti Securities Public Limited,100,238.3,23830.0,2025-08-18T11:50:03.897205
2025-08-18,56128,2025081804002701,LEC,Sani Securities Company Ltd.,Infinity Securities Limited,10,238.5,2385.0,2025-08-18T11:50:29.962502
2025-08-18,56108,2025081804002708,LEC,Investment Management Nepal Pvt. Ltd.,Vision Securities Pvt. Ltd,125,238.3,29787.5,2025-08-18T11:50:34.578636
2025-08-18,56067,2025081804002714,LEC,Naasa Securities Co. Ltd.,Vision Securities Pvt. Ltd,2875,238.3,685112.5,2025-08-18T11:50:45.345098
2025-08-18,56066,2025081804002715,LEC,Naasa Securities Co. Ltd.,Infinity Securities Limited,37,238.5,8824.5,2025-08-18T11:50:45.345249
2025-08-18,56065,2025081804002716,LEC,Naasa Securities Co. Ltd.,Online Securities Pvt. Ltd.,500,238.8,119400.0,2025-08-18T11:50:45.34534
2025-08-18,56064,2025081804002717,LEC,Naasa Securities Co. Ltd.,Creative Securities Pvt Ltd,203,238.9,48496.7,2025-08-18T11:50:45.345406
2025-08-18,56063,2025081804002718,LEC,Naasa Securities Co. Ltd.,Aryatara Investment & Securities,100,238.9,23890.0,2025-08-18T11:50:45.345472
2025-08-18,56062,2025081804002719,LEC,Naasa Securities Co. Ltd.,Kalika Securities Pvt. Ltd.,850,238.9,203065.0,2025-08-18T11:50:45.345537
2025-08-18,56061,2025081804002720,LEC,Naasa Securities Co. Ltd.,Siprabi Securities Pvt. Ltd.,460,239.0,109940.0,2025-08-18T11:50:45.345604
2025-08-18,56060,2025081804002721,LEC,Naasa Securities Co. Ltd.,Midas Stock Broking Company Private Limited,798,239.0,190722.0,2025-08-18T11:50:45.345712
2025-08-18,56059,2025081804002722,LEC,Naasa Securities Co. Ltd.,Vision Securities Pvt. Ltd,100,239.0,23900.0,2025-08-18T11:50:45.345772
2025-08-18,56058,2025081804002723,LEC,Naasa Securities Co. Ltd.,Opal Securities Investment (PVT) Ltd.,70,239.0,16730.0,2025-08-18T11:50:45.345835
2025-08-18,56057,2025081804002724,LEC,Naasa Securities Co. Ltd.,Naasa Securities Co. Ltd.,400,239.0,95600.0,2025-08-18T11:50:45.345897
2025-08-18,56056,2025081804002725,LEC,Naasa Securities Co. Ltd.,Vision Securities Pvt. Ltd,30,239.0,7170.0,2025-08-18T11:50:45.345959
2025-08-18,56055,2025081804002726,LEC,Naasa Securities Co. Ltd.,Midas Stock Broking Company Private Limited,406,239.0,97034.0,2025-08-18T11:50:45.346033
2025-08-18,56054,2025081804002727,LEC,Naasa Securities Co. Ltd.,Naasa Securities Co. Ltd.,318,239.0,76002.0,2025-08-18T11:50:45.346099
2025-08-18,56053,2025081804002728,LEC,Naasa Securities Co. Ltd.,Trishakti Securities Public Limited,500,239.0,119500.0,2025-08-18T11:50:45.346222
2025-08-18,56052,2025081804002729,LEC,Naasa Securities Co. Ltd.,Trishakti Securities Public Limited,500,239.0,119500.0,2025-08-18T11:50:45.346285
2025-08-18,56051,2025081804002730,LEC,Naasa Securities Co. Ltd.,Ashutosh Brokerage & Securities (PVT) Ltd.,100,239.0,23900.0,2025-08-18T11:50:45.346363
2025-08-18,56050,2025081804002731,LEC,Naasa Securities Co. Ltd.,Himalayan Brokerage Company Limited,1753,239.1,419142.3,2025-08-18T11:50:45.34643
2025-08-18,55964,2025081804002738,LEC,Naasa Securities Co. Ltd.,Sharepro Securities Private Limited,500,238.7,119350.0,2025-08-18T11:50:57.42713
2025-08-18,55963,2025081804002739,LEC,Naasa Securities Co. Ltd.,Himalayan Brokerage Company Limited,1747,239.1,417707.7,2025-08-18T11:50:57.427202
2025-08-18,55962,2025081804002740,LEC,Naasa Securities Co. Ltd.,Nabil Stock Dealer Ltd.,300,239.1,71730.0,2025-08-18T11:50:57.427232
2025-08-18,55961,2025081804002741,LEC,Naasa Securities Co. Ltd.,Dipshikha Dhitopatra Karobar Co. Pvt Ltd.,300,239.5,71850.0,2025-08-18T11:50:57.427281
2025-08-18,55960,2025081804002742,LEC,Naasa Securities Co. Ltd.,K.B.L. Securities Limited ,153,239.5,36643.5,2025-08-18T11:50:57.427306
2025-08-18,55940,2025081804002746,LEC,Naasa Securities Co. Ltd.,Trisul Securities & Invt. Ltd.,13,238.8,3104.4,2025-08-18T11:51:04.47967
2025-08-18,55939,2025081804002747,LEC,Naasa Securities Co. Ltd.,K.B.L. Securities Limited ,247,239.5,59156.5,2025-08-18T11:51:04.479779
2025-08-18,55938,2025081804002748,LEC,Naasa Securities Co. Ltd.,K.B.L. Securities Limited ,50,239.8,11990.0,2025-08-18T11:51:04.47987
2025-08-18,55937,2025081804002749,LEC,Naasa Securities Co. Ltd.,Elite Stock House Limited,100,239.9,23990.0,2025-08-18T11:51:04.479966
2025-08-18,55936,2025081804002750,LEC,Naasa Securities Co. Ltd.,Imperial Securities Company Pvt. Ltd.,500,239.9,119950.0,2025-08-18T11:51:04.480034
2025-08-18,55935,2025081804002751,LEC,Naasa Securities Co. Ltd.,Aryatara Investment & Securities,250,239.9,59975.0,2025-08-18T11:51:04.480096
2025-08-18,55934,2025081804002752,LEC,Naasa Securities Co. Ltd.,J.F. Securites (PVT) Ltd.,100,239.9,23990.0,2025-08-18T11:51:04.480158
2025-08-18,55933,2025081804002753,LEC,Naasa Securities Co. Ltd.,Aryatara Investment & Securities,500,239.9,119950.0,2025-08-18T11:51:04.48022
2025-08-18,55932,2025081804002754,LEC,Naasa Securities Co. Ltd.,Himalayan Brokerage Company Limited,50,240.0,12000.0,2025-08-18T11:51:04.480285
2025-08-18,55931,2025081804002755,LEC,Naasa Securities Co. Ltd.,Sani Securities Company Ltd.,190,240.0,45600.0,2025-08-18T11:51:04.480376
2025-08-18,55777,2025081804002792,LEC,Sani Securities Company Ltd.,Property Wiard Limited,500,238.7,119350.0,2025-08-18T11:51:31.404092
2025-08-18,55776,2025081804002793,LEC,Thrive Brokerage House Pvt. Ltd,Property Wiard Limited,1400,238.3,333620.0,2025-08-18T11:51:31.404149
2025-08-18,55405,2025081804002860,LEC,Naasa Securities Co. Ltd.,Online Securities Pvt. Ltd.,235,239.0,56165.0,2025-08-18T11:53:02.159198
2025-08-18,55404,2025081804002861,LEC,Naasa Securities Co. Ltd.,Oxford Securities Pvt. Ltd.,10,239.0,2390.0,2025-08-18T11:53:02.159485
2025-08-18,55395,2025081804002864,LEC,Naasa Securities Co. Ltd.,Siprabi Securities Pvt. Ltd.,815,239.0,194785.0,2025-08-18T11:53:08.078572
2025-08-18,55394,2025081804002865,LEC,S.P.S.A. Securities Limited,Siprabi Securities Pvt. Ltd.,185,238.6,44141.0,2025-08-18T11:53:08.079151
2025-08-18,55326,2025081804002878,LEC,S.P.S.A. Securities Limited,Primo Securities (PVT) Ltd.,815,238.6,194459.0,2025-08-18T11:53:27.265276
2025-08-18,55325,2025081804002879,LEC,Kumari Securities Private Limited,Primo Securities (PVT) Ltd.,1000,238.6,238600.0,2025-08-18T11:53:27.265602
2025-08-18,55324,2025081804002880,LEC,Vision Securities Pvt. Ltd,Primo Securities (PVT) Ltd.,185,238.5,44122.5,2025-08-18T11:53:27.265718
2025-08-18,55318,2025081804002882,LEC,Naasa Securities Co. Ltd.,Vision Securities Pvt. Ltd,50,238.9,11945.0,2025-08-18T11:53:30.740374
2025-08-18,55312,2025081804002883,LEC,Nepal Stock House (PVT) Ltd.,Vision Securities Pvt. Ltd,200,238.9,47780.0,2025-08-18T11:53:33.468674
2025-08-18,55273,2025081804002903,LEC,BHOLE GANESH SECURITIES LTD,Vision Securities Pvt. Ltd,500,238.9,119450.0,2025-08-18T11:53:42.236709
2025-08-18,55266,2025081804002905,LEC,Vision Securities Pvt. Ltd,Naasa Securities Co. Ltd.,6000,238.5,1431000.0,2025-08-18T11:53:44.868587
2025-08-18,55194,2025081804002919,LEC,Vision Securities Pvt. Ltd,Naasa Securities Co. Ltd.,2000,238.5,477000.0,2025-08-18T11:53:54.988729
2025-08-18,55186,2025081804002923,LEC,Vision Securities Pvt. Ltd,Nepal Investment And Securities Trading Private Limited,200,239.0,47800.0,2025-08-18T11:53:57.379245
2025-08-18,55118,2025081804002935,LEC,Vision Securities Pvt. Ltd,J.F. Securites (PVT) Ltd.,50,239.0,11950.0,2025-08-18T11:54:11.211735
2025-08-18,55017,2025081804002962,LEC,Vision Securities Pvt. Ltd,Naasa Securities Co. Ltd.,200,239.0,47800.0,2025-08-18T11:54:30.272392
2025-08-18,55010,2025081804002965,LEC,Vision Securities Pvt. Ltd,Sundhara Securities Limited,300,239.0,71700.0,2025-08-18T11:54:32.879866
2025-08-18,54966,2025081804002980,LEC,Siprabi Securities Pvt. Ltd.,BHOLE GANESH SECURITIES LTD,50,239.7,11985.0,2025-08-18T11:54:39.691452
2025-08-18,54965,2025081804002981,LEC,Siprabi Securities Pvt. Ltd.,Aryatara Investment & Securities,100,239.7,23970.0,2025-08-18T11:54:39.691758
2025-08-18,54964,2025081804002982,LEC,Siprabi Securities Pvt. Ltd.,Dakshinkali Investment & Securities Pvt. Ltd.,300,239.7,71910.0,2025-08-18T11:54:39.691873
2025-08-18,54963,2025081804002983,LEC,Siprabi Securities Pvt. Ltd.,Pragyan Securities (PVT) Ltd.,50,239.8,11990.0,2025-08-18T11:54:39.691987
2025-08-18,54910,2025081804002993,LEC,Vision Securities Pvt. Ltd,Naasa Securities Co. Ltd.,1500,239.5,359250.0,2025-08-18T11:54:51.465467
2025-08-18,54837,2025081804003016,LEC,Vision Securities Pvt. Ltd,Agrawal Securities (PVT) Ltd.,150,239.5,35925.0,2025-08-18T11:55:00.359177
2025-08-18,54724,2025081804003047,LEC,Vision Securities Pvt. Ltd,Nepal Stock House (PVT) Ltd.,165,239.5,39517.5,2025-08-18T11:55:28.513042
2025-08-18,54723,2025081804003048,LEC,Vision Securities Pvt. Ltd,Nepal Stock House (PVT) Ltd.,50,239.0,11950.0,2025-08-18T11:55:28.513742
2025-08-18,54711,2025081804003054,LEC,Vision Securities Pvt. Ltd,South Asian Bulls Pvt. Ltd.,200,239.0,47800.0,2025-08-18T11:55:32.305154
2025-08-18,54710,2025081804003055,LEC,Asian Securities Private Ltd.,South Asian Bulls Pvt. Ltd.,200,239.0,47800.0,2025-08-18T11:55:32.305737
2025-08-18,54672,2025081804003069,LEC,BHOLE GANESH SECURITIES LTD,Naasa Securities Co. Ltd.,500,239.1,119550.0,2025-08-18T11:55:41.727255
2025-08-18,54671,2025081804003070,LEC,Asian Securities Private Ltd.,Naasa Securities Co. Ltd.,500,239.0,119500.0,2025-08-18T11:55:41.727556
2025-08-18,54667,2025081804003072,LEC,Naasa Securities Co. Ltd.,Imperial Securities Company Pvt. Ltd.,15,239.5,3592.5,2025-08-18T11:55:43.743522
2025-08-18,54496,2025081804003108,LEC,Naasa Securities Co. Ltd.,Citizens Share Broker Limited,14,239.4,3351.6,2025-08-18T11:56:30.345185
2025-08-18,54494,2025081804003109,LEC,Asian Securities Private Ltd.,Midas Stock Broking Company Private Limited,10,239.0,2390.0,2025-08-18T11:56:31.495881
2025-08-18,54488,2025081804003113,LEC,Asian Securities Private Ltd.,Primo Securities (PVT) Ltd.,200,239.0,47800.0,2025-08-18T11:56:32.867883
2025-08-18,54343,2025081804003137,LEC,South Asian Bulls Pvt. Ltd.,Citizens Share Broker Limited,86,239.4,20588.4,2025-08-18T11:57:05.670059
2025-08-18,54342,2025081804003138,LEC,South Asian Bulls Pvt. Ltd.,NIMB Stock Markets Limited,15,239.4,3591.0,2025-08-18T11:57:05.670396
2025-08-18,54341,2025081804003139,LEC,South Asian Bulls Pvt. Ltd.,Imperial Securities Company Pvt. Ltd.,519,239.5,124300.5,2025-08-18T11:57:05.670528
2025-08-18,54328,2025081804003150,LEC,Asian Securities Private Ltd.,Opal Securities Investment (PVT) Ltd.,20,239.0,4780.0,2025-08-18T11:57:06.519721
2025-08-18,54297,2025081804003164,LEC,Asian Securities Private Ltd.,Dipshikha Dhitopatra Karobar Co. Pvt Ltd.,200,239.0,47800.0,2025-08-18T11:57:15.756992
2025-08-18,53871,2025081804003288,LEC,Creative Securities Pvt Ltd,Sani Securities Company Ltd.,50,239.1,11955.0,2025-08-18T11:58:45.812997
2025-08-18,53869,2025081804003289,LEC,Ashutosh Brokerage & Securities (PVT) Ltd.,Capital Max Securities Ltd,500,239.4,119700.0,2025-08-18T11:58:47.171423
2025-08-18,53868,2025081804003290,LEC,Ashutosh Brokerage & Securities (PVT) Ltd.,Imperial Securities Company Pvt. Ltd.,500,239.5,119750.0,2025-08-18T11:58:47.171489
2025-08-18,53845,2025081804003293,LEC,Creative Securities Pvt Ltd,Midas Stock Broking Company Private Limited,100,239.1,23910.0,2025-08-18T11:58:53.194702
2025-08-18,53723,2025081804003321,LEC,Bhrikuti Stock Broking Co. Pvt. Ltd.,Malla & Malla Stock Broking Company Pvt. Limited,500,239.4,119700.0,2025-08-18T11:59:21.860128
2025-08-18,53658,2025081804003338,LEC,Creative Securities Pvt Ltd,Sweta Securities Private Limited,10,239.1,2391.0,2025-08-18T11:59:39.0431
2025-08-18,53657,2025081804003339,LEC,Asian Securities Private Ltd.,Sweta Securities Private Limited,30,239.0,7170.0,2025-08-18T11:59:39.043417
2025-08-18,53597,2025081804003352,LEC,Vision Securities Pvt. Ltd,Aryatara Investment & Securities,90,239.4,21546.0,2025-08-18T11:59:59.117158
2025-08-18,53530,2025081804003363,LEC,Asian Securities Private Ltd.,ABC Securities Private Limited,340,239.0,81260.0,2025-08-18T12:00:15.956586
2025-08-18,53529,2025081804003364,LEC,Market Securities & Exchange (PVT) Ltd.,ABC Securities Private Limited,300,239.0,71700.0,2025-08-18T12:00:15.956883
2025-08-18,53528,2025081804003365,LEC,ABC Securities Private Limited,ABC Securities Private Limited,100,239.0,23900.0,2025-08-18T12:00:15.957022
2025-08-18,53527,2025081804003366,LEC,Sri Hari Securities Pvt. Ltd.,ABC Securities Private Limited,10,239.0,2390.0,2025-08-18T12:00:15.957144
2025-08-18,53526,2025081804003367,LEC,Naasa Securities Co. Ltd.,ABC Securities Private Limited,5072,238.7,1210686.4,2025-08-18T12:00:15.95727
2025-08-18,53525,2025081804003368,LEC,Naasa Securities Co. Ltd.,ABC Securities Private Limited,3178,238.5,757953.0,2025-08-18T12:00:15.957415
2025-08-18,53496,2025081804003371,LEC,Sani Securities Company Ltd.,J.F. Securites (PVT) Ltd.,50,239.0,11950.0,2025-08-18T12:00:22.275215
2025-08-18,53371,2025081804003389,LEC,Sani Securities Company Ltd.,Siprabi Securities Pvt. Ltd.,10,239.0,2390.0,2025-08-18T12:01:05.337182
2025-08-18,53370,2025081804003390,LEC,Sani Securities Company Ltd.,Sweta Securities Private Limited,570,239.0,136230.0,2025-08-18T12:01:05.33776
2025-08-18,53308,2025081804003400,LEC,Naasa Securities Co. Ltd.,Sweta Securities Private Limited,40,239.0,9560.0,2025-08-18T12:01:15.274748
2025-08-18,53206,2025081804003406,LEC,Naasa Securities Co. Ltd.,R.B.B. Securities Company Ltd,16000,238.5,3816000.0,2025-08-18T12:01:41.118983
2025-08-18,53147,2025081804003424,LEC,Premier Securities Company Ltd.,Sweta Securities Private Limited,10,239.0,2390.0,2025-08-18T12:01:54.345048
2025-08-18,53088,2025081804003434,LEC,Naasa Securities Co. Ltd.,Sweta Securities Private Limited,88,239.0,21032.0,2025-08-18T12:02:12.641452
2025-08-18,53087,2025081804003435,LEC,Naasa Securities Co. Ltd.,J.F. Securites (PVT) Ltd.,50,239.0,11950.0,2025-08-18T12:02:12.641531
2025-08-18,53086,2025081804003436,LEC,Naasa Securities Co. Ltd.,Aryatara Investment & Securities,110,239.4,26334.0,2025-08-18T12:02:12.641561
2025-08-18,53085,2025081804003437,LEC,Naasa Securities Co. Ltd.,Midas Stock Broking Company Private Limited,136,239.4,32558.4,2025-08-18T12:02:12.641586
2025-08-18,53084,2025081804003438,LEC,Naasa Securities Co. Ltd.,Imperial Securities Company Pvt. Ltd.,116,239.5,27782.0,2025-08-18T12:02:12.641612
2025-08-18,53015,2025081804003453,LEC,Thrive Brokerage House Pvt. Ltd,Vision Securities Pvt. Ltd,100,239.0,23900.0,2025-08-18T12:02:38.298392
2025-08-18,53014,2025081804003454,LEC,Naasa Securities Co. Ltd.,Vision Securities Pvt. Ltd,400,238.5,95400.0,2025-08-18T12:02:38.298722
2025-08-18,52934,2025081804003460,LEC,Sani Securities Company Ltd.,Investment Management Nepal Pvt. Ltd.,100,239.0,23900.0,2025-08-18T12:02:53.536155
2025-08-18,52884,2025081804003468,LEC,Sani Securities Company Ltd.,Oxford Securities Pvt. Ltd.,1600,238.5,381600.0,2025-08-18T12:03:09.148171
2025-08-18,52879,2025081804003470,LEC,Imperial Securities Company Pvt. Ltd.,Oxford Securities Pvt. Ltd.,20,238.5,4770.0,2025-08-18T12:03:10.766591
2025-08-18,52867,2025081804003472,LEC,Naasa Securities Co. Ltd.,Oxford Securities Pvt. Ltd.,100,238.5,23850.0,2025-08-18T12:03:14.143431
2025-08-18,52751,2025081804003487,LEC,Thrive Brokerage House Pvt. Ltd,Secured Securities Ltd.,200,238.3,47660.0,2025-08-18T12:03:54.215876
2025-08-18,52700,2025081804003492,LEC,Online Securities Pvt. Ltd.,Oxford Securities Pvt. Ltd.,100,238.5,23850.0,2025-08-18T12:04:02.968683
2025-08-18,52549,2025081804003517,LEC,Thrive Brokerage House Pvt. Ltd,Linch Stock Market Ltd.,110,238.3,26213.0,2025-08-18T12:04:44.809361
2025-08-18,52548,2025081804003518,LEC,Linch Stock Market Ltd.,Linch Stock Market Ltd.,84,238.3,20017.2,2025-08-18T12:04:44.809695
2025-08-18,52378,2025081804003552,LEC,Sumeru Securities Pvt. Ltd.,Opal Securities Investment (PVT) Ltd.,200,238.2,47640.0,2025-08-18T12:05:39.799178
2025-08-18,52375,2025081804003553,LEC,Sumeru Securities Pvt. Ltd.,Secured Securities Ltd.,10,238.2,2382.0,2025-08-18T12:05:40.903436
2025-08-18,52372,2025081804003554,LEC,Nepal Stock House (PVT) Ltd.,Investment Management Nepal Pvt. Ltd.,500,239.0,119500.0,2025-08-18T12:05:43.332464
2025-08-18,52295,2025081804003573,LEC,Imperial Securities Company Pvt. Ltd.,Investment Management Nepal Pvt. Ltd.,75,239.0,17925.0,2025-08-18T12:06:13.051047
2025-08-18,52249,2025081804003593,LEC,Imperial Securities Company Pvt. Ltd.,Secured Securities Ltd.,25,239.0,5975.0,2025-08-18T12:06:30.376138
2025-08-18,52152,2025081804003623,LEC,Naasa Securities Co. Ltd.,Nepal Investment And Securities Trading Private Limited,10,239.4,2394.0,2025-08-18T12:06:56.008296
2025-08-18,51811,2025081804003731,LEC,Nepal Investment And Securities Trading Private Limited,Naasa Securities Co. Ltd.,11,239.3,2632.3,2025-08-18T12:08:18.30544
2025-08-18,51810,2025081804003732,LEC,Nepal Investment And Securities Trading Private Limited,Nepal Investment And Securities Trading Private Limited,10,239.4,2394.0,2025-08-18T12:08:18.306107
2025-08-18,51809,2025081804003733,LEC,Nepal Investment And Securities Trading Private Limited,Naasa Securities Co. Ltd.,50,239.4,11970.0,2025-08-18T12:08:18.306608
2025-08-18,51808,2025081804003734,LEC,Nepal Investment And Securities Trading Private Limited,Property Wiard Limited,105,239.4,25137.0,2025-08-18T12:08:18.30705
2025-08-18,51807,2025081804003735,LEC,Nepal Investment And Securities Trading Private Limited,Nepal Investment And Securities Trading Private Limited,20,239.4,4788.0,2025-08-18T12:08:18.307485
2025-08-18,51806,2025081804003736,LEC,Nepal Investment And Securities Trading Private Limited,Vision Securities Pvt. Ltd,1326,239.4,317444.4,2025-08-18T12:08:18.30792
2025-08-18,51805,2025081804003737,LEC,Nepal Investment And Securities Trading Private Limited,Imperial Securities Company Pvt. Ltd.,350,239.5,83825.0,2025-08-18T12:08:18.308353
2025-08-18,51804,2025081804003738,LEC,Nepal Investment And Securities Trading Private Limited,Sani Securities Company Ltd.,1010,239.5,241895.0,2025-08-18T12:08:18.308779
2025-08-18,51803,2025081804003739,LEC,Nepal Investment And Securities Trading Private Limited,Oxford Securities Pvt. Ltd.,1000,239.5,239500.0,2025-08-18T12:08:18.30919
2025-08-18,51802,2025081804003740,LEC,Nepal Investment And Securities Trading Private Limited,Nepal Stock House (PVT) Ltd.,400,239.5,95800.0,2025-08-18T12:08:18.309624
2025-08-18,51801,2025081804003741,LEC,Nepal Investment And Securities Trading Private Limited,Imperial Securities Company Pvt. Ltd.,830,239.5,198785.0,2025-08-18T12:08:18.310027
2025-08-18,51800,2025081804003742,LEC,Nepal Investment And Securities Trading Private Limited,Aryatara Investment & Securities,500,239.5,119750.0,2025-08-18T12:08:18.310446
2025-08-18,51799,2025081804003743,LEC,Nepal Investment And Securities Trading Private Limited,Creative Securities Pvt Ltd,20,239.7,4794.0,2025-08-18T12:08:18.310581
2025-08-18,51798,2025081804003744,LEC,Nepal Investment And Securities Trading Private Limited,Sani Securities Company Ltd.,1500,239.8,359700.0,2025-08-18T12:08:18.310707
2025-08-18,51797,2025081804003745,LEC,Nepal Investment And Securities Trading Private Limited,Oxford Securities Pvt. Ltd.,868,239.8,208146.4,2025-08-18T12:08:18.310837
2025-08-18,51683,2025081804003771,LEC,Linch Stock Market Ltd.,Roadshow securities limited,20,239.0,4780.0,2025-08-18T12:08:49.143498
2025-08-18,51682,2025081804003772,LEC,Cristal Kanchanjanga Securites Pvt. Ltd.,Roadshow securities limited,50,239.0,11950.0,2025-08-18T12:08:49.143829
2025-08-18,51681,2025081804003773,LEC,Sri Hari Securities Pvt. Ltd.,Roadshow securities limited,30,239.0,7170.0,2025-08-18T12:08:49.143959
2025-08-18,51143,2025081804003989,LEC,Sri Hari Securities Pvt. Ltd.,Imperial Securities Company Pvt. Ltd.,15,238.5,3577.5,2025-08-18T12:10:58.95057
2025-08-18,50856,2025081804004051,LEC,Sagarmatha Securities Private Limited,Online Securities Pvt. Ltd.,10,238.9,2389.0,2025-08-18T12:12:27.496636
2025-08-18,50814,2025081804004061,LEC,Sri Hari Securities Pvt. Ltd.,Asian Securities Private Ltd.,55,238.5,13117.5,2025-08-18T12:12:43.898801
2025-08-18,50813,2025081804004062,LEC,Market Securities & Exchange (PVT) Ltd.,Asian Securities Private Ltd.,28,238.5,6678.0,2025-08-18T12:12:43.899105
2025-08-18,50618,2025081804004113,LEC,Market Securities & Exchange (PVT) Ltd.,Linch Stock Market Ltd.,200,239.0,47800.0,2025-08-18T12:13:31.172719
2025-08-18,50617,2025081804004114,LEC,Market Securities & Exchange (PVT) Ltd.,ABC Securities Private Limited,30,239.0,7170.0,2025-08-18T12:13:31.17331
2025-08-18,50616,2025081804004115,LEC,Market Securities & Exchange (PVT) Ltd.,Naasa Securities Co. Ltd.,42,239.0,10038.0,2025-08-18T12:13:31.173728
2025-08-18,50611,2025081804004119,LEC,Online Securities Pvt. Ltd.,Naasa Securities Co. Ltd.,17,239.0,4063.0,2025-08-18T12:13:32.071363
2025-08-18,50494,2025081804004151,LEC,Sagarmatha Securities Private Limited,Naasa Securities Co. Ltd.,30,239.0,7170.0,2025-08-18T12:14:07.000558
2025-08-18,50476,2025081804004161,LEC,Naasa Securities Co. Ltd.,Naasa Securities Co. Ltd.,350,239.0,83650.0,2025-08-18T12:14:12.379962
2025-08-18,50460,2025081804004163,LEC,Trishakti Securities Public Limited,Naasa Securities Co. Ltd.,400,239.0,95600.0,2025-08-18T12:14:16.7756
2025-08-18,50400,2025081804004175,LEC,Sundhara Securities Limited,Naasa Securities Co. Ltd.,161,239.0,38479.0,2025-08-18T12:14:40.2072
2025-08-18,50399,2025081804004176,LEC,Sundhara Securities Limited,Online Securities Pvt. Ltd.,10,239.0,2390.0,2025-08-18T12:14:40.20785
2025-08-18,50398,2025081804004177,LEC,Sundhara Securities Limited,Naasa Securities Co. Ltd.,79,239.0,18881.0,2025-08-18T12:14:40.208265
2025-08-18,50358,2025081804004181,LEC,Siprabi Securities Pvt. Ltd.,Linch Stock Market Ltd.,1,238.0,238.0,2025-08-18T12:14:50.332256
2025-08-18,50345,2025081804004187,LEC,Naasa Securities Co. Ltd.,Naasa Securities Co. Ltd.,50,239.0,11950.0,2025-08-18T12:14:55.834563
2025-08-18,50250,2025081804004201,LEC,Midas Stock Broking Company Private Limited,Aryatara Investment & Securities,70,238.7,16709.0,2025-08-18T12:15:23.231657
2025-08-18,50249,2025081804004202,LEC,Naasa Securities Co. Ltd.,Aryatara Investment & Securities,180,238.6,42948.0,2025-08-18T12:15:23.231963
2025-08-18,50199,2025081804004223,LEC,Kohinoor Investment & Securities Pvt. Ltd.,Naasa Securities Co. Ltd.,200,239.0,47800.0,2025-08-18T12:15:35.802801
2025-08-18,50185,2025081804004230,LEC,Cristal Kanchanjanga Securites Pvt. Ltd.,Naasa Securities Co. Ltd.,21,239.0,5019.0,2025-08-18T12:15:40.30506
2025-08-18,50184,2025081804004231,LEC,Cristal Kanchanjanga Securites Pvt. Ltd.,Trisul Securities & Invt. Ltd.,479,239.0,114481.0,2025-08-18T12:15:40.305412
2025-08-18,50123,2025081804004255,LEC,Sagarmatha Securities Private Limited,Trisul Securities & Invt. Ltd.,20,239.0,4780.0,2025-08-18T12:16:06.545427
2025-08-18,50107,2025081804004265,LEC,Nepal Investment And Securities Trading Private Limited,Online Securities Pvt. Ltd.,150,238.7,35805.0,2025-08-18T12:16:11.533818
2025-08-18,50106,2025081804004266,LEC,Naasa Securities Co. Ltd.,Online Securities Pvt. Ltd.,12850,238.5,3064725.0,2025-08-18T12:16:11.534118
2025-08-18,50104,2025081804004267,LEC,Naasa Securities Co. Ltd.,Malla & Malla Stock Broking Company Pvt. Limited,40,239.5,9580.0,2025-08-18T12:16:11.994618
2025-08-18,49986,2025081804004286,LEC,Aryatara Investment & Securities,Malla & Malla Stock Broking Company Pvt. Limited,10,239.5,2395.0,2025-08-18T12:16:42.941531
2025-08-18,49985,2025081804004287,LEC,Aryatara Investment & Securities,Trishakti Securities Public Limited,10,239.5,2395.0,2025-08-18T12:16:42.941833
2025-08-18,49984,2025081804004288,LEC,Sharepro Securities Private Limited,Trishakti Securities Public Limited,500,239.5,119750.0,2025-08-18T12:16:43.554335
2025-08-18,49918,2025081804004292,LEC,Vision Securities Pvt. Ltd,Trishakti Securities Public Limited,50,239.5,11975.0,2025-08-18T12:17:00.070246
2025-08-18,49893,2025081804004296,LEC,Naasa Securities Co. Ltd.,Siprabi Securities Pvt. Ltd.,5000,238.5,1192500.0,2025-08-18T12:17:10.606178
2025-08-18,49844,2025081804004312,LEC,Dipshikha Dhitopatra Karobar Co. Pvt Ltd.,Linch Stock Market Ltd.,1000,239.0,239000.0,2025-08-18T12:17:27.646874
2025-08-18,49803,2025081804004315,LEC,Naasa Securities Co. Ltd.,Trishakti Securities Public Limited,440,239.5,105380.0,2025-08-18T12:17:42.628847
2025-08-18,49802,2025081804004316,LEC,Naasa Securities Co. Ltd.,Malla & Malla Stock Broking Company Pvt. Limited,50,239.6,11980.0,2025-08-18T12:17:42.628926
2025-08-18,49801,2025081804004317,LEC,Naasa Securities Co. Ltd.,Sani Securities Company Ltd.,10,239.6,2396.0,2025-08-18T12:17:42.628983
2025-08-18,49598,2025081804004395,LEC,Naasa Securities Co. Ltd.,Dakshinkali Investment & Securities Pvt. Ltd.,100,239.5,23950.0,2025-08-18T12:18:33.054266
2025-08-18,49597,2025081804004396,LEC,Naasa Securities Co. Ltd.,Sani Securities Company Ltd.,5390,239.6,1291444.0,2025-08-18T12:18:33.054306
2025-08-18,49596,2025081804004397,LEC,Naasa Securities Co. Ltd.,Primo Securities (PVT) Ltd.,100,239.6,23960.0,2025-08-18T12:18:33.054338
2025-08-18,49595,2025081804004398,LEC,Naasa Securities Co. Ltd.,Aryatara Investment & Securities,500,239.7,119850.0,2025-08-18T12:18:33.054361
2025-08-18,49594,2025081804004399,LEC,Naasa Securities Co. Ltd.,Oxford Securities Pvt. Ltd.,2312,239.8,554417.6,2025-08-18T12:18:33.054387
2025-08-18,49593,2025081804004400,LEC,Naasa Securities Co. Ltd.,Vision Securities Pvt. Ltd,500,239.8,119900.0,2025-08-18T12:18:33.054421
2025-08-18,49592,2025081804004401,LEC,Naasa Securities Co. Ltd.,ABC Securities Private Limited,100,239.9,23990.0,2025-08-18T12:18:33.054451
2025-08-18,49591,2025081804004402,LEC,Naasa Securities Co. Ltd.,Deevyaa Securities & Stock House Pvt. Ltd,998,239.9,239420.2,2025-08-18T12:18:33.054475
2025-08-18,49464,2025081804004436,LEC,Naasa Securities Co. Ltd.,Agrawal Securities (PVT) Ltd.,60,239.5,14370.0,2025-08-18T12:19:15.948258
2025-08-18,49364,2025081804004461,LEC,Linch Stock Market Ltd.,Oxford Securities Pvt. Ltd.,215,239.9,51578.5,2025-08-18T12:19:39.976368
2025-08-18,49341,2025081804004467,LEC,Sharepro Securities Private Limited,Oxford Securities Pvt. Ltd.,185,239.9,44381.5,2025-08-18T12:19:49.65053
2025-08-18,49340,2025081804004468,LEC,Sharepro Securities Private Limited,ABC Securities Private Limited,115,239.9,27588.5,2025-08-18T12:19:49.651146
2025-08-18,49329,2025081804004475,LEC,Sumeru Securities Pvt. Ltd.,J.F. Securites (PVT) Ltd.,30,238.8,7164.0,2025-08-18T12:19:53.618788
2025-08-18,49219,2025081804004499,LEC,Naasa Securities Co. Ltd.,South Asian Bulls Pvt. Ltd.,40,239.8,9592.0,2025-08-18T12:20:16.783524
2025-08-18,49218,2025081804004500,LEC,Naasa Securities Co. Ltd.,ABC Securities Private Limited,85,239.9,20391.5,2025-08-18T12:20:16.783583
2025-08-18,49217,2025081804004501,LEC,Naasa Securities Co. Ltd.,South Asian Bulls Pvt. Ltd.,380,239.9,91162.0,2025-08-18T12:20:16.783616
2025-08-18,49216,2025081804004502,LEC,Naasa Securities Co. Ltd.,Sani Securities Company Ltd.,70,239.9,16793.0,2025-08-18T12:20:16.783641
2025-08-18,49215,2025081804004503,LEC,Naasa Securities Co. Ltd.,Agrawal Securities (PVT) Ltd.,100,239.9,23990.0,2025-08-18T12:20:16.783666
2025-08-18,49214,2025081804004504,LEC,Naasa Securities Co. Ltd.,Nepal Investment And Securities Trading Private Limited,100,240.0,24000.0,2025-08-18T12:20:16.783694
2025-08-18,49213,2025081804004505,LEC,Naasa Securities Co. Ltd.,Dakshinkali Investment & Securities Pvt. Ltd.,225,240.0,54000.0,2025-08-18T12:20:16.783728
2025-08-18,49108,2025081804004529,LEC,Roadshow securities limited,Dakshinkali Investment & Securities Pvt. Ltd.,30,240.0,7200.0,2025-08-18T12:20:53.998235
2025-08-18,48759,2025081804004611,LEC,Imperial Securities Company Pvt. Ltd.,Dakshinkali Investment & Securities Pvt. Ltd.,300,240.0,72000.0,2025-08-18T12:22:11.882923
2025-08-18,48758,2025081804004612,LEC,KALASH STOCK MARKET PVT. LTD.,Dakshinkali Investment & Securities Pvt. Ltd.,445,240.0,106800.0,2025-08-18T12:22:12.633053
2025-08-18,48757,2025081804004613,LEC,KALASH STOCK MARKET PVT. LTD.,Sani Securities Company Ltd.,2000,240.0,480000.0,2025-08-18T12:22:12.63341
2025-08-18,48756,2025081804004614,LEC,KALASH STOCK MARKET PVT. LTD.,Linch Stock Market Ltd.,50,240.0,12000.0,2025-08-18T12:22:12.633548
2025-08-18,48755,2025081804004615,LEC,KALASH STOCK MARKET PVT. LTD.,Naasa Securities Co. Ltd.,555,240.0,133200.0,2025-08-18T12:22:12.63368
2025-08-18,48715,2025081804004624,LEC,Online Securities Pvt. Ltd.,Deevyaa Securities & Stock House Pvt. Ltd,2,239.9,479.8,2025-08-18T12:22:21.3128
2025-08-18,48714,2025081804004625,LEC,Sani Securities Company Ltd.,Naasa Securities Co. Ltd.,100,240.0,24000.0,2025-08-18T12:22:21.729602
2025-08-18,48080,2025081804004781,LEC,Himalayan Securities Limited,Dakshinkali Investment & Securities Pvt. Ltd.,68,239.8,16306.4,2025-08-18T12:24:49.126777
2025-08-18,48029,2025081804004793,LEC,Opal Securities Investment (PVT) Ltd.,Online Securities Pvt. Ltd.,100,239.4,23940.0,2025-08-18T12:25:02.593301
2025-08-18,47735,2025081804004864,LEC,Nepal Investment And Securities Trading Private Limited,Naasa Securities Co. Ltd.,70,239.5,16765.0,2025-08-18T12:25:55.609804
2025-08-18,47734,2025081804004865,LEC,Nepal Investment And Securities Trading Private Limited,Dakshinkali Investment & Securities Pvt. Ltd.,130,239.8,31174.0,2025-08-18T12:25:55.610154
2025-08-18,47656,2025081804004880,LEC,KALASH STOCK MARKET PVT. LTD.,Dakshinkali Investment & Securities Pvt. Ltd.,415,239.8,99517.0,2025-08-18T12:26:04.312028
2025-08-18,47531,2025081804004909,LEC,Opal Securities Investment (PVT) Ltd.,Online Securities Pvt. Ltd.,35,239.4,8379.0,2025-08-18T12:26:32.306116
2025-08-18,47530,2025081804004910,LEC,Sri Hari Securities Pvt. Ltd.,Online Securities Pvt. Ltd.,65,239.4,15561.0,2025-08-18T12:26:32.306437
2025-08-18,47445,2025081804004925,LEC,Sri Hari Securities Pvt. Ltd.,Sajilo Broker Limited,50,239.4,11970.0,2025-08-18T12:27:02.824848
2025-08-18,47444,2025081804004926,LEC,Naasa Securities Co. Ltd.,Sajilo Broker Limited,445,239.2,106444.0,2025-08-18T12:27:02.82522
2025-08-18,47378,2025081804004949,LEC,Cristal Kanchanjanga Securites Pvt. Ltd.,Dakshinkali Investment & Securities Pvt. Ltd.,500,239.8,119900.0,2025-08-18T12:27:24.282532
2025-08-18,47133,2025081804004966,LEC,Online Securities Pvt. Ltd.,Dakshinkali Investment & Securities Pvt. Ltd.,10,239.8,2398.0,2025-08-18T12:27:46.261001
2025-08-18,47050,2025081804004978,LEC,Naasa Securities Co. Ltd.,Dakshinkali Investment & Securities Pvt. Ltd.,15,239.8,3597.0,2025-08-18T12:28:02.569496
2025-08-18,47049,2025081804004979,LEC,Naasa Securities Co. Ltd.,Malla & Malla Stock Broking Company Pvt. Limited,20,239.8,4796.0,2025-08-18T12:28:02.569551
2025-08-18,47048,2025081804004980,LEC,Naasa Securities Co. Ltd.,Agrawal Securities (PVT) Ltd.,1500,239.9,359850.0,2025-08-18T12:28:02.569579
2025-08-18,47047,2025081804004981,LEC,Naasa Securities Co. Ltd.,Naasa Securities Co. Ltd.,1465,240.0,351600.0,2025-08-18T12:28:02.569601
2025-08-18,46997,2025081804005000,LEC,Imperial Securities Company Pvt. Ltd.,Naasa Securities Co. Ltd.,20,240.0,4800.0,2025-08-18T12:28:19.308164
2025-08-18,46902,2025081804005025,LEC,Dipshikha Dhitopatra Karobar Co. Pvt Ltd.,Pragyan Securities (PVT) Ltd.,140,239.6,33544.0,2025-08-18T12:28:43.452133
2025-08-18,46901,2025081804005026,LEC,Creative Securities Pvt Ltd,Pragyan Securities (PVT) Ltd.,30,239.5,7185.0,2025-08-18T12:28:43.452485
2025-08-18,46826,2025081804005052,LEC,Creative Securities Pvt Ltd,Trishakti Securities Public Limited,20,239.5,4790.0,2025-08-18T12:28:56.651039
2025-08-18,46825,2025081804005053,LEC,Sundhara Securities Limited,Trishakti Securities Public Limited,80,239.5,19160.0,2025-08-18T12:28:56.651436
2025-08-18,46742,2025081804005068,LEC,Imperial Securities Company Pvt. Ltd.,Malla & Malla Stock Broking Company Pvt. Limited,20,239.9,4798.0,2025-08-18T12:29:24.456216
2025-08-18,46741,2025081804005069,LEC,Imperial Securities Company Pvt. Ltd.,Naasa Securities Co. Ltd.,980,240.0,235200.0,2025-08-18T12:29:24.456573
2025-08-18,46706,2025081804005075,LEC,Sundhara Securities Limited,MILKY WAY SHARE BROKER COMPANY LTD ,170,239.5,40715.0,2025-08-18T12:29:33.667828
2025-08-18,46705,2025081804005076,LEC,Naasa Securities Co. Ltd.,MILKY WAY SHARE BROKER COMPANY LTD ,1330,239.5,318535.0,2025-08-18T12:29:33.667896
2025-08-18,46427,2025081804005134,LEC,Naasa Securities Co. Ltd.,Naasa Securities Co. Ltd.,1880,240.0,451200.0,2025-08-18T12:30:50.740267
2025-08-18,46426,2025081804005135,LEC,Naasa Securities Co. Ltd.,KALASH STOCK MARKET PVT. LTD.,120,240.0,28800.0,2025-08-18T12:30:50.740359
2025-08-18,46389,2025081804005154,LEC,Creative Securities Pvt Ltd,KALASH STOCK MARKET PVT. LTD.,380,240.0,91200.0,2025-08-18T12:31:00.325469
2025-08-18,46388,2025081804005155,LEC,Creative Securities Pvt Ltd,ABC Securities Private Limited,300,240.0,72000.0,2025-08-18T12:31:00.326098
2025-08-18,46387,2025081804005156,LEC,Creative Securities Pvt Ltd,Vision Securities Pvt. Ltd,200,240.0,48000.0,2025-08-18T12:31:00.326595
2025-08-18,46386,2025081804005157,LEC,Creative Securities Pvt Ltd,Sundhara Securities Limited,100,240.0,24000.0,2025-08-18T12:31:00.327247
2025-08-18,46385,2025081804005158,LEC,Creative Securities Pvt Ltd,Property Wiard Limited,20,240.0,4800.0,2025-08-18T12:31:00.327928
2025-08-18,46275,2025081804005174,LEC,Midas Stock Broking Company Private Limited,Property Wiard Limited,80,240.0,19200.0,2025-08-18T12:31:28.720884
2025-08-18,46274,2025081804005175,LEC,Midas Stock Broking Company Private Limited,Cristal Kanchanjanga Securites Pvt. Ltd.,200,240.0,48000.0,2025-08-18T12:31:28.72124
2025-08-18,46273,2025081804005176,LEC,Midas Stock Broking Company Private Limited,Sumeru Securities Pvt. Ltd.,100,240.0,24000.0,2025-08-18T12:31:28.721393
2025-08-18,46272,2025081804005177,LEC,Midas Stock Broking Company Private Limited,Citizens Share Broker Limited,100,240.0,24000.0,2025-08-18T12:31:28.721546
2025-08-18,46271,2025081804005178,LEC,Midas Stock Broking Company Private Limited,K.B.L. Securities Limited ,20,240.0,4800.0,2025-08-18T12:31:28.721686
2025-08-18,46100,2025081804005219,LEC,Opal Securities Investment (PVT) Ltd.,K.B.L. Securities Limited ,48,240.0,11520.0,2025-08-18T12:32:16.955255
2025-08-18,46090,2025081804005222,LEC,KALASH STOCK MARKET PVT. LTD.,K.B.L. Securities Limited ,82,240.0,19680.0,2025-08-18T12:32:19.345678
2025-08-18,46089,2025081804005223,LEC,KALASH STOCK MARKET PVT. LTD.,Aryatara Investment & Securities,272,240.0,65280.0,2025-08-18T12:32:19.346287
2025-08-18,46076,2025081804005228,LEC,Cristal Kanchanjanga Securites Pvt. Ltd.,Aryatara Investment & Securities,1000,240.0,240000.0,2025-08-18T12:32:22.459232
2025-08-18,46048,2025081804005232,LEC,Trishakti Securities Public Limited,Aryatara Investment & Securities,3000,240.0,720000.0,2025-08-18T12:32:29.057158
2025-08-18,45721,2025081804005313,LEC,NIMB Stock Markets Limited,Aryatara Investment & Securities,1000,240.0,240000.0,2025-08-18T12:34:10.631287
2025-08-18,45679,2025081804005323,LEC,Himalayan Brokerage Company Limited,Aryatara Investment & Securities,200,240.0,48000.0,2025-08-18T12:34:21.376776
2025-08-18,45586,2025081804005351,LEC,Sumeru Securities Pvt. Ltd.,Aryatara Investment & Securities,728,240.0,174720.0,2025-08-18T12:34:43.40128
2025-08-18,45585,2025081804005352,LEC,Sumeru Securities Pvt. Ltd.,Trishakti Securities Public Limited,200,240.0,48000.0,2025-08-18T12:34:43.401945
2025-08-18,45584,2025081804005353,LEC,Sumeru Securities Pvt. Ltd.,Malla & Malla Stock Broking Company Pvt. Limited,72,240.0,17280.0,2025-08-18T12:34:43.402403
2025-08-18,45506,2025081804005370,LEC,Naasa Securities Co. Ltd.,Malla & Malla Stock Broking Company Pvt. Limited,593,240.0,142320.0,2025-08-18T12:35:06.85194
2025-08-18,45505,2025081804005371,LEC,Naasa Securities Co. Ltd.,Sumeru Securities Pvt. Ltd.,407,240.0,97680.0,2025-08-18T12:35:06.852031
2025-08-18,45320,2025081804005406,LEC,Shree Krishna Securities Ltd.,Naasa Securities Co. Ltd.,20,239.6,4792.0,2025-08-18T12:35:53.203831
2025-08-18,44987,2025081804005496,LEC,Shree Krishna Securities Ltd.,Sani Securities Company Ltd.,610,239.6,146156.0,2025-08-18T12:37:32.676495
2025-08-18,44986,2025081804005497,LEC,Thrive Brokerage House Pvt. Ltd,Sani Securities Company Ltd.,100,239.6,23960.0,2025-08-18T12:37:32.676815
2025-08-18,44985,2025081804005498,LEC,Naasa Securities Co. Ltd.,Sani Securities Company Ltd.,290,239.6,69484.0,2025-08-18T12:37:32.676959
2025-08-18,44946,2025081804005508,LEC,Naasa Securities Co. Ltd.,Malla & Malla Stock Broking Company Pvt. Limited,60,239.9,14394.0,2025-08-18T12:37:43.158108
2025-08-18,44945,2025081804005509,LEC,Naasa Securities Co. Ltd.,Sumeru Securities Pvt. Ltd.,93,240.0,22320.0,2025-08-18T12:37:43.158219
2025-08-18,44944,2025081804005510,LEC,Naasa Securities Co. Ltd.,Thrive Brokerage House Pvt. Ltd,500,240.0,120000.0,2025-08-18T12:37:43.158288
2025-08-18,44943,2025081804005511,LEC,Naasa Securities Co. Ltd.,Aryatara Investment & Securities,340,240.0,81600.0,2025-08-18T12:37:43.15841
2025-08-18,44942,2025081804005512,LEC,Naasa Securities Co. Ltd.,Sani Securities Company Ltd.,100,240.0,24000.0,2025-08-18T12:37:43.158512
2025-08-18,44941,2025081804005513,LEC,Naasa Securities Co. Ltd.,J.F. Securites (PVT) Ltd.,500,240.0,120000.0,2025-08-18T12:37:43.158579
2025-08-18,44940,2025081804005514,LEC,Naasa Securities Co. Ltd.,Aryatara Investment & Securities,135,240.0,32400.0,2025-08-18T12:37:43.158635
