Date,S.N.,Contract ID,Symbol,Buyer Broker,Seller Broker,volume,rate,amount,transaction_time
2025-07-13,105105,2025071304000083,AKPL,Sri Hari Securities Pvt. Ltd.,Bhrikuti Stock Broking Co. Pvt. Ltd.,300,259.3,77790.0,2025-07-13T10:46:00.066786
2025-07-13,105104,2025071304000084,AKPL,Sri Hari Securities Pvt. Ltd.,Bhrikuti Stock Broking Co. Pvt. Ltd.,300,259.3,77790.0,2025-07-13T10:46:00.066814
2025-07-13,105103,2025071304000085,AKPL,Sri Hari Securities Pvt. Ltd.,N.M.B. SECURITIES LIMITED,100,259.3,25930.0,2025-07-13T10:46:00.066837
2025-07-13,105102,2025071304000086,AKPL,Sri Hari Securities Pvt. Ltd.,Bhrikuti Stock Broking Co. Pvt. Ltd.,400,259.3,103720.0,2025-07-13T10:46:00.066872
2025-07-13,105101,2025071304000087,AKPL,Sri Hari Securities Pvt. Ltd.,Sharepro Securities Private Limited,50,259.3,12965.0,2025-07-13T10:46:00.066903
2025-07-13,105100,2025071304000088,AKPL,Sri Hari Securities Pvt. Ltd.,Linch Stock Market Ltd.,50,259.3,12965.0,2025-07-13T10:46:00.06692
2025-07-13,105099,2025071304000089,AKPL,Sri Hari Securities Pvt. Ltd.,Sani Securities Company Ltd.,400,259.3,103720.0,2025-07-13T10:46:00.066937
2025-07-13,103809,2025071304000423,AKPL,Sani Securities Company Ltd.,Investment Management Nepal Pvt. Ltd.,500,262.0,131000.0,2025-07-13T11:01:10.217029
2025-07-13,103785,2025071304000425,AKPL,Sundhara Securities Limited,Investment Management Nepal Pvt. Ltd.,100,262.0,26200.0,2025-07-13T11:01:10.718691
2025-07-13,103505,2025071304000489,AKPL,Sundhara Securities Limited,Investment Management Nepal Pvt. Ltd.,50,262.0,13100.0,2025-07-13T11:01:24.820949
2025-07-13,103484,2025071304000500,AKPL,Naasa Securities Co. Ltd.,Investment Management Nepal Pvt. Ltd.,15,262.0,3930.0,2025-07-13T11:01:25.602083
2025-07-13,103482,2025071304000502,AKPL,Secured Securities Ltd.,Investment Management Nepal Pvt. Ltd.,335,262.0,87770.0,2025-07-13T11:01:25.812786
2025-07-13,103350,2025071304000516,AKPL,Secured Securities Ltd.,Investment Management Nepal Pvt. Ltd.,65,262.0,17030.0,2025-07-13T11:01:30.730928
2025-07-13,103349,2025071304000517,AKPL,Naasa Securities Co. Ltd.,Investment Management Nepal Pvt. Ltd.,400,261.0,104400.0,2025-07-13T11:01:30.731019
2025-07-13,103348,2025071304000518,AKPL,South Asian Bulls Pvt. Ltd.,Investment Management Nepal Pvt. Ltd.,535,261.0,139635.0,2025-07-13T11:01:30.731053
2025-07-13,103276,2025071304000535,AKPL,Deevyaa Securities & Stock House Pvt. Ltd,Sundhara Securities Limited,800,263.9,211120.0,2025-07-13T11:01:34.208299
2025-07-13,103261,2025071304000537,AKPL,Dakshinkali Investment & Securities Pvt. Ltd.,Sundhara Securities Limited,200,263.9,52780.0,2025-07-13T11:01:34.658455
2025-07-13,103131,2025071304000574,AKPL,ABC Securities Private Limited,Investment Management Nepal Pvt. Ltd.,200,264.0,52800.0,2025-07-13T11:01:41.375525
2025-07-13,103116,2025071304000578,AKPL,Dakshinkali Investment & Securities Pvt. Ltd.,Investment Management Nepal Pvt. Ltd.,300,263.9,79170.0,2025-07-13T11:01:41.870402
2025-07-13,103115,2025071304000579,AKPL,Sani Securities Company Ltd.,Investment Management Nepal Pvt. Ltd.,50,262.0,13100.0,2025-07-13T11:01:41.870539
2025-07-13,103114,2025071304000580,AKPL,Swarna Laxmi Securities Pvt. Ltd.,Investment Management Nepal Pvt. Ltd.,100,262.0,26200.0,2025-07-13T11:01:41.87063
2025-07-13,103063,2025071304000589,AKPL,Agrawal Securities (PVT) Ltd.,K.B.L. Securities Limited ,200,261.5,52300.0,2025-07-13T11:01:43.9582
2025-07-13,103062,2025071304000590,AKPL,South Asian Bulls Pvt. Ltd.,K.B.L. Securities Limited ,465,261.0,121365.0,2025-07-13T11:01:43.958361
2025-07-13,102706,2025071304000644,AKPL,Sani Securities Company Ltd.,K.B.L. Securities Limited ,500,261.0,130500.0,2025-07-13T11:01:58.257789
2025-07-13,102673,2025071304000650,AKPL,Naasa Securities Co. Ltd.,K.B.L. Securities Limited ,500,261.0,130500.0,2025-07-13T11:01:59.653795
2025-07-13,102556,2025071304000682,AKPL,Imperial Securities Company Pvt. Ltd.,K.B.L. Securities Limited ,1000,261.0,261000.0,2025-07-13T11:02:04.987016
2025-07-13,102524,2025071304000691,AKPL,Linch Stock Market Ltd.,K.B.L. Securities Limited ,300,261.0,78300.0,2025-07-13T11:02:05.941879
2025-07-13,102444,2025071304000718,AKPL,Naasa Securities Co. Ltd.,Investment Management Nepal Pvt. Ltd.,700,260.1,182070.0,2025-07-13T11:02:09.636793
2025-07-13,102443,2025071304000719,AKPL,Thrive Brokerage House Pvt. Ltd,Investment Management Nepal Pvt. Ltd.,300,260.0,78000.0,2025-07-13T11:02:09.636854
2025-07-13,102210,2025071304000768,AKPL,Siprabi Securities Pvt. Ltd.,K.B.L. Securities Limited ,100,261.0,26100.0,2025-07-13T11:02:19.34055
2025-07-13,102105,2025071304000795,AKPL,Kumari Securities Private Limited,K.B.L. Securities Limited ,200,261.0,52200.0,2025-07-13T11:02:25.185919
2025-07-13,101874,2025071304000857,AKPL,Thrive Brokerage House Pvt. Ltd,Aryatara Investment & Securities,400,260.0,104000.0,2025-07-13T11:02:34.726349
2025-07-13,101745,2025071304000898,AKPL,Sumeru Securities Pvt. Ltd.,K.B.L. Securities Limited ,300,261.0,78300.0,2025-07-13T11:02:39.520225
2025-07-13,101608,2025071304000937,AKPL,Sani Securities Company Ltd.,K.B.L. Securities Limited ,100,261.0,26100.0,2025-07-13T11:02:45.325598
2025-07-13,101386,2025071304001000,AKPL,Thrive Brokerage House Pvt. Ltd,Dipshikha Dhitopatra Karobar Co. Pvt Ltd.,200,260.0,52000.0,2025-07-13T11:02:53.182453
2025-07-13,101096,2025071304001065,AKPL,Global IME Securities Limited,K.B.L. Securities Limited ,300,261.0,78300.0,2025-07-13T11:03:02.611279
2025-07-13,100938,2025071304001113,AKPL,Global IME Securities Limited,K.B.L. Securities Limited ,300,261.0,78300.0,2025-07-13T11:03:07.62908
2025-07-13,100901,2025071304001121,AKPL,Premier Securities Company Ltd.,K.B.L. Securities Limited ,60,261.0,15660.0,2025-07-13T11:03:09.607343
2025-07-13,100800,2025071304001144,AKPL,Opal Securities Investment (PVT) Ltd.,K.B.L. Securities Limited ,19,261.0,4959.0,2025-07-13T11:03:13.977596
2025-07-13,100717,2025071304001177,AKPL,Global IME Securities Limited,K.B.L. Securities Limited ,300,261.0,78300.0,2025-07-13T11:03:16.703719
2025-07-13,100459,2025071304001253,AKPL,Thrive Brokerage House Pvt. Ltd,South Asian Bulls Pvt. Ltd.,500,260.0,130000.0,2025-07-13T11:03:24.672426
2025-07-13,100314,2025071304001284,AKPL,Thrive Brokerage House Pvt. Ltd,Indira securities pvt. ltd,20,260.0,5200.0,2025-07-13T11:03:29.392487
2025-07-13,100246,2025071304001291,AKPL,Thrive Brokerage House Pvt. Ltd,Sharepro Securities Private Limited,100,260.0,26000.0,2025-07-13T11:03:31.570106
2025-07-13,100245,2025071304001292,AKPL,Agrawal Securities (PVT) Ltd.,Sharepro Securities Private Limited,40,260.0,10400.0,2025-07-13T11:03:31.570179
2025-07-13,100244,2025071304001293,AKPL,Nepal Stock House (PVT) Ltd.,Sharepro Securities Private Limited,100,260.0,26000.0,2025-07-13T11:03:31.570214
2025-07-13,100243,2025071304001294,AKPL,KALASH STOCK MARKET PVT. LTD.,Sharepro Securities Private Limited,210,260.0,54600.0,2025-07-13T11:03:31.570248
2025-07-13,100218,2025071304001303,AKPL,KALASH STOCK MARKET PVT. LTD.,Miyo Securities Pvt Ltd,790,260.0,205400.0,2025-07-13T11:03:32.351532
2025-07-13,100217,2025071304001304,AKPL,Linch Stock Market Ltd.,Miyo Securities Pvt Ltd,1000,260.0,260000.0,2025-07-13T11:03:32.351624
2025-07-13,100216,2025071304001305,AKPL,Imperial Securities Company Pvt. Ltd.,Miyo Securities Pvt Ltd,970,260.0,252200.0,2025-07-13T11:03:32.351657
2025-07-13,100192,2025071304001313,AKPL,Vision Securities Pvt. Ltd,K.B.L. Securities Limited ,50,261.0,13050.0,2025-07-13T11:03:34.350794
2025-07-13,100143,2025071304001323,AKPL,Imperial Securities Company Pvt. Ltd.,Sumeru Securities Pvt. Ltd.,530,260.0,137800.0,2025-07-13T11:03:36.11152
2025-07-13,100133,2025071304001326,AKPL,Sani Securities Company Ltd.,Sumeru Securities Pvt. Ltd.,470,260.0,122200.0,2025-07-13T11:03:36.871798
2025-07-13,100132,2025071304001327,AKPL,Sani Securities Company Ltd.,Vision Securities Pvt. Ltd,30,260.9,7827.0,2025-07-13T11:03:36.871867
2025-07-13,99689,2025071304001427,AKPL,N.M.B. SECURITIES LIMITED,Kohinoor Investment & Securities Pvt. Ltd.,360,259.5,93420.0,2025-07-13T11:03:51.656261
2025-07-13,99625,2025071304001437,AKPL,Premier Securities Company Ltd.,Agrawal Securities (PVT) Ltd.,80,260.0,20800.0,2025-07-13T11:03:54.298815
2025-07-13,99624,2025071304001438,AKPL,Sani Securities Company Ltd.,Agrawal Securities (PVT) Ltd.,420,260.0,109200.0,2025-07-13T11:03:54.320477
2025-07-13,99623,2025071304001439,AKPL,Sani Securities Company Ltd.,Miyo Securities Pvt Ltd,580,260.0,150800.0,2025-07-13T11:03:54.320543
2025-07-13,99531,2025071304001449,AKPL,N.M.B. SECURITIES LIMITED,Vision Securities Pvt. Ltd,140,259.5,36330.0,2025-07-13T11:03:57.688442
2025-07-13,99530,2025071304001450,AKPL,Vision Securities Pvt. Ltd,Vision Securities Pvt. Ltd,50,259.3,12965.0,2025-07-13T11:03:57.688529
2025-07-13,99529,2025071304001451,AKPL,Siprabi Securities Pvt. Ltd.,Vision Securities Pvt. Ltd,100,259.3,25930.0,2025-07-13T11:03:57.688566
2025-07-13,99528,2025071304001452,AKPL,Trishakti Securities Public Limited,Vision Securities Pvt. Ltd,210,259.3,54453.0,2025-07-13T11:03:57.688595
2025-07-13,99444,2025071304001465,AKPL,Trishakti Securities Public Limited,K.B.L. Securities Limited ,290,259.3,75197.0,2025-07-13T11:04:00.611579
2025-07-13,99443,2025071304001466,AKPL,Siprabi Securities Pvt. Ltd.,K.B.L. Securities Limited ,16,259.3,4148.8,2025-07-13T11:04:00.611649
2025-07-13,99180,2025071304001514,AKPL,Siprabi Securities Pvt. Ltd.,Naasa Securities Co. Ltd.,84,259.3,21781.2,2025-07-13T11:04:11.941291
2025-07-13,99179,2025071304001515,AKPL,Kumari Securities Private Limited,Naasa Securities Co. Ltd.,166,259.3,43043.8,2025-07-13T11:04:11.941368
2025-07-13,99099,2025071304001525,AKPL,Kumari Securities Private Limited,Kumari Securities Private Limited,834,259.3,216256.2,2025-07-13T11:04:16.032864
2025-07-13,98668,2025071304001638,AKPL,Kohinoor Investment & Securities Pvt. Ltd.,Kumari Securities Private Limited,10,259.3,2593.0,2025-07-13T11:04:38.044512
2025-07-13,98606,2025071304001648,AKPL,Bhrikuti Stock Broking Co. Pvt. Ltd.,Kumari Securities Private Limited,1000,259.3,259300.0,2025-07-13T11:04:41.048447
2025-07-13,98454,2025071304001659,AKPL,Aryatara Investment & Securities,Kumari Securities Private Limited,156,259.3,40450.8,2025-07-13T11:04:47.598746
2025-07-13,98453,2025071304001660,AKPL,Aryatara Investment & Securities,Vision Securities Pvt. Ltd,104,259.3,26967.2,2025-07-13T11:04:47.598833
2025-07-13,98372,2025071304001681,AKPL,Sagarmatha Securities Private Limited,Indira securities pvt. ltd,90,258.0,23220.0,2025-07-13T11:04:50.669491
2025-07-13,98045,2025071304001755,AKPL,Oxford Securities Pvt. Ltd.,Vision Securities Pvt. Ltd,70,259.3,18151.0,2025-07-13T11:05:06.625213
2025-07-13,98006,2025071304001764,AKPL,Sani Securities Company Ltd.,Sumeru Securities Pvt. Ltd.,19,259.0,4921.0,2025-07-13T11:05:08.021049
2025-07-13,98005,2025071304001765,AKPL,Sagarmatha Securities Private Limited,Sumeru Securities Pvt. Ltd.,410,258.0,105780.0,2025-07-13T11:05:08.021159
2025-07-13,98004,2025071304001766,AKPL,Thrive Brokerage House Pvt. Ltd,Sumeru Securities Pvt. Ltd.,71,258.0,18318.0,2025-07-13T11:05:08.021197
2025-07-13,97484,2025071304001859,AKPL,Aryatara Investment & Securities,Vision Securities Pvt. Ltd,26,259.3,6741.8,2025-07-13T11:05:35.952452
2025-07-13,97483,2025071304001860,AKPL,Aryatara Investment & Securities,Aakashbhairab Securities Ltd.,274,259.3,71048.2,2025-07-13T11:05:35.952606
2025-07-13,97280,2025071304001901,AKPL,ABC Securities Private Limited,Aakashbhairab Securities Ltd.,76,259.3,19706.8,2025-07-13T11:05:48.860405
2025-07-13,97279,2025071304001902,AKPL,ABC Securities Private Limited,Sri Hari Securities Pvt. Ltd.,24,259.3,6223.2,2025-07-13T11:05:48.860565
2025-07-13,96972,2025071304001970,AKPL,Naasa Securities Co. Ltd.,Sri Hari Securities Pvt. Ltd.,20,259.3,5186.0,2025-07-13T11:06:06.593623
2025-07-13,96686,2025071304002018,AKPL,Pragyan Securities (PVT) Ltd.,Sri Hari Securities Pvt. Ltd.,100,259.0,25900.0,2025-07-13T11:06:21.229143
2025-07-13,96685,2025071304002019,AKPL,Pragyan Securities (PVT) Ltd.,Sri Hari Securities Pvt. Ltd.,56,259.3,14520.8,2025-07-13T11:06:21.229218
2025-07-13,96619,2025071304002028,AKPL,Pragyan Securities (PVT) Ltd.,Miyo Securities Pvt Ltd,344,259.3,89199.2,2025-07-13T11:06:25.122509
2025-07-13,95888,2025071304002149,AKPL,Kumari Securities Private Limited,Miyo Securities Pvt Ltd,50,259.0,12950.0,2025-07-13T11:07:14.814212
2025-07-13,95687,2025071304002189,AKPL,Aryatara Investment & Securities,Miyo Securities Pvt Ltd,100,259.0,25900.0,2025-07-13T11:07:30.280975
2025-07-13,95512,2025071304002225,AKPL,Nepal Investment And Securities Trading Private Limited,Aryatara Investment & Securities,500,259.0,129500.0,2025-07-13T11:07:40.436251
2025-07-13,95476,2025071304002231,AKPL,J.F. Securites (PVT) Ltd.,Aryatara Investment & Securities,33,259.0,8547.0,2025-07-13T11:07:43.339127
2025-07-13,95475,2025071304002232,AKPL,J.F. Securites (PVT) Ltd.,Miyo Securities Pvt Ltd,367,259.0,95053.0,2025-07-13T11:07:43.339199
2025-07-13,95223,2025071304002256,AKPL,Agrawal Securities (PVT) Ltd.,Miyo Securities Pvt Ltd,133,259.0,34447.0,2025-07-13T11:08:00.248839
2025-07-13,95222,2025071304002257,AKPL,Agrawal Securities (PVT) Ltd.,Naasa Securities Co. Ltd.,67,259.0,17353.0,2025-07-13T11:08:00.248936
2025-07-13,95115,2025071304002276,AKPL,Kohinoor Investment & Securities Pvt. Ltd.,Naasa Securities Co. Ltd.,33,259.0,8547.0,2025-07-13T11:08:08.896839
2025-07-13,95114,2025071304002277,AKPL,Kohinoor Investment & Securities Pvt. Ltd.,Opal Securities Investment (PVT) Ltd.,167,259.0,43253.0,2025-07-13T11:08:08.896994
2025-07-13,95003,2025071304002322,AKPL,Aakashbhairab Securities Ltd.,South Asian Bulls Pvt. Ltd.,300,258.6,77580.0,2025-07-13T11:08:19.394021
2025-07-13,95002,2025071304002323,AKPL,Opal Securities Investment (PVT) Ltd.,South Asian Bulls Pvt. Ltd.,50,258.5,12925.0,2025-07-13T11:08:19.394142
2025-07-13,95001,2025071304002324,AKPL,Thrive Brokerage House Pvt. Ltd,South Asian Bulls Pvt. Ltd.,429,258.0,110682.0,2025-07-13T11:08:19.394182
2025-07-13,95000,2025071304002325,AKPL,Asian Securities Private Ltd.,South Asian Bulls Pvt. Ltd.,200,257.0,51400.0,2025-07-13T11:08:19.394221
2025-07-13,94999,2025071304002326,AKPL,South Asian Bulls Pvt. Ltd.,South Asian Bulls Pvt. Ltd.,300,257.0,77100.0,2025-07-13T11:08:19.394257
2025-07-13,94998,2025071304002327,AKPL,Agrawal Securities (PVT) Ltd.,South Asian Bulls Pvt. Ltd.,250,257.0,64250.0,2025-07-13T11:08:19.394339
2025-07-13,94997,2025071304002328,AKPL,Sani Securities Company Ltd.,South Asian Bulls Pvt. Ltd.,2471,256.9,634799.9,2025-07-13T11:08:19.394369
2025-07-13,94927,2025071304002341,AKPL,Sani Securities Company Ltd.,ABC Securities Private Limited,57,256.9,14643.3,2025-07-13T11:08:25.220125
2025-07-13,94896,2025071304002345,AKPL,South Asian Bulls Pvt. Ltd.,Opal Securities Investment (PVT) Ltd.,1333,259.0,345247.0,2025-07-13T11:08:27.681645
2025-07-13,94395,2025071304002475,AKPL,Imperial Securities Company Pvt. Ltd.,Opal Securities Investment (PVT) Ltd.,1000,259.0,259000.0,2025-07-13T11:09:08.452725
2025-07-13,94108,2025071304002512,AKPL,Deevyaa Securities & Stock House Pvt. Ltd,Opal Securities Investment (PVT) Ltd.,100,259.0,25900.0,2025-07-13T11:09:25.526957
2025-07-13,93908,2025071304002540,AKPL,Kohinoor Investment & Securities Pvt. Ltd.,Opal Securities Investment (PVT) Ltd.,386,259.0,99974.0,2025-07-13T11:09:42.566431
2025-07-13,93651,2025071304002590,AKPL,Imperial Securities Company Pvt. Ltd.,Sumeru Securities Pvt. Ltd.,100,258.9,25890.0,2025-07-13T11:10:08.498951
2025-07-13,93650,2025071304002591,AKPL,Imperial Securities Company Pvt. Ltd.,Opal Securities Investment (PVT) Ltd.,14,259.0,3626.0,2025-07-13T11:10:08.499058
2025-07-13,93649,2025071304002592,AKPL,Imperial Securities Company Pvt. Ltd.,BHOLE GANESH SECURITIES LTD,500,259.0,129500.0,2025-07-13T11:10:08.499104
2025-07-13,93648,2025071304002593,AKPL,Imperial Securities Company Pvt. Ltd.,Miyo Securities Pvt Ltd,386,259.0,99974.0,2025-07-13T11:10:08.499153
2025-07-13,93271,2025071304002664,AKPL,Vision Securities Pvt. Ltd,Miyo Securities Pvt Ltd,114,259.0,29526.0,2025-07-13T11:10:45.663352
2025-07-13,93270,2025071304002665,AKPL,Vision Securities Pvt. Ltd,Opal Securities Investment (PVT) Ltd.,1386,259.0,358974.0,2025-07-13T11:10:45.663494
2025-07-13,92842,2025071304002756,AKPL,Sani Securities Company Ltd.,Opal Securities Investment (PVT) Ltd.,114,259.0,29526.0,2025-07-13T11:11:23.393253
2025-07-13,92841,2025071304002757,AKPL,Sani Securities Company Ltd.,Kumari Securities Private Limited,231,259.0,59829.0,2025-07-13T11:11:23.393387
2025-07-13,92820,2025071304002765,AKPL,Sani Securities Company Ltd.,Kumari Securities Private Limited,200,259.0,51800.0,2025-07-13T11:11:26.447558
2025-07-13,92384,2025071304002878,AKPL,Bhrikuti Stock Broking Co. Pvt. Ltd.,Trishakti Securities Public Limited,100,258.2,25820.0,2025-07-13T11:12:05.049595
2025-07-13,92383,2025071304002879,AKPL,Investment Management Nepal Pvt. Ltd.,Trishakti Securities Public Limited,1500,258.1,387150.0,2025-07-13T11:12:05.049753
2025-07-13,91966,2025071304002952,AKPL,South Asian Bulls Pvt. Ltd.,Vision Securities Pvt. Ltd,250,258.9,64725.0,2025-07-13T11:12:37.115639
2025-07-13,91940,2025071304002964,AKPL,Asian Securities Private Ltd.,Vision Securities Pvt. Ltd,200,258.9,51780.0,2025-07-13T11:12:39.132452
2025-07-13,91801,2025071304002989,AKPL,Investment Management Nepal Pvt. Ltd.,Sundhara Securities Limited,120,258.1,30972.0,2025-07-13T11:12:50.728955
2025-07-13,91695,2025071304003022,AKPL,Investment Management Nepal Pvt. Ltd.,Online Securities Pvt. Ltd.,380,258.1,98078.0,2025-07-13T11:13:00.531125
2025-07-13,90757,2025071304003263,AKPL,Aryatara Investment & Securities,BHOLE GANESH SECURITIES LTD,10,258.5,2585.0,2025-07-13T11:14:31.217366
2025-07-13,90499,2025071304003346,AKPL,Shree Krishna Securities Ltd.,Vision Securities Pvt. Ltd,550,258.9,142395.0,2025-07-13T11:14:57.998122
2025-07-13,90498,2025071304003347,AKPL,Shree Krishna Securities Ltd.,Naasa Securities Co. Ltd.,454,258.9,117540.6,2025-07-13T11:14:57.998305
2025-07-13,90497,2025071304003348,AKPL,Shree Krishna Securities Ltd.,Kumari Securities Private Limited,69,259.0,17871.0,2025-07-13T11:14:57.998456
2025-07-13,90496,2025071304003349,AKPL,Shree Krishna Securities Ltd.,Miyo Securities Pvt Ltd,500,259.0,129500.0,2025-07-13T11:14:57.998568
2025-07-13,90495,2025071304003350,AKPL,Shree Krishna Securities Ltd.,Neev Securities Pvt. Ltd.,1400,259.0,362600.0,2025-07-13T11:14:57.998679
2025-07-13,90494,2025071304003351,AKPL,Shree Krishna Securities Ltd.,Dipshikha Dhitopatra Karobar Co. Pvt Ltd.,27,259.0,6993.0,2025-07-13T11:14:57.998798
2025-07-13,90399,2025071304003369,AKPL,Shree Krishna Securities Ltd.,Dipshikha Dhitopatra Karobar Co. Pvt Ltd.,93,259.0,24087.0,2025-07-13T11:15:10.096665
2025-07-13,90012,2025071304003459,AKPL,Oxford Securities Pvt. Ltd.,J.F. Securites (PVT) Ltd.,150,259.8,38970.0,2025-07-13T11:15:49.352227
2025-07-13,89936,2025071304003474,AKPL,Bhrikuti Stock Broking Co. Pvt. Ltd.,J.F. Securites (PVT) Ltd.,15,259.8,3897.0,2025-07-13T11:15:58.417584
2025-07-13,89464,2025071304003573,AKPL,Imperial Securities Company Pvt. Ltd.,South Asian Bulls Pvt. Ltd.,500,259.2,129600.0,2025-07-13T11:16:43.085909
2025-07-13,89463,2025071304003574,AKPL,Primo Securities (PVT) Ltd.,South Asian Bulls Pvt. Ltd.,500,259.1,129550.0,2025-07-13T11:16:43.086148
2025-07-13,89446,2025071304003581,AKPL,Siprabi Securities Pvt. Ltd.,J.F. Securites (PVT) Ltd.,200,259.8,51960.0,2025-07-13T11:16:44.608337
2025-07-13,89407,2025071304003596,AKPL,Aryatara Investment & Securities,J.F. Securites (PVT) Ltd.,135,259.8,35073.0,2025-07-13T11:16:47.088699
2025-07-13,89295,2025071304003613,AKPL,Aryatara Investment & Securities,South Asian Bulls Pvt. Ltd.,615,259.8,159777.0,2025-07-13T11:16:56.208455
2025-07-13,89285,2025071304003617,AKPL,Sani Securities Company Ltd.,South Asian Bulls Pvt. Ltd.,27,259.7,7011.9,2025-07-13T11:16:57.764628
2025-07-13,89115,2025071304003652,AKPL,Agrawal Securities (PVT) Ltd.,South Asian Bulls Pvt. Ltd.,100,259.7,25970.0,2025-07-13T11:17:17.442928
2025-07-13,89063,2025071304003668,AKPL,Linch Stock Market Ltd.,South Asian Bulls Pvt. Ltd.,258,259.7,67002.6,2025-07-13T11:17:21.216115
2025-07-13,88803,2025071304003707,AKPL,Linch Stock Market Ltd.,Thrive Brokerage House Pvt. Ltd,242,259.7,62847.4,2025-07-13T11:17:46.770396
2025-07-13,88802,2025071304003708,AKPL,Siprabi Securities Pvt. Ltd.,Thrive Brokerage House Pvt. Ltd,48,259.7,12465.6,2025-07-13T11:17:46.770529
2025-07-13,88801,2025071304003709,AKPL,Primo Securities (PVT) Ltd.,Thrive Brokerage House Pvt. Ltd,500,259.1,129550.0,2025-07-13T11:17:46.770582
2025-07-13,88800,2025071304003710,AKPL,Primo Securities (PVT) Ltd.,Thrive Brokerage House Pvt. Ltd,1000,259.1,259100.0,2025-07-13T11:17:46.770637
2025-07-13,88799,2025071304003711,AKPL,Shree Krishna Securities Ltd.,Thrive Brokerage House Pvt. Ltd,210,259.0,54390.0,2025-07-13T11:17:46.770686
2025-07-13,88624,2025071304003746,AKPL,Shree Krishna Securities Ltd.,Thrive Brokerage House Pvt. Ltd,497,259.0,128723.0,2025-07-13T11:18:02.851596
2025-07-13,88623,2025071304003747,AKPL,Primo Securities (PVT) Ltd.,Thrive Brokerage House Pvt. Ltd,503,259.0,130277.0,2025-07-13T11:18:02.851831
2025-07-13,88525,2025071304003773,AKPL,Primo Securities (PVT) Ltd.,Oxford Securities Pvt. Ltd.,497,259.0,128723.0,2025-07-13T11:18:08.739321
2025-07-13,88524,2025071304003774,AKPL,MILKY WAY SHARE BROKER COMPANY LTD ,Oxford Securities Pvt. Ltd.,273,259.0,70707.0,2025-07-13T11:18:08.739443
2025-07-13,88087,2025071304003842,AKPL,MILKY WAY SHARE BROKER COMPANY LTD ,Imperial Securities Company Pvt. Ltd.,100,259.0,25900.0,2025-07-13T11:18:48.925334
2025-07-13,87972,2025071304003854,AKPL,MILKY WAY SHARE BROKER COMPANY LTD ,Thrive Brokerage House Pvt. Ltd,627,259.0,162393.0,2025-07-13T11:19:01.147771
2025-07-13,87971,2025071304003855,AKPL,Online Securities Pvt. Ltd.,Thrive Brokerage House Pvt. Ltd,373,259.0,96607.0,2025-07-13T11:19:01.147945
2025-07-13,87944,2025071304003857,AKPL,Online Securities Pvt. Ltd.,Shree Krishna Securities Ltd.,11,259.0,2849.0,2025-07-13T11:19:02.627405
2025-07-13,87768,2025071304003892,AKPL,Online Securities Pvt. Ltd.,Trishakti Securities Public Limited,10,259.0,2590.0,2025-07-13T11:19:20.603774
2025-07-13,87743,2025071304003896,AKPL,Nepal Investment And Securities Trading Private Limited,Miyo Securities Pvt Ltd,790,259.7,205163.0,2025-07-13T11:19:23.739552
2025-07-13,87725,2025071304003901,AKPL,Siprabi Securities Pvt. Ltd.,Miyo Securities Pvt Ltd,61,259.7,15841.7,2025-07-13T11:19:25.343687
2025-07-13,87095,2025071304003997,AKPL,Primo Securities (PVT) Ltd.,Imperial Securities Company Pvt. Ltd.,50,259.1,12955.0,2025-07-13T11:20:22.294348
2025-07-13,86624,2025071304004078,AKPL,Investment Management Nepal Pvt. Ltd.,Dipshikha Dhitopatra Karobar Co. Pvt Ltd.,20,259.2,5184.0,2025-07-13T11:20:58.786628
2025-07-13,86349,2025071304004136,AKPL,Secured Securities Ltd.,Miyo Securities Pvt Ltd,500,259.7,129850.0,2025-07-13T11:21:30.682955
2025-07-13,86132,2025071304004179,AKPL,Neev Securities Pvt. Ltd.,Vision Securities Pvt. Ltd,200,259.8,51960.0,2025-07-13T11:21:50.175598
2025-07-13,86055,2025071304004187,AKPL,Aryatara Investment & Securities,J.F. Securites (PVT) Ltd.,600,259.9,155940.0,2025-07-13T11:22:00.72047
2025-07-13,86054,2025071304004188,AKPL,Aryatara Investment & Securities,Opal Securities Investment (PVT) Ltd.,800,259.9,207920.0,2025-07-13T11:22:00.720608
2025-07-13,86003,2025071304004196,AKPL,Neev Securities Pvt. Ltd.,Secured Securities Ltd.,50,259.8,12990.0,2025-07-13T11:22:04.988591
2025-07-13,86002,2025071304004197,AKPL,Secured Securities Ltd.,Secured Securities Ltd.,400,259.7,103880.0,2025-07-13T11:22:04.988749
2025-07-13,85955,2025071304004212,AKPL,Deevyaa Securities & Stock House Pvt. Ltd,Secured Securities Ltd.,100,259.7,25970.0,2025-07-13T11:22:09.133849
2025-07-13,85939,2025071304004216,AKPL,Primo Securities (PVT) Ltd.,Secured Securities Ltd.,450,259.7,116865.0,2025-07-13T11:22:10.999557
2025-07-13,85938,2025071304004217,AKPL,Primo Securities (PVT) Ltd.,Opal Securities Investment (PVT) Ltd.,300,259.9,77970.0,2025-07-13T11:22:10.999863
2025-07-13,85924,2025071304004219,AKPL,Linch Stock Market Ltd.,Opal Securities Investment (PVT) Ltd.,900,259.9,233910.0,2025-07-13T11:22:13.601061
2025-07-13,85743,2025071304004257,AKPL,Naasa Securities Co. Ltd.,Miyo Securities Pvt Ltd,40,260.0,10400.0,2025-07-13T11:22:31.241413
2025-07-13,85476,2025071304004317,AKPL,Premier Securities Company Ltd.,Miyo Securities Pvt Ltd,380,260.0,98800.0,2025-07-13T11:22:58.337335
2025-07-13,85475,2025071304004318,AKPL,Premier Securities Company Ltd.,Naasa Securities Co. Ltd.,1000,260.0,260000.0,2025-07-13T11:22:58.337576
2025-07-13,85474,2025071304004319,AKPL,Premier Securities Company Ltd.,Arun Securities (PVT) Ltd.,75,260.0,19500.0,2025-07-13T11:22:58.337779
2025-07-13,85473,2025071304004320,AKPL,Premier Securities Company Ltd.,Linch Stock Market Ltd.,20,260.0,5200.0,2025-07-13T11:22:58.337964
2025-07-13,85472,2025071304004321,AKPL,Premier Securities Company Ltd.,Vision Securities Pvt. Ltd,25,260.0,6500.0,2025-07-13T11:22:58.338142
2025-07-13,85380,2025071304004349,AKPL,Thrive Brokerage House Pvt. Ltd,Vision Securities Pvt. Ltd,180,260.0,46800.0,2025-07-13T11:23:08.518765
2025-07-13,85379,2025071304004350,AKPL,Thrive Brokerage House Pvt. Ltd,Naasa Securities Co. Ltd.,320,260.0,83200.0,2025-07-13T11:23:08.519061
2025-07-13,85047,2025071304004405,AKPL,Linch Stock Market Ltd.,Naasa Securities Co. Ltd.,100,260.0,26000.0,2025-07-13T11:23:40.299614
2025-07-13,84988,2025071304004415,AKPL,South Asian Bulls Pvt. Ltd.,Naasa Securities Co. Ltd.,80,260.0,20800.0,2025-07-13T11:23:45.781883
2025-07-13,84987,2025071304004416,AKPL,South Asian Bulls Pvt. Ltd.,Nepal Investment And Securities Trading Private Limited,220,260.0,57200.0,2025-07-13T11:23:45.782149
2025-07-13,84914,2025071304004424,AKPL,Neev Securities Pvt. Ltd.,Nepal Investment And Securities Trading Private Limited,80,260.0,20800.0,2025-07-13T11:23:53.980196
2025-07-13,84913,2025071304004425,AKPL,Neev Securities Pvt. Ltd.,Naasa Securities Co. Ltd.,420,260.0,109200.0,2025-07-13T11:23:53.980354
2025-07-13,84877,2025071304004434,AKPL,Premier Securities Company Ltd.,Naasa Securities Co. Ltd.,630,260.0,163800.0,2025-07-13T11:23:56.880074
2025-07-13,84876,2025071304004435,AKPL,Premier Securities Company Ltd.,Opal Securities Investment (PVT) Ltd.,48,260.0,12480.0,2025-07-13T11:23:56.880227
2025-07-13,84875,2025071304004436,AKPL,Premier Securities Company Ltd.,Kumari Securities Private Limited,322,260.0,83720.0,2025-07-13T11:23:56.880284
2025-07-13,84843,2025071304004443,AKPL,South Asian Bulls Pvt. Ltd.,Trademow Securities Private Limited,500,259.9,129950.0,2025-07-13T11:24:00.244159
2025-07-13,84842,2025071304004444,AKPL,Investment Management Nepal Pvt. Ltd.,Trademow Securities Private Limited,480,259.2,124416.0,2025-07-13T11:24:00.244334
2025-07-13,84841,2025071304004445,AKPL,Linch Stock Market Ltd.,Trademow Securities Private Limited,1000,259.0,259000.0,2025-07-13T11:24:00.244409
2025-07-13,84840,2025071304004446,AKPL,Online Securities Pvt. Ltd.,Trademow Securities Private Limited,1000,259.0,259000.0,2025-07-13T11:24:00.244465
2025-07-13,84801,2025071304004477,AKPL,Sani Securities Company Ltd.,Trademow Securities Private Limited,195,259.0,50505.0,2025-07-13T11:24:01.952777
2025-07-13,84799,2025071304004479,AKPL,Asian Securities Private Ltd.,Trademow Securities Private Limited,500,259.0,129500.0,2025-07-13T11:24:01.975629
2025-07-13,84529,2025071304004538,AKPL,South Asian Bulls Pvt. Ltd.,Trademow Securities Private Limited,15,259.0,3885.0,2025-07-13T11:24:27.277333
2025-07-13,84197,2025071304004616,AKPL,Siprabi Securities Pvt. Ltd.,NIMB Stock Markets Limited,200,258.9,51780.0,2025-07-13T11:24:57.570516
2025-07-13,84196,2025071304004617,AKPL,Aryatara Investment & Securities,NIMB Stock Markets Limited,500,258.1,129050.0,2025-07-13T11:24:57.570659
2025-07-13,84195,2025071304004618,AKPL,Oxford Securities Pvt. Ltd.,NIMB Stock Markets Limited,100,258.0,25800.0,2025-07-13T11:24:57.57072
2025-07-13,84194,2025071304004619,AKPL,Shree Krishna Securities Ltd.,NIMB Stock Markets Limited,200,258.0,51600.0,2025-07-13T11:24:57.570776
2025-07-13,83612,2025071304004780,AKPL,Shree Krishna Securities Ltd.,Nagarik Stock Dealer ,1000,258.0,258000.0,2025-07-13T11:25:49.877262
2025-07-13,83090,2025071304004903,AKPL,Shree Krishna Securities Ltd.,Miyo Securities Pvt Ltd,300,258.0,77400.0,2025-07-13T11:26:42.466788
2025-07-13,83089,2025071304004904,AKPL,Sri Hari Securities Pvt. Ltd.,Miyo Securities Pvt Ltd,15,258.0,3870.0,2025-07-13T11:26:42.467072
2025-07-13,83088,2025071304004905,AKPL,Deevyaa Securities & Stock House Pvt. Ltd,Miyo Securities Pvt Ltd,100,258.0,25800.0,2025-07-13T11:26:42.467238
2025-07-13,83087,2025071304004906,AKPL,SUN SECURITIES PVT LTD,Miyo Securities Pvt Ltd,50,258.0,12900.0,2025-07-13T11:26:42.467423
2025-07-13,83086,2025071304004907,AKPL,Asian Securities Private Ltd.,Miyo Securities Pvt Ltd,300,258.0,77400.0,2025-07-13T11:26:42.467581
2025-07-13,82922,2025071304004946,AKPL,Trishakti Securities Public Limited,Imperial Securities Company Pvt. Ltd.,18,258.0,4644.0,2025-07-13T11:26:56.471629
2025-07-13,82316,2025071304005078,AKPL,Kalika Securities Pvt. Ltd.,Linch Stock Market Ltd.,20,257.0,5140.0,2025-07-13T11:27:46.122235
2025-07-13,82315,2025071304005079,AKPL,Agrawal Securities (PVT) Ltd.,Linch Stock Market Ltd.,200,257.0,51400.0,2025-07-13T11:27:46.122454
2025-07-13,82314,2025071304005080,AKPL,Dipshikha Dhitopatra Karobar Co. Pvt Ltd.,Linch Stock Market Ltd.,280,257.0,71960.0,2025-07-13T11:27:46.122511
2025-07-13,81577,2025071304005213,AKPL,ABC Securities Private Limited,Imperial Securities Company Pvt. Ltd.,110,258.9,28479.0,2025-07-13T11:28:51.869552
2025-07-13,81491,2025071304005223,AKPL,Naasa Securities Co. Ltd.,Malla & Malla Stock Broking Company Pvt. Limited,500,257.1,128550.0,2025-07-13T11:28:59.990639
2025-07-13,81439,2025071304005233,AKPL,Dipshikha Dhitopatra Karobar Co. Pvt Ltd.,Naasa Securities Co. Ltd.,220,257.0,56540.0,2025-07-13T11:29:05.564786
2025-07-13,81438,2025071304005234,AKPL,Kohinoor Investment & Securities Pvt. Ltd.,Naasa Securities Co. Ltd.,65,257.0,16705.0,2025-07-13T11:29:05.564952
2025-07-13,81402,2025071304005245,AKPL,Secured Securities Ltd.,Naasa Securities Co. Ltd.,10,257.0,2570.0,2025-07-13T11:29:09.758386
2025-07-13,80202,2025071304005497,AKPL,Trishakti Securities Public Limited,Naasa Securities Co. Ltd.,50,257.0,12850.0,2025-07-13T11:31:15.927367
2025-07-13,79997,2025071304005539,AKPL,Naasa Securities Co. Ltd.,Naasa Securities Co. Ltd.,85,257.0,21845.0,2025-07-13T11:31:35.519274
2025-07-13,79931,2025071304005546,AKPL,Nepal Investment And Securities Trading Private Limited,Naasa Securities Co. Ltd.,14,257.0,3598.0,2025-07-13T11:31:42.885541
2025-07-13,79772,2025071304005581,AKPL,Asian Securities Private Ltd.,Naasa Securities Co. Ltd.,56,257.0,14392.0,2025-07-13T11:32:01.55079
2025-07-13,79771,2025071304005582,AKPL,Asian Securities Private Ltd.,Sani Securities Company Ltd.,20,257.0,5140.0,2025-07-13T11:32:01.550965
2025-07-13,79770,2025071304005583,AKPL,Asian Securities Private Ltd.,Naasa Securities Co. Ltd.,124,257.0,31868.0,2025-07-13T11:32:01.55104
2025-07-13,79768,2025071304005585,AKPL,Sani Securities Company Ltd.,Imperial Securities Company Pvt. Ltd.,300,256.9,77070.0,2025-07-13T11:32:01.746839
2025-07-13,79163,2025071304005717,AKPL,Sani Securities Company Ltd.,Secured Securities Ltd.,10,256.9,2569.0,2025-07-13T11:33:11.727028
2025-07-13,78573,2025071304005885,AKPL,Sani Securities Company Ltd.,Aryatara Investment & Securities,162,256.9,41617.8,2025-07-13T11:34:06.602304
2025-07-13,78572,2025071304005886,AKPL,Opal Securities Investment (PVT) Ltd.,Aryatara Investment & Securities,88,256.9,22607.2,2025-07-13T11:34:06.602709
2025-07-13,78314,2025071304005943,AKPL,Opal Securities Investment (PVT) Ltd.,Naasa Securities Co. Ltd.,112,256.9,28772.8,2025-07-13T11:34:30.651612
2025-07-13,78313,2025071304005944,AKPL,Kohinoor Investment & Securities Pvt. Ltd.,Naasa Securities Co. Ltd.,429,256.9,110210.1,2025-07-13T11:34:30.651801
2025-07-13,77651,2025071304006098,AKPL,Secured Securities Ltd.,Naasa Securities Co. Ltd.,335,256.9,86061.5,2025-07-13T11:35:37.207472
2025-07-13,77650,2025071304006099,AKPL,Secured Securities Ltd.,Online Securities Pvt. Ltd.,165,256.9,42388.5,2025-07-13T11:35:37.20764
2025-07-13,77515,2025071304006148,AKPL,South Asian Bulls Pvt. Ltd.,Online Securities Pvt. Ltd.,85,256.9,21836.5,2025-07-13T11:35:47.541649
2025-07-13,77514,2025071304006149,AKPL,South Asian Bulls Pvt. Ltd.,Miyo Securities Pvt Ltd,315,256.9,80923.5,2025-07-13T11:35:47.541802
2025-07-13,77418,2025071304006175,AKPL,Nagarik Stock Dealer ,Miyo Securities Pvt Ltd,10,256.9,2569.0,2025-07-13T11:35:58.178001
2025-07-13,77013,2025071304006225,AKPL,Sundhara Securities Limited,Miyo Securities Pvt Ltd,675,256.9,173407.5,2025-07-13T11:36:43.721361
2025-07-13,77012,2025071304006226,AKPL,Sundhara Securities Limited,Miyo Securities Pvt Ltd,325,256.9,83492.5,2025-07-13T11:36:43.721539
2025-07-13,76861,2025071304006262,AKPL,Sani Securities Company Ltd.,Miyo Securities Pvt Ltd,175,256.9,44957.5,2025-07-13T11:37:02.222584
2025-07-13,76838,2025071304006264,AKPL,Sundhara Securities Limited,Sanima Securities Limited,1000,257.0,257000.0,2025-07-13T11:37:03.854955
2025-07-13,76297,2025071304006409,AKPL,Himalayan Brokerage Company Limited,Kumari Securities Private Limited,178,257.0,45746.0,2025-07-13T11:38:09.722763
2025-07-13,76296,2025071304006410,AKPL,Himalayan Brokerage Company Limited,Miyo Securities Pvt Ltd,500,257.0,128500.0,2025-07-13T11:38:09.722915
2025-07-13,76295,2025071304006411,AKPL,Himalayan Brokerage Company Limited,Miyo Securities Pvt Ltd,500,257.0,128500.0,2025-07-13T11:38:09.722985
2025-07-13,76226,2025071304006420,AKPL,Himalayan Brokerage Company Limited,Cristal Kanchanjanga Securites Pvt. Ltd.,253,257.0,65021.0,2025-07-13T11:38:21.063506
2025-07-13,76209,2025071304006425,AKPL,Premier Securities Company Ltd.,Online Securities Pvt. Ltd.,100,258.0,25800.0,2025-07-13T11:38:22.181656
2025-07-13,76208,2025071304006426,AKPL,Premier Securities Company Ltd.,Neev Securities Pvt. Ltd.,300,258.0,77400.0,2025-07-13T11:38:22.181861
2025-07-13,76188,2025071304006428,AKPL,Vision Securities Pvt. Ltd,Neev Securities Pvt. Ltd.,300,258.0,77400.0,2025-07-13T11:38:24.146721
2025-07-13,75795,2025071304006517,AKPL,Aryatara Investment & Securities,Neev Securities Pvt. Ltd.,400,258.0,103200.0,2025-07-13T11:39:16.971261
2025-07-13,75794,2025071304006518,AKPL,Aryatara Investment & Securities,Miyo Securities Pvt Ltd,500,258.0,129000.0,2025-07-13T11:39:16.971643
2025-07-13,75367,2025071304006611,AKPL,Aryatara Investment & Securities,SUN SECURITIES PVT LTD,100,258.0,25800.0,2025-07-13T11:40:04.556885
2025-07-13,74530,2025071304006775,AKPL,Naasa Securities Co. Ltd.,SUN SECURITIES PVT LTD,100,258.0,25800.0,2025-07-13T11:41:56.948588
2025-07-13,74529,2025071304006776,AKPL,Naasa Securities Co. Ltd.,MILKY WAY SHARE BROKER COMPANY LTD ,400,258.0,103200.0,2025-07-13T11:41:56.948749
2025-07-13,74404,2025071304006820,AKPL,Primo Securities (PVT) Ltd.,Trishakti Securities Public Limited,10,257.9,2579.0,2025-07-13T11:42:10.894493
2025-07-13,74403,2025071304006821,AKPL,Primo Securities (PVT) Ltd.,Trishakti Securities Public Limited,10,257.8,2578.0,2025-07-13T11:42:10.894669
2025-07-13,74402,2025071304006822,AKPL,Primo Securities (PVT) Ltd.,Trishakti Securities Public Limited,10,257.6,2576.0,2025-07-13T11:42:10.89474
2025-07-13,74401,2025071304006823,AKPL,Investment Management Nepal Pvt. Ltd.,Trishakti Securities Public Limited,700,257.1,179970.0,2025-07-13T11:42:10.894807
2025-07-13,74400,2025071304006824,AKPL,Neev Securities Pvt. Ltd.,Trishakti Securities Public Limited,770,257.0,197890.0,2025-07-13T11:42:10.894875
2025-07-13,74295,2025071304006851,AKPL,Neev Securities Pvt. Ltd.,Trishakti Securities Public Limited,230,257.0,59110.0,2025-07-13T11:42:27.173385
2025-07-13,74294,2025071304006852,AKPL,South Asian Bulls Pvt. Ltd.,Trishakti Securities Public Limited,700,257.0,179900.0,2025-07-13T11:42:27.173571
2025-07-13,74293,2025071304006853,AKPL,Oxford Securities Pvt. Ltd.,Trishakti Securities Public Limited,70,257.0,17990.0,2025-07-13T11:42:27.17365
2025-07-13,73345,2025071304007036,AKPL,Oxford Securities Pvt. Ltd.,Agrawal Securities (PVT) Ltd.,30,257.0,7710.0,2025-07-13T11:44:37.654378
2025-07-13,73344,2025071304007037,AKPL,South Asian Bulls Pvt. Ltd.,Agrawal Securities (PVT) Ltd.,70,257.0,17990.0,2025-07-13T11:44:37.654583
2025-07-13,73343,2025071304007038,AKPL,Ashutosh Brokerage & Securities (PVT) Ltd.,Agrawal Securities (PVT) Ltd.,50,257.0,12850.0,2025-07-13T11:44:37.654655
2025-07-13,73342,2025071304007039,AKPL,Sani Securities Company Ltd.,Agrawal Securities (PVT) Ltd.,25,256.9,6422.5,2025-07-13T11:44:37.654724
2025-07-13,73341,2025071304007040,AKPL,Sipla Securities Private Limited,Agrawal Securities (PVT) Ltd.,350,256.5,89775.0,2025-07-13T11:44:37.65479
2025-07-13,73340,2025071304007041,AKPL,Investment Management Nepal Pvt. Ltd.,Agrawal Securities (PVT) Ltd.,500,256.2,128100.0,2025-07-13T11:44:37.654858
2025-07-13,73339,2025071304007042,AKPL,Investment Management Nepal Pvt. Ltd.,Agrawal Securities (PVT) Ltd.,60,256.1,15366.0,2025-07-13T11:44:37.654937
2025-07-13,72198,2025071304007290,AKPL,Ashutosh Brokerage & Securities (PVT) Ltd.,Miyo Securities Pvt Ltd,250,256.6,64150.0,2025-07-13T11:47:44.660464
2025-07-13,72197,2025071304007291,AKPL,Investment Management Nepal Pvt. Ltd.,Miyo Securities Pvt Ltd,740,256.6,189884.0,2025-07-13T11:47:44.660681
2025-07-13,72070,2025071304007336,AKPL,Deevyaa Securities & Stock House Pvt. Ltd,Oxford Securities Pvt. Ltd.,500,257.0,128500.0,2025-07-13T11:48:03.519562
2025-07-13,72015,2025071304007339,AKPL,Nepal Stock House (PVT) Ltd.,Malla & Malla Stock Broking Company Pvt. Limited,100,256.5,25650.0,2025-07-13T11:48:10.728674
2025-07-13,71953,2025071304007349,AKPL,Nepal Stock House (PVT) Ltd.,Aryatara Investment & Securities,1000,256.5,256500.0,2025-07-13T11:48:24.056973
2025-07-13,71780,2025071304007369,AKPL,Investment Management Nepal Pvt. Ltd.,Imperial Securities Company Pvt. Ltd.,63,256.6,16165.8,2025-07-13T11:48:47.319022
2025-07-13,71710,2025071304007384,AKPL,Investment Management Nepal Pvt. Ltd.,Trishakti Securities Public Limited,137,256.6,35154.2,2025-07-13T11:49:00.673028
2025-07-13,71709,2025071304007385,AKPL,Creative Securities Pvt Ltd,Trishakti Securities Public Limited,100,256.6,25660.0,2025-07-13T11:49:00.673234
2025-07-13,71708,2025071304007386,AKPL,Nepal Stock House (PVT) Ltd.,Trishakti Securities Public Limited,400,256.5,102600.0,2025-07-13T11:49:00.673305
2025-07-13,71707,2025071304007387,AKPL,Opal Securities Investment (PVT) Ltd.,Trishakti Securities Public Limited,2700,256.1,691470.0,2025-07-13T11:49:00.673386
2025-07-13,71706,2025071304007388,AKPL,Aryatara Investment & Securities,Trishakti Securities Public Limited,1000,256.0,256000.0,2025-07-13T11:49:00.673458
2025-07-13,71705,2025071304007389,AKPL,Sewa Securities Pvt. Ltd.,Trishakti Securities Public Limited,500,256.0,128000.0,2025-07-13T11:49:00.673527
2025-07-13,71704,2025071304007390,AKPL,Kumari Securities Private Limited,Trishakti Securities Public Limited,300,256.0,76800.0,2025-07-13T11:49:00.673596
2025-07-13,71703,2025071304007391,AKPL,Neev Securities Pvt. Ltd.,Trishakti Securities Public Limited,1000,256.0,256000.0,2025-07-13T11:49:00.673665
2025-07-13,71702,2025071304007392,AKPL,ABC Securities Private Limited,Trishakti Securities Public Limited,500,256.0,128000.0,2025-07-13T11:49:00.673734
2025-07-13,71701,2025071304007393,AKPL,Malla & Malla Stock Broking Company Pvt. Limited,Trishakti Securities Public Limited,10,256.0,2560.0,2025-07-13T11:49:00.673804
2025-07-13,71700,2025071304007394,AKPL,ABC Securities Private Limited,Trishakti Securities Public Limited,1500,256.0,384000.0,2025-07-13T11:49:00.673875
2025-07-13,71699,2025071304007395,AKPL,Sri Hari Securities Pvt. Ltd.,Trishakti Securities Public Limited,1500,256.0,384000.0,2025-07-13T11:49:00.673945
2025-07-13,71698,2025071304007396,AKPL,Sharepro Securities Private Limited,Trishakti Securities Public Limited,150,256.0,38400.0,2025-07-13T11:49:00.674018
2025-07-13,71558,2025071304007417,AKPL,Nepal Investment And Securities Trading Private Limited,Trishakti Securities Public Limited,200,256.0,51200.0,2025-07-13T11:49:26.695582
2025-07-13,71525,2025071304007423,AKPL,Online Securities Pvt. Ltd.,Trishakti Securities Public Limited,100,255.2,25520.0,2025-07-13T11:49:35.951533
2025-07-13,71524,2025071304007424,AKPL,Creative Securities Pvt Ltd,Trishakti Securities Public Limited,100,255.1,25510.0,2025-07-13T11:49:35.951926
2025-07-13,71523,2025071304007425,AKPL,Linch Stock Market Ltd.,Trishakti Securities Public Limited,1000,255.0,255000.0,2025-07-13T11:49:35.952154
2025-07-13,71522,2025071304007426,AKPL,Kumari Securities Private Limited,Trishakti Securities Public Limited,1000,255.0,255000.0,2025-07-13T11:49:35.952443
2025-07-13,71521,2025071304007427,AKPL,Imperial Securities Company Pvt. Ltd.,Trishakti Securities Public Limited,130,255.0,33150.0,2025-07-13T11:49:35.952634
2025-07-13,71520,2025071304007428,AKPL,Sumeru Securities Pvt. Ltd.,Trishakti Securities Public Limited,1800,255.0,459000.0,2025-07-13T11:49:35.952831
2025-07-13,71519,2025071304007429,AKPL,Malla & Malla Stock Broking Company Pvt. Limited,Trishakti Securities Public Limited,105,255.0,26775.0,2025-07-13T11:49:35.953046
2025-07-13,71518,2025071304007430,AKPL,Sani Securities Company Ltd.,Trishakti Securities Public Limited,100,255.0,25500.0,2025-07-13T11:49:35.95325
2025-07-13,71517,2025071304007431,AKPL,Dakshinkali Investment & Securities Pvt. Ltd.,Trishakti Securities Public Limited,200,255.0,51000.0,2025-07-13T11:49:35.953487
2025-07-13,71516,2025071304007432,AKPL,Sani Securities Company Ltd.,Trishakti Securities Public Limited,15,255.0,3825.0,2025-07-13T11:49:35.953678
2025-07-13,71515,2025071304007433,AKPL,Aryatara Investment & Securities,Trishakti Securities Public Limited,450,255.0,114750.0,2025-07-13T11:49:35.953868
2025-07-13,71149,2025071304007509,AKPL,Primo Securities (PVT) Ltd.,Vision Securities Pvt. Ltd,10,256.9,2569.0,2025-07-13T11:50:38.225631
2025-07-13,70824,2025071304007626,AKPL,Naasa Securities Co. Ltd.,Capital Max Securities Ltd,78,255.1,19897.8,2025-07-13T11:51:27.300501
2025-07-13,70823,2025071304007627,AKPL,Ashutosh Brokerage & Securities (PVT) Ltd.,Capital Max Securities Ltd,250,255.1,63775.0,2025-07-13T11:51:27.30067
2025-07-13,70822,2025071304007628,AKPL,Aryatara Investment & Securities,Capital Max Securities Ltd,50,255.0,12750.0,2025-07-13T11:51:27.300748
2025-07-13,70821,2025071304007629,AKPL,Dipshikha Dhitopatra Karobar Co. Pvt Ltd.,Capital Max Securities Ltd,90,255.0,22950.0,2025-07-13T11:51:27.300821
2025-07-13,70820,2025071304007630,AKPL,Kohinoor Investment & Securities Pvt. Ltd.,Capital Max Securities Ltd,100,255.0,25500.0,2025-07-13T11:51:27.300891
2025-07-13,70819,2025071304007631,AKPL,Thrive Brokerage House Pvt. Ltd,Capital Max Securities Ltd,432,255.0,110160.0,2025-07-13T11:51:27.300961
2025-07-13,70628,2025071304007667,AKPL,Midas Stock Broking Company Private Limited,Trishakti Securities Public Limited,207,255.1,52805.7,2025-07-13T11:52:03.078878
2025-07-13,70104,2025071304007779,AKPL,Himalayan Brokerage Company Limited,Miyo Securities Pvt Ltd,500,256.0,128000.0,2025-07-13T11:53:43.611501
2025-07-13,70103,2025071304007780,AKPL,Himalayan Brokerage Company Limited,Vision Securities Pvt. Ltd,90,256.9,23121.0,2025-07-13T11:53:43.611852
2025-07-13,70102,2025071304007781,AKPL,Himalayan Brokerage Company Limited,Oxford Securities Pvt. Ltd.,500,257.0,128500.0,2025-07-13T11:53:43.612079
2025-07-13,70101,2025071304007782,AKPL,Himalayan Brokerage Company Limited,Cristal Kanchanjanga Securites Pvt. Ltd.,500,257.0,128500.0,2025-07-13T11:53:43.612303
2025-07-13,70100,2025071304007783,AKPL,Himalayan Brokerage Company Limited,Miyo Securities Pvt Ltd,500,257.0,128500.0,2025-07-13T11:53:43.612547
2025-07-13,70099,2025071304007784,AKPL,Himalayan Brokerage Company Limited,Imperial Securities Company Pvt. Ltd.,10,257.0,2570.0,2025-07-13T11:53:43.612806
2025-07-13,69892,2025071304007820,AKPL,Sani Securities Company Ltd.,Imperial Securities Company Pvt. Ltd.,10,257.0,2570.0,2025-07-13T11:54:25.907076
2025-07-13,69510,2025071304007902,AKPL,Himalayan Brokerage Company Limited,Aryatara Investment & Securities,53,256.0,13568.0,2025-07-13T11:55:33.951209
2025-07-13,68657,2025071304008086,AKPL,Sani Securities Company Ltd.,Trishakti Securities Public Limited,500,255.3,127650.0,2025-07-13T11:57:52.104106
2025-07-13,68656,2025071304008087,AKPL,Midas Stock Broking Company Private Limited,Trishakti Securities Public Limited,293,255.1,74744.3,2025-07-13T11:57:52.10434
2025-07-13,68655,2025071304008088,AKPL,Cristal Kanchanjanga Securites Pvt. Ltd.,Trishakti Securities Public Limited,500,255.1,127550.0,2025-07-13T11:57:52.104416
2025-07-13,68654,2025071304008089,AKPL,Thrive Brokerage House Pvt. Ltd,Trishakti Securities Public Limited,568,255.0,144840.0,2025-07-13T11:57:52.104486
2025-07-13,68653,2025071304008090,AKPL,Nepal Investment And Securities Trading Private Limited,Trishakti Securities Public Limited,200,255.0,51000.0,2025-07-13T11:57:52.104565
2025-07-13,68652,2025071304008091,AKPL,Primo Securities (PVT) Ltd.,Trishakti Securities Public Limited,100,255.0,25500.0,2025-07-13T11:57:52.104663
2025-07-13,68651,2025071304008092,AKPL,Siprabi Securities Pvt. Ltd.,Trishakti Securities Public Limited,50,255.0,12750.0,2025-07-13T11:57:52.104835
2025-07-13,68596,2025071304008105,AKPL,Premier Securities Company Ltd.,Trishakti Securities Public Limited,1000,255.0,255000.0,2025-07-13T11:57:58.948141
2025-07-13,68338,2025071304008157,AKPL,Himalayan Brokerage Company Limited,Trishakti Securities Public Limited,330,255.0,84150.0,2025-07-13T11:58:42.667376
2025-07-13,68334,2025071304008160,AKPL,South Asian Bulls Pvt. Ltd.,Trishakti Securities Public Limited,1000,255.0,255000.0,2025-07-13T11:58:43.401375
2025-07-13,68263,2025071304008180,AKPL,Online Securities Pvt. Ltd.,Trishakti Securities Public Limited,199,255.0,50745.0,2025-07-13T11:58:56.541803
2025-07-13,68215,2025071304008199,AKPL,Midas Stock Broking Company Private Limited,Trishakti Securities Public Limited,1000,255.0,255000.0,2025-07-13T11:59:07.143328
2025-07-13,68105,2025071304008225,AKPL,Himalayan Brokerage Company Limited,Trishakti Securities Public Limited,50,255.0,12750.0,2025-07-13T11:59:27.803386
2025-07-13,68065,2025071304008252,AKPL,Oxford Securities Pvt. Ltd.,Trishakti Securities Public Limited,200,255.0,51000.0,2025-07-13T11:59:31.067457
2025-07-13,67900,2025071304008288,AKPL,Sani Securities Company Ltd.,Trishakti Securities Public Limited,40,255.0,10200.0,2025-07-13T11:59:51.616665
2025-07-13,67887,2025071304008300,AKPL,Kohinoor Investment & Securities Pvt. Ltd.,Trishakti Securities Public Limited,100,255.0,25500.0,2025-07-13T11:59:51.791385
2025-07-13,67863,2025071304008304,AKPL,Himalayan Brokerage Company Limited,Trishakti Securities Public Limited,40,255.0,10200.0,2025-07-13T11:59:58.890174
2025-07-13,67860,2025071304008305,AKPL,Secured Securities Ltd.,Trishakti Securities Public Limited,40,255.0,10200.0,2025-07-13T11:59:59.369252
2025-07-13,67857,2025071304008307,AKPL,Sani Securities Company Ltd.,Trishakti Securities Public Limited,3800,255.0,969000.0,2025-07-13T12:00:00.722592
2025-07-13,67566,2025071304008359,AKPL,Sani Securities Company Ltd.,Aryatara Investment & Securities,125,255.0,31875.0,2025-07-13T12:00:48.553414
2025-07-13,67397,2025071304008385,AKPL,Himalayan Brokerage Company Limited,Imperial Securities Company Pvt. Ltd.,40,257.0,10280.0,2025-07-13T12:01:14.151337
2025-07-13,66845,2025071304008484,AKPL,Trishakti Securities Public Limited,Sani Securities Company Ltd.,700,256.0,179200.0,2025-07-13T12:02:45.526953
2025-07-13,66803,2025071304008493,AKPL,Trishakti Securities Public Limited,Miyo Securities Pvt Ltd,300,256.0,76800.0,2025-07-13T12:02:54.459146
2025-07-13,66654,2025071304008517,AKPL,Bhrikuti Stock Broking Co. Pvt. Ltd.,Miyo Securities Pvt Ltd,30,256.0,7680.0,2025-07-13T12:03:12.233792
2025-07-13,66452,2025071304008535,AKPL,Online Securities Pvt. Ltd.,Miyo Securities Pvt Ltd,233,256.0,59648.0,2025-07-13T12:03:47.739783
2025-07-13,66391,2025071304008546,AKPL,Sani Securities Company Ltd.,Aryatara Investment & Securities,75,255.0,19125.0,2025-07-13T12:04:05.543729
2025-07-13,66390,2025071304008547,AKPL,Sri Hari Securities Pvt. Ltd.,Aryatara Investment & Securities,130,255.0,33150.0,2025-07-13T12:04:05.5441
2025-07-13,66234,2025071304008571,AKPL,Oxford Securities Pvt. Ltd.,Miyo Securities Pvt Ltd,100,256.0,25600.0,2025-07-13T12:04:47.123167
2025-07-13,65722,2025071304008697,AKPL,Pragyan Securities (PVT) Ltd.,Miyo Securities Pvt Ltd,49,256.0,12544.0,2025-07-13T12:06:14.037951
2025-07-13,65488,2025071304008732,AKPL,Kumari Securities Private Limited,Imperial Securities Company Pvt. Ltd.,16,255.5,4088.0,2025-07-13T12:07:02.817205
2025-07-13,65487,2025071304008733,AKPL,Oxford Securities Pvt. Ltd.,Miyo Securities Pvt Ltd,17,256.0,4352.0,2025-07-13T12:07:02.991372
2025-07-13,65398,2025071304008747,AKPL,Dipshikha Dhitopatra Karobar Co. Pvt Ltd.,Miyo Securities Pvt Ltd,271,256.0,69376.0,2025-07-13T12:07:25.003494
2025-07-13,65397,2025071304008748,AKPL,Dipshikha Dhitopatra Karobar Co. Pvt Ltd.,Miyo Securities Pvt Ltd,229,256.0,58624.0,2025-07-13T12:07:25.003725
2025-07-13,65215,2025071304008790,AKPL,Imperial Securities Company Pvt. Ltd.,Miyo Securities Pvt Ltd,271,256.0,69376.0,2025-07-13T12:07:53.74328
2025-07-13,65214,2025071304008791,AKPL,Imperial Securities Company Pvt. Ltd.,Miyo Securities Pvt Ltd,500,256.0,128000.0,2025-07-13T12:07:53.743689
2025-07-13,65107,2025071304008832,AKPL,Imperial Securities Company Pvt. Ltd.,Sani Securities Company Ltd.,100,256.0,25600.0,2025-07-13T12:08:14.31995
2025-07-13,64679,2025071304008889,AKPL,ABC Securities Private Limited,Hatemalo Financial Services Private Limited,107,256.8,27477.6,2025-07-13T12:09:17.275056
2025-07-13,64543,2025071304008908,AKPL,Imperial Securities Company Pvt. Ltd.,NIMB Stock Markets Limited,10,256.0,2560.0,2025-07-13T12:09:35.54218
2025-07-13,64306,2025071304008930,AKPL,Imperial Securities Company Pvt. Ltd.,Miyo Securities Pvt Ltd,119,256.0,30464.0,2025-07-13T12:10:21.866863
2025-07-13,64305,2025071304008931,AKPL,Midas Stock Broking Company Private Limited,Miyo Securities Pvt Ltd,500,256.0,128000.0,2025-07-13T12:10:21.867103
2025-07-13,64304,2025071304008932,AKPL,ABC Securities Private Limited,Miyo Securities Pvt Ltd,100,256.0,25600.0,2025-07-13T12:10:21.867182
2025-07-13,64303,2025071304008933,AKPL,Sani Securities Company Ltd.,Miyo Securities Pvt Ltd,30,256.0,7680.0,2025-07-13T12:10:21.86726
2025-07-13,63942,2025071304008999,AKPL,Sri Hari Securities Pvt. Ltd.,Miyo Securities Pvt Ltd,500,256.0,128000.0,2025-07-13T12:11:35.216324
2025-07-13,63575,2025071304009067,AKPL,Sani Securities Company Ltd.,Hatemalo Financial Services Private Limited,100,256.8,25680.0,2025-07-13T12:12:51.304962
2025-07-13,63402,2025071304009102,AKPL,Imperial Securities Company Pvt. Ltd.,Hatemalo Financial Services Private Limited,500,256.8,128400.0,2025-07-13T12:13:17.673604
2025-07-13,63085,2025071304009155,AKPL,Trishakti Securities Public Limited,Hatemalo Financial Services Private Limited,78,256.8,20030.4,2025-07-13T12:14:17.056791
2025-07-13,63084,2025071304009156,AKPL,Trishakti Securities Public Limited,Miyo Securities Pvt Ltd,22,256.8,5649.6,2025-07-13T12:14:17.05701
2025-07-13,62794,2025071304009192,AKPL,Shree Krishna Securities Ltd.,Miyo Securities Pvt Ltd,100,256.8,25680.0,2025-07-13T12:14:57.046556
2025-07-13,61839,2025071304009419,AKPL,Siprabi Securities Pvt. Ltd.,Imperial Securities Company Pvt. Ltd.,70,256.7,17969.0,2025-07-13T12:17:22.671281
2025-07-13,61518,2025071304009470,AKPL,Trishakti Securities Public Limited,Deevyaa Securities & Stock House Pvt. Ltd,75,256.1,19207.5,2025-07-13T12:18:34.114107
2025-07-13,61517,2025071304009471,AKPL,Sri Hari Securities Pvt. Ltd.,Deevyaa Securities & Stock House Pvt. Ltd,500,256.0,128000.0,2025-07-13T12:18:34.114361
2025-07-13,61516,2025071304009472,AKPL,Imperial Securities Company Pvt. Ltd.,Deevyaa Securities & Stock House Pvt. Ltd,500,256.0,128000.0,2025-07-13T12:18:34.114445
2025-07-13,61515,2025071304009473,AKPL,Imperial Securities Company Pvt. Ltd.,Deevyaa Securities & Stock House Pvt. Ltd,1500,256.0,384000.0,2025-07-13T12:18:34.114526
2025-07-13,61471,2025071304009479,AKPL,Vision Securities Pvt. Ltd,Deevyaa Securities & Stock House Pvt. Ltd,70,256.0,17920.0,2025-07-13T12:18:47.179262
2025-07-13,61360,2025071304009489,AKPL,Shree Krishna Securities Ltd.,Deevyaa Securities & Stock House Pvt. Ltd,200,256.0,51200.0,2025-07-13T12:19:03.506915
2025-07-13,61199,2025071304009502,AKPL,Premier Securities Company Ltd.,Sumeru Securities Pvt. Ltd.,195,255.8,49881.0,2025-07-13T12:19:28.293489
2025-07-13,61198,2025071304009503,AKPL,Roadshow securities limited,Sumeru Securities Pvt. Ltd.,300,255.6,76680.0,2025-07-13T12:19:28.293795
2025-07-13,61056,2025071304009524,AKPL,Sani Securities Company Ltd.,Deevyaa Securities & Stock House Pvt. Ltd,113,256.0,28928.0,2025-07-13T12:19:50.077283
2025-07-13,61035,2025071304009530,AKPL,Malla & Malla Stock Broking Company Pvt. Limited,Cristal Kanchanjanga Securites Pvt. Ltd.,100,256.6,25660.0,2025-07-13T12:19:54.795453
2025-07-13,61034,2025071304009531,AKPL,Malla & Malla Stock Broking Company Pvt. Limited,Imperial Securities Company Pvt. Ltd.,155,256.7,39788.5,2025-07-13T12:19:54.795736
2025-07-13,59820,2025071304009778,AKPL,Online Securities Pvt. Ltd.,Imperial Securities Company Pvt. Ltd.,775,256.7,198942.5,2025-07-13T12:23:03.858902
2025-07-13,59819,2025071304009779,AKPL,Online Securities Pvt. Ltd.,Miyo Securities Pvt Ltd,225,256.7,57757.5,2025-07-13T12:23:03.85914
2025-07-13,59193,2025071304009888,AKPL,Naasa Securities Co. Ltd.,Sri Hari Securities Pvt. Ltd.,25,256.1,6402.5,2025-07-13T12:24:37.220169
2025-07-13,59192,2025071304009889,AKPL,Online Securities Pvt. Ltd.,Sri Hari Securities Pvt. Ltd.,94,256.0,24064.0,2025-07-13T12:24:37.22063
2025-07-13,59191,2025071304009890,AKPL,Neev Securities Pvt. Ltd.,Sri Hari Securities Pvt. Ltd.,335,256.0,85760.0,2025-07-13T12:24:37.220897
2025-07-13,59086,2025071304009903,AKPL,Property Wiard Limited,Sri Hari Securities Pvt. Ltd.,50,256.0,12800.0,2025-07-13T12:24:49.329784
2025-07-13,58900,2025071304009922,AKPL,Naasa Securities Co. Ltd.,Swarna Laxmi Securities Pvt. Ltd.,400,255.7,102280.0,2025-07-13T12:25:14.498646
2025-07-13,58899,2025071304009923,AKPL,Dakshinkali Investment & Securities Pvt. Ltd.,Swarna Laxmi Securities Pvt. Ltd.,500,255.6,127800.0,2025-07-13T12:25:14.498721
2025-07-13,58898,2025071304009924,AKPL,Kumari Securities Private Limited,Swarna Laxmi Securities Pvt. Ltd.,784,255.5,200312.0,2025-07-13T12:25:14.498747
2025-07-13,58897,2025071304009925,AKPL,J.F. Securites (PVT) Ltd.,Swarna Laxmi Securities Pvt. Ltd.,80,255.2,20416.0,2025-07-13T12:25:14.498768
2025-07-13,58896,2025071304009926,AKPL,Sumeru Securities Pvt. Ltd.,Swarna Laxmi Securities Pvt. Ltd.,236,255.1,60203.6,2025-07-13T12:25:14.498803
2025-07-13,58865,2025071304009941,AKPL,Sani Securities Company Ltd.,Sri Hari Securities Pvt. Ltd.,304,256.0,77824.0,2025-07-13T12:25:20.199679
2025-07-13,57790,2025071304010172,AKPL,Imperial Securities Company Pvt. Ltd.,Aryatara Investment & Securities,150,256.6,38490.0,2025-07-13T12:27:59.219629
2025-07-13,57789,2025071304010173,AKPL,Imperial Securities Company Pvt. Ltd.,Agrawal Securities (PVT) Ltd.,350,256.7,89845.0,2025-07-13T12:27:59.219868
2025-07-13,57698,2025071304010180,AKPL,Sani Securities Company Ltd.,Aryatara Investment & Securities,10,256.0,2560.0,2025-07-13T12:28:05.94198
2025-07-13,57573,2025071304010200,AKPL,Sani Securities Company Ltd.,MILKY WAY SHARE BROKER COMPANY LTD ,86,256.0,22016.0,2025-07-13T12:28:18.371771
2025-07-13,57572,2025071304010201,AKPL,Global IME Securities Limited,MILKY WAY SHARE BROKER COMPANY LTD ,10,256.0,2560.0,2025-07-13T12:28:18.372015
2025-07-13,57571,2025071304010202,AKPL,Linch Stock Market Ltd.,MILKY WAY SHARE BROKER COMPANY LTD ,500,255.2,127600.0,2025-07-13T12:28:18.372111
2025-07-13,57570,2025071304010203,AKPL,Sumeru Securities Pvt. Ltd.,MILKY WAY SHARE BROKER COMPANY LTD ,764,255.1,194896.4,2025-07-13T12:28:18.372195
2025-07-13,57569,2025071304010204,AKPL,Sri Hari Securities Pvt. Ltd.,MILKY WAY SHARE BROKER COMPANY LTD ,370,255.0,94350.0,2025-07-13T12:28:18.372282
2025-07-13,57568,2025071304010205,AKPL,Trishakti Securities Public Limited,MILKY WAY SHARE BROKER COMPANY LTD ,50,255.0,12750.0,2025-07-13T12:28:18.372382
2025-07-13,57567,2025071304010206,AKPL,Sweta Securities Private Limited,MILKY WAY SHARE BROKER COMPANY LTD ,1600,255.0,408000.0,2025-07-13T12:28:18.37247
2025-07-13,57566,2025071304010207,AKPL,Siprabi Securities Pvt. Ltd.,MILKY WAY SHARE BROKER COMPANY LTD ,100,255.0,25500.0,2025-07-13T12:28:18.372557
2025-07-13,57565,2025071304010208,AKPL,ABC Securities Private Limited,MILKY WAY SHARE BROKER COMPANY LTD ,200,255.0,51000.0,2025-07-13T12:28:18.37265
2025-07-13,57564,2025071304010209,AKPL,Kumari Securities Private Limited,MILKY WAY SHARE BROKER COMPANY LTD ,10,255.0,2550.0,2025-07-13T12:28:18.372732
2025-07-13,57563,2025071304010210,AKPL,Bhrikuti Stock Broking Co. Pvt. Ltd.,MILKY WAY SHARE BROKER COMPANY LTD ,100,255.0,25500.0,2025-07-13T12:28:18.372812
2025-07-13,57562,2025071304010211,AKPL,Sri Hari Securities Pvt. Ltd.,MILKY WAY SHARE BROKER COMPANY LTD ,1500,255.0,382500.0,2025-07-13T12:28:18.37289
2025-07-13,57561,2025071304010212,AKPL,Ashutosh Brokerage & Securities (PVT) Ltd.,MILKY WAY SHARE BROKER COMPANY LTD ,500,255.0,127500.0,2025-07-13T12:28:18.372984
2025-07-13,57560,2025071304010213,AKPL,Sumeru Securities Pvt. Ltd.,MILKY WAY SHARE BROKER COMPANY LTD ,234,255.0,59670.0,2025-07-13T12:28:18.373072
2025-07-13,57559,2025071304010214,AKPL,Dakshinkali Investment & Securities Pvt. Ltd.,MILKY WAY SHARE BROKER COMPANY LTD ,135,255.0,34425.0,2025-07-13T12:28:18.373156
2025-07-13,57558,2025071304010215,AKPL,Aryatara Investment & Securities,MILKY WAY SHARE BROKER COMPANY LTD ,500,255.0,127500.0,2025-07-13T12:28:18.373243
2025-07-13,57557,2025071304010216,AKPL,Deevyaa Securities & Stock House Pvt. Ltd,MILKY WAY SHARE BROKER COMPANY LTD ,441,255.0,112455.0,2025-07-13T12:28:18.373328
2025-07-13,57507,2025071304010232,AKPL,Machhapuchchhre Securities Limited,Agrawal Securities (PVT) Ltd.,10,256.7,2567.0,2025-07-13T12:28:24.075254
2025-07-13,57106,2025071304010301,AKPL,Imperial Securities Company Pvt. Ltd.,Agrawal Securities (PVT) Ltd.,140,256.7,35938.0,2025-07-13T12:29:19.788171
2025-07-13,57105,2025071304010302,AKPL,Imperial Securities Company Pvt. Ltd.,Miyo Securities Pvt Ltd,378,256.8,97070.4,2025-07-13T12:29:19.788417
2025-07-13,57104,2025071304010303,AKPL,Imperial Securities Company Pvt. Ltd.,Opal Securities Investment (PVT) Ltd.,982,256.9,252275.8,2025-07-13T12:29:19.7885
2025-07-13,56599,2025071304010364,AKPL,Naasa Securities Co. Ltd.,Sundhara Securities Limited,16,256.7,4107.2,2025-07-13T12:30:23.668019
2025-07-13,56389,2025071304010414,AKPL,Naasa Securities Co. Ltd.,Shree Krishna Securities Ltd.,200,256.7,51340.0,2025-07-13T12:30:57.932637
2025-07-13,55654,2025071304010542,AKPL,Naasa Securities Co. Ltd.,Miyo Securities Pvt Ltd,334,256.7,85737.8,2025-07-13T12:32:48.058782
2025-07-13,55471,2025071304010568,AKPL,Primo Securities (PVT) Ltd.,Agrawal Securities (PVT) Ltd.,10,256.8,2568.0,2025-07-13T12:33:16.181031
2025-07-13,55103,2025071304010609,AKPL,Linch Stock Market Ltd.,Trishakti Securities Public Limited,200,256.0,51200.0,2025-07-13T12:34:00.222656
2025-07-13,55102,2025071304010610,AKPL,Kalika Securities Pvt. Ltd.,Trishakti Securities Public Limited,15,256.0,3840.0,2025-07-13T12:34:00.222911
2025-07-13,55101,2025071304010611,AKPL,Aryatara Investment & Securities,Trishakti Securities Public Limited,50,256.0,12800.0,2025-07-13T12:34:00.222997
2025-07-13,55100,2025071304010612,AKPL,Aryatara Investment & Securities,Trishakti Securities Public Limited,50,256.0,12800.0,2025-07-13T12:34:00.223081
2025-07-13,55099,2025071304010613,AKPL,Online Securities Pvt. Ltd.,Trishakti Securities Public Limited,150,256.0,38400.0,2025-07-13T12:34:00.223165
2025-07-13,55098,2025071304010614,AKPL,Aryatara Investment & Securities,Trishakti Securities Public Limited,1130,256.0,289280.0,2025-07-13T12:34:00.223249
2025-07-13,55097,2025071304010615,AKPL,Secured Securities Ltd.,Trishakti Securities Public Limited,500,256.0,128000.0,2025-07-13T12:34:00.223347
2025-07-13,55094,2025071304010617,AKPL,Siprabi Securities Pvt. Ltd.,Trishakti Securities Public Limited,10,256.0,2560.0,2025-07-13T12:34:00.980176
2025-07-13,54721,2025071304010690,AKPL,Naasa Securities Co. Ltd.,Trishakti Securities Public Limited,390,256.0,99840.0,2025-07-13T12:34:48.321604
2025-07-13,54673,2025071304010693,AKPL,Trademow Securities Private Limited,Trishakti Securities Public Limited,300,256.0,76800.0,2025-07-13T12:34:52.182556
2025-07-13,54355,2025071304010736,AKPL,Oxford Securities Pvt. Ltd.,Trishakti Securities Public Limited,200,256.0,51200.0,2025-07-13T12:35:32.746202
2025-07-13,53957,2025071304010781,AKPL,Aryatara Investment & Securities,Trishakti Securities Public Limited,100,256.0,25600.0,2025-07-13T12:36:21.958177
2025-07-13,53396,2025071304010883,AKPL,South Asian Bulls Pvt. Ltd.,Agrawal Securities (PVT) Ltd.,90,255.5,22995.0,2025-07-13T12:37:49.402072
2025-07-13,53139,2025071304010929,AKPL,Trisul Securities & Invt. Ltd.,Trishakti Securities Public Limited,44,256.0,11264.0,2025-07-13T12:38:21.017075
2025-07-13,52893,2025071304010991,AKPL,South Asian Bulls Pvt. Ltd.,Dynamic Money Managers Securities Pvt. Ltd.,400,255.5,102200.0,2025-07-13T12:38:49.28822
2025-07-13,52689,2025071304011034,AKPL,South Asian Bulls Pvt. Ltd.,Miyo Securities Pvt Ltd,510,255.5,130305.0,2025-07-13T12:39:30.405034
2025-07-13,52688,2025071304011035,AKPL,Deevyaa Securities & Stock House Pvt. Ltd,Miyo Securities Pvt Ltd,559,255.5,142824.5,2025-07-13T12:39:30.405268
2025-07-13,52322,2025071304011095,AKPL,Neev Securities Pvt. Ltd.,Trishakti Securities Public Limited,200,256.0,51200.0,2025-07-13T12:40:23.187923
2025-07-13,52003,2025071304011178,AKPL,Midas Stock Broking Company Private Limited,Online Securities Pvt. Ltd.,498,255.4,127189.2,2025-07-13T12:41:08.575672
2025-07-13,51900,2025071304011192,AKPL,Midas Stock Broking Company Private Limited,Thrive Brokerage House Pvt. Ltd,16,255.4,4086.4,2025-07-13T12:41:20.616092
2025-07-13,51730,2025071304011236,AKPL,Thrive Brokerage House Pvt. Ltd,Trishakti Securities Public Limited,20,256.0,5120.0,2025-07-13T12:41:53.746583
2025-07-13,51087,2025071304011363,AKPL,Investment Management Nepal Pvt. Ltd.,Sani Securities Company Ltd.,50,255.9,12795.0,2025-07-13T12:43:32.500019
2025-07-13,50984,2025071304011384,AKPL,Secured Securities Ltd.,Sani Securities Company Ltd.,50,255.9,12795.0,2025-07-13T12:43:52.428153
2025-07-13,50733,2025071304011455,AKPL,Imperial Securities Company Pvt. Ltd.,Arun Securities (PVT) Ltd.,292,255.7,74664.4,2025-07-13T12:44:36.008248
2025-07-13,50472,2025071304011539,AKPL,Imperial Securities Company Pvt. Ltd.,Sundhara Securities Limited,12,255.7,3068.4,2025-07-13T12:45:17.082636
2025-07-13,49801,2025071304011718,AKPL,Trishakti Securities Public Limited,KALASH STOCK MARKET PVT. LTD.,92,255.8,23533.6,2025-07-13T12:46:58.910191
2025-07-13,49800,2025071304011719,AKPL,Trishakti Securities Public Limited,Sani Securities Company Ltd.,108,255.9,27637.2,2025-07-13T12:46:58.910469
2025-07-13,49779,2025071304011726,AKPL,Imperial Securities Company Pvt. Ltd.,Trishakti Securities Public Limited,196,255.7,50117.2,2025-07-13T12:47:05.96314
2025-07-13,49778,2025071304011727,AKPL,Opal Securities Investment (PVT) Ltd.,Trishakti Securities Public Limited,310,255.7,79267.0,2025-07-13T12:47:05.963394
2025-07-13,49777,2025071304011728,AKPL,Naasa Securities Co. Ltd.,Trishakti Securities Public Limited,30,255.6,7668.0,2025-07-13T12:47:05.963493
2025-07-13,49776,2025071304011729,AKPL,Deevyaa Securities & Stock House Pvt. Ltd,Trishakti Securities Public Limited,176,255.6,44985.6,2025-07-13T12:47:05.963592
2025-07-13,49775,2025071304011730,AKPL,Sri Hari Securities Pvt. Ltd.,Trishakti Securities Public Limited,1000,255.5,255500.0,2025-07-13T12:47:05.963687
2025-07-13,49774,2025071304011731,AKPL,Online Securities Pvt. Ltd.,Trishakti Securities Public Limited,500,255.5,127750.0,2025-07-13T12:47:05.963779
2025-07-13,49773,2025071304011732,AKPL,Midas Stock Broking Company Private Limited,Trishakti Securities Public Limited,286,255.4,73044.4,2025-07-13T12:47:05.963869
2025-07-13,49772,2025071304011733,AKPL,J.F. Securites (PVT) Ltd.,Trishakti Securities Public Limited,1100,255.3,280830.0,2025-07-13T12:47:05.963959
2025-07-13,49771,2025071304011734,AKPL,Aryatara Investment & Securities,Trishakti Securities Public Limited,50,255.3,12765.0,2025-07-13T12:47:05.964067
2025-07-13,49770,2025071304011735,AKPL,Aryatara Investment & Securities,Trishakti Securities Public Limited,1500,255.2,382800.0,2025-07-13T12:47:05.964157
2025-07-13,49769,2025071304011736,AKPL,Investment Management Nepal Pvt. Ltd.,Trishakti Securities Public Limited,1000,255.1,255100.0,2025-07-13T12:47:05.964251
2025-07-13,49768,2025071304011737,AKPL,Investment Management Nepal Pvt. Ltd.,Trishakti Securities Public Limited,493,255.1,125764.3,2025-07-13T12:47:05.964346
2025-07-13,49697,2025071304011753,AKPL,Ashutosh Brokerage & Securities (PVT) Ltd.,Miyo Securities Pvt Ltd,230,255.0,58650.0,2025-07-13T12:47:18.884829
2025-07-13,49696,2025071304011754,AKPL,NIMB Stock Markets Limited,Miyo Securities Pvt Ltd,390,255.0,99450.0,2025-07-13T12:47:18.88521
2025-07-13,49695,2025071304011755,AKPL,Opal Securities Investment (PVT) Ltd.,Miyo Securities Pvt Ltd,100,255.0,25500.0,2025-07-13T12:47:18.885324
2025-07-13,49694,2025071304011756,AKPL,Naasa Securities Co. Ltd.,Miyo Securities Pvt Ltd,50,255.0,12750.0,2025-07-13T12:47:18.885415
2025-07-13,49693,2025071304011757,AKPL,Nepal Stock House (PVT) Ltd.,Miyo Securities Pvt Ltd,100,255.0,25500.0,2025-07-13T12:47:18.885509
2025-07-13,49692,2025071304011758,AKPL,Opal Securities Investment (PVT) Ltd.,Miyo Securities Pvt Ltd,500,255.0,127500.0,2025-07-13T12:47:18.885721
2025-07-13,49691,2025071304011759,AKPL,Malla & Malla Stock Broking Company Pvt. Limited,Miyo Securities Pvt Ltd,100,255.0,25500.0,2025-07-13T12:47:18.885849
2025-07-13,49519,2025071304011777,AKPL,Sani Securities Company Ltd.,Trisul Securities & Invt. Ltd.,98,255.5,25039.0,2025-07-13T12:47:49.035978
2025-07-13,49197,2025071304011861,AKPL,Shree Krishna Securities Ltd.,Trisul Securities & Invt. Ltd.,600,255.5,153300.0,2025-07-13T12:48:49.300197
2025-07-13,49116,2025071304011882,AKPL,Citizens Share Broker Limited,Sweta Securities Private Limited,320,254.8,81536.0,2025-07-13T12:49:07.621005
2025-07-13,48412,2025071304012048,AKPL,Investment Management Nepal Pvt. Ltd.,Dipshikha Dhitopatra Karobar Co. Pvt Ltd.,1000,255.1,255100.0,2025-07-13T12:50:54.626409
2025-07-13,48411,2025071304012049,AKPL,Capital Max Securities Ltd,Dipshikha Dhitopatra Karobar Co. Pvt Ltd.,10,255.0,2550.0,2025-07-13T12:50:54.626474
2025-07-13,48349,2025071304012086,AKPL,Shree Krishna Securities Ltd.,Trisul Securities & Invt. Ltd.,70,255.5,17885.0,2025-07-13T12:51:02.071988
2025-07-13,48094,2025071304012141,AKPL,Roadshow securities limited,Sundhara Securities Limited,500,255.1,127550.0,2025-07-13T12:51:43.382462
2025-07-13,47996,2025071304012161,AKPL,Capital Max Securities Ltd,Miyo Securities Pvt Ltd,490,255.0,124950.0,2025-07-13T12:52:02.77455
2025-07-13,47995,2025071304012162,AKPL,Ashutosh Brokerage & Securities (PVT) Ltd.,Miyo Securities Pvt Ltd,15,255.0,3825.0,2025-07-13T12:52:02.774887
2025-07-13,47994,2025071304012163,AKPL,Sumeru Securities Pvt. Ltd.,Miyo Securities Pvt Ltd,1000,255.0,255000.0,2025-07-13T12:52:02.775
2025-07-13,47002,2025071304012425,AKPL,Capital Hub P. Ltd,Miyo Securities Pvt Ltd,500,255.0,127500.0,2025-07-13T12:54:36.098434
2025-07-13,46857,2025071304012438,AKPL,Capital Hub P. Ltd,Trisul Securities & Invt. Ltd.,1032,255.5,263676.0,2025-07-13T12:55:02.177007
2025-07-13,46698,2025071304012470,AKPL,Naasa Securities Co. Ltd.,K.B.L. Securities Limited ,150,255.0,38250.0,2025-07-13T12:55:26.243551
2025-07-13,46697,2025071304012471,AKPL,Imperial Securities Company Pvt. Ltd.,K.B.L. Securities Limited ,1000,254.9,254900.0,2025-07-13T12:55:26.243621
2025-07-13,46696,2025071304012472,AKPL,Citizens Share Broker Limited,K.B.L. Securities Limited ,350,254.8,89180.0,2025-07-13T12:55:26.243645
2025-07-13,46635,2025071304012485,AKPL,Sani Securities Company Ltd.,Deevyaa Securities & Stock House Pvt. Ltd,130,255.0,33150.0,2025-07-13T12:55:41.136615
2025-07-13,46511,2025071304012500,AKPL,Sani Securities Company Ltd.,Premier Securities Company Ltd.,10,255.5,2555.0,2025-07-13T12:56:05.451926
2025-07-13,46423,2025071304012521,AKPL,Sani Securities Company Ltd.,K.B.L. Securities Limited ,360,255.5,91980.0,2025-07-13T12:56:19.417214
2025-07-13,46422,2025071304012522,AKPL,Citizens Share Broker Limited,K.B.L. Securities Limited ,330,254.8,84084.0,2025-07-13T12:56:19.41729
2025-07-13,46421,2025071304012523,AKPL,Asian Securities Private Ltd.,K.B.L. Securities Limited ,200,254.8,50960.0,2025-07-13T12:56:19.417336
2025-07-13,46420,2025071304012524,AKPL,Indira securities pvt. ltd,K.B.L. Securities Limited ,10,254.8,2548.0,2025-07-13T12:56:19.417368
2025-07-13,46419,2025071304012525,AKPL,Dakshinkali Investment & Securities Pvt. Ltd.,K.B.L. Securities Limited ,100,254.8,25480.0,2025-07-13T12:56:19.417392
2025-07-13,46397,2025071304012527,AKPL,ABC Securities Private Limited,Sani Securities Company Ltd.,1692,255.9,432982.8,2025-07-13T12:56:21.657835
2025-07-13,46396,2025071304012528,AKPL,ABC Securities Private Limited,Sani Securities Company Ltd.,308,255.9,78817.2,2025-07-13T12:56:21.658116
2025-07-13,46318,2025071304012559,AKPL,Capital Hub P. Ltd,Sani Securities Company Ltd.,1592,255.9,407392.8,2025-07-13T12:56:38.43915
2025-07-13,46317,2025071304012560,AKPL,Capital Hub P. Ltd,Sani Securities Company Ltd.,200,255.9,51180.0,2025-07-13T12:56:38.4394
2025-07-13,46299,2025071304012563,AKPL,Agrawal Securities (PVT) Ltd.,Linch Stock Market Ltd.,500,254.7,127350.0,2025-07-13T12:56:43.19174
2025-07-13,46298,2025071304012564,AKPL,Investment Management Nepal Pvt. Ltd.,Linch Stock Market Ltd.,128,254.7,32601.6,2025-07-13T12:56:43.192205
2025-07-13,45372,2025071304012802,AKPL,Premier Securities Company Ltd.,Sani Securities Company Ltd.,500,255.0,127500.0,2025-07-13T12:59:46.4921
2025-07-13,45226,2025071304012838,AKPL,KALASH STOCK MARKET PVT. LTD.,Thrive Brokerage House Pvt. Ltd,200,256.0,51200.0,2025-07-13T13:00:09.299772
2025-07-13,45225,2025071304012839,AKPL,KALASH STOCK MARKET PVT. LTD.,Miyo Securities Pvt Ltd,200,256.0,51200.0,2025-07-13T13:00:09.300073
2025-07-13,45190,2025071304012851,AKPL,KALASH STOCK MARKET PVT. LTD.,K.B.L. Securities Limited ,600,256.0,153600.0,2025-07-13T13:00:18.172825
2025-07-13,45189,2025071304012852,AKPL,Premier Securities Company Ltd.,K.B.L. Securities Limited ,100,255.0,25500.0,2025-07-13T13:00:18.172933
2025-07-13,45188,2025071304012853,AKPL,Thrive Brokerage House Pvt. Ltd,K.B.L. Securities Limited ,50,255.0,12750.0,2025-07-13T13:00:18.173059
2025-07-13,45187,2025071304012854,AKPL,Sunrise Securities Limited,K.B.L. Securities Limited ,750,254.8,191100.0,2025-07-13T13:00:18.173122
2025-07-13,43827,2025071304013149,AKPL,Thrive Brokerage House Pvt. Ltd,Miyo Securities Pvt Ltd,10,256.0,2560.0,2025-07-13T13:04:42.939626
2025-07-13,43210,2025071304013265,AKPL,Linch Stock Market Ltd.,Miyo Securities Pvt Ltd,20,256.0,5120.0,2025-07-13T13:06:30.246972
2025-07-13,43109,2025071304013290,AKPL,Dipshikha Dhitopatra Karobar Co. Pvt Ltd.,Aryatara Investment & Securities,44,255.0,11220.0,2025-07-13T13:06:49.187684
2025-07-13,42386,2025071304013522,AKPL,Dipshikha Dhitopatra Karobar Co. Pvt Ltd.,Secured Securities Ltd.,73,255.0,18615.0,2025-07-13T13:08:58.618396
2025-07-13,42385,2025071304013523,AKPL,Aryatara Investment & Securities,Secured Securities Ltd.,900,255.0,229500.0,2025-07-13T13:08:58.618874
2025-07-13,42384,2025071304013524,AKPL,Citizens Share Broker Limited,Secured Securities Ltd.,527,255.0,134385.0,2025-07-13T13:08:58.619197
2025-07-13,42334,2025071304013534,AKPL,Citizens Share Broker Limited,Vision Securities Pvt. Ltd,2000,255.0,510000.0,2025-07-13T13:09:09.562295
2025-07-13,42166,2025071304013602,AKPL,Citizens Share Broker Limited,Vision Securities Pvt. Ltd,10,255.0,2550.0,2025-07-13T13:09:36.911783
2025-07-13,42161,2025071304013603,AKPL,Nepal Investment And Securities Trading Private Limited,Miyo Securities Pvt Ltd,110,256.0,28160.0,2025-07-13T13:09:40.208068
2025-07-13,41933,2025071304013640,AKPL,Citizens Share Broker Limited,South Asian Bulls Pvt. Ltd.,563,255.0,143565.0,2025-07-13T13:10:12.468735
2025-07-13,41932,2025071304013641,AKPL,Indira securities pvt. ltd,South Asian Bulls Pvt. Ltd.,10,255.0,2550.0,2025-07-13T13:10:12.469099
2025-07-13,41931,2025071304013642,AKPL,Linch Stock Market Ltd.,South Asian Bulls Pvt. Ltd.,50,255.0,12750.0,2025-07-13T13:10:12.46927
2025-07-13,41930,2025071304013643,AKPL,Ashutosh Brokerage & Securities (PVT) Ltd.,South Asian Bulls Pvt. Ltd.,70,255.0,17850.0,2025-07-13T13:10:12.469429
2025-07-13,41929,2025071304013644,AKPL,Sunrise Securities Limited,South Asian Bulls Pvt. Ltd.,2250,254.8,573300.0,2025-07-13T13:10:12.469572
2025-07-13,41928,2025071304013645,AKPL,Shree Krishna Securities Ltd.,South Asian Bulls Pvt. Ltd.,500,254.8,127400.0,2025-07-13T13:10:12.469711
2025-07-13,41927,2025071304013646,AKPL,Thrive Brokerage House Pvt. Ltd,South Asian Bulls Pvt. Ltd.,50,254.8,12740.0,2025-07-13T13:10:12.469846
2025-07-13,41926,2025071304013647,AKPL,Investment Management Nepal Pvt. Ltd.,South Asian Bulls Pvt. Ltd.,572,254.7,145688.4,2025-07-13T13:10:12.470011
2025-07-13,41925,2025071304013648,AKPL,Dynamic Money Managers Securities Pvt. Ltd.,South Asian Bulls Pvt. Ltd.,1000,254.7,254700.0,2025-07-13T13:10:12.470167
2025-07-13,41924,2025071304013649,AKPL,Dynamic Money Managers Securities Pvt. Ltd.,South Asian Bulls Pvt. Ltd.,1000,254.7,254700.0,2025-07-13T13:10:12.470306
2025-07-13,41923,2025071304013650,AKPL,Sani Securities Company Ltd.,South Asian Bulls Pvt. Ltd.,45,254.6,11457.0,2025-07-13T13:10:12.470455
2025-07-13,41922,2025071304013651,AKPL,Agrawal Securities (PVT) Ltd.,South Asian Bulls Pvt. Ltd.,500,254.6,127300.0,2025-07-13T13:10:12.470579
2025-07-13,41921,2025071304013652,AKPL,Agrawal Securities (PVT) Ltd.,South Asian Bulls Pvt. Ltd.,390,254.5,99255.0,2025-07-13T13:10:12.470679
2025-07-13,41731,2025071304013711,AKPL,Machhapuchchhre Securities Limited,Miyo Securities Pvt Ltd,10,256.0,2560.0,2025-07-13T13:10:43.813857
2025-07-13,41114,2025071304013844,AKPL,Sani Securities Company Ltd.,KALASH STOCK MARKET PVT. LTD.,15,255.9,3838.5,2025-07-13T13:12:33.956525
2025-07-13,39586,2025071304014190,AKPL,Agrawal Securities (PVT) Ltd.,Kohinoor Investment & Securities Pvt. Ltd.,39,254.5,9925.5,2025-07-13T13:17:10.147881
2025-07-13,39015,2025071304014361,AKPL,Shree Krishna Securities Ltd.,R.B.B. Securities Company Ltd,1000,255.0,255000.0,2025-07-13T13:19:25.166784
2025-07-13,38256,2025071304014494,AKPL,Trisul Securities & Invt. Ltd.,KALASH STOCK MARKET PVT. LTD.,485,255.9,124111.5,2025-07-13T13:21:59.719639
2025-07-13,38255,2025071304014495,AKPL,Trisul Securities & Invt. Ltd.,Miyo Securities Pvt Ltd,200,255.9,51180.0,2025-07-13T13:21:59.719908
2025-07-13,37203,2025071304014705,AKPL,Linch Stock Market Ltd.,Linch Stock Market Ltd.,14,255.0,3570.0,2025-07-13T13:25:11.99714
2025-07-13,37168,2025071304014716,AKPL,Linch Stock Market Ltd.,Oxford Securities Pvt. Ltd.,257,255.0,65535.0,2025-07-13T13:25:21.370357
2025-07-13,37167,2025071304014717,AKPL,Trisul Securities & Invt. Ltd.,Oxford Securities Pvt. Ltd.,43,255.0,10965.0,2025-07-13T13:25:21.370685
2025-07-13,37132,2025071304014722,AKPL,Trisul Securities & Invt. Ltd.,Bhrikuti Stock Broking Co. Pvt. Ltd.,457,255.0,116535.0,2025-07-13T13:25:29.808021
2025-07-13,37131,2025071304014723,AKPL,ABC Securities Private Limited,Bhrikuti Stock Broking Co. Pvt. Ltd.,100,255.0,25500.0,2025-07-13T13:25:29.808373
2025-07-13,37130,2025071304014724,AKPL,Nepal Investment And Securities Trading Private Limited,Bhrikuti Stock Broking Co. Pvt. Ltd.,443,255.0,112965.0,2025-07-13T13:25:29.808511
2025-07-13,37075,2025071304014743,AKPL,Nepal Investment And Securities Trading Private Limited,Midas Stock Broking Company Private Limited,18,255.0,4590.0,2025-07-13T13:25:35.617121
2025-07-13,37073,2025071304014745,AKPL,Nepal Investment And Securities Trading Private Limited,Bhrikuti Stock Broking Co. Pvt. Ltd.,1000,255.0,255000.0,2025-07-13T13:25:37.862603
2025-07-13,36427,2025071304014948,AKPL,Nepal Investment And Securities Trading Private Limited,Sumeru Securities Pvt. Ltd.,109,255.0,27795.0,2025-07-13T13:27:39.788102
2025-07-13,36426,2025071304014949,AKPL,Shree Krishna Securities Ltd.,Sumeru Securities Pvt. Ltd.,91,255.0,23205.0,2025-07-13T13:27:39.788406
2025-07-13,36020,2025071304015060,AKPL,Agrawal Securities (PVT) Ltd.,Imperial Securities Company Pvt. Ltd.,25,255.5,6387.5,2025-07-13T13:28:50.954395
2025-07-13,35809,2025071304015112,AKPL,Trishakti Securities Public Limited,Secured Securities Ltd.,27,255.1,6887.7,2025-07-13T13:29:56.709608
2025-07-13,35808,2025071304015113,AKPL,Ashutosh Brokerage & Securities (PVT) Ltd.,Secured Securities Ltd.,250,255.1,63775.0,2025-07-13T13:29:56.710169
2025-07-13,35749,2025071304015132,AKPL,Imperial Securities Company Pvt. Ltd.,Secured Securities Ltd.,130,255.1,33163.0,2025-07-13T13:30:07.244501
2025-07-13,35547,2025071304015181,AKPL,Nepal Investment And Securities Trading Private Limited,Agrawal Securities (PVT) Ltd.,80,255.0,20400.0,2025-07-13T13:30:53.276955
2025-07-13,35265,2025071304015246,AKPL,South Asian Bulls Pvt. Ltd.,Secured Securities Ltd.,135,255.1,34438.5,2025-07-13T13:32:03.750471
2025-07-13,35220,2025071304015271,AKPL,ABC Securities Private Limited,Secured Securities Ltd.,400,255.1,102040.0,2025-07-13T13:32:11.217019
2025-07-13,35010,2025071304015302,AKPL,Nepal Investment And Securities Trading Private Limited,Vision Securities Pvt. Ltd,53,255.0,13515.0,2025-07-13T13:32:49.447298
2025-07-13,35006,2025071304015303,AKPL,Sunrise Securities Limited,Secured Securities Ltd.,1558,255.1,397445.8,2025-07-13T13:32:50.924113
2025-07-13,34429,2025071304015470,AKPL,Kumari Securities Private Limited,Imperial Securities Company Pvt. Ltd.,10,255.5,2555.0,2025-07-13T13:34:52.024775
2025-07-13,34246,2025071304015517,AKPL,Trisul Securities & Invt. Ltd.,Naasa Securities Co. Ltd.,100,255.2,25520.0,2025-07-13T13:35:30.858431
2025-07-13,33998,2025071304015572,AKPL,Trisul Securities & Invt. Ltd.,BHOLE GANESH SECURITIES LTD,300,255.2,76560.0,2025-07-13T13:36:16.656138
2025-07-13,33862,2025071304015634,AKPL,Trisul Securities & Invt. Ltd.,Midas Stock Broking Company Private Limited,16,255.2,4083.2,2025-07-13T13:36:44.866813
2025-07-13,33435,2025071304015705,AKPL,Trisul Securities & Invt. Ltd.,Vision Securities Pvt. Ltd,20,255.2,5104.0,2025-07-13T13:37:49.425873
2025-07-13,33116,2025071304015783,AKPL,Trisul Securities & Invt. Ltd.,BHOLE GANESH SECURITIES LTD,64,255.2,16332.8,2025-07-13T13:38:34.994682
2025-07-13,33115,2025071304015784,AKPL,Kumari Securities Private Limited,BHOLE GANESH SECURITIES LTD,136,255.1,34693.6,2025-07-13T13:38:34.994996
2025-07-13,32581,2025071304015923,AKPL,Kumari Securities Private Limited,Naasa Securities Co. Ltd.,100,255.1,25510.0,2025-07-13T13:40:20.698153
2025-07-13,32561,2025071304015927,AKPL,Vision Securities Pvt. Ltd,Imperial Securities Company Pvt. Ltd.,50,255.5,12775.0,2025-07-13T13:40:24.214981
2025-07-13,31884,2025071304016141,AKPL,Nepal Investment And Securities Trading Private Limited,Imperial Securities Company Pvt. Ltd.,190,255.5,48545.0,2025-07-13T13:42:37.739291
2025-07-13,31640,2025071304016198,AKPL,Aryatara Investment & Securities,Imperial Securities Company Pvt. Ltd.,55,255.5,14052.5,2025-07-13T13:43:39.048001
2025-07-13,31639,2025071304016199,AKPL,Aryatara Investment & Securities,SUN SECURITIES PVT LTD,45,255.5,11497.5,2025-07-13T13:43:39.048584
2025-07-13,31568,2025071304016211,AKPL,Pragyan Securities (PVT) Ltd.,SUN SECURITIES PVT LTD,205,255.5,52377.5,2025-07-13T13:43:53.96963
2025-07-13,31567,2025071304016212,AKPL,Pragyan Securities (PVT) Ltd.,Imperial Securities Company Pvt. Ltd.,65,255.5,16607.5,2025-07-13T13:43:53.969966
2025-07-13,31045,2025071304016312,AKPL,Kumari Securities Private Limited,Online Securities Pvt. Ltd.,264,255.1,67346.4,2025-07-13T13:45:50.961521
2025-07-13,31044,2025071304016313,AKPL,Online Securities Pvt. Ltd.,Online Securities Pvt. Ltd.,561,255.1,143111.1,2025-07-13T13:45:50.961913
2025-07-13,30960,2025071304016334,AKPL,Online Securities Pvt. Ltd.,Opal Securities Investment (PVT) Ltd.,89,255.1,22703.9,2025-07-13T13:46:09.212214
2025-07-13,30959,2025071304016335,AKPL,Nepal Investment And Securities Trading Private Limited,Opal Securities Investment (PVT) Ltd.,47,255.0,11985.0,2025-07-13T13:46:09.212772
2025-07-13,30958,2025071304016336,AKPL,Kumari Securities Private Limited,Opal Securities Investment (PVT) Ltd.,1500,255.0,382500.0,2025-07-13T13:46:09.213127
2025-07-13,30957,2025071304016337,AKPL,Aryatara Investment & Securities,Opal Securities Investment (PVT) Ltd.,10,255.0,2550.0,2025-07-13T13:46:09.213461
2025-07-13,30956,2025071304016338,AKPL,Nepal Stock House (PVT) Ltd.,Opal Securities Investment (PVT) Ltd.,100,255.0,25500.0,2025-07-13T13:46:09.213789
2025-07-13,30955,2025071304016339,AKPL,Trishakti Securities Public Limited,Opal Securities Investment (PVT) Ltd.,150,255.0,38250.0,2025-07-13T13:46:09.21411
2025-07-13,30954,2025071304016340,AKPL,Oxford Securities Pvt. Ltd.,Opal Securities Investment (PVT) Ltd.,300,255.0,76500.0,2025-07-13T13:46:09.214435
2025-07-13,30953,2025071304016341,AKPL,Sani Securities Company Ltd.,Opal Securities Investment (PVT) Ltd.,715,255.0,182325.0,2025-07-13T13:46:09.214769
2025-07-13,30952,2025071304016342,AKPL,Linch Stock Market Ltd.,Opal Securities Investment (PVT) Ltd.,100,255.0,25500.0,2025-07-13T13:46:09.215096
2025-07-13,30951,2025071304016343,AKPL,Naasa Securities Co. Ltd.,Opal Securities Investment (PVT) Ltd.,100,255.0,25500.0,2025-07-13T13:46:09.215433
2025-07-13,30712,2025071304016411,AKPL,Cristal Kanchanjanga Securites Pvt. Ltd.,Opal Securities Investment (PVT) Ltd.,889,255.0,226695.0,2025-07-13T13:47:00.544939
2025-07-13,30711,2025071304016412,AKPL,Cristal Kanchanjanga Securites Pvt. Ltd.,Online Securities Pvt. Ltd.,15,255.0,3825.0,2025-07-13T13:47:00.545517
2025-07-13,30450,2025071304016459,AKPL,Cristal Kanchanjanga Securites Pvt. Ltd.,Online Securities Pvt. Ltd.,100,255.0,25500.0,2025-07-13T13:47:49.370237
2025-07-13,30063,2025071304016525,AKPL,Cristal Kanchanjanga Securites Pvt. Ltd.,Sani Securities Company Ltd.,154,255.0,39270.0,2025-07-13T13:49:00.360436
2025-07-13,30034,2025071304016533,AKPL,Trishakti Securities Public Limited,Sani Securities Company Ltd.,130,255.5,33215.0,2025-07-13T13:49:08.549009
2025-07-13,29628,2025071304016637,AKPL,KALASH STOCK MARKET PVT. LTD.,Miyo Securities Pvt Ltd,50,256.0,12800.0,2025-07-13T13:50:48.0633
2025-07-13,29627,2025071304016638,AKPL,KALASH STOCK MARKET PVT. LTD.,Thrive Brokerage House Pvt. Ltd,200,256.0,51200.0,2025-07-13T13:50:48.063655
2025-07-13,29626,2025071304016639,AKPL,KALASH STOCK MARKET PVT. LTD.,Sri Hari Securities Pvt. Ltd.,200,256.0,51200.0,2025-07-13T13:50:48.063806
2025-07-13,29625,2025071304016640,AKPL,KALASH STOCK MARKET PVT. LTD.,Kohinoor Investment & Securities Pvt. Ltd.,550,256.0,140800.0,2025-07-13T13:50:48.063924
2025-07-13,29303,2025071304016720,AKPL,Pragyan Securities (PVT) Ltd.,Kohinoor Investment & Securities Pvt. Ltd.,30,256.0,7680.0,2025-07-13T13:52:02.683721
2025-07-13,29301,2025071304016722,AKPL,ABC Securities Private Limited,Kohinoor Investment & Securities Pvt. Ltd.,120,256.0,30720.0,2025-07-13T13:52:02.884989
2025-07-13,29141,2025071304016789,AKPL,ABC Securities Private Limited,Naasa Securities Co. Ltd.,500,256.0,128000.0,2025-07-13T13:52:35.213848
2025-07-13,29109,2025071304016794,AKPL,ABC Securities Private Limited,Kohinoor Investment & Securities Pvt. Ltd.,50,256.0,12800.0,2025-07-13T13:52:44.386089
2025-07-13,29108,2025071304016795,AKPL,Malla & Malla Stock Broking Company Pvt. Limited,Kohinoor Investment & Securities Pvt. Ltd.,30,256.0,7680.0,2025-07-13T13:52:44.38671
2025-07-13,29037,2025071304016813,AKPL,Malla & Malla Stock Broking Company Pvt. Limited,Miyo Securities Pvt Ltd,970,256.0,248320.0,2025-07-13T13:53:04.624638
2025-07-13,28805,2025071304016894,AKPL,Trishakti Securities Public Limited,Creative Securities Pvt Ltd,79,255.5,20184.5,2025-07-13T13:53:55.065025
2025-07-13,28596,2025071304016929,AKPL,Trishakti Securities Public Limited,Miyo Securities Pvt Ltd,200,255.5,51100.0,2025-07-13T13:54:40.934336
2025-07-13,28537,2025071304016950,AKPL,Trishakti Securities Public Limited,Cristal Kanchanjanga Securites Pvt. Ltd.,91,255.5,23250.5,2025-07-13T13:54:53.525594
2025-07-13,28536,2025071304016951,AKPL,Dakshinkali Investment & Securities Pvt. Ltd.,Cristal Kanchanjanga Securites Pvt. Ltd.,100,255.5,25550.0,2025-07-13T13:54:53.525944
2025-07-13,28450,2025071304016979,AKPL,Imperial Securities Company Pvt. Ltd.,Cristal Kanchanjanga Securites Pvt. Ltd.,10,255.5,2555.0,2025-07-13T13:55:15.197248
2025-07-13,28166,2025071304017048,AKPL,South Asian Bulls Pvt. Ltd.,Cristal Kanchanjanga Securites Pvt. Ltd.,500,255.5,127750.0,2025-07-13T13:56:04.069892
2025-07-13,27650,2025071304017200,AKPL,Oxford Securities Pvt. Ltd.,Cristal Kanchanjanga Securites Pvt. Ltd.,20,255.5,5110.0,2025-07-13T13:58:03.178739
2025-07-13,27551,2025071304017230,AKPL,Primo Securities (PVT) Ltd.,Online Securities Pvt. Ltd.,20,255.0,5100.0,2025-07-13T13:58:31.641025
2025-07-13,27550,2025071304017231,AKPL,Dakshinkali Investment & Securities Pvt. Ltd.,Online Securities Pvt. Ltd.,100,255.0,25500.0,2025-07-13T13:58:31.641626
2025-07-13,27549,2025071304017232,AKPL,Sumeru Securities Pvt. Ltd.,Online Securities Pvt. Ltd.,391,254.8,99626.8,2025-07-13T13:58:31.641979
2025-07-13,27548,2025071304017233,AKPL,Aryatara Investment & Securities,Online Securities Pvt. Ltd.,10,254.8,2548.0,2025-07-13T13:58:31.642304
2025-07-13,27547,2025071304017234,AKPL,Naasa Securities Co. Ltd.,Online Securities Pvt. Ltd.,400,254.8,101920.0,2025-07-13T13:58:31.64269
2025-07-13,27546,2025071304017235,AKPL,Naasa Securities Co. Ltd.,Online Securities Pvt. Ltd.,79,254.8,20129.2,2025-07-13T13:58:31.643022
2025-07-13,27397,2025071304017259,AKPL,Naasa Securities Co. Ltd.,Cristal Kanchanjanga Securites Pvt. Ltd.,61,254.8,15542.8,2025-07-13T13:59:07.668685
2025-07-13,27396,2025071304017260,AKPL,Dipshikha Dhitopatra Karobar Co. Pvt Ltd.,Cristal Kanchanjanga Securites Pvt. Ltd.,30,254.7,7641.0,2025-07-13T13:59:07.669002
2025-07-13,27395,2025071304017261,AKPL,South Asian Bulls Pvt. Ltd.,Cristal Kanchanjanga Securites Pvt. Ltd.,50,254.6,12730.0,2025-07-13T13:59:07.669144
2025-07-13,27394,2025071304017262,AKPL,Opal Securities Investment (PVT) Ltd.,Cristal Kanchanjanga Securites Pvt. Ltd.,18,254.6,4582.8,2025-07-13T13:59:07.66926
2025-07-13,26632,2025071304017435,AKPL,Machhapuchchhre Securities Limited,KALASH STOCK MARKET PVT. LTD.,10,255.4,2554.0,2025-07-13T14:02:11.485864
2025-07-13,26161,2025071304017599,AKPL,Opal Securities Investment (PVT) Ltd.,South Asian Bulls Pvt. Ltd.,12,254.6,3055.2,2025-07-13T14:04:04.464466
2025-07-13,26160,2025071304017600,AKPL,Indira securities pvt. ltd,South Asian Bulls Pvt. Ltd.,20,254.6,5092.0,2025-07-13T14:04:04.46457
2025-07-13,26159,2025071304017601,AKPL,APPLE SECURITIES PRIVATE LIMITED,South Asian Bulls Pvt. Ltd.,398,254.6,101330.8,2025-07-13T14:04:04.464646
2025-07-13,25944,2025071304017674,AKPL,APPLE SECURITIES PRIVATE LIMITED,BHOLE GANESH SECURITIES LTD,102,254.6,25969.2,2025-07-13T14:04:45.515717
2025-07-13,25943,2025071304017675,AKPL,Trishakti Securities Public Limited,BHOLE GANESH SECURITIES LTD,100,254.6,25460.0,2025-07-13T14:04:45.516044
2025-07-13,25942,2025071304017676,AKPL,Imperial Securities Company Pvt. Ltd.,BHOLE GANESH SECURITIES LTD,98,254.6,24950.8,2025-07-13T14:04:45.516166
2025-07-13,25764,2025071304017701,AKPL,K.B.L. Securities Limited ,INDEX SECURITIES LIMITED,13,255.0,3315.0,2025-07-13T14:05:17.011469
2025-07-13,25039,2025071304017904,AKPL,Imperial Securities Company Pvt. Ltd.,Sipla Securities Private Limited,402,254.6,102349.2,2025-07-13T14:07:31.227733
2025-07-13,25038,2025071304017905,AKPL,Kalika Securities Pvt. Ltd.,Sipla Securities Private Limited,20,254.6,5092.0,2025-07-13T14:07:31.22803
2025-07-13,25037,2025071304017906,AKPL,Agrawal Securities (PVT) Ltd.,Sipla Securities Private Limited,71,254.5,18069.5,2025-07-13T14:07:31.228149
2025-07-13,25036,2025071304017907,AKPL,Cristal Kanchanjanga Securites Pvt. Ltd.,Sipla Securities Private Limited,500,254.5,127250.0,2025-07-13T14:07:31.228266
2025-07-13,25035,2025071304017908,AKPL,Ashutosh Brokerage & Securities (PVT) Ltd.,Sipla Securities Private Limited,200,254.5,50900.0,2025-07-13T14:07:31.228392
2025-07-13,25034,2025071304017909,AKPL,Dakshinkali Investment & Securities Pvt. Ltd.,Sipla Securities Private Limited,100,254.5,25450.0,2025-07-13T14:07:31.228505
2025-07-13,25033,2025071304017910,AKPL,Sunrise Securities Limited,Sipla Securities Private Limited,998,254.5,253991.0,2025-07-13T14:07:31.228622
2025-07-13,24742,2025071304017946,AKPL,J.F. Securites (PVT) Ltd.,Aakashbhairab Securities Ltd.,500,254.5,127250.0,2025-07-13T14:08:31.877978
2025-07-13,24741,2025071304017947,AKPL,Sunrise Securities Limited,Aakashbhairab Securities Ltd.,1500,254.4,381600.0,2025-07-13T14:08:31.878301
2025-07-13,24526,2025071304017990,AKPL,Cristal Kanchanjanga Securites Pvt. Ltd.,Sri Hari Securities Pvt. Ltd.,390,254.5,99255.0,2025-07-13T14:09:15.399391
2025-07-13,24461,2025071304018000,AKPL,Sunrise Securities Limited,Sri Hari Securities Pvt. Ltd.,10,254.4,2544.0,2025-07-13T14:09:30.744666
2025-07-13,23952,2025071304018149,AKPL,Sunrise Securities Limited,Citizens Share Broker Limited,10,254.4,2544.0,2025-07-13T14:11:03.311731
2025-07-13,23381,2025071304018368,AKPL,Primo Securities (PVT) Ltd.,KALASH STOCK MARKET PVT. LTD.,30,254.9,7647.0,2025-07-13T14:12:39.254574
2025-07-13,23049,2025071304018464,AKPL,Cristal Kanchanjanga Securites Pvt. Ltd.,KALASH STOCK MARKET PVT. LTD.,10,254.9,2549.0,2025-07-13T14:13:38.808785
2025-07-13,23026,2025071304018465,AKPL,Sunrise Securities Limited,Online Securities Pvt. Ltd.,88,254.4,22387.2,2025-07-13T14:13:44.502774
2025-07-13,22769,2025071304018536,AKPL,Bhrikuti Stock Broking Co. Pvt. Ltd.,KALASH STOCK MARKET PVT. LTD.,100,254.9,25490.0,2025-07-13T14:14:33.7529
2025-07-13,22759,2025071304018542,AKPL,Cristal Kanchanjanga Securites Pvt. Ltd.,KALASH STOCK MARKET PVT. LTD.,60,254.9,15294.0,2025-07-13T14:14:35.123986
2025-07-13,22580,2025071304018592,AKPL,Bhrikuti Stock Broking Co. Pvt. Ltd.,KALASH STOCK MARKET PVT. LTD.,20,254.9,5098.0,2025-07-13T14:15:07.050988
2025-07-13,22466,2025071304018611,AKPL,Trishakti Securities Public Limited,KALASH STOCK MARKET PVT. LTD.,280,254.9,71372.0,2025-07-13T14:15:29.656864
2025-07-13,22020,2025071304018736,AKPL,Trishakti Securities Public Limited,Dipshikha Dhitopatra Karobar Co. Pvt Ltd.,220,254.9,56078.0,2025-07-13T14:16:59.227697
2025-07-13,22019,2025071304018737,AKPL,Cristal Kanchanjanga Securites Pvt. Ltd.,Dipshikha Dhitopatra Karobar Co. Pvt Ltd.,40,254.9,10196.0,2025-07-13T14:16:59.228374
2025-07-13,21864,2025071304018779,AKPL,Sani Securities Company Ltd.,Dipshikha Dhitopatra Karobar Co. Pvt Ltd.,210,254.9,53529.0,2025-07-13T14:17:35.750563
2025-07-13,21863,2025071304018780,AKPL,Sani Securities Company Ltd.,INDEX SECURITIES LIMITED,290,255.0,73950.0,2025-07-13T14:17:35.750857
2025-07-13,21777,2025071304018802,AKPL,Bhrikuti Stock Broking Co. Pvt. Ltd.,INDEX SECURITIES LIMITED,10,255.0,2550.0,2025-07-13T14:17:50.34996
2025-07-13,21590,2025071304018824,AKPL,Premier Securities Company Ltd.,INDEX SECURITIES LIMITED,187,255.0,47685.0,2025-07-13T14:18:25.365162
2025-07-13,21589,2025071304018825,AKPL,Premier Securities Company Ltd.,ABC Securities Private Limited,313,255.0,79815.0,2025-07-13T14:18:25.36552
2025-07-13,21565,2025071304018836,AKPL,Sani Securities Company Ltd.,ABC Securities Private Limited,100,255.0,25500.0,2025-07-13T14:18:29.610999
2025-07-13,21244,2025071304018907,AKPL,Naasa Securities Co. Ltd.,ABC Securities Private Limited,30,255.0,7650.0,2025-07-13T14:19:25.622716
2025-07-13,21121,2025071304018935,AKPL,Agrawal Securities (PVT) Ltd.,ABC Securities Private Limited,40,255.0,10200.0,2025-07-13T14:19:47.924801
2025-07-13,21047,2025071304018948,AKPL,Online Securities Pvt. Ltd.,ABC Securities Private Limited,10,255.0,2550.0,2025-07-13T14:20:05.380637
2025-07-13,20920,2025071304018998,AKPL,Sumeru Securities Pvt. Ltd.,Investment Management Nepal Pvt. Ltd.,100,254.7,25470.0,2025-07-13T14:20:29.7935
2025-07-13,20919,2025071304018999,AKPL,Vision Securities Pvt. Ltd,Investment Management Nepal Pvt. Ltd.,100,254.6,25460.0,2025-07-13T14:20:29.793806
2025-07-13,20918,2025071304019000,AKPL,Linch Stock Market Ltd.,Investment Management Nepal Pvt. Ltd.,100,254.5,25450.0,2025-07-13T14:20:29.793939
2025-07-13,20823,2025071304019039,AKPL,South Asian Bulls Pvt. Ltd.,ABC Securities Private Limited,40,255.0,10200.0,2025-07-13T14:20:53.097453
2025-07-13,20822,2025071304019040,AKPL,South Asian Bulls Pvt. Ltd.,Imperial Securities Company Pvt. Ltd.,100,255.0,25500.0,2025-07-13T14:20:53.097757
2025-07-13,20821,2025071304019041,AKPL,South Asian Bulls Pvt. Ltd.,Cristal Kanchanjanga Securites Pvt. Ltd.,80,255.0,20400.0,2025-07-13T14:20:53.097884
2025-07-13,20820,2025071304019042,AKPL,South Asian Bulls Pvt. Ltd.,Miyo Securities Pvt Ltd,40,255.0,10200.0,2025-07-13T14:20:53.098002
2025-07-13,20536,2025071304019099,AKPL,Linch Stock Market Ltd.,Asian Securities Private Ltd.,900,254.5,229050.0,2025-07-13T14:21:49.135099
2025-07-13,20535,2025071304019100,AKPL,Sunrise Securities Limited,Asian Securities Private Ltd.,100,254.4,25440.0,2025-07-13T14:21:49.135194
2025-07-13,20375,2025071304019121,AKPL,Primo Securities (PVT) Ltd.,Miyo Securities Pvt Ltd,30,255.0,7650.0,2025-07-13T14:22:17.787042
2025-07-13,20317,2025071304019130,AKPL,Sunrise Securities Limited,Malla & Malla Stock Broking Company Pvt. Limited,100,254.4,25440.0,2025-07-13T14:22:29.191382
2025-07-13,19495,2025071304019282,AKPL,Investment Management Nepal Pvt. Ltd.,Miyo Securities Pvt Ltd,250,255.0,63750.0,2025-07-13T14:24:29.393191
2025-07-13,18898,2025071304019475,AKPL,Vision Securities Pvt. Ltd,Miyo Securities Pvt Ltd,10,255.0,2550.0,2025-07-13T14:26:06.883484
2025-07-13,18675,2025071304019519,AKPL,Property Wiard Limited,Himalayan Brokerage Company Limited,40,254.5,10180.0,2025-07-13T14:26:47.462891
2025-07-13,18674,2025071304019520,AKPL,Sunrise Securities Limited,Himalayan Brokerage Company Limited,192,254.4,48844.8,2025-07-13T14:26:47.463563
2025-07-13,18673,2025071304019521,AKPL,Imperial Securities Company Pvt. Ltd.,Himalayan Brokerage Company Limited,100,254.4,25440.0,2025-07-13T14:26:47.463979
2025-07-13,18672,2025071304019522,AKPL,Online Securities Pvt. Ltd.,Himalayan Brokerage Company Limited,13,254.3,3305.9,2025-07-13T14:26:47.464467
2025-07-13,18671,2025071304019523,AKPL,Deevyaa Securities & Stock House Pvt. Ltd,Himalayan Brokerage Company Limited,500,254.3,127150.0,2025-07-13T14:26:47.46492
2025-07-13,18670,2025071304019524,AKPL,Sri Hari Securities Pvt. Ltd.,Himalayan Brokerage Company Limited,1400,254.2,355880.0,2025-07-13T14:26:47.465224
2025-07-13,18669,2025071304019525,AKPL,Shree Krishna Securities Ltd.,Himalayan Brokerage Company Limited,10,254.2,2542.0,2025-07-13T14:26:47.465353
2025-07-13,18668,2025071304019526,AKPL,Investment Management Nepal Pvt. Ltd.,Himalayan Brokerage Company Limited,1000,254.1,254100.0,2025-07-13T14:26:47.46548
2025-07-13,18667,2025071304019527,AKPL,Imperial Securities Company Pvt. Ltd.,Himalayan Brokerage Company Limited,500,254.1,127050.0,2025-07-13T14:26:47.465615
2025-07-13,18666,2025071304019528,AKPL,South Asian Bulls Pvt. Ltd.,Himalayan Brokerage Company Limited,500,254.0,127000.0,2025-07-13T14:26:47.465754
2025-07-13,18665,2025071304019529,AKPL,Trisul Securities & Invt. Ltd.,Himalayan Brokerage Company Limited,745,254.0,189230.0,2025-07-13T14:26:47.46588
2025-07-13,18521,2025071304019573,AKPL,Capital Max Securities Ltd,Himalayan Brokerage Company Limited,80,254.1,20328.0,2025-07-13T14:27:15.606563
2025-07-13,18520,2025071304019574,AKPL,Trisul Securities & Invt. Ltd.,Himalayan Brokerage Company Limited,755,254.0,191770.0,2025-07-13T14:27:15.606893
2025-07-13,18519,2025071304019575,AKPL,Sundhara Securities Limited,Himalayan Brokerage Company Limited,15,254.0,3810.0,2025-07-13T14:27:15.607014
2025-07-13,18518,2025071304019576,AKPL,Naasa Securities Co. Ltd.,Himalayan Brokerage Company Limited,200,254.0,50800.0,2025-07-13T14:27:15.607129
2025-07-13,18517,2025071304019577,AKPL,Malla & Malla Stock Broking Company Pvt. Limited,Himalayan Brokerage Company Limited,2000,254.0,508000.0,2025-07-13T14:27:15.607244
2025-07-13,18516,2025071304019578,AKPL,ABC Securities Private Limited,Himalayan Brokerage Company Limited,100,254.0,25400.0,2025-07-13T14:27:15.607403
2025-07-13,18515,2025071304019579,AKPL,Imperial Securities Company Pvt. Ltd.,Himalayan Brokerage Company Limited,500,254.0,127000.0,2025-07-13T14:27:15.607518
2025-07-13,18514,2025071304019580,AKPL,Oxford Securities Pvt. Ltd.,Himalayan Brokerage Company Limited,200,254.0,50800.0,2025-07-13T14:27:15.607631
2025-07-13,18513,2025071304019581,AKPL,Shree Krishna Securities Ltd.,Himalayan Brokerage Company Limited,50,254.0,12700.0,2025-07-13T14:27:15.607742
2025-07-13,18512,2025071304019582,AKPL,J.F. Securites (PVT) Ltd.,Himalayan Brokerage Company Limited,196,254.0,49784.0,2025-07-13T14:27:15.60785
2025-07-13,18511,2025071304019583,AKPL,Online Securities Pvt. Ltd.,Himalayan Brokerage Company Limited,220,254.0,55880.0,2025-07-13T14:27:15.607956
2025-07-13,18510,2025071304019584,AKPL,Siprabi Securities Pvt. Ltd.,Himalayan Brokerage Company Limited,100,254.0,25400.0,2025-07-13T14:27:15.608067
2025-07-13,18509,2025071304019585,AKPL,Online Securities Pvt. Ltd.,Himalayan Brokerage Company Limited,20,254.0,5080.0,2025-07-13T14:27:15.608179
2025-07-13,18508,2025071304019586,AKPL,Midas Stock Broking Company Private Limited,Himalayan Brokerage Company Limited,700,254.0,177800.0,2025-07-13T14:27:15.608432
2025-07-13,18507,2025071304019587,AKPL,South Asian Bulls Pvt. Ltd.,Himalayan Brokerage Company Limited,100,254.0,25400.0,2025-07-13T14:27:15.608561
2025-07-13,18506,2025071304019588,AKPL,Secured Securities Ltd.,Himalayan Brokerage Company Limited,564,254.0,143256.0,2025-07-13T14:27:15.608675
2025-07-13,18469,2025071304019596,AKPL,Vision Securities Pvt. Ltd,Vision Securities Pvt. Ltd,3,250.0,750.0,2025-07-13T14:27:20.765412
2025-07-13,17920,2025071304019708,AKPL,Secured Securities Ltd.,Aakashbhairab Securities Ltd.,700,254.0,177800.0,2025-07-13T14:28:40.657512
2025-07-13,17743,2025071304019751,AKPL,Secured Securities Ltd.,Aakashbhairab Securities Ltd.,696,254.0,176784.0,2025-07-13T14:29:07.730869
2025-07-13,17742,2025071304019752,AKPL,Market Securities & Exchange (PVT) Ltd.,Aakashbhairab Securities Ltd.,304,254.0,77216.0,2025-07-13T14:29:07.731139
2025-07-13,17356,2025071304019859,AKPL,Market Securities & Exchange (PVT) Ltd.,Aryatara Investment & Securities,196,254.0,49784.0,2025-07-13T14:30:01.932888
2025-07-13,17355,2025071304019860,AKPL,Dipshikha Dhitopatra Karobar Co. Pvt Ltd.,Aryatara Investment & Securities,79,254.0,20066.0,2025-07-13T14:30:01.933218
2025-07-13,17321,2025071304019864,AKPL,Dipshikha Dhitopatra Karobar Co. Pvt Ltd.,Sajilo Broker Limited,71,254.0,18034.0,2025-07-13T14:30:10.440514
2025-07-13,17320,2025071304019865,AKPL,Sani Securities Company Ltd.,Sajilo Broker Limited,100,254.0,25400.0,2025-07-13T14:30:10.440801
2025-07-13,17319,2025071304019866,AKPL,Sweta Securities Private Limited,Sajilo Broker Limited,29,254.0,7366.0,2025-07-13T14:30:10.440915
