Date,S.N.,contract_id,symbol,buyer_broker,seller_broker,volume,price,amount,transaction_time
2025-07-13,105173,2025071301000055,KBL,Imperial Securities Company Pvt. Ltd.,Trisul Securities & Invt. Ltd.,10,223.0,2230.0,2025-07-13T10:46:00.054728
2025-07-13,105172,2025071301000056,KBL,Imperial Securities Company Pvt. Ltd.,Bhrikuti Stock Broking Co. Pvt. Ltd.,90,223.0,20070.0,2025-07-13T10:46:00.054782
2025-07-13,105171,2025071301000057,KBL,Kohinoor Investment & Securities Pvt. Ltd.,Bhrikuti Stock Broking Co. Pvt. Ltd.,410,223.0,91430.0,2025-07-13T10:46:00.054827
2025-07-13,105170,2025071301000058,KBL,Kohinoor Investment & Securities Pvt. Ltd.,Bhrikuti Stock Broking Co. Pvt. Ltd.,500,223.0,111500.0,2025-07-13T10:46:00.054878
2025-07-13,105169,2025071301000059,KBL,Kohinoor Investment & Securities Pvt. Ltd.,Sani Securities Company Ltd.,10,223.0,2230.0,2025-07-13T10:46:00.054906
2025-07-13,105168,2025071301000060,KBL,Kohinoor Investment & Securities Pvt. Ltd.,Bhrikuti Stock Broking Co. Pvt. Ltd.,1000,223.0,223000.0,2025-07-13T10:46:00.054942
2025-07-13,105167,2025071301000061,KBL,Kohinoor Investment & Securities Pvt. Ltd.,Bhrikuti Stock Broking Co. Pvt. Ltd.,1000,223.0,223000.0,2025-07-13T10:46:00.054978
2025-07-13,105166,2025071301000062,KBL,Kohinoor Investment & Securities Pvt. Ltd.,Sumeru Securities Pvt. Ltd.,300,223.0,66900.0,2025-07-13T10:46:00.055017
2025-07-13,105165,2025071301000063,KBL,Kohinoor Investment & Securities Pvt. Ltd.,Bhrikuti Stock Broking Co. Pvt. Ltd.,1000,223.0,223000.0,2025-07-13T10:46:00.055054
2025-07-13,105164,2025071301000064,KBL,Kohinoor Investment & Securities Pvt. Ltd.,Bhrikuti Stock Broking Co. Pvt. Ltd.,780,223.0,173940.0,2025-07-13T10:46:00.055082
2025-07-13,105162,2025071301000065,KBL,Shree Krishna Securities Ltd.,Bhrikuti Stock Broking Co. Pvt. Ltd.,220,223.0,49060.0,2025-07-13T10:46:00.055114
2025-07-13,105160,2025071301000066,KBL,Shree Krishna Securities Ltd.,Sani Securities Company Ltd.,10,223.0,2230.0,2025-07-13T10:46:00.05515
2025-07-13,105159,2025071301000067,KBL,Shree Krishna Securities Ltd.,Primo Securities (PVT) Ltd.,270,223.0,60210.0,2025-07-13T10:46:00.055185
2025-07-13,105158,2025071301000068,KBL,Dipshikha Dhitopatra Karobar Co. Pvt Ltd.,Primo Securities (PVT) Ltd.,500,223.0,111500.0,2025-07-13T10:46:00.055217
2025-07-13,105157,2025071301000069,KBL,J.F. Securites (PVT) Ltd.,Primo Securities (PVT) Ltd.,230,223.0,51290.0,2025-07-13T10:46:00.055281
2025-07-13,105156,2025071301000070,KBL,J.F. Securites (PVT) Ltd.,Trishakti Securities Public Limited,50,223.0,11150.0,2025-07-13T10:46:00.055314
2025-07-13,105155,2025071301000071,KBL,J.F. Securites (PVT) Ltd.,Opal Securities Investment (PVT) Ltd.,65,223.0,14495.0,2025-07-13T10:46:00.055348
2025-07-13,105154,2025071301000072,KBL,J.F. Securites (PVT) Ltd.,Naasa Securities Co. Ltd.,100,223.0,22300.0,2025-07-13T10:46:00.055384
2025-07-13,105153,2025071301000073,KBL,J.F. Securites (PVT) Ltd.,Thrive Brokerage House Pvt. Ltd,20,223.0,4460.0,2025-07-13T10:46:00.055422
2025-07-13,105152,2025071301000074,KBL,J.F. Securites (PVT) Ltd.,Citizens Share Broker Limited,54,223.0,12042.0,2025-07-13T10:46:00.05546
2025-07-13,105151,2025071301000075,KBL,J.F. Securites (PVT) Ltd.,J.F. Securites (PVT) Ltd.,100,223.0,22300.0,2025-07-13T10:46:00.055495
2025-07-13,105150,2025071301000076,KBL,J.F. Securites (PVT) Ltd.,ABC Securities Private Limited,111,223.0,24753.0,2025-07-13T10:46:00.05553
2025-07-13,105149,2025071301000077,KBL,J.F. Securites (PVT) Ltd.,Aakashbhairab Securities Ltd.,200,223.0,44600.0,2025-07-13T10:46:00.05562
2025-07-13,105148,2025071301000078,KBL,J.F. Securites (PVT) Ltd.,Trisul Securities & Invt. Ltd.,250,223.0,55750.0,2025-07-13T10:46:00.055654
2025-07-13,104616,2025071301000255,KBL,J.F. Securites (PVT) Ltd.,Naasa Securities Co. Ltd.,117,223.0,26091.0,2025-07-13T10:46:00.510353
2025-07-13,104614,2025071301000257,KBL,J.F. Securites (PVT) Ltd.,Nagarik Stock Dealer ,100,223.0,22300.0,2025-07-13T10:46:00.511884
2025-07-13,104552,2025071301000290,KBL,Neev Securities Pvt. Ltd.,Dipshikha Dhitopatra Karobar Co. Pvt Ltd.,400,227.0,90800.0,2025-07-13T11:00:20.83935
2025-07-13,104543,2025071301000292,KBL,Neev Securities Pvt. Ltd.,Online Securities Pvt. Ltd.,100,227.0,22700.0,2025-07-13T11:00:22.120805
2025-07-13,104530,2025071301000296,KBL,Neev Securities Pvt. Ltd.,Vision Securities Pvt. Ltd,445,227.0,101015.0,2025-07-13T11:00:23.46225
2025-07-13,104498,2025071301000306,KBL,Pragyan Securities (PVT) Ltd.,Ashutosh Brokerage & Securities (PVT) Ltd.,100,227.4,22740.0,2025-07-13T11:00:27.433974
2025-07-13,104482,2025071301000316,KBL,Neev Securities Pvt. Ltd.,Naasa Securities Co. Ltd.,55,227.0,12485.0,2025-07-13T11:00:28.874307
2025-07-13,104477,2025071301000318,KBL,Naasa Securities Co. Ltd.,Naasa Securities Co. Ltd.,400,227.0,90800.0,2025-07-13T11:00:29.237422
2025-07-13,104448,2025071301000331,KBL,Sri Hari Securities Pvt. Ltd.,Naasa Securities Co. Ltd.,210,227.0,47670.0,2025-07-13T11:00:32.113413
2025-07-13,104423,2025071301000338,KBL,Opal Securities Investment (PVT) Ltd.,Naasa Securities Co. Ltd.,335,227.0,76045.0,2025-07-13T11:00:33.43014
2025-07-13,104422,2025071301000339,KBL,Opal Securities Investment (PVT) Ltd.,Ashutosh Brokerage & Securities (PVT) Ltd.,900,227.4,204660.0,2025-07-13T11:00:33.430175
2025-07-13,104421,2025071301000340,KBL,Opal Securities Investment (PVT) Ltd.,ABC Securities Private Limited,765,230.0,175950.0,2025-07-13T11:00:33.430202
2025-07-13,104375,2025071301000360,KBL,Sweta Securities Private Limited,Trisul Securities & Invt. Ltd.,500,227.0,113500.0,2025-07-13T11:00:37.858001
2025-07-13,104367,2025071301000363,KBL,Citizens Share Broker Limited,Trishakti Securities Public Limited,100,227.0,22700.0,2025-07-13T11:00:39.01538
2025-07-13,104352,2025071301000366,KBL,Neev Securities Pvt. Ltd.,Trishakti Securities Public Limited,1000,227.0,227000.0,2025-07-13T11:00:40.056268
2025-07-13,104346,2025071301000370,KBL,Secured Securities Ltd.,Trishakti Securities Public Limited,20,227.0,4540.0,2025-07-13T11:00:40.631253
2025-07-13,104341,2025071301000373,KBL,Citizens Share Broker Limited,Trishakti Securities Public Limited,880,227.0,199760.0,2025-07-13T11:00:41.031559
2025-07-13,104326,2025071301000383,KBL,Asian Securities Private Ltd.,Siprabi Securities Pvt. Ltd.,1000,229.0,229000.0,2025-07-13T11:00:42.145479
2025-07-13,104229,2025071301000424,KBL,Aryatara Investment & Securities,Siprabi Securities Pvt. Ltd.,1000,229.0,229000.0,2025-07-13T11:00:48.680767
2025-07-13,104225,2025071301000425,KBL,Secured Securities Ltd.,Siprabi Securities Pvt. Ltd.,500,229.0,114500.0,2025-07-13T11:00:49.022878
2025-07-13,104220,2025071301000427,KBL,Kohinoor Investment & Securities Pvt. Ltd.,Siprabi Securities Pvt. Ltd.,500,229.0,114500.0,2025-07-13T11:00:49.438382
2025-07-13,104171,2025071301000436,KBL,Sumeru Securities Pvt. Ltd.,Siprabi Securities Pvt. Ltd.,1000,229.0,229000.0,2025-07-13T11:00:51.883019
2025-07-13,104121,2025071301000456,KBL,Cristal Kanchanjanga Securites Pvt. Ltd.,Siprabi Securities Pvt. Ltd.,200,229.0,45800.0,2025-07-13T11:00:55.1741
2025-07-13,104101,2025071301000459,KBL,Trademow Securities Private Limited,Siprabi Securities Pvt. Ltd.,800,229.0,183200.0,2025-07-13T11:00:56.201387
2025-07-13,104100,2025071301000460,KBL,Trademow Securities Private Limited,Sani Securities Company Ltd.,100,229.0,22900.0,2025-07-13T11:00:56.201504
2025-07-13,104095,2025071301000462,KBL,ABC Securities Private Limited,Sani Securities Company Ltd.,500,229.0,114500.0,2025-07-13T11:00:56.419217
2025-07-13,104082,2025071301000473,KBL,Dipshikha Dhitopatra Karobar Co. Pvt Ltd.,Sani Securities Company Ltd.,548,229.0,125492.0,2025-07-13T11:00:56.839495
2025-07-13,104081,2025071301000474,KBL,Dipshikha Dhitopatra Karobar Co. Pvt Ltd.,Naasa Securities Co. Ltd.,452,229.0,103508.0,2025-07-13T11:00:56.83961
2025-07-13,104037,2025071301000492,KBL,Bhrikuti Stock Broking Co. Pvt. Ltd.,Naasa Securities Co. Ltd.,308,229.0,70532.0,2025-07-13T11:00:58.783037
2025-07-13,104036,2025071301000493,KBL,Bhrikuti Stock Broking Co. Pvt. Ltd.,Nagarik Stock Dealer ,192,229.0,43968.0,2025-07-13T11:00:58.783164
2025-07-13,104027,2025071301000497,KBL,Sweta Securities Private Limited,SHUBHAKAMANA SECURITIES PVT. LTD,1000,228.0,228000.0,2025-07-13T11:00:59.144086
2025-07-13,103982,2025071301000521,KBL,Kumari Securities Private Limited,Nagarik Stock Dealer ,500,229.0,114500.0,2025-07-13T11:01:01.369951
2025-07-13,103976,2025071301000524,KBL,Kohinoor Investment & Securities Pvt. Ltd.,Nagarik Stock Dealer ,300,229.0,68700.0,2025-07-13T11:01:01.591573
2025-07-13,103944,2025071301000537,KBL,Himalayan Brokerage Company Limited,Cristal Kanchanjanga Securites Pvt. Ltd.,1000,228.0,228000.0,2025-07-13T11:01:03.040556
2025-07-13,103870,2025071301000564,KBL,Trisul Securities & Invt. Ltd.,Cristal Kanchanjanga Securites Pvt. Ltd.,35,228.0,7980.0,2025-07-13T11:01:06.457441
2025-07-13,103852,2025071301000573,KBL,Citizens Share Broker Limited,Cristal Kanchanjanga Securites Pvt. Ltd.,465,228.0,106020.0,2025-07-13T11:01:07.175474
2025-07-13,103851,2025071301000574,KBL,Citizens Share Broker Limited,Arun Securities (PVT) Ltd.,400,228.8,91520.0,2025-07-13T11:01:07.175598
2025-07-13,103850,2025071301000575,KBL,Citizens Share Broker Limited,Naasa Securities Co. Ltd.,135,229.0,30915.0,2025-07-13T11:01:07.175666
2025-07-13,103840,2025071301000582,KBL,Citizens Share Broker Limited,Capital Max Securities Ltd,192,227.4,43660.8,2025-07-13T11:01:07.776791
2025-07-13,103834,2025071301000584,KBL,Asian Securities Private Ltd.,Naasa Securities Co. Ltd.,1000,229.0,229000.0,2025-07-13T11:01:08.31179
2025-07-13,103802,2025071301000602,KBL,Citizens Share Broker Limited,Blue Chip Securities Ltd,928,227.4,211027.2,2025-07-13T11:01:10.433262
2025-07-13,103801,2025071301000603,KBL,Asian Securities Private Ltd.,Blue Chip Securities Ltd,500,227.4,113700.0,2025-07-13T11:01:10.433333
2025-07-13,103800,2025071301000604,KBL,Sani Securities Company Ltd.,Blue Chip Securities Ltd,400,227.4,90960.0,2025-07-13T11:01:10.433358
2025-07-13,103799,2025071301000605,KBL,Thrive Brokerage House Pvt. Ltd,Blue Chip Securities Ltd,700,227.4,159180.0,2025-07-13T11:01:10.43338
2025-07-13,103798,2025071301000606,KBL,Market Securities & Exchange (PVT) Ltd.,Blue Chip Securities Ltd,1000,227.0,227000.0,2025-07-13T11:01:10.433412
2025-07-13,103797,2025071301000607,KBL,Deevyaa Securities & Stock House Pvt. Ltd,Blue Chip Securities Ltd,500,227.0,113500.0,2025-07-13T11:01:10.433437
2025-07-13,103796,2025071301000608,KBL,ABC Securities Private Limited,Blue Chip Securities Ltd,1000,227.0,227000.0,2025-07-13T11:01:10.433458
2025-07-13,103795,2025071301000609,KBL,Nagarik Stock Dealer ,Blue Chip Securities Ltd,50,227.0,11350.0,2025-07-13T11:01:10.433478
2025-07-13,103794,2025071301000610,KBL,Dipshikha Dhitopatra Karobar Co. Pvt Ltd.,Blue Chip Securities Ltd,200,227.0,45400.0,2025-07-13T11:01:10.4335
2025-07-13,103793,2025071301000611,KBL,Cristal Kanchanjanga Securites Pvt. Ltd.,Blue Chip Securities Ltd,300,227.0,68100.0,2025-07-13T11:01:10.43352
2025-07-13,103792,2025071301000612,KBL,Naasa Securities Co. Ltd.,Blue Chip Securities Ltd,903,225.0,203175.0,2025-07-13T11:01:10.433541
2025-07-13,103791,2025071301000613,KBL,Trishakti Securities Public Limited,Blue Chip Securities Ltd,500,225.0,112500.0,2025-07-13T11:01:10.433576
2025-07-13,103790,2025071301000614,KBL,ABC Securities Private Limited,Blue Chip Securities Ltd,19,225.0,4275.0,2025-07-13T11:01:10.433595
2025-07-13,103784,2025071301000618,KBL,Deevyaa Securities & Stock House Pvt. Ltd,Naasa Securities Co. Ltd.,400,229.0,91600.0,2025-07-13T11:01:10.786976
2025-07-13,103769,2025071301000620,KBL,Trisul Securities & Invt. Ltd.,Naasa Securities Co. Ltd.,25,229.0,5725.0,2025-07-13T11:01:11.600221
2025-07-13,103742,2025071301000630,KBL,Deevyaa Securities & Stock House Pvt. Ltd,J.F. Securites (PVT) Ltd.,1000,228.9,228900.0,2025-07-13T11:01:12.818749
2025-07-13,103576,2025071301000706,KBL,Blue Chip Securities Ltd,Trishakti Securities Public Limited,100,228.0,22800.0,2025-07-13T11:01:21.664896
2025-07-13,103459,2025071301000749,KBL,Blue Chip Securities Ltd,Primo Securities (PVT) Ltd.,400,228.0,91200.0,2025-07-13T11:01:26.533146
2025-07-13,103423,2025071301000769,KBL,Himalayan Brokerage Company Limited,Premier Securities Company Ltd.,300,228.8,68640.0,2025-07-13T11:01:28.18746
2025-07-13,103402,2025071301000777,KBL,Blue Chip Securities Ltd,Premier Securities Company Ltd.,450,228.0,102600.0,2025-07-13T11:01:29.404896
2025-07-13,103401,2025071301000778,KBL,Deevyaa Securities & Stock House Pvt. Ltd,Premier Securities Company Ltd.,50,228.0,11400.0,2025-07-13T11:01:29.40504
2025-07-13,103324,2025071301000831,KBL,Kumari Securities Private Limited,Premier Securities Company Ltd.,100,228.8,22880.0,2025-07-13T11:01:31.940229
2025-07-13,103303,2025071301000840,KBL,Naasa Securities Co. Ltd.,Premier Securities Company Ltd.,30,228.8,6864.0,2025-07-13T11:01:32.964534
2025-07-13,103285,2025071301000849,KBL,Deevyaa Securities & Stock House Pvt. Ltd,Thrive Brokerage House Pvt. Ltd,100,228.0,22800.0,2025-07-13T11:01:33.579418
2025-07-13,103263,2025071301000863,KBL,Deevyaa Securities & Stock House Pvt. Ltd,Primo Securities (PVT) Ltd.,100,228.0,22800.0,2025-07-13T11:01:34.586135
2025-07-13,103243,2025071301000873,KBL,Deevyaa Securities & Stock House Pvt. Ltd,Sri Hari Securities Pvt. Ltd.,250,228.0,57000.0,2025-07-13T11:01:35.406256
2025-07-13,103242,2025071301000874,KBL,Investment Management Nepal Pvt. Ltd.,Sri Hari Securities Pvt. Ltd.,200,228.0,45600.0,2025-07-13T11:01:35.406423
2025-07-13,103241,2025071301000875,KBL,Agrawal Securities (PVT) Ltd.,Sri Hari Securities Pvt. Ltd.,675,228.0,153900.0,2025-07-13T11:01:35.406643
2025-07-13,103240,2025071301000876,KBL,Online Securities Pvt. Ltd.,Sri Hari Securities Pvt. Ltd.,250,228.0,57000.0,2025-07-13T11:01:35.406842
2025-07-13,103239,2025071301000877,KBL,Agrawal Securities (PVT) Ltd.,Sri Hari Securities Pvt. Ltd.,500,228.0,114000.0,2025-07-13T11:01:35.407021
2025-07-13,103222,2025071301000886,KBL,Trisul Securities & Invt. Ltd.,Sri Hari Securities Pvt. Ltd.,625,228.0,142500.0,2025-07-13T11:01:36.174018
2025-07-13,103221,2025071301000887,KBL,Trisul Securities & Invt. Ltd.,Premier Securities Company Ltd.,375,228.8,85800.0,2025-07-13T11:01:36.174162
2025-07-13,103148,2025071301000917,KBL,Premier Securities Company Ltd.,Linch Stock Market Ltd.,50,228.0,11400.0,2025-07-13T11:01:40.519493
2025-07-13,103102,2025071301000935,KBL,Secured Securities Ltd.,Trishakti Securities Public Limited,10,227.0,2270.0,2025-07-13T11:01:42.840576
2025-07-13,103101,2025071301000936,KBL,Neev Securities Pvt. Ltd.,Trishakti Securities Public Limited,1000,226.0,226000.0,2025-07-13T11:01:42.84062
2025-07-13,103100,2025071301000937,KBL,ABC Securities Private Limited,Trishakti Securities Public Limited,990,225.0,222750.0,2025-07-13T11:01:42.840645
2025-07-13,103043,2025071301000975,KBL,Vision Securities Pvt. Ltd,Linch Stock Market Ltd.,1600,228.0,364800.0,2025-07-13T11:01:44.447637
2025-07-13,103008,2025071301000991,KBL,Naasa Securities Co. Ltd.,Linch Stock Market Ltd.,350,228.0,79800.0,2025-07-13T11:01:45.985113
2025-07-13,103007,2025071301000992,KBL,Naasa Securities Co. Ltd.,Naasa Securities Co. Ltd.,150,228.0,34200.0,2025-07-13T11:01:45.985276
2025-07-13,102923,2025071301001033,KBL,Linch Stock Market Ltd.,Dynamic Money Managers Securities Pvt. Ltd.,150,226.0,33900.0,2025-07-13T11:01:49.345562
2025-07-13,102885,2025071301001056,KBL,Linch Stock Market Ltd.,Malla & Malla Stock Broking Company Pvt. Limited,470,226.0,106220.0,2025-07-13T11:01:51.648418
2025-07-13,102883,2025071301001058,KBL,Neev Securities Pvt. Ltd.,Online Securities Pvt. Ltd.,300,227.9,68370.0,2025-07-13T11:01:51.901946
2025-07-13,102882,2025071301001059,KBL,Neev Securities Pvt. Ltd.,Naasa Securities Co. Ltd.,150,228.0,34200.0,2025-07-13T11:01:51.902093
2025-07-13,102881,2025071301001060,KBL,Neev Securities Pvt. Ltd.,Naasa Securities Co. Ltd.,500,228.0,114000.0,2025-07-13T11:01:51.902171
2025-07-13,102880,2025071301001061,KBL,Neev Securities Pvt. Ltd.,Nepal Stock House (PVT) Ltd.,50,228.0,11400.0,2025-07-13T11:01:51.902245
2025-07-13,102879,2025071301001062,KBL,Neev Securities Pvt. Ltd.,SHUBHAKAMANA SECURITIES PVT. LTD,1000,228.0,228000.0,2025-07-13T11:01:51.902315
2025-07-13,102780,2025071301001101,KBL,Trisul Securities & Invt. Ltd.,Kumari Securities Private Limited,1000,227.9,227900.0,2025-07-13T11:01:55.631938
2025-07-13,102701,2025071301001136,KBL,Premier Securities Company Ltd.,Dipshikha Dhitopatra Karobar Co. Pvt Ltd.,50,227.0,11350.0,2025-07-13T11:01:58.645182
2025-07-13,102690,2025071301001140,KBL,Naasa Securities Co. Ltd.,Trishakti Securities Public Limited,200,226.1,45220.0,2025-07-13T11:01:59.28769
2025-07-13,102689,2025071301001141,KBL,Linch Stock Market Ltd.,Trishakti Securities Public Limited,25,226.0,5650.0,2025-07-13T11:01:59.287861
2025-07-13,102646,2025071301001162,KBL,Midas Stock Broking Company Private Limited,Dipshikha Dhitopatra Karobar Co. Pvt Ltd.,50,227.0,11350.0,2025-07-13T11:02:00.805043
2025-07-13,102645,2025071301001163,KBL,Midas Stock Broking Company Private Limited,SUN SECURITIES PVT LTD,750,227.8,170850.0,2025-07-13T11:02:00.805206
2025-07-13,102620,2025071301001168,KBL,Citizens Share Broker Limited,Capital Max Securities Ltd,1000,226.1,226100.0,2025-07-13T11:02:02.106865
2025-07-13,102619,2025071301001169,KBL,Linch Stock Market Ltd.,Capital Max Securities Ltd,400,226.0,90400.0,2025-07-13T11:02:02.106905
2025-07-13,102589,2025071301001185,KBL,Dakshinkali Investment & Securities Pvt. Ltd.,SUN SECURITIES PVT LTD,200,227.8,45560.0,2025-07-13T11:02:03.249329
2025-07-13,102573,2025071301001194,KBL,Dipshikha Dhitopatra Karobar Co. Pvt Ltd.,SUN SECURITIES PVT LTD,100,227.8,22780.0,2025-07-13T11:02:03.716898
2025-07-13,102507,2025071301001209,KBL,Swarna Laxmi Securities Pvt. Ltd.,SUN SECURITIES PVT LTD,200,227.8,45560.0,2025-07-13T11:02:06.748758
2025-07-13,102505,2025071301001211,KBL,Linch Stock Market Ltd.,Sewa Securities Pvt. Ltd.,955,226.0,215830.0,2025-07-13T11:02:06.815535
2025-07-13,102434,2025071301001246,KBL,Siprabi Securities Pvt. Ltd.,Sewa Securities Pvt. Ltd.,45,226.0,10170.0,2025-07-13T11:02:10.204757
2025-07-13,102433,2025071301001247,KBL,Siprabi Securities Pvt. Ltd.,SUN SECURITIES PVT LTD,955,227.8,217549.0,2025-07-13T11:02:10.204903
2025-07-13,102380,2025071301001271,KBL,South Asian Bulls Pvt. Ltd.,Kumari Securities Private Limited,11,226.0,2486.0,2025-07-13T11:02:12.720321
2025-07-13,102349,2025071301001281,KBL,South Asian Bulls Pvt. Ltd.,Trisul Securities & Invt. Ltd.,439,227.0,99653.0,2025-07-13T11:02:14.125664
2025-07-13,102348,2025071301001282,KBL,Creative Securities Pvt Ltd,Trisul Securities & Invt. Ltd.,161,226.5,36466.5,2025-07-13T11:02:14.125711
2025-07-13,102327,2025071301001290,KBL,Creative Securities Pvt Ltd,Sri Hari Securities Pvt. Ltd.,839,226.5,190033.5,2025-07-13T11:02:15.209844
2025-07-13,102326,2025071301001291,KBL,ABC Securities Private Limited,Sri Hari Securities Pvt. Ltd.,1651,225.0,371475.0,2025-07-13T11:02:15.209994
2025-07-13,102213,2025071301001350,KBL,Linch Stock Market Ltd.,Bhrikuti Stock Broking Co. Pvt. Ltd.,1000,226.0,226000.0,2025-07-13T11:02:19.313431
2025-07-13,102212,2025071301001351,KBL,Linch Stock Market Ltd.,Vision Securities Pvt. Ltd,100,227.0,22700.0,2025-07-13T11:02:19.313615
2025-07-13,102211,2025071301001352,KBL,Linch Stock Market Ltd.,Arun Securities (PVT) Ltd.,1000,227.0,227000.0,2025-07-13T11:02:19.313753
2025-07-13,102104,2025071301001400,KBL,Kumari Securities Private Limited,SUN SECURITIES PVT LTD,195,227.8,44421.0,2025-07-13T11:02:25.187533
2025-07-13,102103,2025071301001401,KBL,Kumari Securities Private Limited,Premier Securities Company Ltd.,305,227.8,69479.0,2025-07-13T11:02:25.187752
2025-07-13,102082,2025071301001420,KBL,Linch Stock Market Ltd.,Nepal Stock House (PVT) Ltd.,900,227.0,204300.0,2025-07-13T11:02:25.398992
2025-07-13,102081,2025071301001421,KBL,ABC Securities Private Limited,Nepal Stock House (PVT) Ltd.,100,225.0,22500.0,2025-07-13T11:02:25.399159
2025-07-13,101977,2025071301001470,KBL,Capital Max Securities Ltd,Primo Securities (PVT) Ltd.,200,227.0,45400.0,2025-07-13T11:02:30.765008
2025-07-13,101752,2025071301001552,KBL,Primo Securities (PVT) Ltd.,Primo Securities (PVT) Ltd.,200,227.0,45400.0,2025-07-13T11:02:39.186502
2025-07-13,101751,2025071301001553,KBL,Primo Securities (PVT) Ltd.,Property Wiard Limited,1000,227.0,227000.0,2025-07-13T11:02:39.186668
2025-07-13,101750,2025071301001554,KBL,Primo Securities (PVT) Ltd.,Sri Hari Securities Pvt. Ltd.,10,227.0,2270.0,2025-07-13T11:02:39.186751
2025-07-13,101749,2025071301001555,KBL,Primo Securities (PVT) Ltd.,Primo Securities (PVT) Ltd.,340,227.0,77180.0,2025-07-13T11:02:39.186827
2025-07-13,101696,2025071301001570,KBL,Deevyaa Securities & Stock House Pvt. Ltd,Naasa Securities Co. Ltd.,300,226.0,67800.0,2025-07-13T11:02:41.599628
2025-07-13,101695,2025071301001571,KBL,Deevyaa Securities & Stock House Pvt. Ltd,Primo Securities (PVT) Ltd.,200,227.0,45400.0,2025-07-13T11:02:41.599812
2025-07-13,101680,2025071301001579,KBL,ABC Securities Private Limited,Primo Securities (PVT) Ltd.,460,227.0,104420.0,2025-07-13T11:02:42.138773
2025-07-13,101679,2025071301001580,KBL,ABC Securities Private Limited,Nepal Stock House (PVT) Ltd.,50,227.0,11350.0,2025-07-13T11:02:42.138954
2025-07-13,101678,2025071301001581,KBL,ABC Securities Private Limited,Kumari Securities Private Limited,1000,227.0,227000.0,2025-07-13T11:02:42.139046
2025-07-13,101677,2025071301001582,KBL,ABC Securities Private Limited,Capital Max Securities Ltd,490,227.0,111230.0,2025-07-13T11:02:42.13913
2025-07-13,101549,2025071301001652,KBL,Market Securities & Exchange (PVT) Ltd.,R.B.B. Securities Company Ltd,50,225.1,11255.0,2025-07-13T11:02:46.990096
2025-07-13,101548,2025071301001653,KBL,Creative Securities Pvt Ltd,R.B.B. Securities Company Ltd,150,225.1,33765.0,2025-07-13T11:02:46.990134
2025-07-13,101426,2025071301001702,KBL,South Asian Bulls Pvt. Ltd.,Asian Securities Private Ltd.,50,226.5,11325.0,2025-07-13T11:02:52.099891
2025-07-13,101404,2025071301001708,KBL,Opal Securities Investment (PVT) Ltd.,Asian Securities Private Ltd.,150,226.5,33975.0,2025-07-13T11:02:52.795227
2025-07-13,101259,2025071301001765,KBL,Aryatara Investment & Securities,Asian Securities Private Ltd.,1430,226.5,323895.0,2025-07-13T11:02:57.39451
2025-07-13,101258,2025071301001766,KBL,Aryatara Investment & Securities,Dipshikha Dhitopatra Karobar Co. Pvt Ltd.,100,226.9,22690.0,2025-07-13T11:02:57.394677
2025-07-13,101257,2025071301001767,KBL,Aryatara Investment & Securities,Capital Max Securities Ltd,410,227.0,93070.0,2025-07-13T11:02:57.394765
2025-07-13,101256,2025071301001768,KBL,Aryatara Investment & Securities,Swarna Laxmi Securities Pvt. Ltd.,500,227.0,113500.0,2025-07-13T11:02:57.394851
2025-07-13,101255,2025071301001769,KBL,Aryatara Investment & Securities,Secured Securities Ltd.,590,227.0,133930.0,2025-07-13T11:02:57.394938
2025-07-13,101254,2025071301001770,KBL,Aryatara Investment & Securities,Sagarmatha Securities Private Limited,1000,227.0,227000.0,2025-07-13T11:02:57.395018
2025-07-13,101253,2025071301001771,KBL,Aryatara Investment & Securities,Thrive Brokerage House Pvt. Ltd,100,227.0,22700.0,2025-07-13T11:02:57.395108
2025-07-13,101252,2025071301001772,KBL,Aryatara Investment & Securities,Malla & Malla Stock Broking Company Pvt. Limited,1000,227.0,227000.0,2025-07-13T11:02:57.395187
2025-07-13,101251,2025071301001773,KBL,Aryatara Investment & Securities,Sweta Securities Private Limited,500,227.0,113500.0,2025-07-13T11:02:57.395269
2025-07-13,101250,2025071301001774,KBL,Aryatara Investment & Securities,Vision Securities Pvt. Ltd,500,227.0,113500.0,2025-07-13T11:02:57.395352
2025-07-13,101249,2025071301001775,KBL,Aryatara Investment & Securities,Aryatara Investment & Securities,455,227.5,103512.5,2025-07-13T11:02:57.395436
2025-07-13,101248,2025071301001776,KBL,Aryatara Investment & Securities,Kohinoor Investment & Securities Pvt. Ltd.,1500,227.6,341400.0,2025-07-13T11:02:57.39552
2025-07-13,101247,2025071301001777,KBL,Aryatara Investment & Securities,Premier Securities Company Ltd.,1850,227.7,421245.0,2025-07-13T11:02:57.395604
2025-07-13,101246,2025071301001778,KBL,Aryatara Investment & Securities,Nepal Stock House (PVT) Ltd.,65,227.7,14800.5,2025-07-13T11:02:57.395687
2025-07-13,101215,2025071301001779,KBL,Property Wiard Limited,Nepal Stock House (PVT) Ltd.,500,226.9,113450.0,2025-07-13T11:02:58.142833
2025-07-13,101187,2025071301001790,KBL,Property Wiard Limited,Infinity Securities Limited,1500,227.0,340500.0,2025-07-13T11:02:59.534333
2025-07-13,101186,2025071301001791,KBL,Premier Securities Company Ltd.,Infinity Securities Limited,900,226.0,203400.0,2025-07-13T11:02:59.534485
2025-07-13,101182,2025071301001793,KBL,Neev Securities Pvt. Ltd.,Sani Securities Company Ltd.,1000,225.2,225200.0,2025-07-13T11:02:59.818414
2025-07-13,101006,2025071301001867,KBL,Naasa Securities Co. Ltd.,Infinity Securities Limited,50,226.0,11300.0,2025-07-13T11:03:04.515891
2025-07-13,100845,2025071301001917,KBL,Naasa Securities Co. Ltd.,Aryatara Investment & Securities,75,225.2,16890.0,2025-07-13T11:03:13.045606
2025-07-13,100821,2025071301001928,KBL,Creative Securities Pvt Ltd,Shree Krishna Securities Ltd.,150,225.1,33765.0,2025-07-13T11:03:13.490623
2025-07-13,100820,2025071301001929,KBL,ABC Securities Private Limited,Shree Krishna Securities Ltd.,2240,225.0,504000.0,2025-07-13T11:03:13.49079
2025-07-13,100819,2025071301001930,KBL,Sani Securities Company Ltd.,Shree Krishna Securities Ltd.,1000,225.0,225000.0,2025-07-13T11:03:13.490875
2025-07-13,100818,2025071301001931,KBL,Opal Securities Investment (PVT) Ltd.,Shree Krishna Securities Ltd.,440,225.0,99000.0,2025-07-13T11:03:13.490954
2025-07-13,100817,2025071301001932,KBL,Nepal Investment And Securities Trading Private Limited,Shree Krishna Securities Ltd.,100,225.0,22500.0,2025-07-13T11:03:13.491044
2025-07-13,100816,2025071301001933,KBL,Linch Stock Market Ltd.,Shree Krishna Securities Ltd.,650,225.0,146250.0,2025-07-13T11:03:13.491143
2025-07-13,100773,2025071301001949,KBL,Linch Stock Market Ltd.,Naasa Securities Co. Ltd.,1350,225.0,303750.0,2025-07-13T11:03:14.717231
2025-07-13,100772,2025071301001950,KBL,Aryatara Investment & Securities,Naasa Securities Co. Ltd.,1000,225.0,225000.0,2025-07-13T11:03:14.7174
2025-07-13,100771,2025071301001951,KBL,Premier Securities Company Ltd.,Naasa Securities Co. Ltd.,500,225.0,112500.0,2025-07-13T11:03:14.717489
2025-07-13,100740,2025071301001965,KBL,Trishakti Securities Public Limited,Sri Hari Securities Pvt. Ltd.,1000,224.1,224100.0,2025-07-13T11:03:15.724036
2025-07-13,100739,2025071301001966,KBL,Capital Hub P. Ltd,Vision Securities Pvt. Ltd,2000,224.0,448000.0,2025-07-13T11:03:15.736766
2025-07-13,100618,2025071301002015,KBL,Vision Securities Pvt. Ltd,Naasa Securities Co. Ltd.,1000,225.0,225000.0,2025-07-13T11:03:19.949454
2025-07-13,100522,2025071301002051,KBL,APPLE SECURITIES PRIVATE LIMITED,Naasa Securities Co. Ltd.,2500,225.0,562500.0,2025-07-13T11:03:22.513754
2025-07-13,100488,2025071301002062,KBL,Bhrikuti Stock Broking Co. Pvt. Ltd.,Naasa Securities Co. Ltd.,200,225.0,45000.0,2025-07-13T11:03:23.514464
2025-07-13,100487,2025071301002063,KBL,Secured Securities Ltd.,Naasa Securities Co. Ltd.,1000,225.0,225000.0,2025-07-13T11:03:23.523616
2025-07-13,100436,2025071301002086,KBL,Imperial Securities Company Pvt. Ltd.,Naasa Securities Co. Ltd.,650,225.0,146250.0,2025-07-13T11:03:25.05208
2025-07-13,100377,2025071301002117,KBL,Capital Hub P. Ltd,Aryatara Investment & Securities,25,224.0,5600.0,2025-07-13T11:03:27.169917
2025-07-13,100313,2025071301002136,KBL,Capital Hub P. Ltd,Investment Management Nepal Pvt. Ltd.,2000,224.0,448000.0,2025-07-13T11:03:29.416526
2025-07-13,100275,2025071301002143,KBL,Capital Hub P. Ltd,Infinity Securities Limited,5975,224.0,1338400.0,2025-07-13T11:03:30.619435
2025-07-13,100274,2025071301002144,KBL,Neev Securities Pvt. Ltd.,Infinity Securities Limited,300,224.0,67200.0,2025-07-13T11:03:30.61962
2025-07-13,100242,2025071301002150,KBL,Linch Stock Market Ltd.,Infinity Securities Limited,400,224.0,89600.0,2025-07-13T11:03:31.634153
2025-07-13,100234,2025071301002155,KBL,Citizens Share Broker Limited,Infinity Securities Limited,875,224.0,196000.0,2025-07-13T11:03:31.963552
2025-07-13,100225,2025071301002158,KBL,Citizens Share Broker Limited,Property Wiard Limited,100,224.1,22410.0,2025-07-13T11:03:32.289717
2025-07-13,100209,2025071301002162,KBL,Online Securities Pvt. Ltd.,Naasa Securities Co. Ltd.,300,225.0,67500.0,2025-07-13T11:03:33.175419
2025-07-13,100201,2025071301002167,KBL,Citizens Share Broker Limited,Naasa Securities Co. Ltd.,25,224.1,5602.5,2025-07-13T11:03:33.508301
2025-07-13,100038,2025071301002221,KBL,Linch Stock Market Ltd.,Naasa Securities Co. Ltd.,107,224.0,23968.0,2025-07-13T11:03:39.759566
2025-07-13,100027,2025071301002223,KBL,Machhapuchchhre Securities Limited,Naasa Securities Co. Ltd.,45,223.3,10048.5,2025-07-13T11:03:39.988075
2025-07-13,100026,2025071301002224,KBL,J.F. Securites (PVT) Ltd.,Naasa Securities Co. Ltd.,603,223.0,134469.0,2025-07-13T11:03:39.988264
2025-07-13,100025,2025071301002225,KBL,Vision Securities Pvt. Ltd,Naasa Securities Co. Ltd.,100,223.0,22300.0,2025-07-13T11:03:39.988378
2025-07-13,100024,2025071301002226,KBL,Thrive Brokerage House Pvt. Ltd,Naasa Securities Co. Ltd.,500,223.0,111500.0,2025-07-13T11:03:39.988498
2025-07-13,100023,2025071301002227,KBL,Vision Securities Pvt. Ltd,Naasa Securities Co. Ltd.,1000,223.0,223000.0,2025-07-13T11:03:39.988608
2025-07-13,100022,2025071301002228,KBL,Shree Krishna Securities Ltd.,Naasa Securities Co. Ltd.,10000,223.0,2230000.0,2025-07-13T11:03:39.988698
2025-07-13,100021,2025071301002229,KBL,South Asian Bulls Pvt. Ltd.,Naasa Securities Co. Ltd.,500,223.0,111500.0,2025-07-13T11:03:39.988774
2025-07-13,100020,2025071301002230,KBL,Nepal Investment And Securities Trading Private Limited,Naasa Securities Co. Ltd.,500,223.0,111500.0,2025-07-13T11:03:39.988852
2025-07-13,100019,2025071301002231,KBL,Pragyan Securities (PVT) Ltd.,Naasa Securities Co. Ltd.,1000,223.0,223000.0,2025-07-13T11:03:39.988934
2025-07-13,100018,2025071301002232,KBL,Kumari Securities Private Limited,Naasa Securities Co. Ltd.,1000,223.0,223000.0,2025-07-13T11:03:39.989041
2025-07-13,100017,2025071301002233,KBL,Midas Stock Broking Company Private Limited,Naasa Securities Co. Ltd.,500,223.0,111500.0,2025-07-13T11:03:39.989141
2025-07-13,100016,2025071301002234,KBL,Oxford Securities Pvt. Ltd.,Naasa Securities Co. Ltd.,500,223.0,111500.0,2025-07-13T11:03:39.98922
2025-07-13,100015,2025071301002235,KBL,Vision Securities Pvt. Ltd,Naasa Securities Co. Ltd.,1000,223.0,223000.0,2025-07-13T11:03:39.9893
2025-07-13,100014,2025071301002236,KBL,ABC Securities Private Limited,Naasa Securities Co. Ltd.,30,223.0,6690.0,2025-07-13T11:03:39.989386
2025-07-13,100013,2025071301002237,KBL,Aryatara Investment & Securities,Naasa Securities Co. Ltd.,1000,223.0,223000.0,2025-07-13T11:03:39.989464
2025-07-13,100012,2025071301002238,KBL,Arun Securities (PVT) Ltd.,Naasa Securities Co. Ltd.,130,223.0,28990.0,2025-07-13T11:03:39.989544
2025-07-13,100011,2025071301002239,KBL,Dipshikha Dhitopatra Karobar Co. Pvt Ltd.,Naasa Securities Co. Ltd.,1000,223.0,223000.0,2025-07-13T11:03:39.989625
2025-07-13,100010,2025071301002240,KBL,Sanima Securities Limited,Naasa Securities Co. Ltd.,1750,223.0,390250.0,2025-07-13T11:03:39.989718
2025-07-13,100009,2025071301002241,KBL,Imperial Securities Company Pvt. Ltd.,Naasa Securities Co. Ltd.,5000,223.0,1115000.0,2025-07-13T11:03:39.989787
2025-07-13,100008,2025071301002242,KBL,Property Wiard Limited,Naasa Securities Co. Ltd.,3000,223.0,669000.0,2025-07-13T11:03:39.989869
2025-07-13,100007,2025071301002243,KBL,Vision Securities Pvt. Ltd,Naasa Securities Co. Ltd.,223,223.0,49729.0,2025-07-13T11:03:39.98995
2025-07-13,100006,2025071301002244,KBL,Linch Stock Market Ltd.,Naasa Securities Co. Ltd.,5000,223.0,1115000.0,2025-07-13T11:03:39.990018
2025-07-13,100005,2025071301002245,KBL,ABC Securities Private Limited,Naasa Securities Co. Ltd.,100,223.0,22300.0,2025-07-13T11:03:39.990094
2025-07-13,100004,2025071301002246,KBL,Thrive Brokerage House Pvt. Ltd,Naasa Securities Co. Ltd.,1000,223.0,223000.0,2025-07-13T11:03:39.990171
2025-07-13,100003,2025071301002247,KBL,Opal Securities Investment (PVT) Ltd.,Naasa Securities Co. Ltd.,500,223.0,111500.0,2025-07-13T11:03:39.990266
2025-07-13,100002,2025071301002248,KBL,Naasa Securities Co. Ltd.,Naasa Securities Co. Ltd.,5000,223.0,1115000.0,2025-07-13T11:03:39.99035
2025-07-13,100001,2025071301002249,KBL,Naasa Securities Co. Ltd.,Naasa Securities Co. Ltd.,5000,223.0,1115000.0,2025-07-13T11:03:39.990433
2025-07-13,100000,2025071301002250,KBL,Naasa Securities Co. Ltd.,Naasa Securities Co. Ltd.,4019,223.0,896237.0,2025-07-13T11:03:39.990509
2025-07-13,99961,2025071301002263,KBL,Ashutosh Brokerage & Securities (PVT) Ltd.,Naasa Securities Co. Ltd.,290,224.0,64960.0,2025-07-13T11:03:41.700848
2025-07-13,99960,2025071301002264,KBL,Ashutosh Brokerage & Securities (PVT) Ltd.,Sri Hari Securities Pvt. Ltd.,200,224.0,44800.0,2025-07-13T11:03:41.701012
2025-07-13,99951,2025071301002271,KBL,Property Wiard Limited,Naasa Securities Co. Ltd.,1000,225.0,225000.0,2025-07-13T11:03:42.399253
2025-07-13,99926,2025071301002274,KBL,Ashutosh Brokerage & Securities (PVT) Ltd.,Online Securities Pvt. Ltd.,500,224.0,112000.0,2025-07-13T11:03:43.350573
2025-07-13,99895,2025071301002285,KBL,Ashutosh Brokerage & Securities (PVT) Ltd.,Kohinoor Investment & Securities Pvt. Ltd.,1010,224.0,226240.0,2025-07-13T11:03:44.396725
2025-07-13,99894,2025071301002286,KBL,Naasa Securities Co. Ltd.,Kohinoor Investment & Securities Pvt. Ltd.,981,223.0,218763.0,2025-07-13T11:03:44.396762
2025-07-13,99814,2025071301002310,KBL,Secured Securities Ltd.,Sri Hari Securities Pvt. Ltd.,107,223.0,23861.0,2025-07-13T11:03:47.319006
2025-07-13,99777,2025071301002316,KBL,ABC Securities Private Limited,Sundhara Securities Limited,500,224.0,112000.0,2025-07-13T11:03:49.051766
2025-07-13,99731,2025071301002338,KBL,Secured Securities Ltd.,Premier Securities Company Ltd.,25,223.0,5575.0,2025-07-13T11:03:50.257388
2025-07-13,99639,2025071301002381,KBL,Nepal Investment And Securities Trading Private Limited,Sundhara Securities Limited,100,224.0,22400.0,2025-07-13T11:03:53.760214
2025-07-13,99488,2025071301002455,KBL,Online Securities Pvt. Ltd.,Sundhara Securities Limited,177,224.0,39648.0,2025-07-13T11:03:58.777114
2025-07-13,99487,2025071301002456,KBL,Online Securities Pvt. Ltd.,Linch Stock Market Ltd.,903,224.0,202272.0,2025-07-13T11:03:58.777259
2025-07-13,99295,2025071301002550,KBL,Secured Securities Ltd.,Neev Securities Pvt. Ltd.,34,223.0,7582.0,2025-07-13T11:04:06.762455
2025-07-13,99275,2025071301002557,KBL,Secured Securities Ltd.,Agrawal Securities (PVT) Ltd.,200,223.0,44600.0,2025-07-13T11:04:08.211588
2025-07-13,99262,2025071301002562,KBL,Imperial Securities Company Pvt. Ltd.,Linch Stock Market Ltd.,97,224.0,21728.0,2025-07-13T11:04:08.836725
2025-07-13,99208,2025071301002575,KBL,Trisul Securities & Invt. Ltd.,Midas Stock Broking Company Private Limited,200,223.9,44780.0,2025-07-13T11:04:10.58312
2025-07-13,99055,2025071301002641,KBL,Secured Securities Ltd.,Naasa Securities Co. Ltd.,500,223.0,111500.0,2025-07-13T11:04:17.792372
2025-07-13,99050,2025071301002643,KBL,Thrive Brokerage House Pvt. Ltd,Midas Stock Broking Company Private Limited,100,223.9,22390.0,2025-07-13T11:04:18.150992
2025-07-13,99042,2025071301002644,KBL,Trisul Securities & Invt. Ltd.,Midas Stock Broking Company Private Limited,697,223.9,156058.3,2025-07-13T11:04:18.654247
2025-07-13,99041,2025071301002645,KBL,Trisul Securities & Invt. Ltd.,Naasa Securities Co. Ltd.,1303,224.0,291872.0,2025-07-13T11:04:18.654409
2025-07-13,98946,2025071301002684,KBL,Secured Securities Ltd.,Agrawal Securities (PVT) Ltd.,11,223.0,2453.0,2025-07-13T11:04:23.48748
2025-07-13,98872,2025071301002708,KBL,Secured Securities Ltd.,Secured Securities Ltd.,123,223.0,27429.0,2025-07-13T11:04:28.277359
2025-07-13,98871,2025071301002709,KBL,Sani Securities Company Ltd.,Secured Securities Ltd.,200,223.0,44600.0,2025-07-13T11:04:28.277503
2025-07-13,98870,2025071301002710,KBL,Linch Stock Market Ltd.,Secured Securities Ltd.,58,223.0,12934.0,2025-07-13T11:04:28.277572
2025-07-13,98869,2025071301002711,KBL,Agrawal Securities (PVT) Ltd.,Secured Securities Ltd.,200,223.0,44600.0,2025-07-13T11:04:28.277643
2025-07-13,98868,2025071301002712,KBL,Dynamic Money Managers Securities Pvt. Ltd.,Secured Securities Ltd.,12,223.0,2676.0,2025-07-13T11:04:28.277716
2025-07-13,98867,2025071301002713,KBL,Trishakti Securities Public Limited,Secured Securities Ltd.,407,223.0,90761.0,2025-07-13T11:04:28.27779
2025-07-13,98827,2025071301002724,KBL,Trishakti Securities Public Limited,Capital Max Securities Ltd,593,223.0,132239.0,2025-07-13T11:04:30.671773
2025-07-13,98780,2025071301002739,KBL,Kohinoor Investment & Securities Pvt. Ltd.,Capital Max Securities Ltd,100,223.0,22300.0,2025-07-13T11:04:33.019047
2025-07-13,98654,2025071301002780,KBL,Naasa Securities Co. Ltd.,Capital Max Securities Ltd,10,223.0,2230.0,2025-07-13T11:04:39.219925
2025-07-13,98599,2025071301002795,KBL,Neev Securities Pvt. Ltd.,Capital Max Securities Ltd,1297,223.0,289231.0,2025-07-13T11:04:41.244651
2025-07-13,98553,2025071301002811,KBL,Online Securities Pvt. Ltd.,Nagarik Stock Dealer ,490,222.5,109025.0,2025-07-13T11:04:43.315001
2025-07-13,98503,2025071301002840,KBL,Online Securities Pvt. Ltd.,Kumari Securities Private Limited,500,222.5,111250.0,2025-07-13T11:04:45.478807
2025-07-13,98451,2025071301002859,KBL,Online Securities Pvt. Ltd.,Online Securities Pvt. Ltd.,30,222.5,6675.0,2025-07-13T11:04:47.775198
2025-07-13,98399,2025071301002874,KBL,Online Securities Pvt. Ltd.,Naasa Securities Co. Ltd.,200,222.5,44500.0,2025-07-13T11:04:49.553344
2025-07-13,98339,2025071301002898,KBL,Neev Securities Pvt. Ltd.,Siprabi Securities Pvt. Ltd.,1000,223.0,223000.0,2025-07-13T11:04:52.420658
2025-07-13,98293,2025071301002915,KBL,Online Securities Pvt. Ltd.,Trishakti Securities Public Limited,10,222.5,2225.0,2025-07-13T11:04:55.052844
2025-07-13,98239,2025071301002944,KBL,Online Securities Pvt. Ltd.,Neev Securities Pvt. Ltd.,770,222.5,171325.0,2025-07-13T11:04:58.467139
2025-07-13,98238,2025071301002945,KBL,Sewa Securities Pvt. Ltd.,Neev Securities Pvt. Ltd.,25,222.5,5562.5,2025-07-13T11:04:58.467494
2025-07-13,98237,2025071301002946,KBL,Ashutosh Brokerage & Securities (PVT) Ltd.,Neev Securities Pvt. Ltd.,450,222.5,100125.0,2025-07-13T11:04:58.467739
2025-07-13,98236,2025071301002947,KBL,Kumari Securities Private Limited,Neev Securities Pvt. Ltd.,100,222.0,22200.0,2025-07-13T11:04:58.467989
2025-07-13,98235,2025071301002948,KBL,Vision Securities Pvt. Ltd,Neev Securities Pvt. Ltd.,55,222.0,12210.0,2025-07-13T11:04:58.46825
2025-07-13,98234,2025071301002949,KBL,Imperial Securities Company Pvt. Ltd.,Neev Securities Pvt. Ltd.,1000,222.0,222000.0,2025-07-13T11:04:58.468467
2025-07-13,98233,2025071301002950,KBL,Miyo Securities Pvt Ltd,Neev Securities Pvt. Ltd.,250,222.0,55500.0,2025-07-13T11:04:58.46869
2025-07-13,98232,2025071301002951,KBL,Indira securities pvt. ltd,Neev Securities Pvt. Ltd.,500,222.0,111000.0,2025-07-13T11:04:58.468915
2025-07-13,98231,2025071301002952,KBL,Kumari Securities Private Limited,Neev Securities Pvt. Ltd.,200,222.0,44400.0,2025-07-13T11:04:58.469161
2025-07-13,98230,2025071301002953,KBL,ABC Securities Private Limited,Neev Securities Pvt. Ltd.,1000,221.5,221500.0,2025-07-13T11:04:58.469413
2025-07-13,98229,2025071301002954,KBL,Kohinoor Investment & Securities Pvt. Ltd.,Neev Securities Pvt. Ltd.,15,221.0,3315.0,2025-07-13T11:04:58.469634
2025-07-13,98228,2025071301002955,KBL,ABC Securities Private Limited,Neev Securities Pvt. Ltd.,135,221.0,29835.0,2025-07-13T11:04:58.469853
2025-07-13,98074,2025071301002998,KBL,Online Securities Pvt. Ltd.,Ashutosh Brokerage & Securities (PVT) Ltd.,10,222.5,2225.0,2025-07-13T11:05:05.050727
2025-07-13,98073,2025071301002999,KBL,Online Securities Pvt. Ltd.,Vision Securities Pvt. Ltd,700,223.0,156100.0,2025-07-13T11:05:05.050899
2025-07-13,98065,2025071301003000,KBL,Online Securities Pvt. Ltd.,Trishakti Securities Public Limited,20,223.0,4460.0,2025-07-13T11:05:05.165717
2025-07-13,97959,2025071301003037,KBL,Online Securities Pvt. Ltd.,Neev Securities Pvt. Ltd.,330,223.0,73590.0,2025-07-13T11:05:10.582596
2025-07-13,97949,2025071301003042,KBL,Online Securities Pvt. Ltd.,Sewa Securities Pvt. Ltd.,640,223.0,142720.0,2025-07-13T11:05:10.954935
2025-07-13,97948,2025071301003043,KBL,Pragyan Securities (PVT) Ltd.,Sewa Securities Pvt. Ltd.,100,223.0,22300.0,2025-07-13T11:05:10.955276
2025-07-13,97947,2025071301003044,KBL,Secured Securities Ltd.,Sewa Securities Pvt. Ltd.,50,222.5,11125.0,2025-07-13T11:05:10.955481
2025-07-13,97934,2025071301003049,KBL,Cristal Kanchanjanga Securites Pvt. Ltd.,Sewa Securities Pvt. Ltd.,100,222.5,22250.0,2025-07-13T11:05:12.136763
2025-07-13,97911,2025071301003061,KBL,Neev Securities Pvt. Ltd.,Sewa Securities Pvt. Ltd.,110,222.5,24475.0,2025-07-13T11:05:13.601644
2025-07-13,97910,2025071301003062,KBL,Neev Securities Pvt. Ltd.,Imperial Securities Company Pvt. Ltd.,34,223.5,7599.0,2025-07-13T11:05:13.601807
2025-07-13,97909,2025071301003063,KBL,Neev Securities Pvt. Ltd.,Trisul Securities & Invt. Ltd.,20,223.9,4478.0,2025-07-13T11:05:13.601886
2025-07-13,97908,2025071301003064,KBL,Neev Securities Pvt. Ltd.,Deevyaa Securities & Stock House Pvt. Ltd,836,223.9,187180.4,2025-07-13T11:05:13.601957
2025-07-13,97893,2025071301003068,KBL,Sumeru Securities Pvt. Ltd.,Naasa Securities Co. Ltd.,500,222.0,111000.0,2025-07-13T11:05:14.384966
2025-07-13,97892,2025071301003069,KBL,Linch Stock Market Ltd.,Naasa Securities Co. Ltd.,2000,222.0,444000.0,2025-07-13T11:05:14.385127
2025-07-13,97867,2025071301003077,KBL,Trisul Securities & Invt. Ltd.,Naasa Securities Co. Ltd.,200,222.0,44400.0,2025-07-13T11:05:15.830317
2025-07-13,97816,2025071301003100,KBL,Aryatara Investment & Securities,Naasa Securities Co. Ltd.,500,222.0,111000.0,2025-07-13T11:05:18.606817
2025-07-13,97643,2025071301003191,KBL,Capital Max Securities Ltd,Naasa Securities Co. Ltd.,1000,221.1,221100.0,2025-07-13T11:05:27.889448
2025-07-13,97642,2025071301003192,KBL,ABC Securities Private Limited,Naasa Securities Co. Ltd.,941,221.0,207961.0,2025-07-13T11:05:27.889628
2025-07-13,97574,2025071301003226,KBL,ABC Securities Private Limited,Naasa Securities Co. Ltd.,924,221.0,204204.0,2025-07-13T11:05:31.772145
2025-07-13,97573,2025071301003227,KBL,ABC Securities Private Limited,Naasa Securities Co. Ltd.,2000,220.1,440200.0,2025-07-13T11:05:31.772314
2025-07-13,97572,2025071301003228,KBL,ABC Securities Private Limited,Naasa Securities Co. Ltd.,50,220.0,11000.0,2025-07-13T11:05:31.772396
2025-07-13,97571,2025071301003229,KBL,Sundhara Securities Limited,Naasa Securities Co. Ltd.,10,220.0,2200.0,2025-07-13T11:05:31.772476
2025-07-13,97570,2025071301003230,KBL,Opal Securities Investment (PVT) Ltd.,Naasa Securities Co. Ltd.,200,220.0,44000.0,2025-07-13T11:05:31.772554
2025-07-13,97569,2025071301003231,KBL,Online Securities Pvt. Ltd.,Naasa Securities Co. Ltd.,500,220.0,110000.0,2025-07-13T11:05:31.772633
2025-07-13,97568,2025071301003232,KBL,Asian Securities Private Ltd.,Naasa Securities Co. Ltd.,1000,220.0,220000.0,2025-07-13T11:05:31.772707
2025-07-13,97567,2025071301003233,KBL,Imperial Securities Company Pvt. Ltd.,Naasa Securities Co. Ltd.,3000,220.0,660000.0,2025-07-13T11:05:31.772781
2025-07-13,97566,2025071301003234,KBL,Trisul Securities & Invt. Ltd.,Naasa Securities Co. Ltd.,1000,220.0,220000.0,2025-07-13T11:05:31.772857
2025-07-13,97565,2025071301003235,KBL,Swarna Laxmi Securities Pvt. Ltd.,Naasa Securities Co. Ltd.,500,220.0,110000.0,2025-07-13T11:05:31.77293
2025-07-13,97564,2025071301003236,KBL,Kohinoor Investment & Securities Pvt. Ltd.,Naasa Securities Co. Ltd.,400,220.0,88000.0,2025-07-13T11:05:31.772999
2025-07-13,97563,2025071301003237,KBL,Sani Securities Company Ltd.,Naasa Securities Co. Ltd.,1000,220.0,220000.0,2025-07-13T11:05:31.773076
2025-07-13,97562,2025071301003238,KBL,Naasa Securities Co. Ltd.,Naasa Securities Co. Ltd.,10,220.0,2200.0,2025-07-13T11:05:31.773147
2025-07-13,97561,2025071301003239,KBL,Himalayan Securities Limited,Naasa Securities Co. Ltd.,500,220.0,110000.0,2025-07-13T11:05:31.773219
2025-07-13,97560,2025071301003240,KBL,Capital Hub P. Ltd,Naasa Securities Co. Ltd.,706,220.0,155320.0,2025-07-13T11:05:31.773288
2025-07-13,97376,2025071301003304,KBL,Dakshinkali Investment & Securities Pvt. Ltd.,Naasa Securities Co. Ltd.,400,221.0,88400.0,2025-07-13T11:05:42.475789
2025-07-13,97257,2025071301003354,KBL,Sweta Securities Private Limited,Naasa Securities Co. Ltd.,100,221.0,22100.0,2025-07-13T11:05:49.976101
2025-07-13,97231,2025071301003366,KBL,Capital Hub P. Ltd,Nepal Investment And Securities Trading Private Limited,300,220.0,66000.0,2025-07-13T11:05:50.541704
2025-07-13,97219,2025071301003369,KBL,Dipshikha Dhitopatra Karobar Co. Pvt Ltd.,Online Securities Pvt. Ltd.,100,221.0,22100.0,2025-07-13T11:05:50.914085
2025-07-13,97161,2025071301003398,KBL,Elite Stock House Limited,Trishakti Securities Public Limited,20,221.1,4422.0,2025-07-13T11:05:54.705099
2025-07-13,97114,2025071301003413,KBL,Elite Stock House Limited,Bhrikuti Stock Broking Co. Pvt. Ltd.,230,221.2,50876.0,2025-07-13T11:05:57.261172
2025-07-13,96981,2025071301003478,KBL,Trisul Securities & Invt. Ltd.,Bhrikuti Stock Broking Co. Pvt. Ltd.,70,221.0,15470.0,2025-07-13T11:06:05.572203
2025-07-13,96901,2025071301003513,KBL,Trisul Securities & Invt. Ltd.,Nepal Stock House (PVT) Ltd.,600,221.0,132600.0,2025-07-13T11:06:09.743924
2025-07-13,96838,2025071301003529,KBL,Dipshikha Dhitopatra Karobar Co. Pvt Ltd.,Sundhara Securities Limited,100,222.0,22200.0,2025-07-13T11:06:11.990513
2025-07-13,96634,2025071301003612,KBL,Imperial Securities Company Pvt. Ltd.,Primo Securities (PVT) Ltd.,480,222.0,106560.0,2025-07-13T11:06:23.460653
2025-07-13,96609,2025071301003623,KBL,Trisul Securities & Invt. Ltd.,Primo Securities (PVT) Ltd.,20,222.0,4440.0,2025-07-13T11:06:25.953416
2025-07-13,96532,2025071301003661,KBL,Agrawal Securities (PVT) Ltd.,Kumari Securities Private Limited,100,222.4,22240.0,2025-07-13T11:06:30.679904
2025-07-13,96460,2025071301003698,KBL,Trisul Securities & Invt. Ltd.,Kohinoor Investment & Securities Pvt. Ltd.,10,222.0,2220.0,2025-07-13T11:06:34.05863
2025-07-13,96459,2025071301003699,KBL,Trisul Securities & Invt. Ltd.,Kohinoor Investment & Securities Pvt. Ltd.,330,221.0,72930.0,2025-07-13T11:06:34.058964
2025-07-13,96458,2025071301003700,KBL,Kumari Securities Private Limited,Kohinoor Investment & Securities Pvt. Ltd.,20,221.0,4420.0,2025-07-13T11:06:34.059224
2025-07-13,96457,2025071301003701,KBL,ABC Securities Private Limited,Kohinoor Investment & Securities Pvt. Ltd.,20,221.0,4420.0,2025-07-13T11:06:34.059452
2025-07-13,96435,2025071301003710,KBL,Neev Securities Pvt. Ltd.,Kohinoor Investment & Securities Pvt. Ltd.,1200,221.0,265200.0,2025-07-13T11:06:35.126664
2025-07-13,96332,2025071301003751,KBL,Neev Securities Pvt. Ltd.,SUN SECURITIES PVT LTD,244,221.0,53924.0,2025-07-13T11:06:43.136701
2025-07-13,96319,2025071301003762,KBL,Neev Securities Pvt. Ltd.,Sundhara Securities Limited,556,221.0,122876.0,2025-07-13T11:06:43.294265
2025-07-13,96277,2025071301003777,KBL,Vision Securities Pvt. Ltd,Sundhara Securities Limited,444,221.0,98124.0,2025-07-13T11:06:46.524251
2025-07-13,96276,2025071301003778,KBL,Vision Securities Pvt. Ltd,Kumari Securities Private Limited,56,222.4,12454.4,2025-07-13T11:06:46.524301
2025-07-13,96100,2025071301003849,KBL,Trishakti Securities Public Limited,Opal Securities Investment (PVT) Ltd.,249,222.0,55278.0,2025-07-13T11:06:58.255304
2025-07-13,96099,2025071301003850,KBL,Trishakti Securities Public Limited,Kumari Securities Private Limited,44,222.4,9785.6,2025-07-13T11:06:58.255501
2025-07-13,96098,2025071301003851,KBL,Trishakti Securities Public Limited,Trishakti Securities Public Limited,10,223.0,2230.0,2025-07-13T11:06:58.255597
2025-07-13,96097,2025071301003852,KBL,Trishakti Securities Public Limited,Neev Securities Pvt. Ltd.,100,223.0,22300.0,2025-07-13T11:06:58.255684
2025-07-13,96096,2025071301003853,KBL,Trishakti Securities Public Limited,Ashutosh Brokerage & Securities (PVT) Ltd.,600,223.0,133800.0,2025-07-13T11:06:58.255768
2025-07-13,96095,2025071301003854,KBL,Trishakti Securities Public Limited,Naasa Securities Co. Ltd.,30,223.0,6690.0,2025-07-13T11:06:58.255859
2025-07-13,96094,2025071301003855,KBL,Trishakti Securities Public Limited,Primo Securities (PVT) Ltd.,436,223.0,97228.0,2025-07-13T11:06:58.255963
2025-07-13,96090,2025071301003857,KBL,Trishakti Securities Public Limited,Naasa Securities Co. Ltd.,25,223.0,5575.0,2025-07-13T11:06:58.758998
2025-07-13,96022,2025071301003891,KBL,Trishakti Securities Public Limited,Creative Securities Pvt Ltd,200,223.0,44600.0,2025-07-13T11:07:03.26802
2025-07-13,95965,2025071301003911,KBL,Trishakti Securities Public Limited,Siprabi Securities Pvt. Ltd.,200,223.0,44600.0,2025-07-13T11:07:09.294155
2025-07-13,95947,2025071301003922,KBL,Trishakti Securities Public Limited,Aryatara Investment & Securities,1000,223.0,223000.0,2025-07-13T11:07:09.90284
2025-07-13,95929,2025071301003931,KBL,Trishakti Securities Public Limited,Thrive Brokerage House Pvt. Ltd,1650,223.0,367950.0,2025-07-13T11:07:12.022865
2025-07-13,95920,2025071301003937,KBL,Himalayan Brokerage Company Limited,Deevyaa Securities & Stock House Pvt. Ltd,200,223.9,44780.0,2025-07-13T11:07:12.594066
2025-07-13,95892,2025071301003955,KBL,Neev Securities Pvt. Ltd.,Deevyaa Securities & Stock House Pvt. Ltd,1000,223.9,223900.0,2025-07-13T11:07:14.451366
2025-07-13,95878,2025071301003961,KBL,Trishakti Securities Public Limited,Nepal Investment And Securities Trading Private Limited,100,223.0,22300.0,2025-07-13T11:07:15.99356
2025-07-13,95848,2025071301003973,KBL,Trishakti Securities Public Limited,Roadshow securities limited,31,223.0,6913.0,2025-07-13T11:07:18.986177
2025-07-13,95712,2025071301004025,KBL,Property Wiard Limited,Deevyaa Securities & Stock House Pvt. Ltd,964,223.9,215839.6,2025-07-13T11:07:28.264478
2025-07-13,95703,2025071301004026,KBL,Property Wiard Limited,Sani Securities Company Ltd.,36,223.9,8060.4,2025-07-13T11:07:28.477745
2025-07-13,95702,2025071301004027,KBL,Trishakti Securities Public Limited,Sani Securities Company Ltd.,19,223.0,4237.0,2025-07-13T11:07:28.478154
2025-07-13,95640,2025071301004066,KBL,Trishakti Securities Public Limited,Nepal Investment And Securities Trading Private Limited,306,223.0,68238.0,2025-07-13T11:07:33.261191
2025-07-13,95534,2025071301004119,KBL,Kumari Securities Private Limited,Nepal Investment And Securities Trading Private Limited,94,223.0,20962.0,2025-07-13T11:07:39.15687
2025-07-13,95533,2025071301004120,KBL,Kumari Securities Private Limited,Naasa Securities Co. Ltd.,197,224.0,44128.0,2025-07-13T11:07:39.157083
2025-07-13,95532,2025071301004121,KBL,Kumari Securities Private Limited,Agrawal Securities (PVT) Ltd.,40,224.0,8960.0,2025-07-13T11:07:39.157176
2025-07-13,95531,2025071301004122,KBL,Kumari Securities Private Limited,Secured Securities Ltd.,22,224.0,4928.0,2025-07-13T11:07:39.157266
2025-07-13,95530,2025071301004123,KBL,Kumari Securities Private Limited,NIMB Stock Markets Limited,10,224.0,2240.0,2025-07-13T11:07:39.157352
2025-07-13,95529,2025071301004124,KBL,Kumari Securities Private Limited,Deevyaa Securities & Stock House Pvt. Ltd,487,224.0,109088.0,2025-07-13T11:07:39.157442
2025-07-13,95374,2025071301004172,KBL,Premier Securities Company Ltd.,Deevyaa Securities & Stock House Pvt. Ltd,13,224.0,2912.0,2025-07-13T11:07:48.813997
2025-07-13,95373,2025071301004173,KBL,Premier Securities Company Ltd.,Premier Securities Company Ltd.,37,224.0,8288.0,2025-07-13T11:07:48.814237
2025-07-13,95366,2025071301004177,KBL,Nepal Investment And Securities Trading Private Limited,Premier Securities Company Ltd.,500,224.0,112000.0,2025-07-13T11:07:49.626214
2025-07-13,95319,2025071301004188,KBL,Neev Securities Pvt. Ltd.,Sani Securities Company Ltd.,470,223.0,104810.0,2025-07-13T11:07:53.485483
2025-07-13,95255,2025071301004217,KBL,Swarna Laxmi Securities Pvt. Ltd.,Premier Securities Company Ltd.,1000,223.9,223900.0,2025-07-13T11:07:57.675201
2025-07-13,95254,2025071301004218,KBL,Swarna Laxmi Securities Pvt. Ltd.,Naasa Securities Co. Ltd.,10,223.9,2239.0,2025-07-13T11:07:57.675403
2025-07-13,95253,2025071301004219,KBL,Swarna Laxmi Securities Pvt. Ltd.,Premier Securities Company Ltd.,990,224.0,221760.0,2025-07-13T11:07:57.675503
2025-07-13,95210,2025071301004242,KBL,Neev Securities Pvt. Ltd.,Bhrikuti Stock Broking Co. Pvt. Ltd.,30,223.0,6690.0,2025-07-13T11:08:01.283414
2025-07-13,95209,2025071301004243,KBL,Trishakti Securities Public Limited,Bhrikuti Stock Broking Co. Pvt. Ltd.,270,223.0,60210.0,2025-07-13T11:08:01.28367
2025-07-13,95207,2025071301004244,KBL,Dipshikha Dhitopatra Karobar Co. Pvt Ltd.,Sri Hari Securities Pvt. Ltd.,110,223.7,24607.0,2025-07-13T11:08:01.449646
2025-07-13,95206,2025071301004245,KBL,Dipshikha Dhitopatra Karobar Co. Pvt Ltd.,Premier Securities Company Ltd.,473,224.0,105952.0,2025-07-13T11:08:01.449844
2025-07-13,95205,2025071301004246,KBL,Dipshikha Dhitopatra Karobar Co. Pvt Ltd.,Premier Securities Company Ltd.,417,224.0,93408.0,2025-07-13T11:08:01.449945
2025-07-13,95166,2025071301004262,KBL,Trishakti Securities Public Limited,Sani Securities Company Ltd.,200,223.0,44600.0,2025-07-13T11:08:05.746441
2025-07-13,95127,2025071301004277,KBL,Trishakti Securities Public Limited,Online Securities Pvt. Ltd.,30,223.0,6690.0,2025-07-13T11:08:07.9292
2025-07-13,95126,2025071301004278,KBL,Aryatara Investment & Securities,Online Securities Pvt. Ltd.,1000,223.0,223000.0,2025-07-13T11:08:07.929402
2025-07-13,95120,2025071301004281,KBL,Deevyaa Securities & Stock House Pvt. Ltd,Online Securities Pvt. Ltd.,295,223.0,65785.0,2025-07-13T11:08:08.573406
2025-07-13,95119,2025071301004282,KBL,Deevyaa Securities & Stock House Pvt. Ltd,Market Securities & Exchange (PVT) Ltd.,200,223.3,44660.0,2025-07-13T11:08:08.573615
2025-07-13,95085,2025071301004294,KBL,Trishakti Securities Public Limited,Oxford Securities Pvt. Ltd.,200,223.5,44700.0,2025-07-13T11:08:12.244784
2025-07-13,95058,2025071301004301,KBL,Sundhara Securities Limited,Naasa Securities Co. Ltd.,200,222.5,44500.0,2025-07-13T11:08:15.373759
2025-07-13,94967,2025071301004332,KBL,Deevyaa Securities & Stock House Pvt. Ltd,Midas Stock Broking Company Private Limited,200,222.4,44480.0,2025-07-13T11:08:21.316617
2025-07-13,94929,2025071301004348,KBL,Swarna Laxmi Securities Pvt. Ltd.,Naasa Securities Co. Ltd.,10,222.5,2225.0,2025-07-13T11:08:24.920202
2025-07-13,94831,2025071301004385,KBL,Aryatara Investment & Securities,Sundhara Securities Limited,250,223.0,55750.0,2025-07-13T11:08:31.534008
2025-07-13,94806,2025071301004400,KBL,Secured Securities Ltd.,Sundhara Securities Limited,75,223.0,16725.0,2025-07-13T11:08:33.684045
2025-07-13,94791,2025071301004406,KBL,Deevyaa Securities & Stock House Pvt. Ltd,Naasa Securities Co. Ltd.,5,225.0,1125.0,2025-07-13T11:08:34.599189
2025-07-13,94761,2025071301004418,KBL,Aryatara Investment & Securities,Sundhara Securities Limited,500,223.0,111500.0,2025-07-13T11:08:37.660007
2025-07-13,94705,2025071301004439,KBL,Swarna Laxmi Securities Pvt. Ltd.,Nepal Investment And Securities Trading Private Limited,20,222.5,4450.0,2025-07-13T11:08:42.396104
2025-07-13,94692,2025071301004443,KBL,Swarna Laxmi Securities Pvt. Ltd.,Linch Stock Market Ltd.,219,222.5,48727.5,2025-07-13T11:08:43.386002
2025-07-13,94683,2025071301004446,KBL,Neev Securities Pvt. Ltd.,Linch Stock Market Ltd.,1000,222.5,222500.0,2025-07-13T11:08:44.043911
2025-07-13,94645,2025071301004461,KBL,Elite Stock House Limited,Linch Stock Market Ltd.,70,222.5,15575.0,2025-07-13T11:08:47.413577
2025-07-13,94592,2025071301004493,KBL,Imperial Securities Company Pvt. Ltd.,Imperial Securities Company Pvt. Ltd.,50,222.4,11120.0,2025-07-13T11:08:52.198189
2025-07-13,94541,2025071301004505,KBL,Agrawal Securities (PVT) Ltd.,Imperial Securities Company Pvt. Ltd.,50,222.4,11120.0,2025-07-13T11:08:56.442498
2025-07-13,94540,2025071301004506,KBL,Agrawal Securities (PVT) Ltd.,Linch Stock Market Ltd.,150,222.5,33375.0,2025-07-13T11:08:56.442716
2025-07-13,94489,2025071301004521,KBL,Agrawal Securities (PVT) Ltd.,Nepal Investment And Securities Trading Private Limited,98,222.0,21756.0,2025-07-13T11:09:01.742697
2025-07-13,94394,2025071301004545,KBL,Agrawal Securities (PVT) Ltd.,Imperial Securities Company Pvt. Ltd.,40,222.0,8880.0,2025-07-13T11:09:08.45585
2025-07-13,94378,2025071301004552,KBL,Agrawal Securities (PVT) Ltd.,Thrive Brokerage House Pvt. Ltd,250,222.0,55500.0,2025-07-13T11:09:10.156513
2025-07-13,94373,2025071301004554,KBL,Agrawal Securities (PVT) Ltd.,Global IME Securities Limited,222,222.0,49284.0,2025-07-13T11:09:10.880556
2025-07-13,94282,2025071301004596,KBL,SHUBHAKAMANA SECURITIES PVT. LTD,Linch Stock Market Ltd.,61,222.5,13572.5,2025-07-13T11:09:16.842567
2025-07-13,94281,2025071301004597,KBL,SHUBHAKAMANA SECURITIES PVT. LTD,Sundhara Securities Limited,175,223.0,39025.0,2025-07-13T11:09:16.842659
2025-07-13,94280,2025071301004598,KBL,SHUBHAKAMANA SECURITIES PVT. LTD,ABC Securities Private Limited,490,223.0,109270.0,2025-07-13T11:09:16.842754
2025-07-13,94279,2025071301004599,KBL,SHUBHAKAMANA SECURITIES PVT. LTD,Sri Hari Securities Pvt. Ltd.,530,223.0,118190.0,2025-07-13T11:09:16.842813
2025-07-13,94278,2025071301004600,KBL,SHUBHAKAMANA SECURITIES PVT. LTD,Oxford Securities Pvt. Ltd.,221,223.5,49393.5,2025-07-13T11:09:16.842878
2025-07-13,94277,2025071301004601,KBL,SHUBHAKAMANA SECURITIES PVT. LTD,J.F. Securites (PVT) Ltd.,1000,223.8,223800.0,2025-07-13T11:09:16.84295
2025-07-13,94276,2025071301004602,KBL,SHUBHAKAMANA SECURITIES PVT. LTD,Premier Securities Company Ltd.,583,224.0,130592.0,2025-07-13T11:09:16.84302
2025-07-13,94275,2025071301004603,KBL,SHUBHAKAMANA SECURITIES PVT. LTD,Imperial Securities Company Pvt. Ltd.,100,224.0,22400.0,2025-07-13T11:09:16.843112
2025-07-13,94274,2025071301004604,KBL,SHUBHAKAMANA SECURITIES PVT. LTD,Siprabi Securities Pvt. Ltd.,200,224.0,44800.0,2025-07-13T11:09:16.843184
2025-07-13,94273,2025071301004605,KBL,SHUBHAKAMANA SECURITIES PVT. LTD,Sumeru Securities Pvt. Ltd.,25,224.0,5600.0,2025-07-13T11:09:16.843259
2025-07-13,94272,2025071301004606,KBL,SHUBHAKAMANA SECURITIES PVT. LTD,Naasa Securities Co. Ltd.,60,224.0,13440.0,2025-07-13T11:09:16.843326
2025-07-13,94271,2025071301004607,KBL,SHUBHAKAMANA SECURITIES PVT. LTD,Nepal Investment And Securities Trading Private Limited,1000,224.0,224000.0,2025-07-13T11:09:16.843396
2025-07-13,94270,2025071301004608,KBL,SHUBHAKAMANA SECURITIES PVT. LTD,Naasa Securities Co. Ltd.,555,224.0,124320.0,2025-07-13T11:09:16.843478
2025-07-13,93906,2025071301004819,KBL,Aryatara Investment & Securities,Naasa Securities Co. Ltd.,500,224.0,112000.0,2025-07-13T11:09:42.889779
2025-07-13,93795,2025071301004865,KBL,Imperial Securities Company Pvt. Ltd.,Kohinoor Investment & Securities Pvt. Ltd.,10,222.5,2225.0,2025-07-13T11:09:54.682076
2025-07-13,93657,2025071301004924,KBL,South Asian Bulls Pvt. Ltd.,Naasa Securities Co. Ltd.,45,224.0,10080.0,2025-07-13T11:10:07.965173
2025-07-13,93656,2025071301004925,KBL,South Asian Bulls Pvt. Ltd.,Naasa Securities Co. Ltd.,130,224.0,29120.0,2025-07-13T11:10:07.965633
2025-07-13,93655,2025071301004926,KBL,South Asian Bulls Pvt. Ltd.,Imperial Securities Company Pvt. Ltd.,700,224.0,156800.0,2025-07-13T11:10:07.965963
2025-07-13,93654,2025071301004927,KBL,South Asian Bulls Pvt. Ltd.,Pragyan Securities (PVT) Ltd.,80,224.0,17920.0,2025-07-13T11:10:07.966288
2025-07-13,93653,2025071301004928,KBL,South Asian Bulls Pvt. Ltd.,Sundhara Securities Limited,45,224.0,10080.0,2025-07-13T11:10:07.966624
2025-07-13,93612,2025071301004941,KBL,Sagarmatha Securities Private Limited,Sundhara Securities Limited,55,224.0,12320.0,2025-07-13T11:10:12.10715
2025-07-13,93611,2025071301004942,KBL,Sagarmatha Securities Private Limited,Naasa Securities Co. Ltd.,100,224.0,22400.0,2025-07-13T11:10:12.107393
2025-07-13,93531,2025071301004983,KBL,Sagarmatha Securities Private Limited,Sundhara Securities Limited,345,224.0,77280.0,2025-07-13T11:10:19.668731
2025-07-13,93505,2025071301004994,KBL,Trishakti Securities Public Limited,Sundhara Securities Limited,155,224.0,34720.0,2025-07-13T11:10:22.021777
2025-07-13,93504,2025071301004995,KBL,Trishakti Securities Public Limited,Online Securities Pvt. Ltd.,295,224.0,66080.0,2025-07-13T11:10:22.02234
2025-07-13,93447,2025071301005014,KBL,Imperial Securities Company Pvt. Ltd.,Online Securities Pvt. Ltd.,105,224.0,23520.0,2025-07-13T11:10:26.718381
2025-07-13,93425,2025071301005023,KBL,Imperial Securities Company Pvt. Ltd.,ABC Securities Private Limited,65,224.0,14560.0,2025-07-13T11:10:27.538815
2025-07-13,93382,2025071301005047,KBL,Secured Securities Ltd.,ABC Securities Private Limited,100,223.0,22300.0,2025-07-13T11:10:32.318674
2025-07-13,93369,2025071301005051,KBL,Trisul Securities & Invt. Ltd.,ABC Securities Private Limited,35,223.0,7805.0,2025-07-13T11:10:33.311794
2025-07-13,93168,2025071301005130,KBL,Pragyan Securities (PVT) Ltd.,Naasa Securities Co. Ltd.,150,224.0,33600.0,2025-07-13T11:10:54.214367
2025-07-13,93167,2025071301005131,KBL,Pragyan Securities (PVT) Ltd.,Blue Chip Securities Ltd,95,224.0,21280.0,2025-07-13T11:10:54.214632
2025-07-13,93166,2025071301005132,KBL,Pragyan Securities (PVT) Ltd.,Malla & Malla Stock Broking Company Pvt. Limited,255,224.0,57120.0,2025-07-13T11:10:54.214795
2025-07-13,92984,2025071301005226,KBL,Thrive Brokerage House Pvt. Ltd,Cristal Kanchanjanga Securites Pvt. Ltd.,10,223.9,2239.0,2025-07-13T11:11:11.443124
2025-07-13,92739,2025071301005318,KBL,Market Securities & Exchange (PVT) Ltd.,Cristal Kanchanjanga Securites Pvt. Ltd.,210,223.9,47019.0,2025-07-13T11:11:34.270896
2025-07-13,92738,2025071301005319,KBL,Market Securities & Exchange (PVT) Ltd.,Sani Securities Company Ltd.,42,223.9,9403.8,2025-07-13T11:11:34.271174
2025-07-13,92653,2025071301005348,KBL,Market Securities & Exchange (PVT) Ltd.,Investment Management Nepal Pvt. Ltd.,25,223.9,5597.5,2025-07-13T11:11:40.67945
2025-07-13,92614,2025071301005363,KBL,Market Securities & Exchange (PVT) Ltd.,Sumeru Securities Pvt. Ltd.,30,223.9,6717.0,2025-07-13T11:11:44.590447
2025-07-13,92577,2025071301005389,KBL,Market Securities & Exchange (PVT) Ltd.,Kumari Securities Private Limited,693,223.9,155162.7,2025-07-13T11:11:46.915064
2025-07-13,92551,2025071301005402,KBL,Opal Securities Investment (PVT) Ltd.,S.P.S.A. Securities Limited,60,223.1,13386.0,2025-07-13T11:11:49.714808
2025-07-13,92550,2025071301005403,KBL,Sani Securities Company Ltd.,S.P.S.A. Securities Limited,50,223.1,11155.0,2025-07-13T11:11:49.714866
2025-07-13,92549,2025071301005404,KBL,Citizens Share Broker Limited,S.P.S.A. Securities Limited,200,223.1,44620.0,2025-07-13T11:11:49.714908
2025-07-13,92548,2025071301005405,KBL,Trisul Securities & Invt. Ltd.,S.P.S.A. Securities Limited,690,223.0,153870.0,2025-07-13T11:11:49.714941
2025-07-13,92545,2025071301005408,KBL,South Asian Bulls Pvt. Ltd.,Malla & Malla Stock Broking Company Pvt. Limited,45,224.0,10080.0,2025-07-13T11:11:50.121437
2025-07-13,92544,2025071301005409,KBL,South Asian Bulls Pvt. Ltd.,Vision Securities Pvt. Ltd,55,224.0,12320.0,2025-07-13T11:11:50.121715
2025-07-13,92472,2025071301005443,KBL,Neev Securities Pvt. Ltd.,Online Securities Pvt. Ltd.,100,223.5,22350.0,2025-07-13T11:11:57.311729
2025-07-13,92328,2025071301005500,KBL,Premier Securities Company Ltd.,BHOLE GANESH SECURITIES LTD,50,223.4,11170.0,2025-07-13T11:12:09.957699
2025-07-13,92271,2025071301005532,KBL,Sundhara Securities Limited,BHOLE GANESH SECURITIES LTD,63,223.4,14074.2,2025-07-13T11:12:13.50998
2025-07-13,92270,2025071301005533,KBL,Sundhara Securities Limited,Online Securities Pvt. Ltd.,100,223.5,22350.0,2025-07-13T11:12:13.510268
2025-07-13,92269,2025071301005534,KBL,Sundhara Securities Limited,Vision Securities Pvt. Ltd,37,224.0,8288.0,2025-07-13T11:12:13.510401
2025-07-13,92002,2025071301005629,KBL,Imperial Securities Company Pvt. Ltd.,Vision Securities Pvt. Ltd,408,224.0,91392.0,2025-07-13T11:12:34.542067
2025-07-13,92001,2025071301005630,KBL,Imperial Securities Company Pvt. Ltd.,Online Securities Pvt. Ltd.,65,224.0,14560.0,2025-07-13T11:12:34.542423
2025-07-13,92000,2025071301005631,KBL,Imperial Securities Company Pvt. Ltd.,Opal Securities Investment (PVT) Ltd.,300,224.0,67200.0,2025-07-13T11:12:34.542622
2025-07-13,91999,2025071301005632,KBL,Imperial Securities Company Pvt. Ltd.,Kumari Securities Private Limited,227,224.0,50848.0,2025-07-13T11:12:34.542784
2025-07-13,91796,2025071301005718,KBL,Secured Securities Ltd.,South Asian Bulls Pvt. Ltd.,100,223.1,22310.0,2025-07-13T11:12:51.255093
2025-07-13,91745,2025071301005740,KBL,Secured Securities Ltd.,Deevyaa Securities & Stock House Pvt. Ltd,20,223.9,4478.0,2025-07-13T11:12:56.165713
2025-07-13,91744,2025071301005741,KBL,Secured Securities Ltd.,Kumari Securities Private Limited,773,224.0,173152.0,2025-07-13T11:12:56.166476
2025-07-13,91743,2025071301005742,KBL,Secured Securities Ltd.,Sumeru Securities Pvt. Ltd.,1000,224.0,224000.0,2025-07-13T11:12:56.167171
2025-07-13,91742,2025071301005743,KBL,Secured Securities Ltd.,Online Securities Pvt. Ltd.,45,224.0,10080.0,2025-07-13T11:12:56.167816
2025-07-13,91741,2025071301005744,KBL,Secured Securities Ltd.,Linch Stock Market Ltd.,162,224.0,36288.0,2025-07-13T11:12:56.168477
2025-07-13,91667,2025071301005762,KBL,Neev Securities Pvt. Ltd.,Linch Stock Market Ltd.,638,224.0,142912.0,2025-07-13T11:13:03.67269
2025-07-13,91620,2025071301005773,KBL,Neev Securities Pvt. Ltd.,Nepal Stock House (PVT) Ltd.,862,224.0,193088.0,2025-07-13T11:13:09.150715
2025-07-13,91619,2025071301005774,KBL,Secured Securities Ltd.,Nepal Stock House (PVT) Ltd.,150,223.1,33465.0,2025-07-13T11:13:09.151011
2025-07-13,91618,2025071301005775,KBL,Nepal Investment And Securities Trading Private Limited,Nepal Stock House (PVT) Ltd.,500,223.1,111550.0,2025-07-13T11:13:09.151166
2025-07-13,91582,2025071301005791,KBL,Dipshikha Dhitopatra Karobar Co. Pvt Ltd.,Nepal Stock House (PVT) Ltd.,488,223.1,108872.8,2025-07-13T11:13:11.964057
2025-07-13,91581,2025071301005792,KBL,Dipshikha Dhitopatra Karobar Co. Pvt Ltd.,Trishakti Securities Public Limited,10,223.1,2231.0,2025-07-13T11:13:11.964672
2025-07-13,91576,2025071301005796,KBL,Dipshikha Dhitopatra Karobar Co. Pvt Ltd.,Kumari Securities Private Limited,50,224.0,11200.0,2025-07-13T11:13:12.469448
2025-07-13,91566,2025071301005800,KBL,Dipshikha Dhitopatra Karobar Co. Pvt Ltd.,ABC Securities Private Limited,452,224.0,101248.0,2025-07-13T11:13:13.274058
2025-07-13,91557,2025071301005801,KBL,Trisul Securities & Invt. Ltd.,Naasa Securities Co. Ltd.,54,223.0,12042.0,2025-07-13T11:13:14.682189
2025-07-13,91488,2025071301005839,KBL,Midas Stock Broking Company Private Limited,ABC Securities Private Limited,500,224.0,112000.0,2025-07-13T11:13:24.363465
2025-07-13,91233,2025071301005934,KBL,Kumari Securities Private Limited,Online Securities Pvt. Ltd.,800,223.1,178480.0,2025-07-13T11:13:47.863761
2025-07-13,91112,2025071301005977,KBL,Kumari Securities Private Limited,Indira securities pvt. ltd,200,223.1,44620.0,2025-07-13T11:14:01.21952
2025-07-13,91111,2025071301005978,KBL,Sani Securities Company Ltd.,Indira securities pvt. ltd,20,223.1,4462.0,2025-07-13T11:14:01.219934
2025-07-13,91031,2025071301006020,KBL,Sumeru Securities Pvt. Ltd.,Indira securities pvt. ltd,580,223.1,129398.0,2025-07-13T11:14:07.37791
2025-07-13,91030,2025071301006021,KBL,Sumeru Securities Pvt. Ltd.,Sagarmatha Securities Private Limited,300,223.9,67170.0,2025-07-13T11:14:07.378254
2025-07-13,91029,2025071301006022,KBL,Sumeru Securities Pvt. Ltd.,ABC Securities Private Limited,48,224.0,10752.0,2025-07-13T11:14:07.378439
2025-07-13,91028,2025071301006023,KBL,Sumeru Securities Pvt. Ltd.,Trishakti Securities Public Limited,10,224.0,2240.0,2025-07-13T11:14:07.3786
2025-07-13,91027,2025071301006024,KBL,Sumeru Securities Pvt. Ltd.,Aakashbhairab Securities Ltd.,62,224.0,13888.0,2025-07-13T11:14:07.378758
2025-07-13,91015,2025071301006035,KBL,Trisul Securities & Invt. Ltd.,Vision Securities Pvt. Ltd,158,223.0,35234.0,2025-07-13T11:14:09.158899
2025-07-13,90987,2025071301006046,KBL,Trisul Securities & Invt. Ltd.,Premier Securities Company Ltd.,63,223.0,14049.0,2025-07-13T11:14:12.157084
2025-07-13,90986,2025071301006047,KBL,Naasa Securities Co. Ltd.,Premier Securities Company Ltd.,10,223.0,2230.0,2025-07-13T11:14:12.15713
2025-07-13,90985,2025071301006048,KBL,Naasa Securities Co. Ltd.,Premier Securities Company Ltd.,10,223.0,2230.0,2025-07-13T11:14:12.157161
2025-07-13,90984,2025071301006049,KBL,Aryatara Investment & Securities,Premier Securities Company Ltd.,100,223.0,22300.0,2025-07-13T11:14:12.157184
2025-07-13,90983,2025071301006050,KBL,Nepal Stock House (PVT) Ltd.,Premier Securities Company Ltd.,500,223.0,111500.0,2025-07-13T11:14:12.157227
2025-07-13,90982,2025071301006051,KBL,Online Securities Pvt. Ltd.,Premier Securities Company Ltd.,50,223.0,11150.0,2025-07-13T11:14:12.157258
2025-07-13,90981,2025071301006052,KBL,Neev Securities Pvt. Ltd.,Premier Securities Company Ltd.,267,223.0,59541.0,2025-07-13T11:14:12.157296
2025-07-13,90947,2025071301006068,KBL,Neev Securities Pvt. Ltd.,Ashutosh Brokerage & Securities (PVT) Ltd.,733,223.0,163459.0,2025-07-13T11:14:15.299114
2025-07-13,90946,2025071301006069,KBL,SUN SECURITIES PVT LTD,Ashutosh Brokerage & Securities (PVT) Ltd.,400,223.0,89200.0,2025-07-13T11:14:15.29916
2025-07-13,90945,2025071301006070,KBL,Sani Securities Company Ltd.,Ashutosh Brokerage & Securities (PVT) Ltd.,85,223.0,18955.0,2025-07-13T11:14:15.299185
2025-07-13,90944,2025071301006071,KBL,Sumeru Securities Pvt. Ltd.,Ashutosh Brokerage & Securities (PVT) Ltd.,282,223.0,62886.0,2025-07-13T11:14:15.299209
2025-07-13,90927,2025071301006077,KBL,Sumeru Securities Pvt. Ltd.,Malla & Malla Stock Broking Company Pvt. Limited,100,223.0,22300.0,2025-07-13T11:14:16.036014
2025-07-13,90833,2025071301006116,KBL,Trisul Securities & Invt. Ltd.,Sundhara Securities Limited,100,223.1,22310.0,2025-07-13T11:14:25.166157
2025-07-13,90832,2025071301006117,KBL,Sumeru Securities Pvt. Ltd.,Sundhara Securities Limited,118,223.0,26314.0,2025-07-13T11:14:25.166204
2025-07-13,90831,2025071301006118,KBL,Kohinoor Investment & Securities Pvt. Ltd.,Sundhara Securities Limited,180,223.0,40140.0,2025-07-13T11:14:25.166233
2025-07-13,90830,2025071301006119,KBL,Dynamic Money Managers Securities Pvt. Ltd.,Sundhara Securities Limited,500,223.0,111500.0,2025-07-13T11:14:25.166257
2025-07-13,90829,2025071301006120,KBL,Cristal Kanchanjanga Securites Pvt. Ltd.,Sundhara Securities Limited,52,222.6,11575.2,2025-07-13T11:14:25.166288
2025-07-13,90828,2025071301006121,KBL,Naasa Securities Co. Ltd.,Sundhara Securities Limited,10,222.5,2225.0,2025-07-13T11:14:25.166349
2025-07-13,90827,2025071301006122,KBL,Sani Securities Company Ltd.,Sundhara Securities Limited,40,222.5,8900.0,2025-07-13T11:14:25.166404
2025-07-13,90704,2025071301006161,KBL,Trishakti Securities Public Limited,Aakashbhairab Securities Ltd.,50,224.0,11200.0,2025-07-13T11:14:34.460903
2025-07-13,90571,2025071301006198,KBL,Opal Securities Investment (PVT) Ltd.,Creative Securities Pvt Ltd,58,223.1,12939.8,2025-07-13T11:14:50.65835
2025-07-13,90525,2025071301006224,KBL,Opal Securities Investment (PVT) Ltd.,Secured Securities Ltd.,42,223.1,9370.2,2025-07-13T11:14:55.39022
2025-07-13,90492,2025071301006232,KBL,Cristal Kanchanjanga Securites Pvt. Ltd.,Secured Securities Ltd.,50,223.1,11155.0,2025-07-13T11:14:58.046593
2025-07-13,90427,2025071301006263,KBL,Kohinoor Investment & Securities Pvt. Ltd.,Secured Securities Ltd.,50,223.1,11155.0,2025-07-13T11:15:06.659431
2025-07-13,90392,2025071301006272,KBL,Sweta Securities Private Limited,Midas Stock Broking Company Private Limited,100,223.0,22300.0,2025-07-13T11:15:12.204453
2025-07-13,90391,2025071301006273,KBL,Dynamic Money Managers Securities Pvt. Ltd.,Secured Securities Ltd.,58,223.1,12939.8,2025-07-13T11:15:12.214341
2025-07-13,90273,2025071301006325,KBL,Dynamic Money Managers Securities Pvt. Ltd.,Creative Securities Pvt Ltd,400,223.1,89240.0,2025-07-13T11:15:23.870469
2025-07-13,90206,2025071301006348,KBL,Online Securities Pvt. Ltd.,Primo Securities (PVT) Ltd.,500,223.9,111950.0,2025-07-13T11:15:29.970614
2025-07-13,90205,2025071301006349,KBL,Online Securities Pvt. Ltd.,Aakashbhairab Securities Ltd.,388,224.0,86912.0,2025-07-13T11:15:29.971037
2025-07-13,90204,2025071301006350,KBL,Online Securities Pvt. Ltd.,Sewa Securities Pvt. Ltd.,100,224.0,22400.0,2025-07-13T11:15:29.971281
2025-07-13,90203,2025071301006351,KBL,Online Securities Pvt. Ltd.,Sewa Securities Pvt. Ltd.,53,224.0,11872.0,2025-07-13T11:15:29.971465
2025-07-13,90202,2025071301006352,KBL,Online Securities Pvt. Ltd.,Naasa Securities Co. Ltd.,30,224.0,6720.0,2025-07-13T11:15:29.971672
2025-07-13,90201,2025071301006353,KBL,Online Securities Pvt. Ltd.,Sumeru Securities Pvt. Ltd.,200,224.0,44800.0,2025-07-13T11:15:29.971864
2025-07-13,90200,2025071301006354,KBL,Online Securities Pvt. Ltd.,Nabil Stock Dealer Ltd.,200,224.0,44800.0,2025-07-13T11:15:29.972056
2025-07-13,90199,2025071301006355,KBL,Online Securities Pvt. Ltd.,Dipshikha Dhitopatra Karobar Co. Pvt Ltd.,500,224.0,112000.0,2025-07-13T11:15:29.97222
2025-07-13,90198,2025071301006356,KBL,Online Securities Pvt. Ltd.,Dipshikha Dhitopatra Karobar Co. Pvt Ltd.,100,224.0,22400.0,2025-07-13T11:15:29.972458
2025-07-13,90197,2025071301006357,KBL,Online Securities Pvt. Ltd.,Naasa Securities Co. Ltd.,10,224.0,2240.0,2025-07-13T11:15:29.972689
2025-07-13,90196,2025071301006358,KBL,Online Securities Pvt. Ltd.,Sundhara Securities Limited,100,224.0,22400.0,2025-07-13T11:15:29.972882
2025-07-13,90195,2025071301006359,KBL,Online Securities Pvt. Ltd.,Naasa Securities Co. Ltd.,800,224.0,179200.0,2025-07-13T11:15:29.973087
2025-07-13,90188,2025071301006361,KBL,Online Securities Pvt. Ltd.,Sumeru Securities Pvt. Ltd.,19,224.0,4256.0,2025-07-13T11:15:30.971274
2025-07-13,90187,2025071301006362,KBL,Dynamic Money Managers Securities Pvt. Ltd.,Sumeru Securities Pvt. Ltd.,42,223.1,9370.2,2025-07-13T11:15:30.971316
2025-07-13,90186,2025071301006363,KBL,Deevyaa Securities & Stock House Pvt. Ltd,Sumeru Securities Pvt. Ltd.,50,223.1,11155.0,2025-07-13T11:15:30.971344
2025-07-13,90185,2025071301006364,KBL,Sweta Securities Private Limited,Sumeru Securities Pvt. Ltd.,200,223.0,44600.0,2025-07-13T11:15:30.97137
2025-07-13,90184,2025071301006365,KBL,Imperial Securities Company Pvt. Ltd.,Sumeru Securities Pvt. Ltd.,200,223.0,44600.0,2025-07-13T11:15:30.971414
2025-07-13,90183,2025071301006366,KBL,Aryatara Investment & Securities,Sumeru Securities Pvt. Ltd.,50,223.0,11150.0,2025-07-13T11:15:30.971435
2025-07-13,90182,2025071301006367,KBL,Sani Securities Company Ltd.,Sumeru Securities Pvt. Ltd.,110,222.5,24475.0,2025-07-13T11:15:30.971462
2025-07-13,90181,2025071301006368,KBL,Capital Max Securities Ltd,Sumeru Securities Pvt. Ltd.,500,222.2,111100.0,2025-07-13T11:15:30.971491
2025-07-13,90180,2025071301006369,KBL,Naasa Securities Co. Ltd.,Sumeru Securities Pvt. Ltd.,1829,222.2,406403.8,2025-07-13T11:15:30.971516
2025-07-13,89759,2025071301006568,KBL,Naasa Securities Co. Ltd.,Secured Securities Ltd.,55,223.1,12270.5,2025-07-13T11:16:14.070839
2025-07-13,89325,2025071301006756,KBL,Trishakti Securities Public Limited,Naasa Securities Co. Ltd.,1000,223.0,223000.0,2025-07-13T11:16:55.026543
2025-07-13,89324,2025071301006757,KBL,Nepal Stock House (PVT) Ltd.,Naasa Securities Co. Ltd.,200,222.4,44480.0,2025-07-13T11:16:55.026946
2025-07-13,89323,2025071301006758,KBL,Sundhara Securities Limited,Naasa Securities Co. Ltd.,1000,222.4,222400.0,2025-07-13T11:16:55.027143
2025-07-13,89322,2025071301006759,KBL,ABC Securities Private Limited,Naasa Securities Co. Ltd.,2000,222.3,444600.0,2025-07-13T11:16:55.027343
2025-07-13,89321,2025071301006760,KBL,Sweta Securities Private Limited,Naasa Securities Co. Ltd.,100,222.3,22230.0,2025-07-13T11:16:55.027511
2025-07-13,89320,2025071301006761,KBL,Naasa Securities Co. Ltd.,Naasa Securities Co. Ltd.,171,222.2,37996.2,2025-07-13T11:16:55.027673
2025-07-13,89319,2025071301006762,KBL,Capital Max Securities Ltd,Naasa Securities Co. Ltd.,1500,222.2,333300.0,2025-07-13T11:16:55.027837
2025-07-13,89318,2025071301006763,KBL,Dipshikha Dhitopatra Karobar Co. Pvt Ltd.,Naasa Securities Co. Ltd.,2000,222.1,444200.0,2025-07-13T11:16:55.027999
2025-07-13,89317,2025071301006764,KBL,Dipshikha Dhitopatra Karobar Co. Pvt Ltd.,Naasa Securities Co. Ltd.,2000,222.1,444200.0,2025-07-13T11:16:55.028177
2025-07-13,89316,2025071301006765,KBL,Premier Securities Company Ltd.,Naasa Securities Co. Ltd.,50,222.1,11105.0,2025-07-13T11:16:55.028342
2025-07-13,89315,2025071301006766,KBL,Oxford Securities Pvt. Ltd.,Naasa Securities Co. Ltd.,940,222.1,208774.0,2025-07-13T11:16:55.028508
2025-07-13,89314,2025071301006767,KBL,Agrawal Securities (PVT) Ltd.,Naasa Securities Co. Ltd.,140,222.0,31080.0,2025-07-13T11:16:55.028665
2025-07-13,89313,2025071301006768,KBL,K.B.L. Securities Limited ,Naasa Securities Co. Ltd.,200,222.0,44400.0,2025-07-13T11:16:55.028825
2025-07-13,89312,2025071301006769,KBL,Imperial Securities Company Pvt. Ltd.,Naasa Securities Co. Ltd.,1000,222.0,222000.0,2025-07-13T11:16:55.028985
2025-07-13,89311,2025071301006770,KBL,Dakshinkali Investment & Securities Pvt. Ltd.,Naasa Securities Co. Ltd.,1000,222.0,222000.0,2025-07-13T11:16:55.029164
2025-07-13,89310,2025071301006771,KBL,Aryatara Investment & Securities,Naasa Securities Co. Ltd.,500,222.0,111000.0,2025-07-13T11:16:55.029335
2025-07-13,89309,2025071301006772,KBL,Deevyaa Securities & Stock House Pvt. Ltd,Naasa Securities Co. Ltd.,2000,222.0,444000.0,2025-07-13T11:16:55.029502
2025-07-13,89308,2025071301006773,KBL,Vision Securities Pvt. Ltd,Naasa Securities Co. Ltd.,1500,222.0,333000.0,2025-07-13T11:16:55.029669
2025-07-13,89307,2025071301006774,KBL,Naasa Securities Co. Ltd.,Naasa Securities Co. Ltd.,100,222.0,22200.0,2025-07-13T11:16:55.029832
2025-07-13,89306,2025071301006775,KBL,Swarna Laxmi Securities Pvt. Ltd.,Naasa Securities Co. Ltd.,350,222.0,77700.0,2025-07-13T11:16:55.029992
2025-07-13,89305,2025071301006776,KBL,Vision Securities Pvt. Ltd,Naasa Securities Co. Ltd.,500,222.0,111000.0,2025-07-13T11:16:55.03015
2025-07-13,89304,2025071301006777,KBL,Premier Securities Company Ltd.,Naasa Securities Co. Ltd.,300,222.0,66600.0,2025-07-13T11:16:55.03031
2025-07-13,89303,2025071301006778,KBL,South Asian Bulls Pvt. Ltd.,Naasa Securities Co. Ltd.,35,222.0,7770.0,2025-07-13T11:16:55.030467
2025-07-13,89291,2025071301006783,KBL,Global IME Securities Limited,Naasa Securities Co. Ltd.,785,222.0,174270.0,2025-07-13T11:16:56.343823
2025-07-13,89289,2025071301006784,KBL,Midas Stock Broking Company Private Limited,Secured Securities Ltd.,100,223.1,22310.0,2025-07-13T11:16:56.803463
2025-07-13,89202,2025071301006825,KBL,Nepal Stock House (PVT) Ltd.,Secured Securities Ltd.,148,223.1,33018.8,2025-07-13T11:17:06.925677
2025-07-13,89201,2025071301006826,KBL,Nepal Stock House (PVT) Ltd.,Secured Securities Ltd.,300,223.1,66930.0,2025-07-13T11:17:06.926082
2025-07-13,89135,2025071301006849,KBL,Nepal Stock House (PVT) Ltd.,Creative Securities Pvt Ltd,100,223.1,22310.0,2025-07-13T11:17:15.762992
2025-07-13,89104,2025071301006855,KBL,Trisul Securities & Invt. Ltd.,Linch Stock Market Ltd.,100,223.3,22330.0,2025-07-13T11:17:18.815194
2025-07-13,89103,2025071301006856,KBL,Trisul Securities & Invt. Ltd.,Naasa Securities Co. Ltd.,170,223.5,37995.0,2025-07-13T11:17:18.815909
2025-07-13,88998,2025071301006889,KBL,Online Securities Pvt. Ltd.,Primo Securities (PVT) Ltd.,371,223.9,83066.9,2025-07-13T11:17:28.219838
2025-07-13,88997,2025071301006890,KBL,Online Securities Pvt. Ltd.,J.F. Securites (PVT) Ltd.,129,224.0,28896.0,2025-07-13T11:17:28.22019
2025-07-13,88937,2025071301006915,KBL,Trisul Securities & Invt. Ltd.,Vision Securities Pvt. Ltd,730,223.5,163155.0,2025-07-13T11:17:33.354556
2025-07-13,88760,2025071301007003,KBL,Naasa Securities Co. Ltd.,Vision Securities Pvt. Ltd,30,223.5,6705.0,2025-07-13T11:17:52.005559
2025-07-13,88703,2025071301007017,KBL,Aryatara Investment & Securities,Vision Securities Pvt. Ltd,190,223.5,42465.0,2025-07-13T11:17:56.621336
2025-07-13,88673,2025071301007041,KBL,Aryatara Investment & Securities,Market Securities & Exchange (PVT) Ltd.,229,223.5,51181.5,2025-07-13T11:17:59.31856
2025-07-13,88523,2025071301007094,KBL,Aryatara Investment & Securities,Malla & Malla Stock Broking Company Pvt. Limited,81,223.5,18103.5,2025-07-13T11:18:09.325499
2025-07-13,88522,2025071301007095,KBL,Nepal Stock House (PVT) Ltd.,Malla & Malla Stock Broking Company Pvt. Limited,419,223.1,93478.9,2025-07-13T11:18:09.3264
2025-07-13,88162,2025071301007285,KBL,Nepal Stock House (PVT) Ltd.,Nepal Investment And Securities Trading Private Limited,33,223.1,7362.3,2025-07-13T11:18:40.970594
2025-07-13,88161,2025071301007286,KBL,Sharepro Securities Private Limited,Nepal Investment And Securities Trading Private Limited,67,223.1,14947.7,2025-07-13T11:18:40.970948
2025-07-13,88088,2025071301007317,KBL,Sharepro Securities Private Limited,Imperial Securities Company Pvt. Ltd.,30,223.1,6693.0,2025-07-13T11:18:48.916492
2025-07-13,87884,2025071301007401,KBL,Imperial Securities Company Pvt. Ltd.,Sani Securities Company Ltd.,100,223.5,22350.0,2025-07-13T11:19:10.134449
2025-07-13,87883,2025071301007402,KBL,Imperial Securities Company Pvt. Ltd.,Indira securities pvt. ltd,100,223.5,22350.0,2025-07-13T11:19:10.13524
2025-07-13,87882,2025071301007403,KBL,Imperial Securities Company Pvt. Ltd.,Kumari Securities Private Limited,100,223.5,22350.0,2025-07-13T11:19:10.135795
2025-07-13,87719,2025071301007480,KBL,Nepal Investment And Securities Trading Private Limited,Kumari Securities Private Limited,268,223.5,59898.0,2025-07-13T11:19:25.752917
2025-07-13,87718,2025071301007481,KBL,Nepal Investment And Securities Trading Private Limited,Sani Securities Company Ltd.,100,223.5,22350.0,2025-07-13T11:19:25.753336
2025-07-13,87604,2025071301007545,KBL,Nepal Investment And Securities Trading Private Limited,Trishakti Securities Public Limited,45,223.5,10057.5,2025-07-13T11:19:35.693935
2025-07-13,87594,2025071301007550,KBL,Neev Securities Pvt. Ltd.,Naasa Securities Co. Ltd.,1000,223.9,223900.0,2025-07-13T11:19:36.209315
2025-07-13,87544,2025071301007564,KBL,Nepal Investment And Securities Trading Private Limited,Creative Securities Pvt Ltd,587,223.5,131194.5,2025-07-13T11:19:43.165388
2025-07-13,87536,2025071301007565,KBL,Primo Securities (PVT) Ltd.,Sani Securities Company Ltd.,100,223.2,22320.0,2025-07-13T11:19:43.718
2025-07-13,87450,2025071301007607,KBL,Sharepro Securities Private Limited,Oxford Securities Pvt. Ltd.,103,223.1,22979.3,2025-07-13T11:19:51.7209
2025-07-13,87449,2025071301007608,KBL,Thrive Brokerage House Pvt. Ltd,Oxford Securities Pvt. Ltd.,20,223.1,4462.0,2025-07-13T11:19:51.721279
2025-07-13,87448,2025071301007609,KBL,Online Securities Pvt. Ltd.,Oxford Securities Pvt. Ltd.,50,223.1,11155.0,2025-07-13T11:19:51.721581
2025-07-13,87447,2025071301007610,KBL,Trishakti Securities Public Limited,Oxford Securities Pvt. Ltd.,100,223.1,22310.0,2025-07-13T11:19:51.721833
2025-07-13,87446,2025071301007611,KBL,Sani Securities Company Ltd.,Oxford Securities Pvt. Ltd.,300,223.0,66900.0,2025-07-13T11:19:51.722095
2025-07-13,87445,2025071301007612,KBL,Naasa Securities Co. Ltd.,Oxford Securities Pvt. Ltd.,263,223.0,58649.0,2025-07-13T11:19:51.722314
2025-07-13,87444,2025071301007613,KBL,Vision Securities Pvt. Ltd,Oxford Securities Pvt. Ltd.,664,223.0,148072.0,2025-07-13T11:19:51.722564
2025-07-13,87383,2025071301007646,KBL,Kohinoor Investment & Securities Pvt. Ltd.,Sani Securities Company Ltd.,300,223.2,66960.0,2025-07-13T11:19:56.735821
2025-07-13,87382,2025071301007647,KBL,Kohinoor Investment & Securities Pvt. Ltd.,Creative Securities Pvt Ltd,13,223.5,2905.5,2025-07-13T11:19:56.736195
2025-07-13,87268,2025071301007708,KBL,Kohinoor Investment & Securities Pvt. Ltd.,Oxford Securities Pvt. Ltd.,187,223.5,41794.5,2025-07-13T11:20:06.896786
2025-07-13,87267,2025071301007709,KBL,Imperial Securities Company Pvt. Ltd.,Oxford Securities Pvt. Ltd.,60,223.2,13392.0,2025-07-13T11:20:06.897162
2025-07-13,87266,2025071301007710,KBL,Vision Securities Pvt. Ltd,Oxford Securities Pvt. Ltd.,336,223.0,74928.0,2025-07-13T11:20:06.89735
2025-07-13,86884,2025071301007879,KBL,N.M.B. SECURITIES LIMITED,Capital Max Securities Ltd,500,222.5,111250.0,2025-07-13T11:20:39.539668
2025-07-13,86883,2025071301007880,KBL,Naasa Securities Co. Ltd.,Capital Max Securities Ltd,135,222.5,30037.5,2025-07-13T11:20:39.540045
2025-07-13,86788,2025071301007941,KBL,Dipshikha Dhitopatra Karobar Co. Pvt Ltd.,Capital Max Securities Ltd,70,222.5,15575.0,2025-07-13T11:20:43.615936
2025-07-13,86782,2025071301007947,KBL,Global IME Securities Limited,Kohinoor Investment & Securities Pvt. Ltd.,160,222.0,35520.0,2025-07-13T11:20:43.991893
2025-07-13,86756,2025071301007957,KBL,South Asian Bulls Pvt. Ltd.,Capital Max Securities Ltd,95,222.5,21137.5,2025-07-13T11:20:47.16755
2025-07-13,86526,2025071301008038,KBL,Secured Securities Ltd.,Creative Securities Pvt Ltd,100,222.7,22270.0,2025-07-13T11:21:09.78234
2025-07-13,86510,2025071301008051,KBL,Secured Securities Ltd.,Sundhara Securities Limited,31,222.7,6903.7,2025-07-13T11:21:11.667617
2025-07-13,86488,2025071301008064,KBL,Secured Securities Ltd.,Sani Securities Company Ltd.,50,222.7,11135.0,2025-07-13T11:21:15.029727
2025-07-13,86310,2025071301008127,KBL,Naasa Securities Co. Ltd.,Primo Securities (PVT) Ltd.,510,222.9,113679.0,2025-07-13T11:21:34.047595
2025-07-13,86309,2025071301008128,KBL,Naasa Securities Co. Ltd.,Thrive Brokerage House Pvt. Ltd,490,222.9,109221.0,2025-07-13T11:21:34.048433
2025-07-13,86286,2025071301008137,KBL,Sri Hari Securities Pvt. Ltd.,Thrive Brokerage House Pvt. Ltd,1000,222.9,222900.0,2025-07-13T11:21:37.2418
2025-07-13,86241,2025071301008147,KBL,Sumeru Securities Pvt. Ltd.,Oxford Securities Pvt. Ltd.,200,222.8,44560.0,2025-07-13T11:21:41.830917
2025-07-13,86240,2025071301008148,KBL,Secured Securities Ltd.,Oxford Securities Pvt. Ltd.,69,222.7,15366.3,2025-07-13T11:21:41.831721
2025-07-13,86239,2025071301008149,KBL,South Asian Bulls Pvt. Ltd.,Oxford Securities Pvt. Ltd.,705,222.6,156933.0,2025-07-13T11:21:41.832321
2025-07-13,86238,2025071301008150,KBL,Roadshow securities limited,Oxford Securities Pvt. Ltd.,526,222.6,117087.6,2025-07-13T11:21:41.83289
2025-07-13,86233,2025071301008152,KBL,Sewa Securities Pvt. Ltd.,Thrive Brokerage House Pvt. Ltd,300,222.9,66870.0,2025-07-13T11:21:42.338791
2025-07-13,86128,2025071301008195,KBL,Imperial Securities Company Pvt. Ltd.,Thrive Brokerage House Pvt. Ltd,100,222.9,22290.0,2025-07-13T11:21:50.752458
2025-07-13,86069,2025071301008225,KBL,Naasa Securities Co. Ltd.,Thrive Brokerage House Pvt. Ltd,44,222.9,9807.6,2025-07-13T11:21:59.229791
2025-07-13,86012,2025071301008250,KBL,N.M.B. SECURITIES LIMITED,Thrive Brokerage House Pvt. Ltd,66,222.9,14711.4,2025-07-13T11:22:04.314014
2025-07-13,86011,2025071301008251,KBL,N.M.B. SECURITIES LIMITED,K.B.L. Securities Limited ,500,222.9,111450.0,2025-07-13T11:22:04.314165
2025-07-13,86010,2025071301008252,KBL,N.M.B. SECURITIES LIMITED,Oxford Securities Pvt. Ltd.,1434,223.0,319782.0,2025-07-13T11:22:04.314245
2025-07-13,85935,2025071301008274,KBL,Kumari Securities Private Limited,Oxford Securities Pvt. Ltd.,1800,223.0,401400.0,2025-07-13T11:22:11.144538
2025-07-13,85933,2025071301008275,KBL,Roadshow securities limited,Dynamic Money Managers Securities Pvt. Ltd.,474,222.6,105512.4,2025-07-13T11:22:11.744087
2025-07-13,85824,2025071301008321,KBL,Thrive Brokerage House Pvt. Ltd,Dynamic Money Managers Securities Pvt. Ltd.,126,222.6,28047.6,2025-07-13T11:22:21.218469
2025-07-13,85823,2025071301008322,KBL,Thrive Brokerage House Pvt. Ltd,Oxford Securities Pvt. Ltd.,183,223.0,40809.0,2025-07-13T11:22:21.21951
2025-07-13,85822,2025071301008323,KBL,Thrive Brokerage House Pvt. Ltd,Agrawal Securities (PVT) Ltd.,21,223.0,4683.0,2025-07-13T11:22:21.220501
2025-07-13,85821,2025071301008324,KBL,Thrive Brokerage House Pvt. Ltd,Capital Max Securities Ltd,20,223.0,4460.0,2025-07-13T11:22:21.221404
2025-07-13,85820,2025071301008325,KBL,Thrive Brokerage House Pvt. Ltd,Primo Securities (PVT) Ltd.,50,223.0,11150.0,2025-07-13T11:22:21.222331
2025-07-13,85684,2025071301008383,KBL,South Asian Bulls Pvt. Ltd.,Primo Securities (PVT) Ltd.,950,223.0,211850.0,2025-07-13T11:22:39.849244
2025-07-13,85683,2025071301008384,KBL,South Asian Bulls Pvt. Ltd.,Naasa Securities Co. Ltd.,50,223.0,11150.0,2025-07-13T11:22:39.850111
2025-07-13,85651,2025071301008395,KBL,Oxford Securities Pvt. Ltd.,Dipshikha Dhitopatra Karobar Co. Pvt Ltd.,500,222.5,111250.0,2025-07-13T11:22:43.382365
2025-07-13,85497,2025071301008446,KBL,Sharepro Securities Private Limited,Imperial Securities Company Pvt. Ltd.,200,222.8,44560.0,2025-07-13T11:22:57.441947
2025-07-13,85462,2025071301008461,KBL,Sundhara Securities Limited,Imperial Securities Company Pvt. Ltd.,100,222.6,22260.0,2025-07-13T11:22:59.84606
2025-07-13,85461,2025071301008462,KBL,Oxford Securities Pvt. Ltd.,Imperial Securities Company Pvt. Ltd.,150,222.5,33375.0,2025-07-13T11:22:59.846476
2025-07-13,85438,2025071301008475,KBL,South Asian Bulls Pvt. Ltd.,Imperial Securities Company Pvt. Ltd.,100,222.5,22250.0,2025-07-13T11:23:03.026408
2025-07-13,85393,2025071301008482,KBL,Sumeru Securities Pvt. Ltd.,Imperial Securities Company Pvt. Ltd.,150,222.5,33375.0,2025-07-13T11:23:07.740765
2025-07-13,85392,2025071301008483,KBL,Sumeru Securities Pvt. Ltd.,Naasa Securities Co. Ltd.,50,223.0,11150.0,2025-07-13T11:23:07.741191
2025-07-13,85279,2025071301008540,KBL,Deevyaa Securities & Stock House Pvt. Ltd,Naasa Securities Co. Ltd.,50,223.0,11150.0,2025-07-13T11:23:17.881113
2025-07-13,85278,2025071301008541,KBL,Deevyaa Securities & Stock House Pvt. Ltd,Siprabi Securities Pvt. Ltd.,80,223.0,17840.0,2025-07-13T11:23:17.882068
2025-07-13,85277,2025071301008542,KBL,Deevyaa Securities & Stock House Pvt. Ltd,Asian Securities Private Ltd.,106,223.0,23638.0,2025-07-13T11:23:17.882818
2025-07-13,85276,2025071301008543,KBL,Deevyaa Securities & Stock House Pvt. Ltd,Dakshinkali Investment & Securities Pvt. Ltd.,64,223.0,14272.0,2025-07-13T11:23:17.883504
2025-07-13,85211,2025071301008570,KBL,ABC Securities Private Limited,Nepal Stock House (PVT) Ltd.,200,222.9,44580.0,2025-07-13T11:23:27.071192
2025-07-13,85210,2025071301008571,KBL,ABC Securities Private Limited,Dakshinkali Investment & Securities Pvt. Ltd.,436,223.0,97228.0,2025-07-13T11:23:27.072186
2025-07-13,85209,2025071301008572,KBL,ABC Securities Private Limited,Deevyaa Securities & Stock House Pvt. Ltd,13,223.0,2899.0,2025-07-13T11:23:27.072858
2025-07-13,85208,2025071301008573,KBL,ABC Securities Private Limited,Naasa Securities Co. Ltd.,429,223.0,95667.0,2025-07-13T11:23:27.07352
2025-07-13,85207,2025071301008574,KBL,ABC Securities Private Limited,Thrive Brokerage House Pvt. Ltd,100,223.0,22300.0,2025-07-13T11:23:27.074194
2025-07-13,85206,2025071301008575,KBL,ABC Securities Private Limited,Naasa Securities Co. Ltd.,97,223.0,21631.0,2025-07-13T11:23:27.074836
2025-07-13,85124,2025071301008610,KBL,ABC Securities Private Limited,ABC Securities Private Limited,225,223.0,50175.0,2025-07-13T11:23:36.177734
2025-07-13,85123,2025071301008611,KBL,Naasa Securities Co. Ltd.,ABC Securities Private Limited,15,223.0,3345.0,2025-07-13T11:23:36.178647
2025-07-13,85122,2025071301008612,KBL,Sundhara Securities Limited,ABC Securities Private Limited,200,223.0,44600.0,2025-07-13T11:23:36.179304
2025-07-13,84954,2025071301008694,KBL,Kohinoor Investment & Securities Pvt. Ltd.,ABC Securities Private Limited,50,222.9,11145.0,2025-07-13T11:23:48.962243
2025-07-13,84635,2025071301008781,KBL,Imperial Securities Company Pvt. Ltd.,ABC Securities Private Limited,10,222.9,2229.0,2025-07-13T11:24:15.95679
2025-07-13,84431,2025071301008860,KBL,Hatemalo Financial Services Private Limited,ABC Securities Private Limited,100,222.9,22290.0,2025-07-13T11:24:33.208321
2025-07-13,84430,2025071301008861,KBL,Hatemalo Financial Services Private Limited,Naasa Securities Co. Ltd.,11,222.9,2451.9,2025-07-13T11:24:33.208786
2025-07-13,84282,2025071301008924,KBL,Hatemalo Financial Services Private Limited,Naasa Securities Co. Ltd.,22,222.9,4903.8,2025-07-13T11:24:50.273172
2025-07-13,84281,2025071301008925,KBL,Hatemalo Financial Services Private Limited,Imperial Securities Company Pvt. Ltd.,350,222.9,78015.0,2025-07-13T11:24:50.273952
2025-07-13,84280,2025071301008926,KBL,Hatemalo Financial Services Private Limited,Trisul Securities & Invt. Ltd.,118,223.0,26314.0,2025-07-13T11:24:50.275107
2025-07-13,84277,2025071301008927,KBL,Sweta Securities Private Limited,Trisul Securities & Invt. Ltd.,467,223.0,104141.0,2025-07-13T11:24:50.827936
2025-07-13,84276,2025071301008928,KBL,Sweta Securities Private Limited,Oxford Securities Pvt. Ltd.,400,223.0,89200.0,2025-07-13T11:24:50.827993
2025-07-13,84275,2025071301008929,KBL,Sweta Securities Private Limited,Nepal Investment And Securities Trading Private Limited,33,223.0,7359.0,2025-07-13T11:24:50.828019
2025-07-13,84265,2025071301008931,KBL,Dipshikha Dhitopatra Karobar Co. Pvt Ltd.,Nepal Investment And Securities Trading Private Limited,52,223.0,11596.0,2025-07-13T11:24:51.678652
2025-07-13,84216,2025071301008950,KBL,Dipshikha Dhitopatra Karobar Co. Pvt Ltd.,Oxford Securities Pvt. Ltd.,448,223.0,99904.0,2025-07-13T11:24:55.339646
2025-07-13,84145,2025071301008975,KBL,Nepal Investment And Securities Trading Private Limited,Oxford Securities Pvt. Ltd.,300,223.0,66900.0,2025-07-13T11:25:03.259301
2025-07-13,84043,2025071301009006,KBL,Naasa Securities Co. Ltd.,Trishakti Securities Public Limited,120,222.9,26748.0,2025-07-13T11:25:10.682797
2025-07-13,84042,2025071301009007,KBL,Imperial Securities Company Pvt. Ltd.,Trishakti Securities Public Limited,20,222.9,4458.0,2025-07-13T11:25:10.683303
2025-07-13,84041,2025071301009008,KBL,Sani Securities Company Ltd.,Trishakti Securities Public Limited,360,222.5,80100.0,2025-07-13T11:25:10.683663
2025-07-13,83967,2025071301009032,KBL,Kohinoor Investment & Securities Pvt. Ltd.,Malla & Malla Stock Broking Company Pvt. Limited,100,222.9,22290.0,2025-07-13T11:25:16.569443
2025-07-13,83966,2025071301009033,KBL,Kohinoor Investment & Securities Pvt. Ltd.,Oxford Securities Pvt. Ltd.,100,223.0,22300.0,2025-07-13T11:25:16.569927
2025-07-13,83920,2025071301009048,KBL,Citizens Share Broker Limited,Oxford Securities Pvt. Ltd.,11,223.0,2453.0,2025-07-13T11:25:20.313801
2025-07-13,83848,2025071301009077,KBL,Sani Securities Company Ltd.,Linch Stock Market Ltd.,20,222.5,4450.0,2025-07-13T11:25:26.915602
2025-07-13,83772,2025071301009100,KBL,Sani Securities Company Ltd.,Naasa Securities Co. Ltd.,120,222.5,26700.0,2025-07-13T11:25:35.475497
2025-07-13,83771,2025071301009101,KBL,Asian Securities Private Ltd.,Naasa Securities Co. Ltd.,70,222.5,15575.0,2025-07-13T11:25:35.475551
2025-07-13,83770,2025071301009102,KBL,Nabil Stock Dealer Ltd.,Naasa Securities Co. Ltd.,20,222.5,4450.0,2025-07-13T11:25:35.475573
2025-07-13,83769,2025071301009103,KBL,Dipshikha Dhitopatra Karobar Co. Pvt Ltd.,Naasa Securities Co. Ltd.,500,222.2,111100.0,2025-07-13T11:25:35.475596
2025-07-13,83768,2025071301009104,KBL,Hatemalo Financial Services Private Limited,Naasa Securities Co. Ltd.,111,222.2,24664.2,2025-07-13T11:25:35.475617
2025-07-13,83767,2025071301009105,KBL,Thrive Brokerage House Pvt. Ltd,Naasa Securities Co. Ltd.,350,222.2,77770.0,2025-07-13T11:25:35.475644
2025-07-13,83766,2025071301009106,KBL,Capital Hub P. Ltd,Naasa Securities Co. Ltd.,3829,222.2,850803.8,2025-07-13T11:25:35.475704
2025-07-13,83637,2025071301009159,KBL,ABC Securities Private Limited,Oxford Securities Pvt. Ltd.,1000,223.0,223000.0,2025-07-13T11:25:47.766202
2025-07-13,83635,2025071301009160,KBL,Kalika Securities Pvt. Ltd.,Oxford Securities Pvt. Ltd.,75,223.0,16725.0,2025-07-13T11:25:47.795351
2025-07-13,83587,2025071301009168,KBL,Vision Securities Pvt. Ltd,Pragyan Securities (PVT) Ltd.,477,222.5,106132.5,2025-07-13T11:25:52.430581
2025-07-13,83229,2025071301009346,KBL,Dipshikha Dhitopatra Karobar Co. Pvt Ltd.,Cristal Kanchanjanga Securites Pvt. Ltd.,150,222.6,33390.0,2025-07-13T11:26:27.981349
2025-07-13,83172,2025071301009378,KBL,Dipshikha Dhitopatra Karobar Co. Pvt Ltd.,Deevyaa Securities & Stock House Pvt. Ltd,13,222.6,2893.8,2025-07-13T11:26:33.999659
2025-07-13,83155,2025071301009381,KBL,Dipshikha Dhitopatra Karobar Co. Pvt Ltd.,South Asian Bulls Pvt. Ltd.,837,222.6,186316.2,2025-07-13T11:26:35.526037
2025-07-13,83154,2025071301009382,KBL,Vision Securities Pvt. Ltd,South Asian Bulls Pvt. Ltd.,23,222.5,5117.5,2025-07-13T11:26:35.526528
2025-07-13,83153,2025071301009383,KBL,Capital Hub P. Ltd,South Asian Bulls Pvt. Ltd.,1171,222.2,260196.2,2025-07-13T11:26:35.52679
2025-07-13,83152,2025071301009384,KBL,Dipshikha Dhitopatra Karobar Co. Pvt Ltd.,South Asian Bulls Pvt. Ltd.,1000,222.1,222100.0,2025-07-13T11:26:35.527046
2025-07-13,83151,2025071301009385,KBL,Dakshinkali Investment & Securities Pvt. Ltd.,South Asian Bulls Pvt. Ltd.,4469,222.1,992564.9,2025-07-13T11:26:35.527469
2025-07-13,82986,2025071301009434,KBL,Trisul Securities & Invt. Ltd.,Sundhara Securities Limited,23,222.5,5117.5,2025-07-13T11:26:51.253291
2025-07-13,82854,2025071301009469,KBL,Trisul Securities & Invt. Ltd.,Ashutosh Brokerage & Securities (PVT) Ltd.,127,222.5,28257.5,2025-07-13T11:27:02.463661
2025-07-13,82853,2025071301009470,KBL,Sundhara Securities Limited,Ashutosh Brokerage & Securities (PVT) Ltd.,373,222.2,82880.6,2025-07-13T11:27:02.46415
2025-07-13,82696,2025071301009522,KBL,Sani Securities Company Ltd.,Ashutosh Brokerage & Securities (PVT) Ltd.,10,222.9,2229.0,2025-07-13T11:27:11.831559
2025-07-13,82571,2025071301009564,KBL,Sundhara Securities Limited,S.P.S.A. Securities Limited,627,222.2,139319.4,2025-07-13T11:27:22.148152
2025-07-13,82570,2025071301009565,KBL,Property Wiard Limited,S.P.S.A. Securities Limited,1000,222.2,222200.0,2025-07-13T11:27:22.149236
2025-07-13,82569,2025071301009566,KBL,Naasa Securities Co. Ltd.,S.P.S.A. Securities Limited,500,222.2,111100.0,2025-07-13T11:27:22.150153
2025-07-13,82568,2025071301009567,KBL,Sweta Securities Private Limited,S.P.S.A. Securities Limited,500,222.1,111050.0,2025-07-13T11:27:22.151004
2025-07-13,82567,2025071301009568,KBL,Global IME Securities Limited,S.P.S.A. Securities Limited,55,222.0,12210.0,2025-07-13T11:27:22.152087
2025-07-13,82566,2025071301009569,KBL,Trishakti Securities Public Limited,S.P.S.A. Securities Limited,180,222.0,39960.0,2025-07-13T11:27:22.153168
2025-07-13,82565,2025071301009570,KBL,Sani Securities Company Ltd.,S.P.S.A. Securities Limited,10,222.0,2220.0,2025-07-13T11:27:22.153776
2025-07-13,82564,2025071301009571,KBL,Cristal Kanchanjanga Securites Pvt. Ltd.,S.P.S.A. Securities Limited,500,222.0,111000.0,2025-07-13T11:27:22.154118
2025-07-13,82563,2025071301009572,KBL,Deevyaa Securities & Stock House Pvt. Ltd,S.P.S.A. Securities Limited,100,222.0,22200.0,2025-07-13T11:27:22.154478
2025-07-13,82562,2025071301009573,KBL,Dakshinkali Investment & Securities Pvt. Ltd.,S.P.S.A. Securities Limited,100,222.0,22200.0,2025-07-13T11:27:22.154838
2025-07-13,82561,2025071301009574,KBL,Creative Securities Pvt Ltd,S.P.S.A. Securities Limited,200,222.0,44400.0,2025-07-13T11:27:22.15525
2025-07-13,82560,2025071301009575,KBL,Secured Securities Ltd.,S.P.S.A. Securities Limited,228,222.0,50616.0,2025-07-13T11:27:22.155562
2025-07-13,82508,2025071301009599,KBL,S.P.S.A. Securities Limited,Ashutosh Brokerage & Securities (PVT) Ltd.,180,222.9,40122.0,2025-07-13T11:27:29.174913
2025-07-13,82071,2025071301009794,KBL,Secured Securities Ltd.,Sumeru Securities Pvt. Ltd.,549,222.0,121878.0,2025-07-13T11:28:09.11575
2025-07-13,82000,2025071301009825,KBL,Secured Securities Ltd.,Naasa Securities Co. Ltd.,223,222.0,49506.0,2025-07-13T11:28:15.060873
