Date,S.N.,Contract ID,Symbol,Buyer Broker,Seller Broker,volume,rate,amount,transaction_time
2025-07-13,105129,2025071303000057,LBBL,Creative Securities Pvt Ltd,Naasa Securities Co. Ltd.,200,451.2,90240.0,2025-07-13T10:46:00.058913
2025-07-13,105128,2025071303000058,LBBL,Opal Securities Investment (PVT) Ltd.,Naasa Securities Co. Ltd.,300,451.2,135360.0,2025-07-13T10:46:00.05894
2025-07-13,105127,2025071303000059,LBBL,Opal Securities Investment (PVT) Ltd.,Imperial Securities Company Pvt. Ltd.,1150,451.2,518880.0,2025-07-13T10:46:00.058964
2025-07-13,104108,2025071303000358,LBBL,Agrawal Securities (PVT) Ltd.,Naasa Securities Co. Ltd.,57,455.0,25935.0,2025-07-13T11:00:55.917564
2025-07-13,104107,2025071303000359,LBBL,Agrawal Securities (PVT) Ltd.,Sumeru Securities Pvt. Ltd.,10,459.0,4590.0,2025-07-13T11:00:55.917604
2025-07-13,104106,2025071303000360,LBBL,Agrawal Securities (PVT) Ltd.,Vision Securities Pvt. Ltd,133,460.0,61180.0,2025-07-13T11:00:55.917627
2025-07-13,102553,2025071303000649,LBBL,Cristal Kanchanjanga Securites Pvt. Ltd.,Aryatara Investment & Securities,100,453.0,45300.0,2025-07-13T11:02:05.293694
2025-07-13,102552,2025071303000650,LBBL,Dipshikha Dhitopatra Karobar Co. Pvt Ltd.,Aryatara Investment & Securities,600,451.2,270720.0,2025-07-13T11:02:05.29376
2025-07-13,102304,2025071303000709,LBBL,Prabhu Stock Market Limited,Kumari Securities Private Limited,10,456.0,4560.0,2025-07-13T11:02:16.388465
2025-07-13,101914,2025071303000782,LBBL,Dipshikha Dhitopatra Karobar Co. Pvt Ltd.,Linch Stock Market Ltd.,100,451.2,45120.0,2025-07-13T11:02:32.553972
2025-07-13,101852,2025071303000801,LBBL,Sipla Securities Private Limited,Kumari Securities Private Limited,40,456.0,18240.0,2025-07-13T11:02:35.89029
2025-07-13,101851,2025071303000802,LBBL,Sipla Securities Private Limited,South Asian Bulls Pvt. Ltd.,460,456.0,209760.0,2025-07-13T11:02:35.890413
2025-07-13,101109,2025071303000950,LBBL,Aryatara Investment & Securities,Kumari Securities Private Limited,200,453.0,90600.0,2025-07-13T11:03:02.28176
2025-07-13,100189,2025071303001161,LBBL,Trishakti Securities Public Limited,Vision Securities Pvt. Ltd,367,452.0,165884.0,2025-07-13T11:03:34.363208
2025-07-13,99969,2025071303001229,LBBL,Trishakti Securities Public Limited,Kohinoor Investment & Securities Pvt. Ltd.,131,452.0,59212.0,2025-07-13T11:03:41.367636
2025-07-13,99891,2025071303001250,LBBL,Trishakti Securities Public Limited,Sri Hari Securities Pvt. Ltd.,502,452.0,226904.0,2025-07-13T11:03:44.837936
2025-07-13,99890,2025071303001251,LBBL,Dipshikha Dhitopatra Karobar Co. Pvt Ltd.,Sri Hari Securities Pvt. Ltd.,498,451.2,224697.6,2025-07-13T11:03:44.838028
2025-07-13,99561,2025071303001330,LBBL,Dipshikha Dhitopatra Karobar Co. Pvt Ltd.,Online Securities Pvt. Ltd.,302,451.2,136262.4,2025-07-13T11:03:55.714189
2025-07-13,99345,2025071303001388,LBBL,Siprabi Securities Pvt. Ltd.,Oxford Securities Pvt. Ltd.,100,450.8,45080.0,2025-07-13T11:04:04.559511
2025-07-13,99344,2025071303001389,LBBL,Sewa Securities Pvt. Ltd.,Oxford Securities Pvt. Ltd.,500,450.0,225000.0,2025-07-13T11:04:04.559599
2025-07-13,98459,2025071303001647,LBBL,Agrawal Securities (PVT) Ltd.,Sundhara Securities Limited,20,447.0,8940.0,2025-07-13T11:04:47.59296
2025-07-13,98458,2025071303001648,LBBL,Premier Securities Company Ltd.,Sundhara Securities Limited,500,445.0,222500.0,2025-07-13T11:04:47.59302
2025-07-13,98457,2025071303001649,LBBL,Linch Stock Market Ltd.,Sundhara Securities Limited,50,445.0,22250.0,2025-07-13T11:04:47.593062
2025-07-13,98456,2025071303001650,LBBL,Aryatara Investment & Securities,Sundhara Securities Limited,430,444.1,190963.0,2025-07-13T11:04:47.593097
2025-07-13,98181,2025071303001724,LBBL,Opal Securities Investment (PVT) Ltd.,ABC Securities Private Limited,100,450.0,45000.0,2025-07-13T11:05:00.937631
2025-07-13,98180,2025071303001725,LBBL,Opal Securities Investment (PVT) Ltd.,Online Securities Pvt. Ltd.,400,451.0,180400.0,2025-07-13T11:05:00.937694
2025-07-13,94147,2025071303002808,LBBL,Aryatara Investment & Securities,Sri Hari Securities Pvt. Ltd.,20,444.3,8886.0,2025-07-13T11:09:21.21829
2025-07-13,94083,2025071303002825,LBBL,Neev Securities Pvt. Ltd.,Online Securities Pvt. Ltd.,100,449.0,44900.0,2025-07-13T11:09:28.358172
2025-07-13,93845,2025071303002891,LBBL,Aryatara Investment & Securities,Dakshinkali Investment & Securities Pvt. Ltd.,200,444.3,88860.0,2025-07-13T11:09:49.395177
2025-07-13,92199,2025071303003279,LBBL,Aryatara Investment & Securities,Thrive Brokerage House Pvt. Ltd,150,447.0,67050.0,2025-07-13T11:12:19.820726
2025-07-13,91991,2025071303003318,LBBL,Aryatara Investment & Securities,Investment Management Nepal Pvt. Ltd.,200,447.0,89400.0,2025-07-13T11:12:36.200231
2025-07-13,91990,2025071303003319,LBBL,Creative Securities Pvt Ltd,Investment Management Nepal Pvt. Ltd.,50,445.2,22260.0,2025-07-13T11:12:36.200414
2025-07-13,91907,2025071303003332,LBBL,Sipla Securities Private Limited,N.M.B. SECURITIES LIMITED,20,448.0,8960.0,2025-07-13T11:12:41.03332
2025-07-13,91263,2025071303003484,LBBL,Dynamic Money Managers Securities Pvt. Ltd.,Himalayan Brokerage Company Limited,300,448.0,134400.0,2025-07-13T11:13:45.24155
2025-07-13,91115,2025071303003503,LBBL,Dynamic Money Managers Securities Pvt. Ltd.,Online Securities Pvt. Ltd.,1000,449.0,449000.0,2025-07-13T11:14:01.074679
2025-07-13,90901,2025071303003531,LBBL,Dipshikha Dhitopatra Karobar Co. Pvt Ltd.,Secured Securities Ltd.,950,448.0,425600.0,2025-07-13T11:14:18.699039
2025-07-13,90885,2025071303003539,LBBL,Dynamic Money Managers Securities Pvt. Ltd.,Secured Securities Ltd.,1000,448.0,448000.0,2025-07-13T11:14:21.090237
2025-07-13,90517,2025071303003634,LBBL,Dynamic Money Managers Securities Pvt. Ltd.,Secured Securities Ltd.,500,448.0,224000.0,2025-07-13T11:14:55.862586
2025-07-13,90139,2025071303003731,LBBL,Pragyan Securities (PVT) Ltd.,Secured Securities Ltd.,150,448.0,67200.0,2025-07-13T11:15:36.109189
2025-07-13,90138,2025071303003732,LBBL,Pragyan Securities (PVT) Ltd.,Online Securities Pvt. Ltd.,198,449.0,88902.0,2025-07-13T11:15:36.109285
2025-07-13,90137,2025071303003733,LBBL,Pragyan Securities (PVT) Ltd.,Investment Management Nepal Pvt. Ltd.,19,450.0,8550.0,2025-07-13T11:15:36.10933
2025-07-13,88473,2025071303004109,LBBL,Kohinoor Investment & Securities Pvt. Ltd.,Online Securities Pvt. Ltd.,400,449.0,179600.0,2025-07-13T11:18:14.062518
2025-07-13,87610,2025071303004293,LBBL,Imperial Securities Company Pvt. Ltd.,Nagarik Stock Dealer ,250,448.9,112225.0,2025-07-13T11:19:35.659522
2025-07-13,87248,2025071303004383,LBBL,Midas Stock Broking Company Private Limited,Trisul Securities & Invt. Ltd.,10,447.0,4470.0,2025-07-13T11:20:08.892819
2025-07-13,85083,2025071303004855,LBBL,Shree Krishna Securities Ltd.,Trisul Securities & Invt. Ltd.,500,447.0,223500.0,2025-07-13T11:23:38.316103
2025-07-13,84445,2025071303005013,LBBL,Neev Securities Pvt. Ltd.,Trisul Securities & Invt. Ltd.,175,447.0,78225.0,2025-07-13T11:24:32.255387
2025-07-13,84444,2025071303005014,LBBL,Neev Securities Pvt. Ltd.,Stoxkarts Securities Limited,500,448.0,224000.0,2025-07-13T11:24:32.255638
2025-07-13,84443,2025071303005015,LBBL,Neev Securities Pvt. Ltd.,Nagarik Stock Dealer ,250,448.9,112225.0,2025-07-13T11:24:32.255792
2025-07-13,84442,2025071303005016,LBBL,Neev Securities Pvt. Ltd.,Online Securities Pvt. Ltd.,75,449.0,33675.0,2025-07-13T11:24:32.255931
2025-07-13,84415,2025071303005022,LBBL,ABC Securities Private Limited,Online Securities Pvt. Ltd.,681,449.0,305769.0,2025-07-13T11:24:35.662654
2025-07-13,84414,2025071303005023,LBBL,ABC Securities Private Limited,Siprabi Securities Pvt. Ltd.,200,449.0,89800.0,2025-07-13T11:24:35.662876
2025-07-13,84413,2025071303005024,LBBL,ABC Securities Private Limited,Investment Management Nepal Pvt. Ltd.,119,450.0,53550.0,2025-07-13T11:24:35.663047
2025-07-13,84293,2025071303005050,LBBL,ABC Securities Private Limited,Investment Management Nepal Pvt. Ltd.,162,450.0,72900.0,2025-07-13T11:24:48.899983
2025-07-13,84292,2025071303005051,LBBL,ABC Securities Private Limited,Primo Securities (PVT) Ltd.,200,450.0,90000.0,2025-07-13T11:24:48.900096
2025-07-13,84291,2025071303005052,LBBL,ABC Securities Private Limited,Premier Securities Company Ltd.,50,450.0,22500.0,2025-07-13T11:24:48.900141
2025-07-13,84290,2025071303005053,LBBL,ABC Securities Private Limited,Arun Securities (PVT) Ltd.,10,450.0,4500.0,2025-07-13T11:24:48.900189
2025-07-13,84289,2025071303005054,LBBL,ABC Securities Private Limited,SHUBHAKAMANA SECURITIES PVT. LTD,578,450.0,260100.0,2025-07-13T11:24:48.900238
2025-07-13,83760,2025071303005183,LBBL,ABC Securities Private Limited,SHUBHAKAMANA SECURITIES PVT. LTD,422,450.0,189900.0,2025-07-13T11:25:36.681943
2025-07-13,83735,2025071303005184,LBBL,ABC Securities Private Limited,Trisul Securities & Invt. Ltd.,578,450.0,260100.0,2025-07-13T11:25:38.359756
2025-07-13,83734,2025071303005185,LBBL,J.F. Securites (PVT) Ltd.,Trisul Securities & Invt. Ltd.,250,448.0,112000.0,2025-07-13T11:25:38.359892
2025-07-13,83636,2025071303005210,LBBL,ABC Securities Private Limited,Trisul Securities & Invt. Ltd.,172,447.0,76884.0,2025-07-13T11:25:47.770517
2025-07-13,82687,2025071303005402,LBBL,ABC Securities Private Limited,Cristal Kanchanjanga Securites Pvt. Ltd.,200,450.0,90000.0,2025-07-13T11:27:12.484775
2025-07-13,82686,2025071303005403,LBBL,ABC Securities Private Limited,Kumari Securities Private Limited,200,450.0,90000.0,2025-07-13T11:27:12.48501
2025-07-13,82477,2025071303005456,LBBL,ABC Securities Private Limited,Premier Securities Company Ltd.,428,450.0,192600.0,2025-07-13T11:27:32.491325
2025-07-13,81724,2025071303005671,LBBL,Thrive Brokerage House Pvt. Ltd,Dipshikha Dhitopatra Karobar Co. Pvt Ltd.,10,449.0,4490.0,2025-07-13T11:28:37.08681
2025-07-13,80955,2025071303005833,LBBL,South Asian Bulls Pvt. Ltd.,Dipshikha Dhitopatra Karobar Co. Pvt Ltd.,4000,449.0,1796000.0,2025-07-13T11:29:58.67508
2025-07-13,79205,2025071303006241,LBBL,ABC Securities Private Limited,Oxford Securities Pvt. Ltd.,250,448.0,112000.0,2025-07-13T11:33:08.509338
2025-07-13,78735,2025071303006370,LBBL,Trishakti Securities Public Limited,Dynamic Money Managers Securities Pvt. Ltd.,100,447.6,44760.0,2025-07-13T11:33:55.641675
2025-07-13,78734,2025071303006371,LBBL,South Asian Bulls Pvt. Ltd.,Dynamic Money Managers Securities Pvt. Ltd.,550,447.1,245905.0,2025-07-13T11:33:55.641848
2025-07-13,78256,2025071303006514,LBBL,Midas Stock Broking Company Private Limited,Vision Securities Pvt. Ltd,1000,448.9,448900.0,2025-07-13T11:34:37.803758
2025-07-13,74380,2025071303007380,LBBL,ABC Securities Private Limited,Miyo Securities Pvt Ltd,100,447.2,44720.0,2025-07-13T11:42:15.606191
2025-07-13,74379,2025071303007381,LBBL,Shree Krishna Securities Ltd.,Miyo Securities Pvt Ltd,500,447.2,223600.0,2025-07-13T11:42:15.606323
2025-07-13,74378,2025071303007382,LBBL,South Asian Bulls Pvt. Ltd.,Miyo Securities Pvt Ltd,450,447.1,201195.0,2025-07-13T11:42:15.606381
2025-07-13,74377,2025071303007383,LBBL,Linch Stock Market Ltd.,Miyo Securities Pvt Ltd,100,447.0,44700.0,2025-07-13T11:42:15.606439
2025-07-13,74376,2025071303007384,LBBL,Opal Securities Investment (PVT) Ltd.,Miyo Securities Pvt Ltd,5000,447.0,2235000.0,2025-07-13T11:42:15.60649
2025-07-13,74192,2025071303007440,LBBL,Nepal Stock House (PVT) Ltd.,Cristal Kanchanjanga Securites Pvt. Ltd.,100,446.0,44600.0,2025-07-13T11:42:42.213344
2025-07-13,73840,2025071303007537,LBBL,Imperial Securities Company Pvt. Ltd.,Cristal Kanchanjanga Securites Pvt. Ltd.,100,445.5,44550.0,2025-07-13T11:43:36.527907
2025-07-13,73839,2025071303007538,LBBL,Siprabi Securities Pvt. Ltd.,Cristal Kanchanjanga Securites Pvt. Ltd.,400,445.5,178200.0,2025-07-13T11:43:36.528106
2025-07-13,72155,2025071303007844,LBBL,South Asian Bulls Pvt. Ltd.,Imperial Securities Company Pvt. Ltd.,60,446.0,26760.0,2025-07-13T11:47:49.430166
2025-07-13,70660,2025071303008106,LBBL,South Asian Bulls Pvt. Ltd.,Agrawal Securities (PVT) Ltd.,99,445.5,44104.5,2025-07-13T11:51:54.342947
2025-07-13,69027,2025071303008428,LBBL,Opal Securities Investment (PVT) Ltd.,Oxford Securities Pvt. Ltd.,2000,447.0,894000.0,2025-07-13T11:56:53.008588
2025-07-13,67963,2025071303008644,LBBL,Opal Securities Investment (PVT) Ltd.,Imperial Securities Company Pvt. Ltd.,100,447.0,44700.0,2025-07-13T11:59:44.530487
2025-07-13,67831,2025071303008661,LBBL,Opal Securities Investment (PVT) Ltd.,Oxford Securities Pvt. Ltd.,150,447.0,67050.0,2025-07-13T12:00:02.260112
2025-07-13,67671,2025071303008688,LBBL,Trishakti Securities Public Limited,Asian Securities Private Ltd.,500,448.0,224000.0,2025-07-13T12:00:31.448178
2025-07-13,67560,2025071303008708,LBBL,Opal Securities Investment (PVT) Ltd.,Imperial Securities Company Pvt. Ltd.,50,447.0,22350.0,2025-07-13T12:00:50.230996
2025-07-13,67273,2025071303008777,LBBL,Capital Max Securities Ltd,Dynamic Money Managers Securities Pvt. Ltd.,500,448.6,224300.0,2025-07-13T12:01:38.959793
2025-07-13,67272,2025071303008778,LBBL,Capital Max Securities Ltd,Miyo Securities Pvt Ltd,300,448.8,134640.0,2025-07-13T12:01:38.960092
2025-07-13,67271,2025071303008779,LBBL,Capital Max Securities Ltd,Cristal Kanchanjanga Securites Pvt. Ltd.,200,448.9,89780.0,2025-07-13T12:01:38.960261
2025-07-13,66938,2025071303008845,LBBL,Opal Securities Investment (PVT) Ltd.,Miyo Securities Pvt Ltd,1200,447.0,536400.0,2025-07-13T12:02:27.368446
2025-07-13,66409,2025071303008962,LBBL,Opal Securities Investment (PVT) Ltd.,Dipshikha Dhitopatra Karobar Co. Pvt Ltd.,290,449.0,130210.0,2025-07-13T12:04:02.791211
2025-07-13,66408,2025071303008963,LBBL,Opal Securities Investment (PVT) Ltd.,Aryatara Investment & Securities,100,450.0,45000.0,2025-07-13T12:04:02.791453
2025-07-13,66407,2025071303008964,LBBL,Opal Securities Investment (PVT) Ltd.,Sundhara Securities Limited,160,450.0,72000.0,2025-07-13T12:04:02.791605
2025-07-13,66406,2025071303008965,LBBL,Opal Securities Investment (PVT) Ltd.,Primo Securities (PVT) Ltd.,300,450.0,135000.0,2025-07-13T12:04:02.791755
2025-07-13,66405,2025071303008966,LBBL,Opal Securities Investment (PVT) Ltd.,Sumeru Securities Pvt. Ltd.,10,450.0,4500.0,2025-07-13T12:04:02.791919
2025-07-13,66404,2025071303008967,LBBL,Opal Securities Investment (PVT) Ltd.,Imperial Securities Company Pvt. Ltd.,100,450.8,45080.0,2025-07-13T12:04:02.792081
2025-07-13,66403,2025071303008968,LBBL,Opal Securities Investment (PVT) Ltd.,Premier Securities Company Ltd.,1000,450.8,450800.0,2025-07-13T12:04:02.792235
2025-07-13,66402,2025071303008969,LBBL,Opal Securities Investment (PVT) Ltd.,Premier Securities Company Ltd.,1000,450.9,450900.0,2025-07-13T12:04:02.792377
2025-07-13,66401,2025071303008970,LBBL,Opal Securities Investment (PVT) Ltd.,Sundhara Securities Limited,159,451.0,71709.0,2025-07-13T12:04:02.792519
2025-07-13,66400,2025071303008971,LBBL,Opal Securities Investment (PVT) Ltd.,Dipshikha Dhitopatra Karobar Co. Pvt Ltd.,100,451.0,45100.0,2025-07-13T12:04:02.792669
2025-07-13,65908,2025071303009083,LBBL,Opal Securities Investment (PVT) Ltd.,Opal Securities Investment (PVT) Ltd.,1000,451.0,451000.0,2025-07-13T12:05:39.267241
2025-07-13,65702,2025071303009122,LBBL,Opal Securities Investment (PVT) Ltd.,Dynamic Money Managers Securities Pvt. Ltd.,30,452.0,13560.0,2025-07-13T12:06:19.52309
2025-07-13,65701,2025071303009123,LBBL,Opal Securities Investment (PVT) Ltd.,Trishakti Securities Public Limited,200,452.0,90400.0,2025-07-13T12:06:19.523217
2025-07-13,65700,2025071303009124,LBBL,Opal Securities Investment (PVT) Ltd.,Imperial Securities Company Pvt. Ltd.,220,452.0,99440.0,2025-07-13T12:06:19.523274
2025-07-13,65699,2025071303009125,LBBL,Opal Securities Investment (PVT) Ltd.,Trisul Securities & Invt. Ltd.,800,453.0,362400.0,2025-07-13T12:06:19.523327
2025-07-13,65698,2025071303009126,LBBL,Opal Securities Investment (PVT) Ltd.,Trisul Securities & Invt. Ltd.,600,453.0,271800.0,2025-07-13T12:06:19.523398
2025-07-13,65604,2025071303009149,LBBL,Linch Stock Market Ltd.,ABC Securities Private Limited,100,454.0,45400.0,2025-07-13T12:06:41.202738
2025-07-13,65246,2025071303009206,LBBL,Linch Stock Market Ltd.,ABC Securities Private Limited,400,454.0,181600.0,2025-07-13T12:07:47.857391
2025-07-13,65188,2025071303009210,LBBL,Opal Securities Investment (PVT) Ltd.,Miyo Securities Pvt Ltd,1823,453.0,825819.0,2025-07-13T12:07:59.40272
2025-07-13,65110,2025071303009232,LBBL,Opal Securities Investment (PVT) Ltd.,Miyo Securities Pvt Ltd,1781,451.0,803231.0,2025-07-13T12:08:13.457109
2025-07-13,64849,2025071303009283,LBBL,Kohinoor Investment & Securities Pvt. Ltd.,Sumeru Securities Pvt. Ltd.,160,453.0,72480.0,2025-07-13T12:08:59.885097
2025-07-13,64848,2025071303009284,LBBL,Kohinoor Investment & Securities Pvt. Ltd.,ABC Securities Private Limited,581,454.0,263774.0,2025-07-13T12:08:59.885227
2025-07-13,64847,2025071303009285,LBBL,Kohinoor Investment & Securities Pvt. Ltd.,Kumari Securities Private Limited,10,454.0,4540.0,2025-07-13T12:08:59.885284
2025-07-13,64846,2025071303009286,LBBL,Kohinoor Investment & Securities Pvt. Ltd.,Sumeru Securities Pvt. Ltd.,50,454.0,22700.0,2025-07-13T12:08:59.885336
2025-07-13,64542,2025071303009311,LBBL,Kohinoor Investment & Securities Pvt. Ltd.,Trishakti Securities Public Limited,16,454.0,7264.0,2025-07-13T12:09:36.016364
2025-07-13,64346,2025071303009357,LBBL,Kohinoor Investment & Securities Pvt. Ltd.,Sumeru Securities Pvt. Ltd.,183,454.0,83082.0,2025-07-13T12:10:13.818538
2025-07-13,63582,2025071303009547,LBBL,Trisul Securities & Invt. Ltd.,Trisul Securities & Invt. Ltd.,10,454.0,4540.0,2025-07-13T12:12:48.998821
2025-07-13,62553,2025071303009746,LBBL,South Asian Bulls Pvt. Ltd.,INDEX SECURITIES LIMITED,10,449.1,4491.0,2025-07-13T12:15:22.650046
2025-07-13,62358,2025071303009770,LBBL,South Asian Bulls Pvt. Ltd.,Sundhara Securities Limited,1000,449.1,449100.0,2025-07-13T12:15:48.148782
2025-07-13,61271,2025071303009992,LBBL,Opal Securities Investment (PVT) Ltd.,Trisul Securities & Invt. Ltd.,440,454.0,199760.0,2025-07-13T12:19:17.205304
2025-07-13,61270,2025071303009993,LBBL,Opal Securities Investment (PVT) Ltd.,Sumeru Securities Pvt. Ltd.,500,454.0,227000.0,2025-07-13T12:19:17.20545
2025-07-13,61269,2025071303009994,LBBL,Opal Securities Investment (PVT) Ltd.,Infinity Securities Limited,500,454.0,227000.0,2025-07-13T12:19:17.205516
2025-07-13,61268,2025071303009995,LBBL,Opal Securities Investment (PVT) Ltd.,Linch Stock Market Ltd.,20,454.0,9080.0,2025-07-13T12:19:17.205575
2025-07-13,61267,2025071303009996,LBBL,Opal Securities Investment (PVT) Ltd.,Indira securities pvt. ltd,40,454.0,18160.0,2025-07-13T12:19:17.205633
2025-07-13,61266,2025071303009997,LBBL,Opal Securities Investment (PVT) Ltd.,K.B.L. Securities Limited ,100,454.8,45480.0,2025-07-13T12:19:17.205687
2025-07-13,61265,2025071303009998,LBBL,Opal Securities Investment (PVT) Ltd.,Premier Securities Company Ltd.,500,454.8,227400.0,2025-07-13T12:19:17.205751
2025-07-13,61264,2025071303009999,LBBL,Opal Securities Investment (PVT) Ltd.,Ashutosh Brokerage & Securities (PVT) Ltd.,500,454.9,227450.0,2025-07-13T12:19:17.205829
2025-07-13,61263,2025071303010000,LBBL,Opal Securities Investment (PVT) Ltd.,Sewa Securities Pvt. Ltd.,465,455.0,211575.0,2025-07-13T12:19:17.205902
2025-07-13,61262,2025071303010001,LBBL,Opal Securities Investment (PVT) Ltd.,Opal Securities Investment (PVT) Ltd.,401,455.0,182455.0,2025-07-13T12:19:17.205979
2025-07-13,61261,2025071303010002,LBBL,Opal Securities Investment (PVT) Ltd.,Naasa Securities Co. Ltd.,100,455.0,45500.0,2025-07-13T12:19:17.206055
2025-07-13,61260,2025071303010003,LBBL,Opal Securities Investment (PVT) Ltd.,Deevyaa Securities & Stock House Pvt. Ltd,51,455.0,23205.0,2025-07-13T12:19:17.206127
2025-07-13,61259,2025071303010004,LBBL,Opal Securities Investment (PVT) Ltd.,Sani Securities Company Ltd.,10,455.0,4550.0,2025-07-13T12:19:17.206187
2025-07-13,61258,2025071303010005,LBBL,Opal Securities Investment (PVT) Ltd.,Siprabi Securities Pvt. Ltd.,200,455.0,91000.0,2025-07-13T12:19:17.206253
2025-07-13,61257,2025071303010006,LBBL,Opal Securities Investment (PVT) Ltd.,Sri Hari Securities Pvt. Ltd.,100,455.0,45500.0,2025-07-13T12:19:17.206308
2025-07-13,61256,2025071303010007,LBBL,Opal Securities Investment (PVT) Ltd.,Trishakti Securities Public Limited,10,455.0,4550.0,2025-07-13T12:19:17.20637
2025-07-13,61225,2025071303010013,LBBL,Opal Securities Investment (PVT) Ltd.,Sundhara Securities Limited,1000,455.0,455000.0,2025-07-13T12:19:24.228047
2025-07-13,60875,2025071303010060,LBBL,Agrawal Securities (PVT) Ltd.,Arun Securities (PVT) Ltd.,10,455.2,4552.0,2025-07-13T12:20:08.573108
2025-07-13,60874,2025071303010061,LBBL,Agrawal Securities (PVT) Ltd.,Garima Securities Limited,10,455.9,4559.0,2025-07-13T12:20:08.573212
2025-07-13,60873,2025071303010062,LBBL,Agrawal Securities (PVT) Ltd.,Vision Securities Pvt. Ltd,980,455.9,446782.0,2025-07-13T12:20:08.573285
2025-07-13,60647,2025071303010116,LBBL,Opal Securities Investment (PVT) Ltd.,Sundhara Securities Limited,1000,455.0,455000.0,2025-07-13T12:20:41.628544
2025-07-13,60583,2025071303010136,LBBL,Opal Securities Investment (PVT) Ltd.,Miyo Securities Pvt Ltd,501,455.0,227955.0,2025-07-13T12:20:49.769844
2025-07-13,60440,2025071303010171,LBBL,Opal Securities Investment (PVT) Ltd.,Miyo Securities Pvt Ltd,125,455.0,56875.0,2025-07-13T12:21:12.83808
2025-07-13,59977,2025071303010275,LBBL,Linch Stock Market Ltd.,Siprabi Securities Pvt. Ltd.,20,455.1,9102.0,2025-07-13T12:22:37.857768
2025-07-13,56259,2025071303010983,LBBL,Aakashbhairab Securities Ltd.,Investment Management Nepal Pvt. Ltd.,50,455.0,22750.0,2025-07-13T12:31:20.43111
2025-07-13,56258,2025071303010984,LBBL,Aakashbhairab Securities Ltd.,Oxford Securities Pvt. Ltd.,767,455.0,348985.0,2025-07-13T12:31:20.431316
2025-07-13,56049,2025071303011017,LBBL,Aakashbhairab Securities Ltd.,Trishakti Securities Public Limited,10,455.0,4550.0,2025-07-13T12:31:51.459736
2025-07-13,55840,2025071303011097,LBBL,Aakashbhairab Securities Ltd.,Trishakti Securities Public Limited,10,455.0,4550.0,2025-07-13T12:32:15.614849
2025-07-13,55792,2025071303011112,LBBL,Aryatara Investment & Securities,Siprabi Securities Pvt. Ltd.,23,455.1,10467.3,2025-07-13T12:32:25.030353
2025-07-13,55791,2025071303011113,LBBL,Aryatara Investment & Securities,SHUBHAKAMANA SECURITIES PVT. LTD,500,455.1,227550.0,2025-07-13T12:32:25.030455
2025-07-13,55790,2025071303011114,LBBL,Aryatara Investment & Securities,Secured Securities Ltd.,200,455.1,91020.0,2025-07-13T12:32:25.030531
2025-07-13,55789,2025071303011115,LBBL,Aryatara Investment & Securities,Sundhara Securities Limited,277,455.2,126090.4,2025-07-13T12:32:25.030607
2025-07-13,55402,2025071303011216,LBBL,Elite Stock House Limited,Sundhara Securities Limited,723,455.2,329109.6,2025-07-13T12:33:22.295869
2025-07-13,55401,2025071303011217,LBBL,Elite Stock House Limited,Aryatara Investment & Securities,240,456.9,109656.0,2025-07-13T12:33:22.295976
2025-07-13,55400,2025071303011218,LBBL,Elite Stock House Limited,Premier Securities Company Ltd.,37,456.9,16905.3,2025-07-13T12:33:22.296009
2025-07-13,55275,2025071303011231,LBBL,Aryatara Investment & Securities,Sumeru Securities Pvt. Ltd.,10,456.0,4560.0,2025-07-13T12:33:39.808399
2025-07-13,55274,2025071303011232,LBBL,Aryatara Investment & Securities,Premier Securities Company Ltd.,990,456.9,452331.0,2025-07-13T12:33:39.808543
2025-07-13,54646,2025071303011341,LBBL,Kohinoor Investment & Securities Pvt. Ltd.,Miyo Securities Pvt Ltd,44,456.8,20099.2,2025-07-13T12:34:57.217131
2025-07-13,54398,2025071303011390,LBBL,Kohinoor Investment & Securities Pvt. Ltd.,Miyo Securities Pvt Ltd,2000,456.8,913600.0,2025-07-13T12:35:30.46104
2025-07-13,54185,2025071303011420,LBBL,Kalika Securities Pvt. Ltd.,Sundhara Securities Limited,100,456.0,45600.0,2025-07-13T12:35:55.531225
2025-07-13,53958,2025071303011464,LBBL,Kalika Securities Pvt. Ltd.,Shree Krishna Securities Ltd.,100,456.5,45650.0,2025-07-13T12:36:20.829147
2025-07-13,53942,2025071303011474,LBBL,Hatemalo Financial Services Private Limited,Shree Krishna Securities Ltd.,261,456.5,119146.5,2025-07-13T12:36:24.401863
2025-07-13,53649,2025071303011527,LBBL,Midas Stock Broking Company Private Limited,Trishakti Securities Public Limited,10,455.1,4551.0,2025-07-13T12:37:08.828962
2025-07-13,53412,2025071303011584,LBBL,Himalayan Brokerage Company Limited,Shree Krishna Securities Ltd.,89,456.5,40628.5,2025-07-13T12:37:46.089154
2025-07-13,53411,2025071303011585,LBBL,Himalayan Brokerage Company Limited,Sumeru Securities Pvt. Ltd.,10,456.5,4565.0,2025-07-13T12:37:46.089328
2025-07-13,53410,2025071303011586,LBBL,Himalayan Brokerage Company Limited,Miyo Securities Pvt Ltd,707,456.8,322957.6,2025-07-13T12:37:46.08939
2025-07-13,53409,2025071303011587,LBBL,Himalayan Brokerage Company Limited,Premier Securities Company Ltd.,194,456.9,88638.6,2025-07-13T12:37:46.089451
2025-07-13,52999,2025071303011671,LBBL,Kalika Securities Pvt. Ltd.,Naasa Securities Co. Ltd.,100,456.8,45680.0,2025-07-13T12:38:30.735072
2025-07-13,52708,2025071303011720,LBBL,Primo Securities (PVT) Ltd.,Premier Securities Company Ltd.,50,456.9,22845.0,2025-07-13T12:39:26.925445
2025-07-13,52345,2025071303011808,LBBL,Kalika Securities Pvt. Ltd.,Midas Stock Broking Company Private Limited,100,456.8,45680.0,2025-07-13T12:40:18.723401
2025-07-13,51913,2025071303011882,LBBL,INDEX SECURITIES LIMITED,Midas Stock Broking Company Private Limited,95,456.8,43396.0,2025-07-13T12:41:19.986765
2025-07-13,51912,2025071303011883,LBBL,INDEX SECURITIES LIMITED,Trishakti Securities Public Limited,10,456.8,4568.0,2025-07-13T12:41:19.986877
2025-07-13,51911,2025071303011884,LBBL,INDEX SECURITIES LIMITED,Trishakti Securities Public Limited,105,456.8,47964.0,2025-07-13T12:41:19.986943
2025-07-13,51910,2025071303011885,LBBL,INDEX SECURITIES LIMITED,Premier Securities Company Ltd.,729,456.9,333080.1,2025-07-13T12:41:19.987011
2025-07-13,51909,2025071303011886,LBBL,INDEX SECURITIES LIMITED,Trishakti Securities Public Limited,10,456.9,4569.0,2025-07-13T12:41:19.987088
2025-07-13,51908,2025071303011887,LBBL,INDEX SECURITIES LIMITED,Siprabi Securities Pvt. Ltd.,100,456.9,45690.0,2025-07-13T12:41:19.987148
2025-07-13,51907,2025071303011888,LBBL,INDEX SECURITIES LIMITED,Sumeru Securities Pvt. Ltd.,10,456.9,4569.0,2025-07-13T12:41:19.987212
2025-07-13,51906,2025071303011889,LBBL,INDEX SECURITIES LIMITED,Kumari Securities Private Limited,100,457.0,45700.0,2025-07-13T12:41:19.987276
2025-07-13,51905,2025071303011890,LBBL,INDEX SECURITIES LIMITED,Pragyan Securities (PVT) Ltd.,200,457.0,91400.0,2025-07-13T12:41:19.987344
2025-07-13,51904,2025071303011891,LBBL,INDEX SECURITIES LIMITED,Primo Securities (PVT) Ltd.,141,457.0,64437.0,2025-07-13T12:41:19.98741
2025-07-13,51384,2025071303012014,LBBL,ABC Securities Private Limited,Primo Securities (PVT) Ltd.,159,457.0,72663.0,2025-07-13T12:42:45.792332
2025-07-13,51383,2025071303012015,LBBL,ABC Securities Private Limited,Trishakti Securities Public Limited,10,457.0,4570.0,2025-07-13T12:42:45.792372
2025-07-13,51382,2025071303012016,LBBL,ABC Securities Private Limited,Arun Securities (PVT) Ltd.,10,457.0,4570.0,2025-07-13T12:42:45.792394
2025-07-13,51381,2025071303012017,LBBL,ABC Securities Private Limited,Sumeru Securities Pvt. Ltd.,10,457.0,4570.0,2025-07-13T12:42:45.792417
2025-07-13,51380,2025071303012018,LBBL,ABC Securities Private Limited,Vision Securities Pvt. Ltd,13,457.0,5941.0,2025-07-13T12:42:45.79244
2025-07-13,51379,2025071303012019,LBBL,ABC Securities Private Limited,Dipshikha Dhitopatra Karobar Co. Pvt Ltd.,100,457.8,45780.0,2025-07-13T12:42:45.792462
2025-07-13,51378,2025071303012020,LBBL,ABC Securities Private Limited,Kumari Securities Private Limited,10,457.9,4579.0,2025-07-13T12:42:45.792491
2025-07-13,51377,2025071303012021,LBBL,ABC Securities Private Limited,Premier Securities Company Ltd.,1000,457.9,457900.0,2025-07-13T12:42:45.792512
2025-07-13,51376,2025071303012022,LBBL,ABC Securities Private Limited,Siprabi Securities Pvt. Ltd.,188,457.9,86085.2,2025-07-13T12:42:45.792534
2025-07-13,50859,2025071303012120,LBBL,Aakashbhairab Securities Ltd.,Neev Securities Pvt. Ltd.,15,455.2,6828.0,2025-07-13T12:44:15.307645
2025-07-13,50646,2025071303012151,LBBL,Opal Securities Investment (PVT) Ltd.,Siprabi Securities Pvt. Ltd.,12,457.9,5494.8,2025-07-13T12:44:49.67385
2025-07-13,50645,2025071303012152,LBBL,Opal Securities Investment (PVT) Ltd.,Shree Krishna Securities Ltd.,20,458.0,9160.0,2025-07-13T12:44:49.674014
2025-07-13,50644,2025071303012153,LBBL,Opal Securities Investment (PVT) Ltd.,Sumeru Securities Pvt. Ltd.,50,458.0,22900.0,2025-07-13T12:44:49.674092
2025-07-13,50643,2025071303012154,LBBL,Opal Securities Investment (PVT) Ltd.,K.B.L. Securities Limited ,100,458.8,45880.0,2025-07-13T12:44:49.674157
2025-07-13,50642,2025071303012155,LBBL,Opal Securities Investment (PVT) Ltd.,Vision Securities Pvt. Ltd,500,458.8,229400.0,2025-07-13T12:44:49.674235
2025-07-13,50641,2025071303012156,LBBL,Opal Securities Investment (PVT) Ltd.,Imperial Securities Company Pvt. Ltd.,10,458.9,4589.0,2025-07-13T12:44:49.674315
2025-07-13,50640,2025071303012157,LBBL,Opal Securities Investment (PVT) Ltd.,Trishakti Securities Public Limited,1700,458.9,780130.0,2025-07-13T12:44:49.674425
2025-07-13,50639,2025071303012158,LBBL,Opal Securities Investment (PVT) Ltd.,Imperial Securities Company Pvt. Ltd.,15,459.0,6885.0,2025-07-13T12:44:49.674522
2025-07-13,50638,2025071303012159,LBBL,Opal Securities Investment (PVT) Ltd.,Sharepro Securities Private Limited,103,459.0,47277.0,2025-07-13T12:44:49.674605
2025-07-13,50637,2025071303012160,LBBL,Opal Securities Investment (PVT) Ltd.,Naasa Securities Co. Ltd.,1500,459.0,688500.0,2025-07-13T12:44:49.674683
2025-07-13,50636,2025071303012161,LBBL,Opal Securities Investment (PVT) Ltd.,Neev Securities Pvt. Ltd.,100,459.0,45900.0,2025-07-13T12:44:49.674748
2025-07-13,50635,2025071303012162,LBBL,Opal Securities Investment (PVT) Ltd.,Agrawal Securities (PVT) Ltd.,1000,459.0,459000.0,2025-07-13T12:44:49.674826
2025-07-13,50634,2025071303012163,LBBL,Opal Securities Investment (PVT) Ltd.,Online Securities Pvt. Ltd.,500,459.0,229500.0,2025-07-13T12:44:49.67489
2025-07-13,50454,2025071303012198,LBBL,Opal Securities Investment (PVT) Ltd.,Himalayan Brokerage Company Limited,500,459.0,229500.0,2025-07-13T12:45:20.647712
2025-07-13,50428,2025071303012214,LBBL,Opal Securities Investment (PVT) Ltd.,Naasa Securities Co. Ltd.,20,459.0,9180.0,2025-07-13T12:45:26.37455
2025-07-13,50391,2025071303012218,LBBL,Sanima Securities Limited,Imperial Securities Company Pvt. Ltd.,25,459.9,11497.5,2025-07-13T12:45:31.551867
2025-07-13,50390,2025071303012219,LBBL,Sanima Securities Limited,Indira securities pvt. ltd,200,460.0,92000.0,2025-07-13T12:45:31.551969
2025-07-13,50389,2025071303012220,LBBL,Sanima Securities Limited,Shree Krishna Securities Ltd.,25,460.0,11500.0,2025-07-13T12:45:31.552006
2025-07-13,50388,2025071303012221,LBBL,Sanima Securities Limited,Premier Securities Company Ltd.,150,460.0,69000.0,2025-07-13T12:45:31.552038
2025-07-13,50240,2025071303012263,LBBL,Opal Securities Investment (PVT) Ltd.,Nepal Stock House (PVT) Ltd.,500,459.0,229500.0,2025-07-13T12:45:53.401751
2025-07-13,49898,2025071303012343,LBBL,Agrawal Securities (PVT) Ltd.,Premier Securities Company Ltd.,1000,460.0,460000.0,2025-07-13T12:46:43.187259
2025-07-13,49840,2025071303012364,LBBL,Opal Securities Investment (PVT) Ltd.,Miyo Securities Pvt Ltd,75,459.0,34425.0,2025-07-13T12:46:51.806271
2025-07-13,49820,2025071303012372,LBBL,Opal Securities Investment (PVT) Ltd.,Nepal Investment And Securities Trading Private Limited,50,459.0,22950.0,2025-07-13T12:46:54.93158
2025-07-13,49626,2025071303012418,LBBL,Opal Securities Investment (PVT) Ltd.,Siprabi Securities Pvt. Ltd.,270,459.0,123930.0,2025-07-13T12:47:30.28551
2025-07-13,48907,2025071303012536,LBBL,Agrawal Securities (PVT) Ltd.,Sewa Securities Pvt. Ltd.,500,459.0,229500.0,2025-07-13T12:49:46.260667
2025-07-13,48863,2025071303012543,LBBL,INDEX SECURITIES LIMITED,BHOLE GANESH SECURITIES LTD,1000,456.0,456000.0,2025-07-13T12:49:55.27112
2025-07-13,48425,2025071303012642,LBBL,Aakashbhairab Securities Ltd.,Himalayan Securities Limited,148,455.2,67369.6,2025-07-13T12:50:52.150291
2025-07-13,48424,2025071303012643,LBBL,Midas Stock Broking Company Private Limited,Himalayan Securities Limited,88,455.1,40048.8,2025-07-13T12:50:52.150608
2025-07-13,48423,2025071303012644,LBBL,Linch Stock Market Ltd.,Himalayan Securities Limited,264,455.1,120146.4,2025-07-13T12:50:52.150797
2025-07-13,48262,2025071303012660,LBBL,Linch Stock Market Ltd.,S.P.S.A. Securities Limited,100,455.1,45510.0,2025-07-13T12:51:15.868291
2025-07-13,47360,2025071303012872,LBBL,Online Securities Pvt. Ltd.,Bhrikuti Stock Broking Co. Pvt. Ltd.,26,455.5,11843.0,2025-07-13T12:53:33.335098
2025-07-13,46559,2025071303013034,LBBL,Online Securities Pvt. Ltd.,Linch Stock Market Ltd.,190,458.0,87020.0,2025-07-13T12:55:52.563715
2025-07-13,46107,2025071303013129,LBBL,Sri Hari Securities Pvt. Ltd.,Kalika Securities Pvt. Ltd.,100,459.0,45900.0,2025-07-13T12:57:16.64627
2025-07-13,46106,2025071303013130,LBBL,Sri Hari Securities Pvt. Ltd.,Sundhara Securities Limited,500,459.0,229500.0,2025-07-13T12:57:16.646583
2025-07-13,46105,2025071303013131,LBBL,Sri Hari Securities Pvt. Ltd.,Sundhara Securities Limited,400,459.0,183600.0,2025-07-13T12:57:16.646775
2025-07-13,45854,2025071303013181,LBBL,Himalayan Brokerage Company Limited,Sundhara Securities Limited,100,459.0,45900.0,2025-07-13T12:58:10.064287
2025-07-13,43860,2025071303013670,LBBL,ABC Securities Private Limited,Online Securities Pvt. Ltd.,900,458.0,412200.0,2025-07-13T13:04:37.278769
2025-07-13,43859,2025071303013671,LBBL,ABC Securities Private Limited,Siprabi Securities Pvt. Ltd.,100,458.0,45800.0,2025-07-13T13:04:37.278865
2025-07-13,43858,2025071303013672,LBBL,ABC Securities Private Limited,Imperial Securities Company Pvt. Ltd.,100,458.0,45800.0,2025-07-13T13:04:37.278939
2025-07-13,43857,2025071303013673,LBBL,ABC Securities Private Limited,Thrive Brokerage House Pvt. Ltd,13,458.9,5965.7,2025-07-13T13:04:37.279015
2025-07-13,43856,2025071303013674,LBBL,ABC Securities Private Limited,Sani Securities Company Ltd.,240,459.0,110160.0,2025-07-13T13:04:37.279103
2025-07-13,43855,2025071303013675,LBBL,ABC Securities Private Limited,Siprabi Securities Pvt. Ltd.,100,459.0,45900.0,2025-07-13T13:04:37.279178
2025-07-13,43854,2025071303013676,LBBL,ABC Securities Private Limited,Malla & Malla Stock Broking Company Pvt. Limited,300,459.0,137700.0,2025-07-13T13:04:37.27925
2025-07-13,43853,2025071303013677,LBBL,ABC Securities Private Limited,Imperial Securities Company Pvt. Ltd.,200,459.0,91800.0,2025-07-13T13:04:37.27932
2025-07-13,43852,2025071303013678,LBBL,ABC Securities Private Limited,Market Securities & Exchange (PVT) Ltd.,47,459.4,21591.8,2025-07-13T13:04:37.279393
2025-07-13,43186,2025071303013838,LBBL,Naasa Securities Co. Ltd.,Miyo Securities Pvt Ltd,200,458.0,91600.0,2025-07-13T13:06:36.396337
2025-07-13,43167,2025071303013840,LBBL,J.F. Securites (PVT) Ltd.,Miyo Securities Pvt Ltd,480,458.0,219840.0,2025-07-13T13:06:42.642727
2025-07-13,43166,2025071303013841,LBBL,J.F. Securites (PVT) Ltd.,Imperial Securities Company Pvt. Ltd.,100,458.0,45800.0,2025-07-13T13:06:42.642892
2025-07-13,42201,2025071303014033,LBBL,Opal Securities Investment (PVT) Ltd.,Creative Securities Pvt Ltd,100,459.0,45900.0,2025-07-13T13:09:31.124246
2025-07-13,41953,2025071303014077,LBBL,Trishakti Securities Public Limited,Kumari Securities Private Limited,10,459.1,4591.0,2025-07-13T13:10:11.143123
2025-07-13,41817,2025071303014103,LBBL,Trishakti Securities Public Limited,Sundhara Securities Limited,290,459.1,133139.0,2025-07-13T13:10:27.241045
2025-07-13,41816,2025071303014104,LBBL,Opal Securities Investment (PVT) Ltd.,Sundhara Securities Limited,88,459.0,40392.0,2025-07-13T13:10:27.241389
2025-07-13,41483,2025071303014167,LBBL,Opal Securities Investment (PVT) Ltd.,Primo Securities (PVT) Ltd.,500,459.0,229500.0,2025-07-13T13:11:24.646856
2025-07-13,41398,2025071303014180,LBBL,Opal Securities Investment (PVT) Ltd.,Market Securities & Exchange (PVT) Ltd.,953,459.0,437427.0,2025-07-13T13:11:43.309078
2025-07-13,41218,2025071303014219,LBBL,Opal Securities Investment (PVT) Ltd.,Imperial Securities Company Pvt. Ltd.,200,459.0,91800.0,2025-07-13T13:12:08.62801
2025-07-13,41004,2025071303014298,LBBL,Opal Securities Investment (PVT) Ltd.,Deevyaa Securities & Stock House Pvt. Ltd,200,459.0,91800.0,2025-07-13T13:12:56.960615
2025-07-13,40828,2025071303014323,LBBL,Opal Securities Investment (PVT) Ltd.,Siprabi Securities Pvt. Ltd.,470,459.0,215730.0,2025-07-13T13:13:19.658973
2025-07-13,40827,2025071303014324,LBBL,ABC Securities Private Limited,Siprabi Securities Pvt. Ltd.,100,459.0,45900.0,2025-07-13T13:13:19.659316
2025-07-13,40577,2025071303014387,LBBL,Online Securities Pvt. Ltd.,Cristal Kanchanjanga Securites Pvt. Ltd.,200,459.0,91800.0,2025-07-13T13:14:02.810863
2025-07-13,39577,2025071303014608,LBBL,J.F. Securites (PVT) Ltd.,Sundhara Securities Limited,420,458.0,192360.0,2025-07-13T13:17:12.346786
2025-07-13,39194,2025071303014704,LBBL,Online Securities Pvt. Ltd.,Sundhara Securities Limited,80,458.0,36640.0,2025-07-13T13:18:42.712445
2025-07-13,39193,2025071303014705,LBBL,Online Securities Pvt. Ltd.,Trishakti Securities Public Limited,10,458.0,4580.0,2025-07-13T13:18:42.712658
2025-07-13,39185,2025071303014709,LBBL,Malla & Malla Stock Broking Company Pvt. Limited,Himalayan Brokerage Company Limited,11,456.5,5021.5,2025-07-13T13:18:43.828505
2025-07-13,38974,2025071303014746,LBBL,Malla & Malla Stock Broking Company Pvt. Limited,Imperial Securities Company Pvt. Ltd.,83,456.5,37889.5,2025-07-13T13:19:36.493224
2025-07-13,38973,2025071303014747,LBBL,Nepal Investment And Securities Trading Private Limited,Imperial Securities Company Pvt. Ltd.,17,456.5,7760.5,2025-07-13T13:19:36.49342
2025-07-13,38505,2025071303014842,LBBL,KALASH STOCK MARKET PVT. LTD.,Online Securities Pvt. Ltd.,450,457.0,205650.0,2025-07-13T13:21:19.951917
2025-07-13,38504,2025071303014843,LBBL,Nepal Investment And Securities Trading Private Limited,Online Securities Pvt. Ltd.,33,456.5,15064.5,2025-07-13T13:21:19.952124
2025-07-13,38503,2025071303014844,LBBL,J.F. Securites (PVT) Ltd.,Online Securities Pvt. Ltd.,167,456.4,76218.8,2025-07-13T13:21:19.952201
2025-07-13,37849,2025071303014973,LBBL,J.F. Securites (PVT) Ltd.,Aryatara Investment & Securities,300,456.4,136920.0,2025-07-13T13:23:09.41774
2025-07-13,36987,2025071303015159,LBBL,J.F. Securites (PVT) Ltd.,Oxford Securities Pvt. Ltd.,100,456.4,45640.0,2025-07-13T13:25:53.614948
2025-07-13,36875,2025071303015174,LBBL,J.F. Securites (PVT) Ltd.,Sumeru Securities Pvt. Ltd.,500,456.4,228200.0,2025-07-13T13:26:09.286449
2025-07-13,36044,2025071303015313,LBBL,Naasa Securities Co. Ltd.,Imperial Securities Company Pvt. Ltd.,18,457.8,8240.4,2025-07-13T13:28:41.35858
2025-07-13,35788,2025071303015388,LBBL,Siprabi Securities Pvt. Ltd.,Dakshinkali Investment & Securities Pvt. Ltd.,55,457.5,25162.5,2025-07-13T13:29:59.05254
2025-07-13,35403,2025071303015503,LBBL,Aakashbhairab Securities Ltd.,Dakshinkali Investment & Securities Pvt. Ltd.,13,456.5,5934.5,2025-07-13T13:31:22.436293
2025-07-13,35402,2025071303015504,LBBL,J.F. Securites (PVT) Ltd.,Dakshinkali Investment & Securities Pvt. Ltd.,432,456.4,197164.8,2025-07-13T13:31:22.436489
2025-07-13,35338,2025071303015526,LBBL,J.F. Securites (PVT) Ltd.,Dakshinkali Investment & Securities Pvt. Ltd.,500,456.4,228200.0,2025-07-13T13:31:40.53274
2025-07-13,34731,2025071303015620,LBBL,Linch Stock Market Ltd.,Dakshinkali Investment & Securities Pvt. Ltd.,636,456.1,290079.6,2025-07-13T13:33:51.41857
2025-07-13,34730,2025071303015621,LBBL,Sewa Securities Pvt. Ltd.,Dakshinkali Investment & Securities Pvt. Ltd.,364,456.1,166020.4,2025-07-13T13:33:51.418781
2025-07-13,34436,2025071303015656,LBBL,Sewa Securities Pvt. Ltd.,Nepal Investment And Securities Trading Private Limited,11,456.1,5017.1,2025-07-13T13:34:49.461206
2025-07-13,34368,2025071303015669,LBBL,Sewa Securities Pvt. Ltd.,Dakshinkali Investment & Securities Pvt. Ltd.,500,456.1,228050.0,2025-07-13T13:35:08.931414
2025-07-13,34109,2025071303015711,LBBL,ABC Securities Private Limited,Sweta Securities Private Limited,300,457.2,137160.0,2025-07-13T13:35:58.404121
2025-07-13,34108,2025071303015712,LBBL,ABC Securities Private Limited,Sweta Securities Private Limited,200,457.2,91440.0,2025-07-13T13:35:58.404189
2025-07-13,34107,2025071303015713,LBBL,ABC Securities Private Limited,Dipshikha Dhitopatra Karobar Co. Pvt Ltd.,1000,457.3,457300.0,2025-07-13T13:35:58.404217
2025-07-13,34106,2025071303015714,LBBL,ABC Securities Private Limited,Malla & Malla Stock Broking Company Pvt. Limited,300,457.4,137220.0,2025-07-13T13:35:58.404241
2025-07-13,34105,2025071303015715,LBBL,ABC Securities Private Limited,Imperial Securities Company Pvt. Ltd.,82,457.8,37539.6,2025-07-13T13:35:58.404263
2025-07-13,34104,2025071303015716,LBBL,ABC Securities Private Limited,Nepal Stock House (PVT) Ltd.,100,457.9,45790.0,2025-07-13T13:35:58.404289
2025-07-13,34103,2025071303015717,LBBL,ABC Securities Private Limited,Premier Securities Company Ltd.,100,457.9,45790.0,2025-07-13T13:35:58.404311
2025-07-13,34102,2025071303015718,LBBL,ABC Securities Private Limited,Trishakti Securities Public Limited,20,458.0,9160.0,2025-07-13T13:35:58.404334
2025-07-13,34101,2025071303015719,LBBL,ABC Securities Private Limited,Sumeru Securities Pvt. Ltd.,100,458.7,45870.0,2025-07-13T13:35:58.404356
2025-07-13,34100,2025071303015720,LBBL,ABC Securities Private Limited,Neev Securities Pvt. Ltd.,1000,458.9,458900.0,2025-07-13T13:35:58.404394
2025-07-13,34099,2025071303015721,LBBL,ABC Securities Private Limited,Sani Securities Company Ltd.,106,459.0,48654.0,2025-07-13T13:35:58.404447
2025-07-13,34098,2025071303015722,LBBL,ABC Securities Private Limited,Creative Securities Pvt Ltd,50,459.3,22965.0,2025-07-13T13:35:58.404473
2025-07-13,34097,2025071303015723,LBBL,ABC Securities Private Limited,Sewa Securities Pvt. Ltd.,500,459.5,229750.0,2025-07-13T13:35:58.404495
2025-07-13,34096,2025071303015724,LBBL,ABC Securities Private Limited,Kohinoor Investment & Securities Pvt. Ltd.,1142,459.5,524749.0,2025-07-13T13:35:58.404517
2025-07-13,33847,2025071303015769,LBBL,Sewa Securities Pvt. Ltd.,Nepal Stock House (PVT) Ltd.,125,456.1,57012.5,2025-07-13T13:36:48.045463
2025-07-13,33705,2025071303015788,LBBL,KALASH STOCK MARKET PVT. LTD.,Nepal Stock House (PVT) Ltd.,150,455.4,68310.0,2025-07-13T13:37:07.16646
2025-07-13,33704,2025071303015789,LBBL,Deevyaa Securities & Stock House Pvt. Ltd,Nepal Stock House (PVT) Ltd.,225,455.2,102420.0,2025-07-13T13:37:07.166674
2025-07-13,32962,2025071303015880,LBBL,INDEX SECURITIES LIMITED,Sharepro Securities Private Limited,200,456.0,91200.0,2025-07-13T13:38:58.422457
2025-07-13,32682,2025071303015936,LBBL,INDEX SECURITIES LIMITED,Dipshikha Dhitopatra Karobar Co. Pvt Ltd.,1800,456.0,820800.0,2025-07-13T13:40:03.573483
2025-07-13,32681,2025071303015937,LBBL,Opal Securities Investment (PVT) Ltd.,Dipshikha Dhitopatra Karobar Co. Pvt Ltd.,3200,456.0,1459200.0,2025-07-13T13:40:03.57383
2025-07-13,31218,2025071303016180,LBBL,Kalika Securities Pvt. Ltd.,Asian Securities Private Ltd.,150,456.1,68415.0,2025-07-13T13:45:10.402626
2025-07-13,31131,2025071303016207,LBBL,Opal Securities Investment (PVT) Ltd.,Dakshinkali Investment & Securities Pvt. Ltd.,500,456.0,228000.0,2025-07-13T13:45:33.85182
2025-07-13,31060,2025071303016223,LBBL,Opal Securities Investment (PVT) Ltd.,Miyo Securities Pvt Ltd,100,456.0,45600.0,2025-07-13T13:45:49.120453
2025-07-13,30661,2025071303016280,LBBL,Opal Securities Investment (PVT) Ltd.,Sani Securities Company Ltd.,100,456.0,45600.0,2025-07-13T13:47:09.72248
2025-07-13,29740,2025071303016420,LBBL,Sagarmatha Securities Private Limited,Dakshinkali Investment & Securities Pvt. Ltd.,1,446.9,446.9,2025-07-13T13:50:14.913039
2025-07-13,29679,2025071303016426,LBBL,Opal Securities Investment (PVT) Ltd.,Naasa Securities Co. Ltd.,78,456.0,35568.0,2025-07-13T13:50:30.934008
2025-07-13,28809,2025071303016550,LBBL,Opal Securities Investment (PVT) Ltd.,Dipshikha Dhitopatra Karobar Co. Pvt Ltd.,4000,456.0,1824000.0,2025-07-13T13:53:53.464541
2025-07-13,28684,2025071303016574,LBBL,Opal Securities Investment (PVT) Ltd.,Dakshinkali Investment & Securities Pvt. Ltd.,244,456.0,111264.0,2025-07-13T13:54:15.475355
2025-07-13,28683,2025071303016575,LBBL,Nabil Stock Dealer Ltd.,Dakshinkali Investment & Securities Pvt. Ltd.,10,456.0,4560.0,2025-07-13T13:54:15.475767
2025-07-13,27715,2025071303016753,LBBL,Deevyaa Securities & Stock House Pvt. Ltd,Cristal Kanchanjanga Securites Pvt. Ltd.,75,455.2,34140.0,2025-07-13T13:57:53.370535
2025-07-13,27714,2025071303016754,LBBL,Sewa Securities Pvt. Ltd.,Cristal Kanchanjanga Securites Pvt. Ltd.,425,455.1,193417.5,2025-07-13T13:57:53.37072
2025-07-13,27612,2025071303016758,LBBL,Sewa Securities Pvt. Ltd.,Oxford Securities Pvt. Ltd.,575,455.1,261682.5,2025-07-13T13:58:15.235097
2025-07-13,27611,2025071303016759,LBBL,Trishakti Securities Public Limited,Oxford Securities Pvt. Ltd.,250,455.1,113775.0,2025-07-13T13:58:15.235467
2025-07-13,27610,2025071303016760,LBBL,Siprabi Securities Pvt. Ltd.,Oxford Securities Pvt. Ltd.,175,455.1,79642.5,2025-07-13T13:58:15.235678
2025-07-13,27535,2025071303016767,LBBL,Siprabi Securities Pvt. Ltd.,Aryatara Investment & Securities,100,455.1,45510.0,2025-07-13T13:58:35.312098
2025-07-13,27429,2025071303016792,LBBL,Siprabi Securities Pvt. Ltd.,Naasa Securities Co. Ltd.,200,455.1,91020.0,2025-07-13T13:59:01.838542
2025-07-13,27132,2025071303016837,LBBL,Siprabi Securities Pvt. Ltd.,Trishakti Securities Public Limited,25,455.1,11377.5,2025-07-13T14:00:12.396568
2025-07-13,27131,2025071303016838,LBBL,Capital Max Securities Ltd,Trishakti Securities Public Limited,175,455.0,79625.0,2025-07-13T14:00:12.396925
2025-07-13,26953,2025071303016882,LBBL,Capital Max Securities Ltd,Dynamic Money Managers Securities Pvt. Ltd.,500,455.0,227500.0,2025-07-13T14:00:56.811859
2025-07-13,26832,2025071303016891,LBBL,Capital Max Securities Ltd,Aryatara Investment & Securities,90,455.0,40950.0,2025-07-13T14:01:30.727723
2025-07-13,26831,2025071303016892,LBBL,Trishakti Securities Public Limited,Aryatara Investment & Securities,10,455.0,4550.0,2025-07-13T14:01:30.728181
2025-07-13,26822,2025071303016893,LBBL,Trishakti Securities Public Limited,Dakshinkali Investment & Securities Pvt. Ltd.,201,455.0,91455.0,2025-07-13T14:01:33.527703
2025-07-13,26656,2025071303016939,LBBL,Nepal Stock House (PVT) Ltd.,Vision Securities Pvt. Ltd,100,454.0,45400.0,2025-07-13T14:02:06.286824
2025-07-13,26655,2025071303016940,LBBL,J.F. Securites (PVT) Ltd.,Vision Securities Pvt. Ltd,536,454.0,243344.0,2025-07-13T14:02:06.287181
2025-07-13,26607,2025071303016946,LBBL,J.F. Securites (PVT) Ltd.,Dakshinkali Investment & Securities Pvt. Ltd.,45,454.0,20430.0,2025-07-13T14:02:18.778631
2025-07-13,26260,2025071303016998,LBBL,J.F. Securites (PVT) Ltd.,Secured Securities Ltd.,45,454.0,20430.0,2025-07-13T14:03:42.936167
2025-07-13,26046,2025071303017051,LBBL,J.F. Securites (PVT) Ltd.,BHOLE GANESH SECURITIES LTD,45,454.0,20430.0,2025-07-13T14:04:25.459558
2025-07-13,25193,2025071303017138,LBBL,Capital Max Securities Ltd,Primo Securities (PVT) Ltd.,900,455.0,409500.0,2025-07-13T14:07:01.739498
2025-07-13,24507,2025071303017292,LBBL,Sumeru Securities Pvt. Ltd.,Primo Securities (PVT) Ltd.,100,455.0,45500.0,2025-07-13T14:09:22.521597
2025-07-13,24506,2025071303017293,LBBL,Sumeru Securities Pvt. Ltd.,Sani Securities Company Ltd.,106,455.0,48230.0,2025-07-13T14:09:22.521816
2025-07-13,24505,2025071303017294,LBBL,Sumeru Securities Pvt. Ltd.,Premier Securities Company Ltd.,259,455.0,117845.0,2025-07-13T14:09:22.521889
2025-07-13,24045,2025071303017358,LBBL,Sumeru Securities Pvt. Ltd.,Siprabi Securities Pvt. Ltd.,10,455.0,4550.0,2025-07-13T14:10:40.747172
2025-07-13,22771,2025071303017571,LBBL,Sumeru Securities Pvt. Ltd.,Aryatara Investment & Securities,150,456.0,68400.0,2025-07-13T14:14:33.192308
2025-07-13,22390,2025071303017654,LBBL,Sumeru Securities Pvt. Ltd.,Premier Securities Company Ltd.,11,455.0,5005.0,2025-07-13T14:15:48.341315
2025-07-13,22209,2025071303017687,LBBL,Sumeru Securities Pvt. Ltd.,Oxford Securities Pvt. Ltd.,45,455.0,20475.0,2025-07-13T14:16:26.739104
2025-07-13,21730,2025071303017808,LBBL,Sumeru Securities Pvt. Ltd.,Premier Securities Company Ltd.,100,455.0,45500.0,2025-07-13T14:18:03.228169
2025-07-13,20983,2025071303017956,LBBL,Sumeru Securities Pvt. Ltd.,INDEX SECURITIES LIMITED,219,455.0,99645.0,2025-07-13T14:20:16.697462
2025-07-13,20853,2025071303017966,LBBL,Capital Max Securities Ltd,South Asian Bulls Pvt. Ltd.,414,452.2,187210.8,2025-07-13T14:20:45.009822
2025-07-13,18897,2025071303018296,LBBL,KALASH STOCK MARKET PVT. LTD.,Aryatara Investment & Securities,20,453.0,9060.0,2025-07-13T14:26:06.904135
2025-07-13,18896,2025071303018297,LBBL,Primo Securities (PVT) Ltd.,Aryatara Investment & Securities,100,452.3,45230.0,2025-07-13T14:26:06.904325
2025-07-13,18895,2025071303018298,LBBL,J.F. Securites (PVT) Ltd.,Aryatara Investment & Securities,881,452.3,398476.3,2025-07-13T14:26:06.904403
2025-07-13,17974,2025071303018450,LBBL,Kalika Securities Pvt. Ltd.,Sumeru Securities Pvt. Ltd.,150,452.4,67860.0,2025-07-13T14:28:38.785187
2025-07-13,17973,2025071303018451,LBBL,J.F. Securites (PVT) Ltd.,Sumeru Securities Pvt. Ltd.,449,452.3,203082.7,2025-07-13T14:28:38.785237
2025-07-13,17972,2025071303018452,LBBL,Capital Max Securities Ltd,Sumeru Securities Pvt. Ltd.,101,452.2,45672.2,2025-07-13T14:28:38.785261
2025-07-13,15386,2025071303018892,LBBL,Siprabi Securities Pvt. Ltd.,Opal Securities Investment (PVT) Ltd.,40,452.3,18092.0,2025-07-13T14:34:39.488414
2025-07-13,15385,2025071303018893,LBBL,Capital Max Securities Ltd,Opal Securities Investment (PVT) Ltd.,335,452.2,151487.0,2025-07-13T14:34:39.488529
2025-07-13,15384,2025071303018894,LBBL,Capital Max Securities Ltd,Opal Securities Investment (PVT) Ltd.,1000,452.2,452200.0,2025-07-13T14:34:39.488611
2025-07-13,15383,2025071303018895,LBBL,Capital Max Securities Ltd,Opal Securities Investment (PVT) Ltd.,500,452.2,226100.0,2025-07-13T14:34:39.488687
2025-07-13,15382,2025071303018896,LBBL,Naasa Securities Co. Ltd.,Opal Securities Investment (PVT) Ltd.,125,452.1,56512.5,2025-07-13T14:34:39.488773
2025-07-13,15256,2025071303018914,LBBL,Naasa Securities Co. Ltd.,Opal Securities Investment (PVT) Ltd.,375,452.1,169537.5,2025-07-13T14:35:03.650251
2025-07-13,15255,2025071303018915,LBBL,Dynamic Money Managers Securities Pvt. Ltd.,Opal Securities Investment (PVT) Ltd.,200,452.1,90420.0,2025-07-13T14:35:03.650295
2025-07-13,15254,2025071303018916,LBBL,Malla & Malla Stock Broking Company Pvt. Limited,Opal Securities Investment (PVT) Ltd.,425,452.0,192100.0,2025-07-13T14:35:03.650326
2025-07-13,15034,2025071303018934,LBBL,Opal Securities Investment (PVT) Ltd.,Swarna Laxmi Securities Pvt. Ltd.,18,454.0,8172.0,2025-07-13T14:35:23.777413
2025-07-13,15033,2025071303018935,LBBL,Opal Securities Investment (PVT) Ltd.,INDEX SECURITIES LIMITED,281,455.0,127855.0,2025-07-13T14:35:23.777613
2025-07-13,15032,2025071303018936,LBBL,Opal Securities Investment (PVT) Ltd.,Naasa Securities Co. Ltd.,330,455.0,150150.0,2025-07-13T14:35:23.777695
2025-07-13,15031,2025071303018937,LBBL,Opal Securities Investment (PVT) Ltd.,Primo Securities (PVT) Ltd.,500,455.0,227500.0,2025-07-13T14:35:23.777769
2025-07-13,15030,2025071303018938,LBBL,Opal Securities Investment (PVT) Ltd.,Aryatara Investment & Securities,286,455.0,130130.0,2025-07-13T14:35:23.777849
2025-07-13,14428,2025071303019068,LBBL,Opal Securities Investment (PVT) Ltd.,S.P.S.A. Securities Limited,100,455.0,45500.0,2025-07-13T14:37:02.790994
2025-07-13,14323,2025071303019088,LBBL,Opal Securities Investment (PVT) Ltd.,Sani Securities Company Ltd.,26,455.0,11830.0,2025-07-13T14:37:22.507233
2025-07-13,13890,2025071303019157,LBBL,Opal Securities Investment (PVT) Ltd.,Dynamic Money Managers Securities Pvt. Ltd.,22,455.0,10010.0,2025-07-13T14:38:33.438671
2025-07-13,13024,2025071303019315,LBBL,Opal Securities Investment (PVT) Ltd.,Agrawal Securities (PVT) Ltd.,500,455.0,227500.0,2025-07-13T14:40:31.6594
2025-07-13,12904,2025071303019330,LBBL,Opal Securities Investment (PVT) Ltd.,Sri Hari Securities Pvt. Ltd.,200,455.0,91000.0,2025-07-13T14:40:45.756274
2025-07-13,12705,2025071303019365,LBBL,Opal Securities Investment (PVT) Ltd.,Kumari Securities Private Limited,169,455.0,76895.0,2025-07-13T14:41:16.655837
2025-07-13,12601,2025071303019387,LBBL,Opal Securities Investment (PVT) Ltd.,Dynamic Money Managers Securities Pvt. Ltd.,68,455.0,30940.0,2025-07-13T14:41:38.826382
2025-07-13,12600,2025071303019388,LBBL,Kalika Securities Pvt. Ltd.,Dynamic Money Managers Securities Pvt. Ltd.,150,455.0,68250.0,2025-07-13T14:41:38.82683
2025-07-13,11936,2025071303019494,LBBL,Premier Securities Company Ltd.,Aakashbhairab Securities Ltd.,500,453.0,226500.0,2025-07-13T14:43:11.194392
2025-07-13,11856,2025071303019509,LBBL,Premier Securities Company Ltd.,Dynamic Money Managers Securities Pvt. Ltd.,500,453.0,226500.0,2025-07-13T14:43:26.27763
2025-07-13,10253,2025071303019873,LBBL,ABC Securities Private Limited,Dynamic Money Managers Securities Pvt. Ltd.,219,455.0,99645.0,2025-07-13T14:46:57.443889
2025-07-13,9325,2025071303020150,LBBL,Opal Securities Investment (PVT) Ltd.,Dipshikha Dhitopatra Karobar Co. Pvt Ltd.,5000,453.0,2265000.0,2025-07-13T14:48:45.309564
2025-07-13,8394,2025071303020318,LBBL,Malla & Malla Stock Broking Company Pvt. Limited,Dynamic Money Managers Securities Pvt. Ltd.,63,452.0,28476.0,2025-07-13T14:50:30.691246
2025-07-13,8293,2025071303020337,LBBL,Malla & Malla Stock Broking Company Pvt. Limited,Online Securities Pvt. Ltd.,12,452.0,5424.0,2025-07-13T14:50:41.214688
2025-07-13,8292,2025071303020338,LBBL,Naasa Securities Co. Ltd.,Online Securities Pvt. Ltd.,71,452.0,32092.0,2025-07-13T14:50:41.215182
2025-07-13,6138,2025071303020807,LBBL,Trisul Securities & Invt. Ltd.,Bhrikuti Stock Broking Co. Pvt. Ltd.,13,453.0,5889.0,2025-07-13T14:54:18.14751
2025-07-13,6137,2025071303020808,LBBL,Capital Hub P. Ltd,Bhrikuti Stock Broking Co. Pvt. Ltd.,487,453.0,220611.0,2025-07-13T14:54:18.147734
2025-07-13,5442,2025071303020973,LBBL,Capital Hub P. Ltd,Magnet Securities and Investment Company Private Limited,13,453.0,5889.0,2025-07-13T14:55:25.025961
2025-07-13,5441,2025071303020974,LBBL,Kalika Securities Pvt. Ltd.,Magnet Securities and Investment Company Private Limited,150,453.0,67950.0,2025-07-13T14:55:25.026178
2025-07-13,5281,2025071303021000,LBBL,Naasa Securities Co. Ltd.,Magnet Securities and Investment Company Private Limited,37,452.1,16727.7,2025-07-13T14:55:40.073117
2025-07-13,4568,2025071303021147,LBBL,Naasa Securities Co. Ltd.,Online Securities Pvt. Ltd.,12,452.1,5425.2,2025-07-13T14:56:31.431801
2025-07-13,3221,2025071303021439,LBBL,Shree Krishna Securities Ltd.,ABC Securities Private Limited,250,453.0,113250.0,2025-07-13T14:57:59.891241
2025-07-13,3102,2025071303021461,LBBL,Shree Krishna Securities Ltd.,Naasa Securities Co. Ltd.,400,453.0,181200.0,2025-07-13T14:58:03.995261
2025-07-13,2121,2025071303021629,LBBL,Deevyaa Securities & Stock House Pvt. Ltd,Sundhara Securities Limited,500,454.8,227400.0,2025-07-13T14:58:47.468512
2025-07-13,2120,2025071303021630,LBBL,Deevyaa Securities & Stock House Pvt. Ltd,Capital Max Securities Ltd,100,454.9,45490.0,2025-07-13T14:58:47.468865
2025-07-13,1635,2025071303021720,LBBL,Deevyaa Securities & Stock House Pvt. Ltd,Dynamic Money Managers Securities Pvt. Ltd.,500,454.9,227450.0,2025-07-13T14:59:11.116771
2025-07-13,1634,2025071303021721,LBBL,Shree Krishna Securities Ltd.,Dynamic Money Managers Securities Pvt. Ltd.,100,453.0,45300.0,2025-07-13T14:59:11.116973
2025-07-13,1323,2025071303021787,LBBL,Shree Krishna Securities Ltd.,Dynamic Money Managers Securities Pvt. Ltd.,250,453.0,113250.0,2025-07-13T14:59:23.338908
2025-07-13,1322,2025071303021788,LBBL,Shree Krishna Securities Ltd.,Dynamic Money Managers Securities Pvt. Ltd.,250,453.0,113250.0,2025-07-13T14:59:23.339104
2025-07-13,1252,2025071303021804,LBBL,Deevyaa Securities & Stock House Pvt. Ltd,Trishakti Securities Public Limited,100,454.9,45490.0,2025-07-13T14:59:25.330906
2025-07-13,501,2025071303021960,LBBL,Shree Krishna Securities Ltd.,Dynamic Money Managers Securities Pvt. Ltd.,65,453.0,29445.0,2025-07-13T14:59:49.333595
2025-07-13,500,2025071303021961,LBBL,Hatemalo Financial Services Private Limited,Dynamic Money Managers Securities Pvt. Ltd.,500,452.5,226250.0,2025-07-13T14:59:49.333968
2025-07-13,499,2025071303021962,LBBL,ABC Securities Private Limited,Dynamic Money Managers Securities Pvt. Ltd.,350,452.2,158270.0,2025-07-13T14:59:49.334224
2025-07-13,498,2025071303021963,LBBL,Naasa Securities Co. Ltd.,Dynamic Money Managers Securities Pvt. Ltd.,451,452.1,203897.1,2025-07-13T14:59:49.334478
2025-07-13,497,2025071303021964,LBBL,Naasa Securities Co. Ltd.,Dynamic Money Managers Securities Pvt. Ltd.,29,452.0,13108.0,2025-07-13T14:59:49.334754
2025-07-13,496,2025071303021965,LBBL,Trisul Securities & Invt. Ltd.,Dynamic Money Managers Securities Pvt. Ltd.,13,452.0,5876.0,2025-07-13T14:59:49.334995
2025-07-13,495,2025071303021966,LBBL,Deevyaa Securities & Stock House Pvt. Ltd,Dynamic Money Managers Securities Pvt. Ltd.,1592,452.0,719584.0,2025-07-13T14:59:49.335229
2025-07-13,384,2025071303021981,LBBL,Capital Max Securities Ltd,Opal Securities Investment (PVT) Ltd.,100,454.0,45400.0,2025-07-13T14:59:52.469206
