Date,S.N.,Contract ID,Symbol,Buyer Broker,Seller Broker,quantity,rate,amount,transaction_time
2025-07-13,104876,2025071301000150,NBL,KALASH STOCK MARKET PVT. LTD.,Trisul Securities & Invt. Ltd.,10,276.0,2760.0,2025-07-13T10:46:00.109334
2025-07-13,104874,2025071301000151,NBL,KALASH STOCK MARKET PVT. LTD.,Sani Securities Company Ltd.,20,276.0,5520.0,2025-07-13T10:46:00.109374
2025-07-13,104871,2025071301000152,NBL,KALASH STOCK MARKET PVT. LTD.,Nepal Investment And Securities Trading Private Limited,250,276.0,69000.0,2025-07-13T10:46:00.10944
2025-07-13,104870,2025071301000153,NBL,KALASH STOCK MARKET PVT. LTD.,Citizens Share Broker Limited,90,276.0,24840.0,2025-07-13T10:46:00.109467
2025-07-13,104869,2025071301000154,NBL,KALASH STOCK MARKET PVT. LTD.,Agrawal Securities (PVT) Ltd.,25,276.0,6900.0,2025-07-13T10:46:00.10951
2025-07-13,104403,2025071301000350,NBL,KALASH STOCK MARKET PVT. LTD.,Market Securities & Exchange (PVT) Ltd.,25,276.0,6900.0,2025-07-13T11:00:34.606502
2025-07-13,104399,2025071301000352,NBL,South Asian Bulls Pvt. Ltd.,ABC Securities Private Limited,100,281.5,28150.0,2025-07-13T11:00:35.109469
2025-07-13,104329,2025071301000382,NBL,South Asian Bulls Pvt. Ltd.,Sagarmatha Securities Private Limited,100,281.5,28150.0,2025-07-13T11:00:42.030785
2025-07-13,104254,2025071301000412,NBL,South Asian Bulls Pvt. Ltd.,Kumari Securities Private Limited,10,281.5,2815.0,2025-07-13T11:00:46.121992
2025-07-13,103947,2025071301000536,NBL,Ashutosh Brokerage & Securities (PVT) Ltd.,Market Securities & Exchange (PVT) Ltd.,25,282.0,7050.0,2025-07-13T11:01:02.758781
2025-07-13,103887,2025071301000556,NBL,South Asian Bulls Pvt. Ltd.,Deevyaa Securities & Stock House Pvt. Ltd,1100,287.0,315700.0,2025-07-13T11:01:05.633143
2025-07-13,103886,2025071301000557,NBL,South Asian Bulls Pvt. Ltd.,Kohinoor Investment & Securities Pvt. Ltd.,390,287.0,111930.0,2025-07-13T11:01:05.633221
2025-07-13,103735,2025071301000632,NBL,Ashutosh Brokerage & Securities (PVT) Ltd.,Kohinoor Investment & Securities Pvt. Ltd.,100,287.0,28700.0,2025-07-13T11:01:13.076151
2025-07-13,103708,2025071301000646,NBL,Naasa Securities Co. Ltd.,Kohinoor Investment & Securities Pvt. Ltd.,104,287.0,29848.0,2025-07-13T11:01:14.324069
2025-07-13,103536,2025071301000720,NBL,Nepal Investment And Securities Trading Private Limited,Linch Stock Market Ltd.,400,286.9,114760.0,2025-07-13T11:01:23.153892
2025-07-13,103474,2025071301000743,NBL,Online Securities Pvt. Ltd.,Linch Stock Market Ltd.,70,286.9,20083.0,2025-07-13T11:01:26.225515
2025-07-13,103377,2025071301000799,NBL,Imperial Securities Company Pvt. Ltd.,Dipshikha Dhitopatra Karobar Co. Pvt Ltd.,20,286.8,5736.0,2025-07-13T11:01:30.278777
2025-07-13,103376,2025071301000800,NBL,Imperial Securities Company Pvt. Ltd.,Linch Stock Market Ltd.,980,286.9,281162.0,2025-07-13T11:01:30.278864
2025-07-13,103311,2025071301000837,NBL,Sri Hari Securities Pvt. Ltd.,Imperial Securities Company Pvt. Ltd.,10,283.0,2830.0,2025-07-13T11:01:32.38833
2025-07-13,103160,2025071301000915,NBL,Aryatara Investment & Securities,Sani Securities Company Ltd.,1000,285.0,285000.0,2025-07-13T11:01:39.814669
2025-07-13,103005,2025071301000994,NBL,Aryatara Investment & Securities,Kumari Securities Private Limited,90,285.0,25650.0,2025-07-13T11:01:46.190544
2025-07-13,102969,2025071301001008,NBL,Sumeru Securities Pvt. Ltd.,Dakshinkali Investment & Securities Pvt. Ltd.,100,286.0,28600.0,2025-07-13T11:01:48.003171
2025-07-13,102869,2025071301001065,NBL,Aryatara Investment & Securities,Market Securities & Exchange (PVT) Ltd.,20,285.0,5700.0,2025-07-13T11:01:52.171785
2025-07-13,102856,2025071301001074,NBL,Aryatara Investment & Securities,Vision Securities Pvt. Ltd,50,285.0,14250.0,2025-07-13T11:01:53.061235
2025-07-13,102426,2025071301001249,NBL,Premier Securities Company Ltd.,South Asian Bulls Pvt. Ltd.,1400,283.1,396340.0,2025-07-13T11:02:10.652821
2025-07-13,102353,2025071301001278,NBL,Premier Securities Company Ltd.,Sajilo Broker Limited,200,283.1,56620.0,2025-07-13T11:02:14.023745
2025-07-13,102090,2025071301001412,NBL,Premier Securities Company Ltd.,South Asian Bulls Pvt. Ltd.,400,283.1,113240.0,2025-07-13T11:02:25.388897
2025-07-13,102089,2025071301001413,NBL,Midas Stock Broking Company Private Limited,South Asian Bulls Pvt. Ltd.,500,283.1,141550.0,2025-07-13T11:02:25.389015
2025-07-13,102088,2025071301001414,NBL,Naasa Securities Co. Ltd.,South Asian Bulls Pvt. Ltd.,1500,283.1,424650.0,2025-07-13T11:02:25.389088
2025-07-13,102087,2025071301001415,NBL,Sri Hari Securities Pvt. Ltd.,South Asian Bulls Pvt. Ltd.,90,283.0,25470.0,2025-07-13T11:02:25.389136
2025-07-13,102086,2025071301001416,NBL,Dipshikha Dhitopatra Karobar Co. Pvt Ltd.,South Asian Bulls Pvt. Ltd.,100,283.0,28300.0,2025-07-13T11:02:25.389177
2025-07-13,102085,2025071301001417,NBL,Siprabi Securities Pvt. Ltd.,South Asian Bulls Pvt. Ltd.,1000,283.0,283000.0,2025-07-13T11:02:25.389221
2025-07-13,102084,2025071301001418,NBL,Trisul Securities & Invt. Ltd.,South Asian Bulls Pvt. Ltd.,500,283.0,141500.0,2025-07-13T11:02:25.389267
2025-07-13,102083,2025071301001419,NBL,Naasa Securities Co. Ltd.,South Asian Bulls Pvt. Ltd.,500,283.0,141500.0,2025-07-13T11:02:25.389315
2025-07-13,101920,2025071301001485,NBL,Imperial Securities Company Pvt. Ltd.,South Asian Bulls Pvt. Ltd.,200,283.0,56600.0,2025-07-13T11:02:32.027989
2025-07-13,101723,2025071301001564,NBL,Opal Securities Investment (PVT) Ltd.,South Asian Bulls Pvt. Ltd.,260,283.0,73580.0,2025-07-13T11:02:40.699642
2025-07-13,101722,2025071301001565,NBL,Opal Securities Investment (PVT) Ltd.,Online Securities Pvt. Ltd.,50,283.1,14155.0,2025-07-13T11:02:40.699722
2025-07-13,101667,2025071301001589,NBL,Opal Securities Investment (PVT) Ltd.,Linch Stock Market Ltd.,690,284.0,195960.0,2025-07-13T11:02:42.794607
2025-07-13,101657,2025071301001592,NBL,NIMB Stock Markets Limited,Linch Stock Market Ltd.,20,283.0,5660.0,2025-07-13T11:02:43.374171
2025-07-13,101557,2025071301001644,NBL,Sewa Securities Pvt. Ltd.,Dakshinkali Investment & Securities Pvt. Ltd.,500,282.3,141150.0,2025-07-13T11:02:46.930402
2025-07-13,101556,2025071301001645,NBL,Ashutosh Brokerage & Securities (PVT) Ltd.,Dakshinkali Investment & Securities Pvt. Ltd.,75,282.0,21150.0,2025-07-13T11:02:46.93049
2025-07-13,101555,2025071301001646,NBL,Sani Securities Company Ltd.,Dakshinkali Investment & Securities Pvt. Ltd.,1000,282.0,282000.0,2025-07-13T11:02:46.93054
2025-07-13,101554,2025071301001647,NBL,Linch Stock Market Ltd.,Dakshinkali Investment & Securities Pvt. Ltd.,100,282.0,28200.0,2025-07-13T11:02:46.930582
2025-07-13,101553,2025071301001648,NBL,BHOLE GANESH SECURITIES LTD,Dakshinkali Investment & Securities Pvt. Ltd.,2100,282.0,592200.0,2025-07-13T11:02:46.930623
2025-07-13,101552,2025071301001649,NBL,Malla & Malla Stock Broking Company Pvt. Limited,Dakshinkali Investment & Securities Pvt. Ltd.,300,282.0,84600.0,2025-07-13T11:02:46.930664
2025-07-13,101551,2025071301001650,NBL,Sundhara Securities Limited,Dakshinkali Investment & Securities Pvt. Ltd.,100,282.0,28200.0,2025-07-13T11:02:46.930703
2025-07-13,101550,2025071301001651,NBL,Dakshinkali Investment & Securities Pvt. Ltd.,Dakshinkali Investment & Securities Pvt. Ltd.,800,282.0,225600.0,2025-07-13T11:02:46.930742
2025-07-13,101533,2025071301001662,NBL,Malla & Malla Stock Broking Company Pvt. Limited,Dakshinkali Investment & Securities Pvt. Ltd.,10,282.0,2820.0,2025-07-13T11:02:47.4721
2025-07-13,101118,2025071301001824,NBL,Sani Securities Company Ltd.,Sri Hari Securities Pvt. Ltd.,100,281.9,28190.0,2025-07-13T11:03:01.941182
2025-07-13,101044,2025071301001843,NBL,Sumeru Securities Pvt. Ltd.,Online Securities Pvt. Ltd.,50,279.0,13950.0,2025-07-13T11:03:03.337789
2025-07-13,100937,2025071301001887,NBL,Sumeru Securities Pvt. Ltd.,Aryatara Investment & Securities,450,279.0,125550.0,2025-07-13T11:03:07.686823
2025-07-13,100936,2025071301001888,NBL,Dynamic Money Managers Securities Pvt. Ltd.,Aryatara Investment & Securities,500,279.0,139500.0,2025-07-13T11:03:07.686921
2025-07-13,100902,2025071301001899,NBL,Secured Securities Ltd.,Aryatara Investment & Securities,50,279.0,13950.0,2025-07-13T11:03:09.589779
2025-07-13,100851,2025071301001915,NBL,Secured Securities Ltd.,Dakshinkali Investment & Securities Pvt. Ltd.,450,279.1,125595.0,2025-07-13T11:03:12.685244
2025-07-13,100826,2025071301001925,NBL,Naasa Securities Co. Ltd.,Dakshinkali Investment & Securities Pvt. Ltd.,20,279.0,5580.0,2025-07-13T11:03:13.416701
2025-07-13,100751,2025071301001961,NBL,Sani Securities Company Ltd.,Dakshinkali Investment & Securities Pvt. Ltd.,530,279.0,147870.0,2025-07-13T11:03:15.430147
2025-07-13,100750,2025071301001962,NBL,Sani Securities Company Ltd.,Primo Securities (PVT) Ltd.,50,280.0,14000.0,2025-07-13T11:03:15.430242
2025-07-13,100725,2025071301001969,NBL,Sani Securities Company Ltd.,Imperial Securities Company Pvt. Ltd.,100,280.0,28000.0,2025-07-13T11:03:16.483318
2025-07-13,100607,2025071301002026,NBL,Vision Securities Pvt. Ltd,Imperial Securities Company Pvt. Ltd.,300,281.0,84300.0,2025-07-13T11:03:19.95617
2025-07-13,100556,2025071301002037,NBL,Sani Securities Company Ltd.,Naasa Securities Co. Ltd.,35,280.0,9800.0,2025-07-13T11:03:21.185393
2025-07-13,100533,2025071301002043,NBL,Dynamic Money Managers Securities Pvt. Ltd.,Naasa Securities Co. Ltd.,65,280.0,18200.0,2025-07-13T11:03:21.812607
2025-07-13,100532,2025071301002044,NBL,Dynamic Money Managers Securities Pvt. Ltd.,Imperial Securities Company Pvt. Ltd.,115,281.0,32315.0,2025-07-13T11:03:21.812708
2025-07-13,100527,2025071301002046,NBL,Aryatara Investment & Securities,Imperial Securities Company Pvt. Ltd.,85,281.0,23885.0,2025-07-13T11:03:22.091182
2025-07-13,100526,2025071301002047,NBL,Aryatara Investment & Securities,Sri Hari Securities Pvt. Ltd.,65,281.9,18323.5,2025-07-13T11:03:22.091275
2025-07-13,99899,2025071301002282,NBL,Dakshinkali Investment & Securities Pvt. Ltd.,Kumari Securities Private Limited,100,279.0,27900.0,2025-07-13T11:03:44.313856
2025-07-13,99898,2025071301002283,NBL,Dakshinkali Investment & Securities Pvt. Ltd.,Aryatara Investment & Securities,200,280.0,56000.0,2025-07-13T11:03:44.313984
2025-07-13,99860,2025071301002290,NBL,Dakshinkali Investment & Securities Pvt. Ltd.,Deevyaa Securities & Stock House Pvt. Ltd,50,280.0,14000.0,2025-07-13T11:03:45.332199
2025-07-13,99839,2025071301002303,NBL,Dakshinkali Investment & Securities Pvt. Ltd.,Oxford Securities Pvt. Ltd.,650,280.0,182000.0,2025-07-13T11:03:46.332648
2025-07-13,99454,2025071301002469,NBL,Trisul Securities & Invt. Ltd.,Oxford Securities Pvt. Ltd.,600,280.0,168000.0,2025-07-13T11:04:00.472185
2025-07-13,99393,2025071301002499,NBL,Sumeru Securities Pvt. Ltd.,Vision Securities Pvt. Ltd,100,279.0,27900.0,2025-07-13T11:04:02.809353
2025-07-13,99392,2025071301002500,NBL,Sani Securities Company Ltd.,Vision Securities Pvt. Ltd,90,277.0,24930.0,2025-07-13T11:04:02.809402
2025-07-13,99391,2025071301002501,NBL,Vision Securities Pvt. Ltd,Vision Securities Pvt. Ltd,2300,277.0,637100.0,2025-07-13T11:04:02.809452
2025-07-13,99390,2025071301002502,NBL,Premier Securities Company Ltd.,Vision Securities Pvt. Ltd,500,277.0,138500.0,2025-07-13T11:04:02.80949
2025-07-13,99389,2025071301002503,NBL,Sani Securities Company Ltd.,Vision Securities Pvt. Ltd,70,276.4,19348.0,2025-07-13T11:04:02.809524
2025-07-13,99388,2025071301002504,NBL,Imperial Securities Company Pvt. Ltd.,Vision Securities Pvt. Ltd,900,276.3,248670.0,2025-07-13T11:04:02.809563
2025-07-13,99387,2025071301002505,NBL,Imperial Securities Company Pvt. Ltd.,Vision Securities Pvt. Ltd,100,276.2,27620.0,2025-07-13T11:04:02.809602
2025-07-13,99386,2025071301002506,NBL,SUN SECURITIES PVT LTD,Vision Securities Pvt. Ltd,940,276.1,259534.0,2025-07-13T11:04:02.809644
2025-07-13,99186,2025071301002581,NBL,Aryatara Investment & Securities,Dynamic Money Managers Securities Pvt. Ltd.,200,279.8,55960.0,2025-07-13T11:04:11.690358
2025-07-13,99185,2025071301002582,NBL,Aryatara Investment & Securities,Oxford Securities Pvt. Ltd.,690,280.0,193200.0,2025-07-13T11:04:11.690459
2025-07-13,99071,2025071301002630,NBL,Sani Securities Company Ltd.,Kumari Securities Private Limited,40,279.8,11192.0,2025-07-13T11:04:17.146237
2025-07-13,99070,2025071301002631,NBL,Sani Securities Company Ltd.,Oxford Securities Pvt. Ltd.,10,280.0,2800.0,2025-07-13T11:04:17.146337
2025-07-13,98989,2025071301002663,NBL,Thrive Brokerage House Pvt. Ltd,Oxford Securities Pvt. Ltd.,50,280.0,14000.0,2025-07-13T11:04:21.201182
2025-07-13,98988,2025071301002664,NBL,Thrive Brokerage House Pvt. Ltd,Sewa Securities Pvt. Ltd.,200,280.0,56000.0,2025-07-13T11:04:21.201398
2025-07-13,98873,2025071301002707,NBL,Thrive Brokerage House Pvt. Ltd,Siprabi Securities Pvt. Ltd.,100,280.0,28000.0,2025-07-13T11:04:28.235931
2025-07-13,98666,2025071301002773,NBL,Arun Securities (PVT) Ltd.,Sri Hari Securities Pvt. Ltd.,13,281.0,3653.0,2025-07-13T11:04:38.127246
2025-07-13,98629,2025071301002787,NBL,Kumari Securities Private Limited,Sri Hari Securities Pvt. Ltd.,20,281.0,5620.0,2025-07-13T11:04:40.419715
2025-07-13,98551,2025071301002813,NBL,Thrive Brokerage House Pvt. Ltd,Shree Krishna Securities Ltd.,250,280.0,70000.0,2025-07-13T11:04:43.41396
2025-07-13,98522,2025071301002833,NBL,Thrive Brokerage House Pvt. Ltd,Linch Stock Market Ltd.,787,280.0,220360.0,2025-07-13T11:04:44.908888
2025-07-13,98449,2025071301002861,NBL,Thrive Brokerage House Pvt. Ltd,Sani Securities Company Ltd.,613,280.0,171640.0,2025-07-13T11:04:47.824985
2025-07-13,98448,2025071301002862,NBL,Siprabi Securities Pvt. Ltd.,Sani Securities Company Ltd.,100,280.0,28000.0,2025-07-13T11:04:47.825093
2025-07-13,98447,2025071301002863,NBL,BHOLE GANESH SECURITIES LTD,Sani Securities Company Ltd.,90,280.0,25200.0,2025-07-13T11:04:47.825153
2025-07-13,98433,2025071301002868,NBL,Neev Securities Pvt. Ltd.,Sani Securities Company Ltd.,1000,280.0,280000.0,2025-07-13T11:04:48.345832
2025-07-13,98160,2025071301002973,NBL,Naasa Securities Co. Ltd.,Nepal Investment And Securities Trading Private Limited,38,279.8,10632.4,2025-07-13T11:05:01.263685
2025-07-13,98159,2025071301002974,NBL,Asian Securities Private Ltd.,Nepal Investment And Securities Trading Private Limited,200,279.1,55820.0,2025-07-13T11:05:01.263796
2025-07-13,98158,2025071301002975,NBL,Nepal Stock House (PVT) Ltd.,Nepal Investment And Securities Trading Private Limited,262,279.0,73098.0,2025-07-13T11:05:01.263845
2025-07-13,97977,2025071301003034,NBL,Nepal Stock House (PVT) Ltd.,Naasa Securities Co. Ltd.,100,279.0,27900.0,2025-07-13T11:05:09.017261
2025-07-13,97906,2025071301003066,NBL,Nepal Stock House (PVT) Ltd.,Agrawal Securities (PVT) Ltd.,749,279.0,208971.0,2025-07-13T11:05:13.745851
2025-07-13,97616,2025071301003204,NBL,Siprabi Securities Pvt. Ltd.,Agrawal Securities (PVT) Ltd.,21,279.0,5859.0,2025-07-13T11:05:29.248161
2025-07-13,97615,2025071301003205,NBL,Siprabi Securities Pvt. Ltd.,Dakshinkali Investment & Securities Pvt. Ltd.,29,279.0,8091.0,2025-07-13T11:05:29.248291
2025-07-13,97125,2025071301003407,NBL,Agrawal Securities (PVT) Ltd.,Creative Securities Pvt Ltd,100,278.9,27890.0,2025-07-13T11:05:56.662905
2025-07-13,97032,2025071301003454,NBL,Swarna Laxmi Securities Pvt. Ltd.,Sundhara Securities Limited,100,278.0,27800.0,2025-07-13T11:06:02.114372
2025-07-13,96975,2025071301003483,NBL,Secured Securities Ltd.,Dakshinkali Investment & Securities Pvt. Ltd.,486,279.0,135594.0,2025-07-13T11:06:06.542944
2025-07-13,96974,2025071301003484,NBL,Secured Securities Ltd.,Vision Securities Pvt. Ltd,514,279.0,143406.0,2025-07-13T11:06:06.543088
2025-07-13,96952,2025071301003498,NBL,Sewa Securities Pvt. Ltd.,Vision Securities Pvt. Ltd,486,279.0,135594.0,2025-07-13T11:06:07.713113
2025-07-13,96951,2025071301003499,NBL,Sewa Securities Pvt. Ltd.,Property Wiard Limited,14,279.0,3906.0,2025-07-13T11:06:07.713314
2025-07-13,96579,2025071301003644,NBL,Secured Securities Ltd.,Property Wiard Limited,986,279.0,275094.0,2025-07-13T11:06:27.566139
2025-07-13,96578,2025071301003645,NBL,Secured Securities Ltd.,Agrawal Securities (PVT) Ltd.,14,279.0,3906.0,2025-07-13T11:06:27.566356
2025-07-13,96537,2025071301003660,NBL,Trishakti Securities Public Limited,Agrawal Securities (PVT) Ltd.,10,279.0,2790.0,2025-07-13T11:06:30.055457
2025-07-13,96528,2025071301003665,NBL,Swarna Laxmi Securities Pvt. Ltd.,Asian Securities Private Ltd.,50,278.0,13900.0,2025-07-13T11:06:30.99683
2025-07-13,96093,2025071301003856,NBL,Trishakti Securities Public Limited,Agrawal Securities (PVT) Ltd.,30,279.0,8370.0,2025-07-13T11:06:58.257952
2025-07-13,96052,2025071301003881,NBL,Nepal Stock House (PVT) Ltd.,Agrawal Securities (PVT) Ltd.,20,279.0,5580.0,2025-07-13T11:07:01.205236
2025-07-13,95885,2025071301003959,NBL,Online Securities Pvt. Ltd.,Agrawal Securities (PVT) Ltd.,26,279.0,7254.0,2025-07-13T11:07:15.069644
2025-07-13,95884,2025071301003960,NBL,Online Securities Pvt. Ltd.,Sewa Securities Pvt. Ltd.,200,279.0,55800.0,2025-07-13T11:07:15.069881
2025-07-13,95776,2025071301004004,NBL,Online Securities Pvt. Ltd.,Neev Securities Pvt. Ltd.,24,279.0,6696.0,2025-07-13T11:07:22.482522
2025-07-13,95775,2025071301004005,NBL,Dipshikha Dhitopatra Karobar Co. Pvt Ltd.,Neev Securities Pvt. Ltd.,20,278.1,5562.0,2025-07-13T11:07:22.482644
2025-07-13,95774,2025071301004006,NBL,Swarna Laxmi Securities Pvt. Ltd.,Neev Securities Pvt. Ltd.,850,278.0,236300.0,2025-07-13T11:07:22.482701
2025-07-13,95773,2025071301004007,NBL,Agrawal Securities (PVT) Ltd.,Neev Securities Pvt. Ltd.,106,278.0,29468.0,2025-07-13T11:07:22.482755
2025-07-13,95234,2025071301004228,NBL,Trishakti Securities Public Limited,Opal Securities Investment (PVT) Ltd.,100,279.0,27900.0,2025-07-13T11:07:59.180705
2025-07-13,95233,2025071301004229,NBL,Trishakti Securities Public Limited,Oxford Securities Pvt. Ltd.,200,279.0,55800.0,2025-07-13T11:07:59.180831
2025-07-13,95232,2025071301004230,NBL,Trishakti Securities Public Limited,South Asian Bulls Pvt. Ltd.,50,279.8,13990.0,2025-07-13T11:07:59.180893
2025-07-13,95231,2025071301004231,NBL,Trishakti Securities Public Limited,Premier Securities Company Ltd.,25,279.9,6997.5,2025-07-13T11:07:59.180952
2025-07-13,95230,2025071301004232,NBL,Trishakti Securities Public Limited,Neev Securities Pvt. Ltd.,625,279.9,174937.5,2025-07-13T11:07:59.18101
2025-07-13,95093,2025071301004290,NBL,Aryatara Investment & Securities,Trisul Securities & Invt. Ltd.,60,278.1,16686.0,2025-07-13T11:08:10.557194
2025-07-13,95075,2025071301004299,NBL,Premier Securities Company Ltd.,Neev Securities Pvt. Ltd.,375,279.9,104962.5,2025-07-13T11:08:13.099217
2025-07-13,95074,2025071301004300,NBL,Premier Securities Company Ltd.,Nepal Investment And Securities Trading Private Limited,250,279.9,69975.0,2025-07-13T11:08:13.099383
2025-07-13,94921,2025071301004354,NBL,Agrawal Securities (PVT) Ltd.,Sani Securities Company Ltd.,197,280.0,55160.0,2025-07-13T11:08:25.890677
2025-07-13,94920,2025071301004355,NBL,Agrawal Securities (PVT) Ltd.,Naasa Securities Co. Ltd.,697,280.0,195160.0,2025-07-13T11:08:25.890794
2025-07-13,94917,2025071301004356,NBL,Online Securities Pvt. Ltd.,Naasa Securities Co. Ltd.,50,280.0,14000.0,2025-07-13T11:08:26.275138
2025-07-13,94909,2025071301004359,NBL,Premier Securities Company Ltd.,Naasa Securities Co. Ltd.,753,280.0,210840.0,2025-07-13T11:08:27.22369
2025-07-13,94908,2025071301004360,NBL,Premier Securities Company Ltd.,Deevyaa Securities & Stock House Pvt. Ltd,100,280.0,28000.0,2025-07-13T11:08:27.223836
2025-07-13,94907,2025071301004361,NBL,Premier Securities Company Ltd.,Naasa Securities Co. Ltd.,300,280.0,84000.0,2025-07-13T11:08:27.223897
2025-07-13,94906,2025071301004362,NBL,Premier Securities Company Ltd.,Capital Max Securities Ltd,500,280.0,140000.0,2025-07-13T11:08:27.223955
2025-07-13,94905,2025071301004363,NBL,Premier Securities Company Ltd.,Capital Max Securities Ltd,500,280.0,140000.0,2025-07-13T11:08:27.224009
2025-07-13,94904,2025071301004364,NBL,Premier Securities Company Ltd.,Capital Max Securities Ltd,100,280.0,28000.0,2025-07-13T11:08:27.224079
2025-07-13,94903,2025071301004365,NBL,Premier Securities Company Ltd.,Dipshikha Dhitopatra Karobar Co. Pvt Ltd.,400,280.0,112000.0,2025-07-13T11:08:27.224129
2025-07-13,94902,2025071301004366,NBL,Premier Securities Company Ltd.,Sani Securities Company Ltd.,1000,280.0,280000.0,2025-07-13T11:08:27.224176
2025-07-13,94901,2025071301004367,NBL,Premier Securities Company Ltd.,Naasa Securities Co. Ltd.,10,280.0,2800.0,2025-07-13T11:08:27.224232
2025-07-13,94899,2025071301004368,NBL,Premier Securities Company Ltd.,Midas Stock Broking Company Private Limited,300,280.0,84000.0,2025-07-13T11:08:27.451531
2025-07-13,94474,2025071301004529,NBL,Premier Securities Company Ltd.,Linch Stock Market Ltd.,500,280.0,140000.0,2025-07-13T11:09:02.905177
2025-07-13,94285,2025071301004594,NBL,Premier Securities Company Ltd.,Kumari Securities Private Limited,50,280.0,14000.0,2025-07-13T11:09:16.477468
2025-07-13,94201,2025071301004665,NBL,Dipshikha Dhitopatra Karobar Co. Pvt Ltd.,Trishakti Securities Public Limited,10,280.1,2801.0,2025-07-13T11:09:18.387835
2025-07-13,94200,2025071301004666,NBL,Premier Securities Company Ltd.,Trishakti Securities Public Limited,487,280.0,136360.0,2025-07-13T11:09:18.38796
2025-07-13,94177,2025071301004685,NBL,Naasa Securities Co. Ltd.,Trishakti Securities Public Limited,52,280.0,14560.0,2025-07-13T11:09:19.206964
2025-07-13,94026,2025071301004748,NBL,Premier Securities Company Ltd.,Trishakti Securities Public Limited,170,280.0,47600.0,2025-07-13T11:09:33.774489
2025-07-13,94022,2025071301004750,NBL,Sewa Securities Pvt. Ltd.,Trishakti Securities Public Limited,3281,280.0,918680.0,2025-07-13T11:09:34.039109
2025-07-13,94021,2025071301004751,NBL,Sewa Securities Pvt. Ltd.,Deevyaa Securities & Stock House Pvt. Ltd,200,280.0,56000.0,2025-07-13T11:09:34.03926
2025-07-13,94020,2025071301004752,NBL,Sewa Securities Pvt. Ltd.,Kumari Securities Private Limited,10,280.9,2809.0,2025-07-13T11:09:34.039317
2025-07-13,94019,2025071301004753,NBL,Sewa Securities Pvt. Ltd.,Sri Hari Securities Pvt. Ltd.,802,281.0,225362.0,2025-07-13T11:09:34.03937
2025-07-13,94018,2025071301004754,NBL,Sewa Securities Pvt. Ltd.,Sweta Securities Private Limited,400,281.0,112400.0,2025-07-13T11:09:34.039431
2025-07-13,94017,2025071301004755,NBL,Sewa Securities Pvt. Ltd.,Sumeru Securities Pvt. Ltd.,500,281.0,140500.0,2025-07-13T11:09:34.039482
2025-07-13,94016,2025071301004756,NBL,Sewa Securities Pvt. Ltd.,Sewa Securities Pvt. Ltd.,50,281.0,14050.0,2025-07-13T11:09:34.039532
2025-07-13,94015,2025071301004757,NBL,Sewa Securities Pvt. Ltd.,Kumari Securities Private Limited,100,281.9,28190.0,2025-07-13T11:09:34.039583
2025-07-13,93796,2025071301004864,NBL,Sewa Securities Pvt. Ltd.,Creative Securities Pvt Ltd,252,281.9,71038.8,2025-07-13T11:09:54.550421
2025-07-13,93605,2025071301004946,NBL,Sewa Securities Pvt. Ltd.,J.F. Securites (PVT) Ltd.,1405,281.9,396069.5,2025-07-13T11:10:12.634938
2025-07-13,93527,2025071301004986,NBL,Deevyaa Securities & Stock House Pvt. Ltd,Dipshikha Dhitopatra Karobar Co. Pvt Ltd.,500,281.9,140950.0,2025-07-13T11:10:20.238694
2025-07-13,93514,2025071301004989,NBL,Naasa Securities Co. Ltd.,Dipshikha Dhitopatra Karobar Co. Pvt Ltd.,50,281.9,14095.0,2025-07-13T11:10:21.467018
2025-07-13,93491,2025071301005002,NBL,Nepal Stock House (PVT) Ltd.,Kumari Securities Private Limited,200,281.0,56200.0,2025-07-13T11:10:23.031294
2025-07-13,93460,2025071301005010,NBL,Nepal Stock House (PVT) Ltd.,Kohinoor Investment & Securities Pvt. Ltd.,90,281.0,25290.0,2025-07-13T11:10:25.887006
2025-07-13,93309,2025071301005076,NBL,Nepal Stock House (PVT) Ltd.,Investment Management Nepal Pvt. Ltd.,100,281.0,28100.0,2025-07-13T11:10:42.036776
2025-07-13,93296,2025071301005085,NBL,Nepal Stock House (PVT) Ltd.,Linch Stock Market Ltd.,50,281.0,14050.0,2025-07-13T11:10:43.753047
2025-07-13,93277,2025071301005089,NBL,Nepal Stock House (PVT) Ltd.,Secured Securities Ltd.,60,281.0,16860.0,2025-07-13T11:10:45.024124
2025-07-13,93058,2025071301005193,NBL,Siprabi Securities Pvt. Ltd.,Dipshikha Dhitopatra Karobar Co. Pvt Ltd.,855,280.0,239400.0,2025-07-13T11:11:04.06177
2025-07-13,92962,2025071301005231,NBL,Siprabi Securities Pvt. Ltd.,J.F. Securites (PVT) Ltd.,145,280.0,40600.0,2025-07-13T11:11:12.893324
2025-07-13,92961,2025071301005232,NBL,Dynamic Money Managers Securities Pvt. Ltd.,J.F. Securites (PVT) Ltd.,300,280.0,84000.0,2025-07-13T11:11:12.893461
2025-07-13,92960,2025071301005233,NBL,Asian Securities Private Ltd.,J.F. Securites (PVT) Ltd.,1000,280.0,280000.0,2025-07-13T11:11:12.893535
2025-07-13,92635,2025071301005356,NBL,Sanima Securities Limited,J.F. Securites (PVT) Ltd.,500,280.0,140000.0,2025-07-13T11:11:43.577013
2025-07-13,92589,2025071301005381,NBL,Agrawal Securities (PVT) Ltd.,J.F. Securites (PVT) Ltd.,355,280.0,99400.0,2025-07-13T11:11:46.432177
2025-07-13,92588,2025071301005382,NBL,Agrawal Securities (PVT) Ltd.,Dipshikha Dhitopatra Karobar Co. Pvt Ltd.,50,280.0,14000.0,2025-07-13T11:11:46.432371
2025-07-13,92587,2025071301005383,NBL,Agrawal Securities (PVT) Ltd.,Nepal Stock House (PVT) Ltd.,200,280.0,56000.0,2025-07-13T11:11:46.432444
2025-07-13,92586,2025071301005384,NBL,Agrawal Securities (PVT) Ltd.,Shree Krishna Securities Ltd.,27,280.0,7560.0,2025-07-13T11:11:46.4325
2025-07-13,92513,2025071301005424,NBL,Sumeru Securities Pvt. Ltd.,Secured Securities Ltd.,500,281.0,140500.0,2025-07-13T11:11:53.644247
2025-07-13,91984,2025071301005640,NBL,Aryatara Investment & Securities,Secured Securities Ltd.,440,281.0,123640.0,2025-07-13T11:12:36.955331
2025-07-13,91983,2025071301005641,NBL,Aryatara Investment & Securities,Agrawal Securities (PVT) Ltd.,50,281.0,14050.0,2025-07-13T11:12:36.955487
2025-07-13,91951,2025071301005652,NBL,Aryatara Investment & Securities,Neev Securities Pvt. Ltd.,10,281.0,2810.0,2025-07-13T11:12:38.537931
2025-07-13,91950,2025071301005653,NBL,Agrawal Securities (PVT) Ltd.,Neev Securities Pvt. Ltd.,468,280.0,131040.0,2025-07-13T11:12:38.53812
2025-07-13,91949,2025071301005654,NBL,Aryatara Investment & Securities,Neev Securities Pvt. Ltd.,22,280.0,6160.0,2025-07-13T11:12:38.538186
2025-07-13,91795,2025071301005719,NBL,Nepal Stock House (PVT) Ltd.,Sharepro Securities Private Limited,490,281.0,137690.0,2025-07-13T11:12:51.396807
2025-07-13,91794,2025071301005720,NBL,Premier Securities Company Ltd.,Sharepro Securities Private Limited,100,281.0,28100.0,2025-07-13T11:12:51.396951
2025-07-13,91793,2025071301005721,NBL,Aryatara Investment & Securities,Sharepro Securities Private Limited,48,280.0,13440.0,2025-07-13T11:12:51.397036
2025-07-13,91792,2025071301005722,NBL,Sumeru Securities Pvt. Ltd.,Sharepro Securities Private Limited,80,280.0,22400.0,2025-07-13T11:12:51.397096
2025-07-13,91769,2025071301005730,NBL,Deevyaa Securities & Stock House Pvt. Ltd,Sharepro Securities Private Limited,1000,280.0,280000.0,2025-07-13T11:12:53.941898
2025-07-13,91511,2025071301005827,NBL,ABC Securities Private Limited,Sharepro Securities Private Limited,1600,280.0,448000.0,2025-07-13T11:13:21.363738
2025-07-13,91075,2025071301006001,NBL,Thrive Brokerage House Pvt. Ltd,Sharepro Securities Private Limited,1000,280.0,280000.0,2025-07-13T11:14:04.517605
2025-07-13,91020,2025071301006031,NBL,Agrawal Securities (PVT) Ltd.,Sharepro Securities Private Limited,1000,280.0,280000.0,2025-07-13T11:14:08.770748
2025-07-13,91014,2025071301006036,NBL,Premier Securities Company Ltd.,J.F. Securites (PVT) Ltd.,375,279.9,104962.5,2025-07-13T11:14:09.204983
2025-07-13,91008,2025071301006039,NBL,Linch Stock Market Ltd.,Sharepro Securities Private Limited,200,280.0,56000.0,2025-07-13T11:14:09.43864
2025-07-13,90996,2025071301006042,NBL,Naasa Securities Co. Ltd.,Sharepro Securities Private Limited,41,280.0,11480.0,2025-07-13T11:14:10.15529
2025-07-13,90995,2025071301006043,NBL,Naasa Securities Co. Ltd.,Cristal Kanchanjanga Securites Pvt. Ltd.,27,280.0,7560.0,2025-07-13T11:14:10.155453
2025-07-13,90756,2025071301006151,NBL,Agrawal Securities (PVT) Ltd.,Cristal Kanchanjanga Securites Pvt. Ltd.,75,280.0,21000.0,2025-07-13T11:14:31.268357
2025-07-13,90722,2025071301006156,NBL,Agrawal Securities (PVT) Ltd.,Linch Stock Market Ltd.,198,280.0,55440.0,2025-07-13T11:14:33.759371
2025-07-13,90470,2025071301006244,NBL,Agrawal Securities (PVT) Ltd.,Siprabi Securities Pvt. Ltd.,200,280.0,56000.0,2025-07-13T11:14:59.486965
2025-07-13,90467,2025071301006247,NBL,Ashutosh Brokerage & Securities (PVT) Ltd.,SHUBHAKAMANA SECURITIES PVT. LTD,299,281.0,84019.0,2025-07-13T11:14:59.739218
2025-07-13,90466,2025071301006248,NBL,Ashutosh Brokerage & Securities (PVT) Ltd.,Global IME Securities Limited,10,281.0,2810.0,2025-07-13T11:14:59.739512
2025-07-13,90222,2025071301006339,NBL,Ashutosh Brokerage & Securities (PVT) Ltd.,Sani Securities Company Ltd.,691,281.0,194171.0,2025-07-13T11:15:28.661723
2025-07-13,90009,2025071301006436,NBL,Opal Securities Investment (PVT) Ltd.,J.F. Securites (PVT) Ltd.,100,281.0,28100.0,2025-07-13T11:15:49.513762
2025-07-13,89932,2025071301006478,NBL,Imperial Securities Company Pvt. Ltd.,J.F. Securites (PVT) Ltd.,400,281.0,112400.0,2025-07-13T11:15:58.842862
2025-07-13,89889,2025071301006495,NBL,Opal Securities Investment (PVT) Ltd.,J.F. Securites (PVT) Ltd.,191,281.0,53671.0,2025-07-13T11:16:03.568603
2025-07-13,89398,2025071301006731,NBL,Agrawal Securities (PVT) Ltd.,Primo Securities (PVT) Ltd.,527,280.0,147560.0,2025-07-13T11:16:48.30302
2025-07-13,89397,2025071301006732,NBL,Sewa Securities Pvt. Ltd.,Primo Securities (PVT) Ltd.,42,280.0,11760.0,2025-07-13T11:16:48.303194
2025-07-13,89396,2025071301006733,NBL,Premier Securities Company Ltd.,Primo Securities (PVT) Ltd.,50,280.0,14000.0,2025-07-13T11:16:48.303265
2025-07-13,89395,2025071301006734,NBL,Market Securities & Exchange (PVT) Ltd.,Primo Securities (PVT) Ltd.,381,280.0,106680.0,2025-07-13T11:16:48.303332
2025-07-13,89032,2025071301006875,NBL,Secured Securities Ltd.,Premier Securities Company Ltd.,50,280.6,14030.0,2025-07-13T11:17:25.247748
2025-07-13,88953,2025071301006909,NBL,Secured Securities Ltd.,Online Securities Pvt. Ltd.,10,280.6,2806.0,2025-07-13T11:17:32.269508
2025-07-13,88916,2025071301006933,NBL,Siprabi Securities Pvt. Ltd.,Vision Securities Pvt. Ltd,100,280.7,28070.0,2025-07-13T11:17:34.441272
2025-07-13,88911,2025071301006934,NBL,Market Securities & Exchange (PVT) Ltd.,Vision Securities Pvt. Ltd,400,280.7,112280.0,2025-07-13T11:17:36.156727
2025-07-13,88732,2025071301007009,NBL,Ashutosh Brokerage & Securities (PVT) Ltd.,Dipshikha Dhitopatra Karobar Co. Pvt Ltd.,1000,281.0,281000.0,2025-07-13T11:17:52.877259
2025-07-13,88616,2025071301007058,NBL,Aryatara Investment & Securities,J.F. Securites (PVT) Ltd.,927,281.0,260487.0,2025-07-13T11:18:03.353618
2025-07-13,88486,2025071301007115,NBL,Property Wiard Limited,J.F. Securites (PVT) Ltd.,73,281.0,20513.0,2025-07-13T11:18:12.377108
2025-07-13,88485,2025071301007116,NBL,Property Wiard Limited,Online Securities Pvt. Ltd.,40,281.6,11264.0,2025-07-13T11:18:12.377454
2025-07-13,88484,2025071301007117,NBL,Property Wiard Limited,Premier Securities Company Ltd.,25,281.6,7040.0,2025-07-13T11:18:12.377683
2025-07-13,88483,2025071301007118,NBL,Property Wiard Limited,Primo Securities (PVT) Ltd.,362,281.7,101975.4,2025-07-13T11:18:12.377897
2025-07-13,88351,2025071301007176,NBL,Secured Securities Ltd.,Primo Securities (PVT) Ltd.,138,281.7,38874.6,2025-07-13T11:18:26.786483
2025-07-13,88350,2025071301007177,NBL,Secured Securities Ltd.,Opal Securities Investment (PVT) Ltd.,62,281.7,17465.4,2025-07-13T11:18:26.786809
2025-07-13,88201,2025071301007272,NBL,Midas Stock Broking Company Private Limited,Sewa Securities Pvt. Ltd.,198,281.5,55737.0,2025-07-13T11:18:36.530244
2025-07-13,88159,2025071301007288,NBL,KALASH STOCK MARKET PVT. LTD.,Opal Securities Investment (PVT) Ltd.,138,281.7,38874.6,2025-07-13T11:18:41.617926
2025-07-13,88158,2025071301007289,NBL,KALASH STOCK MARKET PVT. LTD.,Primo Securities (PVT) Ltd.,362,281.7,101975.4,2025-07-13T11:18:41.618152
2025-07-13,88114,2025071301007314,NBL,Midas Stock Broking Company Private Limited,Midas Stock Broking Company Private Limited,13,281.5,3659.5,2025-07-13T11:18:45.481366
2025-07-13,87930,2025071301007382,NBL,Sri Hari Securities Pvt. Ltd.,Primo Securities (PVT) Ltd.,100,281.7,28170.0,2025-07-13T11:19:04.916936
2025-07-13,87895,2025071301007395,NBL,Midas Stock Broking Company Private Limited,Sajilo Broker Limited,81,281.5,22801.5,2025-07-13T11:19:09.540816
2025-07-13,87894,2025071301007396,NBL,ABC Securities Private Limited,Sajilo Broker Limited,19,281.5,5348.5,2025-07-13T11:19:09.541062
2025-07-13,87829,2025071301007430,NBL,Imperial Securities Company Pvt. Ltd.,Online Securities Pvt. Ltd.,300,281.0,84300.0,2025-07-13T11:19:15.411112
2025-07-13,87828,2025071301007431,NBL,Premier Securities Company Ltd.,Online Securities Pvt. Ltd.,100,281.0,28100.0,2025-07-13T11:19:15.41131
2025-07-13,87674,2025071301007498,NBL,Secured Securities Ltd.,Online Securities Pvt. Ltd.,100,280.6,28060.0,2025-07-13T11:19:30.607896
2025-07-13,87512,2025071301007576,NBL,Secured Securities Ltd.,Midas Stock Broking Company Private Limited,40,280.6,11224.0,2025-07-13T11:19:45.779135
2025-07-13,87314,2025071301007675,NBL,Dynamic Money Managers Securities Pvt. Ltd.,Vision Securities Pvt. Ltd,940,280.7,263858.0,2025-07-13T11:20:03.407384
2025-07-13,86983,2025071301007827,NBL,Hatemalo Financial Services Private Limited,Dipshikha Dhitopatra Karobar Co. Pvt Ltd.,107,281.5,30120.5,2025-07-13T11:20:31.633744
2025-07-13,86980,2025071301007828,NBL,Dynamic Money Managers Securities Pvt. Ltd.,J.F. Securites (PVT) Ltd.,800,280.7,224560.0,2025-07-13T11:20:31.712754
2025-07-13,86935,2025071301007852,NBL,Dynamic Money Managers Securities Pvt. Ltd.,Kumari Securities Private Limited,260,280.7,72982.0,2025-07-13T11:20:35.053567
2025-07-13,86934,2025071301007853,NBL,Kumari Securities Private Limited,Kumari Securities Private Limited,50,280.7,14035.0,2025-07-13T11:20:35.053769
2025-07-13,86933,2025071301007854,NBL,Imperial Securities Company Pvt. Ltd.,Kumari Securities Private Limited,190,280.7,53333.0,2025-07-13T11:20:35.053868
2025-07-13,86928,2025071301007857,NBL,Imperial Securities Company Pvt. Ltd.,Vision Securities Pvt. Ltd,110,280.7,30877.0,2025-07-13T11:20:35.626418
2025-07-13,86706,2025071301007974,NBL,Agrawal Securities (PVT) Ltd.,Vision Securities Pvt. Ltd,20,280.7,5614.0,2025-07-13T11:20:52.817113
2025-07-13,86703,2025071301007975,NBL,Kohinoor Investment & Securities Pvt. Ltd.,Vision Securities Pvt. Ltd,300,280.7,84210.0,2025-07-13T11:20:53.083654
2025-07-13,86701,2025071301007976,NBL,Cristal Kanchanjanga Securites Pvt. Ltd.,Vision Securities Pvt. Ltd,70,280.7,19649.0,2025-07-13T11:20:53.326151
2025-07-13,86700,2025071301007977,NBL,Cristal Kanchanjanga Securites Pvt. Ltd.,Neev Securities Pvt. Ltd.,930,280.7,261051.0,2025-07-13T11:20:53.326336
2025-07-13,86618,2025071301008007,NBL,Kumari Securities Private Limited,Neev Securities Pvt. Ltd.,520,280.7,145964.0,2025-07-13T11:20:59.308988
2025-07-13,86617,2025071301008008,NBL,Kumari Securities Private Limited,Primo Securities (PVT) Ltd.,38,281.4,10693.2,2025-07-13T11:20:59.309199
2025-07-13,86616,2025071301008009,NBL,Kumari Securities Private Limited,Dipshikha Dhitopatra Karobar Co. Pvt Ltd.,442,281.5,124423.0,2025-07-13T11:20:59.309289
2025-07-13,86492,2025071301008062,NBL,Online Securities Pvt. Ltd.,Dipshikha Dhitopatra Karobar Co. Pvt Ltd.,1000,281.5,281500.0,2025-07-13T11:21:14.04909
2025-07-13,86338,2025071301008124,NBL,Hatemalo Financial Services Private Limited,Cristal Kanchanjanga Securites Pvt. Ltd.,100,281.0,28100.0,2025-07-13T11:21:31.488867
2025-07-13,86067,2025071301008226,NBL,Hatemalo Financial Services Private Limited,Shree Krishna Securities Ltd.,200,281.0,56200.0,2025-07-13T11:21:59.719661
2025-07-13,86066,2025071301008227,NBL,Sundhara Securities Limited,Shree Krishna Securities Ltd.,200,281.0,56200.0,2025-07-13T11:21:59.719866
2025-07-13,86033,2025071301008243,NBL,Asian Securities Private Ltd.,Sundhara Securities Limited,20,281.0,5620.0,2025-07-13T11:22:01.895132
2025-07-13,85957,2025071301008268,NBL,Asian Securities Private Ltd.,Primo Securities (PVT) Ltd.,500,281.0,140500.0,2025-07-13T11:22:08.989433
2025-07-13,85948,2025071301008270,NBL,Secured Securities Ltd.,Primo Securities (PVT) Ltd.,50,281.4,14070.0,2025-07-13T11:22:10.291002
2025-07-13,85930,2025071301008277,NBL,Premier Securities Company Ltd.,Primo Securities (PVT) Ltd.,450,281.4,126630.0,2025-07-13T11:22:12.007729
2025-07-13,85923,2025071301008279,NBL,Premier Securities Company Ltd.,Aryatara Investment & Securities,386,281.4,108620.4,2025-07-13T11:22:13.844598
2025-07-13,85922,2025071301008280,NBL,Asian Securities Private Ltd.,Aryatara Investment & Securities,480,281.0,134880.0,2025-07-13T11:22:13.84479
2025-07-13,85921,2025071301008281,NBL,Midas Stock Broking Company Private Limited,Aryatara Investment & Securities,184,280.7,51648.8,2025-07-13T11:22:13.844879
2025-07-13,85920,2025071301008282,NBL,Secured Securities Ltd.,Aryatara Investment & Securities,800,280.6,224480.0,2025-07-13T11:22:13.844978
2025-07-13,85919,2025071301008283,NBL,Naasa Securities Co. Ltd.,Aryatara Investment & Securities,1000,280.5,280500.0,2025-07-13T11:22:13.84507
2025-07-13,85918,2025071301008284,NBL,South Asian Bulls Pvt. Ltd.,Aryatara Investment & Securities,30,280.4,8412.0,2025-07-13T11:22:13.845152
2025-07-13,85917,2025071301008285,NBL,Investment Management Nepal Pvt. Ltd.,Aryatara Investment & Securities,500,280.3,140150.0,2025-07-13T11:22:13.845231
2025-07-13,85916,2025071301008286,NBL,Nabil Stock Dealer Ltd.,Aryatara Investment & Securities,10,280.2,2802.0,2025-07-13T11:22:13.845335
2025-07-13,85915,2025071301008287,NBL,Trisul Securities & Invt. Ltd.,Aryatara Investment & Securities,50,280.1,14005.0,2025-07-13T11:22:13.845413
2025-07-13,85914,2025071301008288,NBL,Kumari Securities Private Limited,Aryatara Investment & Securities,500,280.1,140050.0,2025-07-13T11:22:13.845492
2025-07-13,85913,2025071301008289,NBL,Market Securities & Exchange (PVT) Ltd.,Aryatara Investment & Securities,60,280.0,16800.0,2025-07-13T11:22:13.845572
2025-07-13,85766,2025071301008344,NBL,Market Securities & Exchange (PVT) Ltd.,Shree Krishna Securities Ltd.,559,280.0,156520.0,2025-07-13T11:22:27.89276
2025-07-13,85765,2025071301008345,NBL,Sani Securities Company Ltd.,Shree Krishna Securities Ltd.,51,280.0,14280.0,2025-07-13T11:22:27.892947
2025-07-13,85518,2025071301008444,NBL,Imperial Securities Company Pvt. Ltd.,J.F. Securites (PVT) Ltd.,100,281.0,28100.0,2025-07-13T11:22:55.739285
2025-07-13,85311,2025071301008513,NBL,Pragyan Securities (PVT) Ltd.,J.F. Securites (PVT) Ltd.,100,281.0,28100.0,2025-07-13T11:23:15.172857
2025-07-13,85086,2025071301008635,NBL,Sewa Securities Pvt. Ltd.,SHUBHAKAMANA SECURITIES PVT. LTD,1000,281.0,281000.0,2025-07-13T11:23:38.287491
2025-07-13,85085,2025071301008636,NBL,Sewa Securities Pvt. Ltd.,J.F. Securites (PVT) Ltd.,700,281.0,196700.0,2025-07-13T11:23:38.287698
2025-07-13,85065,2025071301008648,NBL,Nepal Stock House (PVT) Ltd.,J.F. Securites (PVT) Ltd.,20,281.0,5620.0,2025-07-13T11:23:39.72575
2025-07-13,84996,2025071301008684,NBL,Online Securities Pvt. Ltd.,J.F. Securites (PVT) Ltd.,100,281.0,28100.0,2025-07-13T11:23:45.037261
2025-07-13,84784,2025071301008739,NBL,Dynamic Money Managers Securities Pvt. Ltd.,J.F. Securites (PVT) Ltd.,2360,281.0,663160.0,2025-07-13T11:24:03.607395
2025-07-13,84783,2025071301008740,NBL,Dynamic Money Managers Securities Pvt. Ltd.,Online Securities Pvt. Ltd.,10,281.0,2810.0,2025-07-13T11:24:03.607606
2025-07-13,84571,2025071301008810,NBL,Market Securities & Exchange (PVT) Ltd.,Primo Securities (PVT) Ltd.,150,281.4,42210.0,2025-07-13T11:24:23.361237
2025-07-13,84460,2025071301008855,NBL,Arun Securities (PVT) Ltd.,Primo Securities (PVT) Ltd.,40,281.4,11256.0,2025-07-13T11:24:30.5361
2025-07-13,84286,2025071301008920,NBL,Dynamic Money Managers Securities Pvt. Ltd.,Secured Securities Ltd.,500,281.0,140500.0,2025-07-13T11:24:49.425839
2025-07-13,84126,2025071301008981,NBL,Secured Securities Ltd.,Primo Securities (PVT) Ltd.,10,281.4,2814.0,2025-07-13T11:25:05.508072
2025-07-13,83795,2025071301009088,NBL,Naasa Securities Co. Ltd.,Primo Securities (PVT) Ltd.,28,281.4,7879.2,2025-07-13T11:25:33.422246
2025-07-13,83714,2025071301009135,NBL,Kalika Securities Pvt. Ltd.,Primo Securities (PVT) Ltd.,210,281.4,59094.0,2025-07-13T11:25:41.356169
2025-07-13,83656,2025071301009148,NBL,Vision Securities Pvt. Ltd,Sewa Securities Pvt. Ltd.,50,281.1,14055.0,2025-07-13T11:25:45.717416
2025-07-13,83655,2025071301009149,NBL,Dynamic Money Managers Securities Pvt. Ltd.,Sewa Securities Pvt. Ltd.,130,281.0,36530.0,2025-07-13T11:25:45.71765
2025-07-13,83654,2025071301009150,NBL,Market Securities & Exchange (PVT) Ltd.,Sewa Securities Pvt. Ltd.,20,281.0,5620.0,2025-07-13T11:25:45.717747
2025-07-13,83640,2025071301009157,NBL,Online Securities Pvt. Ltd.,Primo Securities (PVT) Ltd.,17,281.4,4783.8,2025-07-13T11:25:46.914807
2025-07-13,83474,2025071301009223,NBL,KALASH STOCK MARKET PVT. LTD.,N.M.B. SECURITIES LIMITED,80,281.3,22504.0,2025-07-13T11:26:06.134326
2025-07-13,83415,2025071301009260,NBL,Kohinoor Investment & Securities Pvt. Ltd.,Primo Securities (PVT) Ltd.,45,281.2,12654.0,2025-07-13T11:26:10.926104
2025-07-13,83414,2025071301009261,NBL,Kohinoor Investment & Securities Pvt. Ltd.,N.M.B. SECURITIES LIMITED,147,281.3,41351.1,2025-07-13T11:26:10.926197
2025-07-13,83377,2025071301009291,NBL,Market Securities & Exchange (PVT) Ltd.,Dynamic Money Managers Securities Pvt. Ltd.,980,281.0,275380.0,2025-07-13T11:26:13.749538
2025-07-13,83376,2025071301009292,NBL,Kalika Securities Pvt. Ltd.,Dynamic Money Managers Securities Pvt. Ltd.,20,281.0,5620.0,2025-07-13T11:26:13.749903
2025-07-13,83370,2025071301009295,NBL,Kalika Securities Pvt. Ltd.,Oxford Securities Pvt. Ltd.,180,281.0,50580.0,2025-07-13T11:26:15.054926
2025-07-13,83337,2025071301009313,NBL,Cristal Kanchanjanga Securites Pvt. Ltd.,Oxford Securities Pvt. Ltd.,115,281.0,32315.0,2025-07-13T11:26:17.939389
2025-07-13,83336,2025071301009314,NBL,Cristal Kanchanjanga Securites Pvt. Ltd.,N.M.B. SECURITIES LIMITED,185,281.3,52040.5,2025-07-13T11:26:17.939595
2025-07-13,82930,2025071301009452,NBL,Imperial Securities Company Pvt. Ltd.,Sweta Securities Private Limited,233,281.0,65473.0,2025-07-13T11:26:55.735815
2025-07-13,82929,2025071301009453,NBL,Imperial Securities Company Pvt. Ltd.,Primo Securities (PVT) Ltd.,67,281.2,18840.4,2025-07-13T11:26:55.736038
2025-07-13,82812,2025071301009489,NBL,Naasa Securities Co. Ltd.,Primo Securities (PVT) Ltd.,100,281.2,28120.0,2025-07-13T11:27:06.727404
2025-07-13,82613,2025071301009545,NBL,S.P.S.A. Securities Limited,Vision Securities Pvt. Ltd,200,281.0,56200.0,2025-07-13T11:27:18.800868
2025-07-13,82612,2025071301009546,NBL,Kohinoor Investment & Securities Pvt. Ltd.,Vision Securities Pvt. Ltd,67,281.0,18827.0,2025-07-13T11:27:18.80108
2025-07-13,81886,2025071301009888,NBL,Linch Stock Market Ltd.,Vision Securities Pvt. Ltd,33,281.0,9273.0,2025-07-13T11:28:24.627539
2025-07-13,81885,2025071301009889,NBL,Linch Stock Market Ltd.,Sani Securities Company Ltd.,50,281.0,14050.0,2025-07-13T11:28:24.627802
2025-07-13,81884,2025071301009890,NBL,Linch Stock Market Ltd.,Online Securities Pvt. Ltd.,167,281.0,46927.0,2025-07-13T11:28:24.627965
2025-07-13,81869,2025071301009893,NBL,Linch Stock Market Ltd.,N.M.B. SECURITIES LIMITED,500,280.3,140150.0,2025-07-13T11:28:25.696533
2025-07-13,81868,2025071301009894,NBL,Vision Securities Pvt. Ltd,N.M.B. SECURITIES LIMITED,1000,280.3,280300.0,2025-07-13T11:28:25.69698
2025-07-13,81867,2025071301009895,NBL,Linch Stock Market Ltd.,N.M.B. SECURITIES LIMITED,88,280.2,24657.6,2025-07-13T11:28:25.69734
2025-07-13,81508,2025071301010043,NBL,Online Securities Pvt. Ltd.,Sani Securities Company Ltd.,50,280.4,14020.0,2025-07-13T11:28:58.600537
2025-07-13,81405,2025071301010078,NBL,Online Securities Pvt. Ltd.,Agrawal Securities (PVT) Ltd.,300,280.4,84120.0,2025-07-13T11:29:09.349395
2025-07-13,81259,2025071301010141,NBL,Secured Securities Ltd.,Primo Securities (PVT) Ltd.,200,280.9,56180.0,2025-07-13T11:29:27.064386
2025-07-13,81231,2025071301010152,NBL,Sani Securities Company Ltd.,Bhrikuti Stock Broking Co. Pvt. Ltd.,20,280.3,5606.0,2025-07-13T11:29:30.541238
2025-07-13,81230,2025071301010153,NBL,Linch Stock Market Ltd.,Bhrikuti Stock Broking Co. Pvt. Ltd.,80,280.2,22416.0,2025-07-13T11:29:30.541442
2025-07-13,81198,2025071301010171,NBL,Linch Stock Market Ltd.,SHUBHAKAMANA SECURITIES PVT. LTD,832,280.2,233126.4,2025-07-13T11:29:33.499521
2025-07-13,81197,2025071301010172,NBL,Imperial Securities Company Pvt. Ltd.,SHUBHAKAMANA SECURITIES PVT. LTD,1000,280.2,280200.0,2025-07-13T11:29:33.499725
2025-07-13,81196,2025071301010173,NBL,Imperial Securities Company Pvt. Ltd.,SHUBHAKAMANA SECURITIES PVT. LTD,10,280.2,2802.0,2025-07-13T11:29:33.49984
2025-07-13,81195,2025071301010174,NBL,J.F. Securites (PVT) Ltd.,SHUBHAKAMANA SECURITIES PVT. LTD,500,280.1,140050.0,2025-07-13T11:29:33.499936
2025-07-13,81194,2025071301010175,NBL,Cristal Kanchanjanga Securites Pvt. Ltd.,SHUBHAKAMANA SECURITIES PVT. LTD,300,280.1,84030.0,2025-07-13T11:29:33.500035
2025-07-13,81193,2025071301010176,NBL,Sani Securities Company Ltd.,SHUBHAKAMANA SECURITIES PVT. LTD,700,280.1,196070.0,2025-07-13T11:29:33.500126
2025-07-13,81192,2025071301010177,NBL,Naasa Securities Co. Ltd.,SHUBHAKAMANA SECURITIES PVT. LTD,1000,280.1,280100.0,2025-07-13T11:29:33.500218
2025-07-13,81191,2025071301010178,NBL,Sani Securities Company Ltd.,SHUBHAKAMANA SECURITIES PVT. LTD,449,280.0,125720.0,2025-07-13T11:29:33.50031
2025-07-13,81190,2025071301010179,NBL,Imperial Securities Company Pvt. Ltd.,SHUBHAKAMANA SECURITIES PVT. LTD,2000,280.0,560000.0,2025-07-13T11:29:33.500399
2025-07-13,81189,2025071301010180,NBL,Imperial Securities Company Pvt. Ltd.,SHUBHAKAMANA SECURITIES PVT. LTD,200,280.0,56000.0,2025-07-13T11:29:33.500498
2025-07-13,81188,2025071301010181,NBL,Online Securities Pvt. Ltd.,SHUBHAKAMANA SECURITIES PVT. LTD,1750,280.0,490000.0,2025-07-13T11:29:33.500589
2025-07-13,81187,2025071301010182,NBL,Trisul Securities & Invt. Ltd.,SHUBHAKAMANA SECURITIES PVT. LTD,259,280.0,72520.0,2025-07-13T11:29:33.500678
2025-07-13,81023,2025071301010248,NBL,Trisul Securities & Invt. Ltd.,Vision Securities Pvt. Ltd,341,280.0,95480.0,2025-07-13T11:29:52.559893
2025-07-13,81022,2025071301010249,NBL,Imperial Securities Company Pvt. Ltd.,Vision Securities Pvt. Ltd,200,280.0,56000.0,2025-07-13T11:29:52.560137
2025-07-13,81021,2025071301010250,NBL,Sharepro Securities Private Limited,Vision Securities Pvt. Ltd,50,280.0,14000.0,2025-07-13T11:29:52.560265
2025-07-13,81020,2025071301010251,NBL,Sani Securities Company Ltd.,Vision Securities Pvt. Ltd,409,280.0,114520.0,2025-07-13T11:29:52.560444
2025-07-13,80456,2025071301010458,NBL,Aryatara Investment & Securities,Vision Securities Pvt. Ltd,233,280.1,65263.3,2025-07-13T11:30:50.037032
2025-07-13,80348,2025071301010516,NBL,Malla & Malla Stock Broking Company Pvt. Limited,Vision Securities Pvt. Ltd,67,280.1,18766.7,2025-07-13T11:31:01.854137
2025-07-13,80347,2025071301010517,NBL,Malla & Malla Stock Broking Company Pvt. Limited,Primo Securities (PVT) Ltd.,49,280.2,13729.8,2025-07-13T11:31:01.854418
2025-07-13,80346,2025071301010518,NBL,Malla & Malla Stock Broking Company Pvt. Limited,Primo Securities (PVT) Ltd.,133,280.9,37359.7,2025-07-13T11:31:01.854526
2025-07-13,80345,2025071301010519,NBL,Malla & Malla Stock Broking Company Pvt. Limited,J.F. Securites (PVT) Ltd.,101,280.9,28370.9,2025-07-13T11:31:01.854622
2025-07-13,80317,2025071301010532,NBL,Sani Securities Company Ltd.,Kohinoor Investment & Securities Pvt. Ltd.,291,280.0,81480.0,2025-07-13T11:31:05.709839
2025-07-13,80316,2025071301010533,NBL,Malla & Malla Stock Broking Company Pvt. Limited,Kohinoor Investment & Securities Pvt. Ltd.,100,280.0,28000.0,2025-07-13T11:31:05.710075
2025-07-13,80315,2025071301010534,NBL,Property Wiard Limited,Kohinoor Investment & Securities Pvt. Ltd.,309,280.0,86520.0,2025-07-13T11:31:05.710175
2025-07-13,79650,2025071301010800,NBL,Naasa Securities Co. Ltd.,Arun Securities (PVT) Ltd.,10,280.8,2808.0,2025-07-13T11:32:17.09953
2025-07-13,79562,2025071301010834,NBL,Online Securities Pvt. Ltd.,J.F. Securites (PVT) Ltd.,50,280.1,14005.0,2025-07-13T11:32:29.915527
2025-07-13,79459,2025071301010868,NBL,Property Wiard Limited,Vision Securities Pvt. Ltd,191,280.0,53480.0,2025-07-13T11:32:38.390265
2025-07-13,79458,2025071301010869,NBL,Sharepro Securities Private Limited,Vision Securities Pvt. Ltd,809,280.0,226520.0,2025-07-13T11:32:38.390733
2025-07-13,79396,2025071301010888,NBL,Linch Stock Market Ltd.,J.F. Securites (PVT) Ltd.,50,280.1,14005.0,2025-07-13T11:32:45.387342
2025-07-13,79395,2025071301010889,NBL,Sharepro Securities Private Limited,K.B.L. Securities Limited ,191,280.0,53480.0,2025-07-13T11:32:45.428481
2025-07-13,79394,2025071301010890,NBL,Linch Stock Market Ltd.,K.B.L. Securities Limited ,100,280.0,28000.0,2025-07-13T11:32:45.428674
2025-07-13,79393,2025071301010891,NBL,Investment Management Nepal Pvt. Ltd.,K.B.L. Securities Limited ,50,280.0,14000.0,2025-07-13T11:32:45.428764
2025-07-13,79392,2025071301010892,NBL,Naasa Securities Co. Ltd.,K.B.L. Securities Limited ,55,280.0,15400.0,2025-07-13T11:32:45.428856
2025-07-13,79391,2025071301010893,NBL,Sani Securities Company Ltd.,K.B.L. Securities Limited ,2000,280.0,560000.0,2025-07-13T11:32:45.428946
2025-07-13,79390,2025071301010894,NBL,Nepal Stock House (PVT) Ltd.,K.B.L. Securities Limited ,100,280.0,28000.0,2025-07-13T11:32:45.429042
2025-07-13,79389,2025071301010895,NBL,Vision Securities Pvt. Ltd,K.B.L. Securities Limited ,1500,280.0,420000.0,2025-07-13T11:32:45.429139
2025-07-13,79388,2025071301010896,NBL,Linch Stock Market Ltd.,K.B.L. Securities Limited ,50,280.0,14000.0,2025-07-13T11:32:45.429236
2025-07-13,79387,2025071301010897,NBL,Naasa Securities Co. Ltd.,K.B.L. Securities Limited ,180,280.0,50400.0,2025-07-13T11:32:45.429332
2025-07-13,79386,2025071301010898,NBL,Online Securities Pvt. Ltd.,K.B.L. Securities Limited ,54,280.0,15120.0,2025-07-13T11:32:45.429427
2025-07-13,79142,2025071301010989,NBL,Kalika Securities Pvt. Ltd.,K.B.L. Securities Limited ,180,280.0,50400.0,2025-07-13T11:33:14.231143
2025-07-13,78851,2025071301011091,NBL,South Asian Bulls Pvt. Ltd.,J.F. Securites (PVT) Ltd.,20,279.2,5584.0,2025-07-13T11:33:42.911668
2025-07-13,78583,2025071301011166,NBL,J.F. Securites (PVT) Ltd.,J.F. Securites (PVT) Ltd.,480,279.0,133920.0,2025-07-13T11:34:06.0657
2025-07-13,77912,2025071301011436,NBL,J.F. Securites (PVT) Ltd.,Dipshikha Dhitopatra Karobar Co. Pvt Ltd.,161,279.0,44919.0,2025-07-13T11:35:11.697046
2025-07-13,77716,2025071301011530,NBL,Sani Securities Company Ltd.,K.B.L. Securities Limited ,30,280.0,8400.0,2025-07-13T11:35:30.466696
2025-07-13,77143,2025071301011782,NBL,J.F. Securites (PVT) Ltd.,Sani Securities Company Ltd.,100,279.0,27900.0,2025-07-13T11:36:31.61571
2025-07-13,76836,2025071301011914,NBL,Naasa Securities Co. Ltd.,K.B.L. Securities Limited ,140,280.0,39200.0,2025-07-13T11:37:04.441899
2025-07-13,76715,2025071301011963,NBL,J.F. Securites (PVT) Ltd.,Sri Hari Securities Pvt. Ltd.,359,279.0,100161.0,2025-07-13T11:37:18.521091
2025-07-13,76714,2025071301011964,NBL,Sani Securities Company Ltd.,Sri Hari Securities Pvt. Ltd.,500,279.0,139500.0,2025-07-13T11:37:18.521306
2025-07-13,76713,2025071301011965,NBL,Sani Securities Company Ltd.,Sri Hari Securities Pvt. Ltd.,141,279.0,39339.0,2025-07-13T11:37:18.521406
2025-07-13,76478,2025071301012044,NBL,Sani Securities Company Ltd.,Blue Chip Securities Ltd,318,279.0,88722.0,2025-07-13T11:37:48.219739
2025-07-13,76477,2025071301012045,NBL,Kohinoor Investment & Securities Pvt. Ltd.,Blue Chip Securities Ltd,41,279.0,11439.0,2025-07-13T11:37:48.220007
2025-07-13,76262,2025071301012143,NBL,Online Securities Pvt. Ltd.,Blue Chip Securities Ltd,30,279.0,8370.0,2025-07-13T11:38:15.618904
2025-07-13,76159,2025071301012177,NBL,Agrawal Securities (PVT) Ltd.,Blue Chip Securities Ltd,111,279.0,30969.0,2025-07-13T11:38:28.277572
2025-07-13,76158,2025071301012178,NBL,Agrawal Securities (PVT) Ltd.,Premier Securities Company Ltd.,50,279.0,13950.0,2025-07-13T11:38:28.278114
2025-07-13,76157,2025071301012179,NBL,Agrawal Securities (PVT) Ltd.,Opal Securities Investment (PVT) Ltd.,839,279.8,234752.2,2025-07-13T11:38:28.278419
2025-07-13,76113,2025071301012200,NBL,Aryatara Investment & Securities,Opal Securities Investment (PVT) Ltd.,10,279.8,2798.0,2025-07-13T11:38:36.487367
2025-07-13,75707,2025071301012413,NBL,Neev Securities Pvt. Ltd.,Opal Securities Investment (PVT) Ltd.,151,279.8,42249.8,2025-07-13T11:39:24.109281
2025-07-13,75449,2025071301012525,NBL,Neev Securities Pvt. Ltd.,J.F. Securites (PVT) Ltd.,1700,279.8,475660.0,2025-07-13T11:39:54.487273
2025-07-13,75226,2025071301012604,NBL,Neev Securities Pvt. Ltd.,Online Securities Pvt. Ltd.,24,279.8,6715.2,2025-07-13T11:40:21.144844
2025-07-13,75225,2025071301012605,NBL,Cristal Kanchanjanga Securites Pvt. Ltd.,Online Securities Pvt. Ltd.,50,279.0,13950.0,2025-07-13T11:40:21.145345
2025-07-13,75224,2025071301012606,NBL,Siprabi Securities Pvt. Ltd.,Online Securities Pvt. Ltd.,300,279.0,83700.0,2025-07-13T11:40:21.145662
2025-07-13,75167,2025071301012645,NBL,Midas Stock Broking Company Private Limited,Online Securities Pvt. Ltd.,126,279.0,35154.0,2025-07-13T11:40:26.961964
2025-07-13,75013,2025071301012724,NBL,Midas Stock Broking Company Private Limited,Naasa Securities Co. Ltd.,45,279.0,12555.0,2025-07-13T11:40:50.971734
2025-07-13,74659,2025071301012877,NBL,Cristal Kanchanjanga Securites Pvt. Ltd.,K.B.L. Securities Limited ,300,279.8,83940.0,2025-07-13T11:41:36.861223
2025-07-13,74604,2025071301012904,NBL,Opal Securities Investment (PVT) Ltd.,Trisul Securities & Invt. Ltd.,50,279.5,13975.0,2025-07-13T11:41:46.134257
2025-07-13,74507,2025071301012944,NBL,Opal Securities Investment (PVT) Ltd.,Global IME Securities Limited,100,279.5,27950.0,2025-07-13T11:41:59.06141
2025-07-13,74408,2025071301012970,NBL,Opal Securities Investment (PVT) Ltd.,Sundhara Securities Limited,350,279.5,97825.0,2025-07-13T11:42:09.677383
2025-07-13,74407,2025071301012971,NBL,Naasa Securities Co. Ltd.,Sundhara Securities Limited,500,279.2,139600.0,2025-07-13T11:42:09.677636
2025-07-13,74406,2025071301012972,NBL,Midas Stock Broking Company Private Limited,Sundhara Securities Limited,79,279.0,22041.0,2025-07-13T11:42:09.677744
2025-07-13,74405,2025071301012973,NBL,Sri Hari Securities Pvt. Ltd.,Sundhara Securities Limited,71,279.0,19809.0,2025-07-13T11:42:09.677849
2025-07-13,74387,2025071301012981,NBL,Trishakti Securities Public Limited,Premier Securities Company Ltd.,69,279.5,19285.5,2025-07-13T11:42:13.769883
2025-07-13,74291,2025071301013027,NBL,Trishakti Securities Public Limited,J.F. Securites (PVT) Ltd.,899,279.5,251270.5,2025-07-13T11:42:27.245271
2025-07-13,74095,2025071301013104,NBL,Trishakti Securities Public Limited,Sewa Securities Pvt. Ltd.,32,279.5,8944.0,2025-07-13T11:43:00.439671
2025-07-13,74094,2025071301013105,NBL,Sri Hari Securities Pvt. Ltd.,Sewa Securities Pvt. Ltd.,168,279.0,46872.0,2025-07-13T11:43:00.439919
2025-07-13,73960,2025071301013163,NBL,Sri Hari Securities Pvt. Ltd.,Secured Securities Ltd.,100,279.0,27900.0,2025-07-13T11:43:22.604533
2025-07-13,73756,2025071301013253,NBL,Sri Hari Securities Pvt. Ltd.,Online Securities Pvt. Ltd.,162,279.0,45198.0,2025-07-13T11:43:50.53011
2025-07-13,73755,2025071301013254,NBL,Trishakti Securities Public Limited,Online Securities Pvt. Ltd.,671,279.0,187209.0,2025-07-13T11:43:50.53064
2025-07-13,73680,2025071301013274,NBL,Trishakti Securities Public Limited,Aryatara Investment & Securities,1000,279.0,279000.0,2025-07-13T11:43:57.188445
2025-07-13,73330,2025071301013437,NBL,Naasa Securities Co. Ltd.,Imperial Securities Company Pvt. Ltd.,2,279.0,558.0,2025-07-13T11:44:39.310663
2025-07-13,73211,2025071301013468,NBL,Trishakti Securities Public Limited,Online Securities Pvt. Ltd.,1500,279.0,418500.0,2025-07-13T11:44:55.256735
2025-07-13,73200,2025071301013471,NBL,Kalika Securities Pvt. Ltd.,Nepal Investment And Securities Trading Private Limited,37,279.7,10348.9,2025-07-13T11:44:57.351502
2025-07-13,73160,2025071301013489,NBL,Trishakti Securities Public Limited,Market Securities & Exchange (PVT) Ltd.,300,279.0,83700.0,2025-07-13T11:45:06.988113
2025-07-13,73047,2025071301013528,NBL,Online Securities Pvt. Ltd.,Nepal Investment And Securities Trading Private Limited,300,279.7,83910.0,2025-07-13T11:45:21.812557
2025-07-13,73035,2025071301013536,NBL,Trishakti Securities Public Limited,Online Securities Pvt. Ltd.,251,279.0,70029.0,2025-07-13T11:45:22.825283
2025-07-13,72966,2025071301013567,NBL,Trishakti Securities Public Limited,MILKY WAY SHARE BROKER COMPANY LTD ,278,279.0,77562.0,2025-07-13T11:45:35.998555
2025-07-13,72965,2025071301013568,NBL,Sri Hari Securities Pvt. Ltd.,MILKY WAY SHARE BROKER COMPANY LTD ,401,279.0,111879.0,2025-07-13T11:45:35.998835
2025-07-13,72964,2025071301013569,NBL,Online Securities Pvt. Ltd.,MILKY WAY SHARE BROKER COMPANY LTD ,1010,279.0,281790.0,2025-07-13T11:45:35.998941
2025-07-13,72942,2025071301013583,NBL,Imperial Securities Company Pvt. Ltd.,MILKY WAY SHARE BROKER COMPANY LTD ,311,279.0,86769.0,2025-07-13T11:45:37.74787
2025-07-13,72876,2025071301013613,NBL,Imperial Securities Company Pvt. Ltd.,Deevyaa Securities & Stock House Pvt. Ltd,148,279.1,41306.8,2025-07-13T11:45:51.344009
2025-07-13,72493,2025071301013782,NBL,Imperial Securities Company Pvt. Ltd.,S.P.S.A. Securities Limited,41,279.1,11443.1,2025-07-13T11:47:05.783289
2025-07-13,72387,2025071301013849,NBL,Sani Securities Company Ltd.,BHOLE GANESH SECURITIES LTD,10,279.0,2790.0,2025-07-13T11:47:20.293483
2025-07-13,72386,2025071301013850,NBL,Malla & Malla Stock Broking Company Pvt. Limited,BHOLE GANESH SECURITIES LTD,50,279.0,13950.0,2025-07-13T11:47:20.293709
2025-07-13,72287,2025071301013877,NBL,Sani Securities Company Ltd.,BHOLE GANESH SECURITIES LTD,50,279.0,13950.0,2025-07-13T11:47:30.918142
2025-07-13,71903,2025071301014051,NBL,South Asian Bulls Pvt. Ltd.,Oxford Securities Pvt. Ltd.,20,278.6,5572.0,2025-07-13T11:48:31.683922
2025-07-13,71902,2025071301014052,NBL,Sani Securities Company Ltd.,Oxford Securities Pvt. Ltd.,80,278.6,22288.0,2025-07-13T11:48:31.684411
2025-07-13,71629,2025071301014164,NBL,Sani Securities Company Ltd.,Kohinoor Investment & Securities Pvt. Ltd.,920,278.6,256312.0,2025-07-13T11:49:12.142307
2025-07-13,71628,2025071301014165,NBL,Global IME Securities Limited,Kohinoor Investment & Securities Pvt. Ltd.,1000,278.5,278500.0,2025-07-13T11:49:12.142573
2025-07-13,71627,2025071301014166,NBL,NIMB Stock Markets Limited,Kohinoor Investment & Securities Pvt. Ltd.,3000,278.2,834600.0,2025-07-13T11:49:12.142678
2025-07-13,71626,2025071301014167,NBL,Sweta Securities Private Limited,Kohinoor Investment & Securities Pvt. Ltd.,500,278.2,139100.0,2025-07-13T11:49:12.142778
2025-07-13,71625,2025071301014168,NBL,Premier Securities Company Ltd.,Kohinoor Investment & Securities Pvt. Ltd.,3986,278.1,1108506.6,2025-07-13T11:49:12.142919
2025-07-13,71616,2025071301014170,NBL,Online Securities Pvt. Ltd.,Arun Securities (PVT) Ltd.,81,278.9,22590.9,2025-07-13T11:49:15.229932
2025-07-13,71615,2025071301014171,NBL,Online Securities Pvt. Ltd.,BHOLE GANESH SECURITIES LTD,90,279.0,25110.0,2025-07-13T11:49:15.230173
2025-07-13,71596,2025071301014181,NBL,Online Securities Pvt. Ltd.,Online Securities Pvt. Ltd.,90,279.0,25110.0,2025-07-13T11:49:18.258274
2025-07-13,71496,2025071301014228,NBL,Online Securities Pvt. Ltd.,Agrawal Securities (PVT) Ltd.,200,279.0,55800.0,2025-07-13T11:49:37.476315
2025-07-13,71495,2025071301014229,NBL,Online Securities Pvt. Ltd.,Sani Securities Company Ltd.,16,279.0,4464.0,2025-07-13T11:49:37.813456
2025-07-13,71347,2025071301014285,NBL,Online Securities Pvt. Ltd.,Sundhara Securities Limited,657,279.0,183303.0,2025-07-13T11:50:00.039354
2025-07-13,71286,2025071301014309,NBL,Online Securities Pvt. Ltd.,S.P.S.A. Securities Limited,19,279.1,5302.9,2025-07-13T11:50:07.767385
2025-07-13,71206,2025071301014345,NBL,Online Securities Pvt. Ltd.,Global IME Securities Limited,100,279.6,27960.0,2025-07-13T11:50:28.155889
2025-07-13,71205,2025071301014346,NBL,Online Securities Pvt. Ltd.,Siprabi Securities Pvt. Ltd.,100,279.6,27960.0,2025-07-13T11:50:28.156366
2025-07-13,71204,2025071301014347,NBL,Online Securities Pvt. Ltd.,Nepal Investment And Securities Trading Private Limited,163,279.7,45591.1,2025-07-13T11:50:28.156671
2025-07-13,71203,2025071301014348,NBL,Online Securities Pvt. Ltd.,Infinity Securities Limited,100,279.7,27970.0,2025-07-13T11:50:28.15699
2025-07-13,71202,2025071301014349,NBL,Online Securities Pvt. Ltd.,K.B.L. Securities Limited ,233,279.8,65193.4,2025-07-13T11:50:28.157306
2025-07-13,71201,2025071301014350,NBL,Online Securities Pvt. Ltd.,Citizens Share Broker Limited,100,279.8,27980.0,2025-07-13T11:50:28.157627
2025-07-13,71200,2025071301014351,NBL,Online Securities Pvt. Ltd.,J.F. Securites (PVT) Ltd.,500,279.9,139950.0,2025-07-13T11:50:28.157925
2025-07-13,71199,2025071301014352,NBL,Online Securities Pvt. Ltd.,J.F. Securites (PVT) Ltd.,204,279.9,57099.6,2025-07-13T11:50:28.158232
2025-07-13,71174,2025071301014360,NBL,Sani Securities Company Ltd.,J.F. Securites (PVT) Ltd.,296,279.9,82850.4,2025-07-13T11:50:34.18973
2025-07-13,70796,2025071301014494,NBL,Sani Securities Company Ltd.,Arun Securities (PVT) Ltd.,40,279.9,11196.0,2025-07-13T11:51:31.25399
2025-07-13,70739,2025071301014515,NBL,Sani Securities Company Ltd.,Cristal Kanchanjanga Securites Pvt. Ltd.,204,279.9,57099.6,2025-07-13T11:51:41.589376
2025-07-13,70738,2025071301014516,NBL,Online Securities Pvt. Ltd.,Cristal Kanchanjanga Securites Pvt. Ltd.,496,279.8,138780.8,2025-07-13T11:51:41.589707
2025-07-13,70425,2025071301014635,NBL,Online Securities Pvt. Ltd.,Aryatara Investment & Securities,240,279.8,67152.0,2025-07-13T11:52:28.29983
2025-07-13,70286,2025071301014713,NBL,Online Securities Pvt. Ltd.,Secured Securities Ltd.,700,279.8,195860.0,2025-07-13T11:53:00.115242
2025-07-13,70228,2025071301014740,NBL,Naasa Securities Co. Ltd.,K.B.L. Securities Limited ,35,280.0,9800.0,2025-07-13T11:53:10.790713
2025-07-13,70227,2025071301014741,NBL,Imperial Securities Company Pvt. Ltd.,K.B.L. Securities Limited ,335,280.0,93800.0,2025-07-13T11:53:10.98012
2025-07-13,70226,2025071301014742,NBL,Imperial Securities Company Pvt. Ltd.,Secured Securities Ltd.,375,280.0,105000.0,2025-07-13T11:53:10.980375
2025-07-13,70071,2025071301014801,NBL,Online Securities Pvt. Ltd.,Secured Securities Ltd.,22,280.0,6160.0,2025-07-13T11:53:49.099979
2025-07-13,70012,2025071301014816,NBL,Imperial Securities Company Pvt. Ltd.,Secured Securities Ltd.,103,280.0,28840.0,2025-07-13T11:54:00.611788
2025-07-13,70011,2025071301014817,NBL,Imperial Securities Company Pvt. Ltd.,Nepal Stock House (PVT) Ltd.,387,280.0,108360.0,2025-07-13T11:54:00.612015
2025-07-13,69915,2025071301014859,NBL,Online Securities Pvt. Ltd.,Secured Securities Ltd.,64,279.8,17907.2,2025-07-13T11:54:21.928839
2025-07-13,69756,2025071301014946,NBL,Online Securities Pvt. Ltd.,Secured Securities Ltd.,337,279.6,94225.2,2025-07-13T11:54:51.121326
2025-07-13,69569,2025071301015020,NBL,Online Securities Pvt. Ltd.,Sewa Securities Pvt. Ltd.,143,279.6,39982.8,2025-07-13T11:55:24.068957
2025-07-13,69504,2025071301015069,NBL,Trisul Securities & Invt. Ltd.,Creative Securities Pvt Ltd,20,279.6,5592.0,2025-07-13T11:55:35.479554
2025-07-13,69503,2025071301015070,NBL,Online Securities Pvt. Ltd.,Creative Securities Pvt Ltd,80,279.5,22360.0,2025-07-13T11:55:35.479817
2025-07-13,69089,2025071301015233,NBL,Dynamic Money Managers Securities Pvt. Ltd.,Sipla Securities Private Limited,100,279.6,27960.0,2025-07-13T11:56:47.739944
2025-07-13,69088,2025071301015234,NBL,Dynamic Money Managers Securities Pvt. Ltd.,Nepal Stock House (PVT) Ltd.,633,280.0,177240.0,2025-07-13T11:56:47.740572
2025-07-13,69087,2025071301015235,NBL,Dynamic Money Managers Securities Pvt. Ltd.,South Asian Bulls Pvt. Ltd.,100,280.0,28000.0,2025-07-13T11:56:47.741104
2025-07-13,69086,2025071301015236,NBL,Dynamic Money Managers Securities Pvt. Ltd.,Trishakti Securities Public Limited,100,280.0,28000.0,2025-07-13T11:56:47.741592
2025-07-13,69085,2025071301015237,NBL,Dynamic Money Managers Securities Pvt. Ltd.,Linch Stock Market Ltd.,36,280.0,10080.0,2025-07-13T11:56:47.742097
2025-07-13,69084,2025071301015238,NBL,Dynamic Money Managers Securities Pvt. Ltd.,Sani Securities Company Ltd.,500,280.0,140000.0,2025-07-13T11:56:47.742554
2025-07-13,69083,2025071301015239,NBL,Dynamic Money Managers Securities Pvt. Ltd.,Siprabi Securities Pvt. Ltd.,100,280.0,28000.0,2025-07-13T11:56:47.743013
2025-07-13,69082,2025071301015240,NBL,Dynamic Money Managers Securities Pvt. Ltd.,Sweta Securities Private Limited,218,280.0,61040.0,2025-07-13T11:56:47.743505
2025-07-13,69081,2025071301015241,NBL,Dynamic Money Managers Securities Pvt. Ltd.,Naasa Securities Co. Ltd.,956,280.0,267680.0,2025-07-13T11:56:47.74397
2025-07-13,69080,2025071301015242,NBL,Dynamic Money Managers Securities Pvt. Ltd.,Arun Securities (PVT) Ltd.,10,280.0,2800.0,2025-07-13T11:56:47.74446
2025-07-13,69079,2025071301015243,NBL,Dynamic Money Managers Securities Pvt. Ltd.,Primo Securities (PVT) Ltd.,400,280.0,112000.0,2025-07-13T11:56:47.74492
2025-07-13,68991,2025071301015268,NBL,Dynamic Money Managers Securities Pvt. Ltd.,Aryatara Investment & Securities,100,280.0,28000.0,2025-07-13T11:56:59.655679
2025-07-13,68869,2025071301015338,NBL,Kumari Securities Private Limited,Naasa Securities Co. Ltd.,50,280.1,14005.0,2025-07-13T11:57:13.476359
2025-07-13,68868,2025071301015339,NBL,Sani Securities Company Ltd.,Kalika Securities Pvt. Ltd.,100,280.5,28050.0,2025-07-13T11:57:13.489917
2025-07-13,68785,2025071301015364,NBL,Cristal Kanchanjanga Securites Pvt. Ltd.,Kalika Securities Pvt. Ltd.,170,280.5,47685.0,2025-07-13T11:57:31.02402
2025-07-13,68018,2025071301015672,NBL,Imperial Securities Company Pvt. Ltd.,Kalika Securities Pvt. Ltd.,30,280.5,8415.0,2025-07-13T11:59:37.375589
2025-07-13,68017,2025071301015673,NBL,Imperial Securities Company Pvt. Ltd.,South Asian Bulls Pvt. Ltd.,40,280.5,11220.0,2025-07-13T11:59:37.376141
2025-07-13,67805,2025071301015741,NBL,Sani Securities Company Ltd.,Cristal Kanchanjanga Securites Pvt. Ltd.,100,280.2,28020.0,2025-07-13T12:00:07.719478
2025-07-13,67684,2025071301015796,NBL,Pragyan Securities (PVT) Ltd.,Primo Securities (PVT) Ltd.,500,280.5,140250.0,2025-07-13T12:00:30.493659
2025-07-13,67584,2025071301015849,NBL,Sani Securities Company Ltd.,Online Securities Pvt. Ltd.,480,280.5,134640.0,2025-07-13T12:00:47.409303
2025-07-13,67504,2025071301015892,NBL,Sani Securities Company Ltd.,Pragyan Securities (PVT) Ltd.,200,280.2,56040.0,2025-07-13T12:00:58.932981
2025-07-13,67503,2025071301015893,NBL,Midas Stock Broking Company Private Limited,Pragyan Securities (PVT) Ltd.,20,280.2,5604.0,2025-07-13T12:00:58.933279
2025-07-13,67502,2025071301015894,NBL,Imperial Securities Company Pvt. Ltd.,Pragyan Securities (PVT) Ltd.,80,280.2,22416.0,2025-07-13T12:00:58.933399
2025-07-13,67501,2025071301015895,NBL,Kumari Securities Private Limited,Pragyan Securities (PVT) Ltd.,450,280.1,126045.0,2025-07-13T12:00:58.933535
2025-07-13,67500,2025071301015896,NBL,Dynamic Money Managers Securities Pvt. Ltd.,Pragyan Securities (PVT) Ltd.,747,280.0,209160.0,2025-07-13T12:00:58.933654
2025-07-13,67499,2025071301015897,NBL,Naasa Securities Co. Ltd.,Pragyan Securities (PVT) Ltd.,500,280.0,140000.0,2025-07-13T12:00:58.933782
2025-07-13,67498,2025071301015898,NBL,Opal Securities Investment (PVT) Ltd.,Pragyan Securities (PVT) Ltd.,503,280.0,140840.0,2025-07-13T12:00:58.933923
2025-07-13,67010,2025071301016093,NBL,Opal Securities Investment (PVT) Ltd.,Nepal Stock House (PVT) Ltd.,200,280.0,56000.0,2025-07-13T12:02:15.516395
2025-07-13,66913,2025071301016126,NBL,Opal Securities Investment (PVT) Ltd.,Vision Securities Pvt. Ltd,497,280.0,139160.0,2025-07-13T12:02:33.329453
2025-07-13,66912,2025071301016127,NBL,Dynamic Money Managers Securities Pvt. Ltd.,Vision Securities Pvt. Ltd,300,280.0,84000.0,2025-07-13T12:02:33.329515
2025-07-13,66911,2025071301016128,NBL,Premier Securities Company Ltd.,Vision Securities Pvt. Ltd,14,280.0,3920.0,2025-07-13T12:02:33.329543
2025-07-13,66601,2025071301016281,NBL,J.F. Securites (PVT) Ltd.,Naasa Securities Co. Ltd.,20,280.0,5600.0,2025-07-13T12:03:23.179925
2025-07-13,66364,2025071301016388,NBL,J.F. Securites (PVT) Ltd.,Imperial Securities Company Pvt. Ltd.,142,280.0,39760.0,2025-07-13T12:04:16.768695
2025-07-13,66170,2025071301016462,NBL,Aryatara Investment & Securities,Online Securities Pvt. Ltd.,65,280.5,18232.5,2025-07-13T12:04:59.157213
2025-07-13,66169,2025071301016463,NBL,Aryatara Investment & Securities,Secured Securities Ltd.,10,280.5,2805.0,2025-07-13T12:04:59.157861
2025-07-13,65997,2025071301016536,NBL,Dynamic Money Managers Securities Pvt. Ltd.,Secured Securities Ltd.,490,280.5,137445.0,2025-07-13T12:05:24.336875
2025-07-13,65996,2025071301016537,NBL,Dynamic Money Managers Securities Pvt. Ltd.,J.F. Securites (PVT) Ltd.,20,280.6,5612.0,2025-07-13T12:05:24.337182
2025-07-13,65995,2025071301016538,NBL,Dynamic Money Managers Securities Pvt. Ltd.,J.F. Securites (PVT) Ltd.,500,280.6,140300.0,2025-07-13T12:05:24.337371
2025-07-13,65994,2025071301016539,NBL,Dynamic Money Managers Securities Pvt. Ltd.,Sani Securities Company Ltd.,103,280.6,28901.8,2025-07-13T12:05:24.337546
2025-07-13,65993,2025071301016540,NBL,Dynamic Money Managers Securities Pvt. Ltd.,J.F. Securites (PVT) Ltd.,50,280.7,14035.0,2025-07-13T12:05:24.337708
2025-07-13,65992,2025071301016541,NBL,Dynamic Money Managers Securities Pvt. Ltd.,Aryatara Investment & Securities,200,280.8,56160.0,2025-07-13T12:05:24.337863
2025-07-13,65991,2025071301016542,NBL,Dynamic Money Managers Securities Pvt. Ltd.,J.F. Securites (PVT) Ltd.,597,280.9,167697.3,2025-07-13T12:05:24.338014
2025-07-13,65990,2025071301016543,NBL,Dynamic Money Managers Securities Pvt. Ltd.,J.F. Securites (PVT) Ltd.,40,280.9,11236.0,2025-07-13T12:05:24.338197
2025-07-13,65741,2025071301016638,NBL,Nepal Stock House (PVT) Ltd.,Nepal Stock House (PVT) Ltd.,42,280.2,11768.4,2025-07-13T12:06:07.159369
2025-07-13,65529,2025071301016730,NBL,Imperial Securities Company Pvt. Ltd.,Nepal Stock House (PVT) Ltd.,158,280.2,44271.6,2025-07-13T12:06:53.69748
2025-07-13,65528,2025071301016731,NBL,Imperial Securities Company Pvt. Ltd.,Nepal Stock House (PVT) Ltd.,100,280.2,28020.0,2025-07-13T12:06:53.69778
2025-07-13,65361,2025071301016793,NBL,Imperial Securities Company Pvt. Ltd.,Arun Securities (PVT) Ltd.,50,280.2,14010.0,2025-07-13T12:07:33.568591
2025-07-13,65335,2025071301016816,NBL,Secured Securities Ltd.,J.F. Securites (PVT) Ltd.,460,280.9,129214.0,2025-07-13T12:07:34.95785
2025-07-13,65334,2025071301016817,NBL,Secured Securities Ltd.,Neev Securities Pvt. Ltd.,500,280.9,140450.0,2025-07-13T12:07:34.958127
2025-07-13,65333,2025071301016818,NBL,Secured Securities Ltd.,Sumeru Securities Pvt. Ltd.,40,280.9,11236.0,2025-07-13T12:07:34.958243
2025-07-13,65101,2025071301016886,NBL,Imperial Securities Company Pvt. Ltd.,Secured Securities Ltd.,42,280.2,11768.4,2025-07-13T12:08:15.915063
2025-07-13,65100,2025071301016887,NBL,Asian Securities Private Ltd.,Secured Securities Ltd.,30,280.2,8406.0,2025-07-13T12:08:15.915115
2025-07-13,64458,2025071301017299,NBL,Asian Securities Private Ltd.,Deevyaa Securities & Stock House Pvt. Ltd,10,280.2,2802.0,2025-07-13T12:09:48.746183
2025-07-13,64434,2025071301017310,NBL,Siprabi Securities Pvt. Ltd.,Sumeru Securities Pvt. Ltd.,460,280.9,129214.0,2025-07-13T12:09:55.430612
2025-07-13,64433,2025071301017311,NBL,Siprabi Securities Pvt. Ltd.,Nagarik Stock Dealer ,100,280.9,28090.0,2025-07-13T12:09:55.430887
2025-07-13,64432,2025071301017312,NBL,Siprabi Securities Pvt. Ltd.,Secured Securities Ltd.,500,280.9,140450.0,2025-07-13T12:09:55.431005
2025-07-13,64431,2025071301017313,NBL,Siprabi Securities Pvt. Ltd.,Vision Securities Pvt. Ltd,662,281.0,186022.0,2025-07-13T12:09:55.431142
2025-07-13,64319,2025071301017367,NBL,Trishakti Securities Public Limited,Vision Securities Pvt. Ltd,500,281.0,140500.0,2025-07-13T12:10:18.36979
2025-07-13,64206,2025071301017403,NBL,Dynamic Money Managers Securities Pvt. Ltd.,Pragyan Securities (PVT) Ltd.,1000,280.6,280600.0,2025-07-13T12:10:41.720703
2025-07-13,64205,2025071301017404,NBL,Trishakti Securities Public Limited,Pragyan Securities (PVT) Ltd.,10,280.6,2806.0,2025-07-13T12:10:41.721003
2025-07-13,64204,2025071301017405,NBL,Online Securities Pvt. Ltd.,Pragyan Securities (PVT) Ltd.,50,280.5,14025.0,2025-07-13T12:10:41.721141
2025-07-13,64203,2025071301017406,NBL,Asian Securities Private Ltd.,Pragyan Securities (PVT) Ltd.,63,280.2,17652.6,2025-07-13T12:10:41.721259
2025-07-13,64202,2025071301017407,NBL,Opal Securities Investment (PVT) Ltd.,Pragyan Securities (PVT) Ltd.,100,280.2,28020.0,2025-07-13T12:10:41.721376
2025-07-13,64201,2025071301017408,NBL,Linch Stock Market Ltd.,Pragyan Securities (PVT) Ltd.,300,280.0,84000.0,2025-07-13T12:10:41.721493
2025-07-13,64200,2025071301017409,NBL,Nepal Stock House (PVT) Ltd.,Pragyan Securities (PVT) Ltd.,100,280.0,28000.0,2025-07-13T12:10:41.721613
2025-07-13,64199,2025071301017410,NBL,Sewa Securities Pvt. Ltd.,Pragyan Securities (PVT) Ltd.,78,280.0,21840.0,2025-07-13T12:10:41.721733
2025-07-13,64198,2025071301017411,NBL,Naasa Securities Co. Ltd.,Pragyan Securities (PVT) Ltd.,20,280.0,5600.0,2025-07-13T12:10:41.721851
2025-07-13,64197,2025071301017412,NBL,Vision Securities Pvt. Ltd,Pragyan Securities (PVT) Ltd.,10,280.0,2800.0,2025-07-13T12:10:41.721969
2025-07-13,64196,2025071301017413,NBL,Online Securities Pvt. Ltd.,Pragyan Securities (PVT) Ltd.,50,280.0,14000.0,2025-07-13T12:10:41.722106
2025-07-13,64195,2025071301017414,NBL,Dakshinkali Investment & Securities Pvt. Ltd.,Pragyan Securities (PVT) Ltd.,100,280.0,28000.0,2025-07-13T12:10:41.722239
2025-07-13,64194,2025071301017415,NBL,Sani Securities Company Ltd.,Pragyan Securities (PVT) Ltd.,144,280.0,40320.0,2025-07-13T12:10:41.722401
2025-07-13,64193,2025071301017416,NBL,Siprabi Securities Pvt. Ltd.,Pragyan Securities (PVT) Ltd.,100,280.0,28000.0,2025-07-13T12:10:41.722563
2025-07-13,64192,2025071301017417,NBL,Linch Stock Market Ltd.,Pragyan Securities (PVT) Ltd.,546,280.0,152880.0,2025-07-13T12:10:41.722719
2025-07-13,64191,2025071301017418,NBL,Sharepro Securities Private Limited,Pragyan Securities (PVT) Ltd.,1329,280.0,372120.0,2025-07-13T12:10:41.722843
2025-07-13,64027,2025071301017498,NBL,Online Securities Pvt. Ltd.,Vision Securities Pvt. Ltd,1500,281.0,421500.0,2025-07-13T12:11:15.456904
2025-07-13,63984,2025071301017525,NBL,Online Securities Pvt. Ltd.,Vision Securities Pvt. Ltd,338,281.0,94978.0,2025-07-13T12:11:27.639148
2025-07-13,63983,2025071301017526,NBL,Online Securities Pvt. Ltd.,J.F. Securites (PVT) Ltd.,1162,281.0,326522.0,2025-07-13T12:11:27.639416
2025-07-13,63957,2025071301017535,NBL,Sri Hari Securities Pvt. Ltd.,Vision Securities Pvt. Ltd,1000,280.2,280200.0,2025-07-13T12:11:32.301003
2025-07-13,63956,2025071301017536,NBL,Arun Securities (PVT) Ltd.,Vision Securities Pvt. Ltd,1000,280.1,280100.0,2025-07-13T12:11:32.301054
2025-07-13,63766,2025071301017612,NBL,Neev Securities Pvt. Ltd.,J.F. Securites (PVT) Ltd.,156,281.0,43836.0,2025-07-13T12:12:17.531475
2025-07-13,63725,2025071301017630,NBL,Vision Securities Pvt. Ltd,J.F. Securites (PVT) Ltd.,182,281.0,51142.0,2025-07-13T12:12:23.891553
2025-07-13,63724,2025071301017631,NBL,Vision Securities Pvt. Ltd,Elite Stock House Limited,40,281.0,11240.0,2025-07-13T12:12:23.891829
2025-07-13,63723,2025071301017632,NBL,Vision Securities Pvt. Ltd,Primo Securities (PVT) Ltd.,800,281.0,224800.0,2025-07-13T12:12:23.891964
2025-07-13,63722,2025071301017633,NBL,Vision Securities Pvt. Ltd,Dynamic Money Managers Securities Pvt. Ltd.,50,281.0,14050.0,2025-07-13T12:12:23.892107
2025-07-13,63721,2025071301017634,NBL,Vision Securities Pvt. Ltd,Aryatara Investment & Securities,270,281.0,75870.0,2025-07-13T12:12:23.892223
2025-07-13,63720,2025071301017635,NBL,Vision Securities Pvt. Ltd,Aryatara Investment & Securities,100,281.0,28100.0,2025-07-13T12:12:23.892347
2025-07-13,63719,2025071301017636,NBL,Vision Securities Pvt. Ltd,Dipshikha Dhitopatra Karobar Co. Pvt Ltd.,580,281.0,162980.0,2025-07-13T12:12:23.892463
2025-07-13,63718,2025071301017637,NBL,Vision Securities Pvt. Ltd,Sani Securities Company Ltd.,400,281.0,112400.0,2025-07-13T12:12:23.892578
2025-07-13,63717,2025071301017638,NBL,Vision Securities Pvt. Ltd,Asian Securities Private Ltd.,1700,281.0,477700.0,2025-07-13T12:12:23.892693
2025-07-13,63716,2025071301017639,NBL,Vision Securities Pvt. Ltd,Secured Securities Ltd.,500,281.0,140500.0,2025-07-13T12:12:23.892806
2025-07-13,63584,2025071301017682,NBL,Vision Securities Pvt. Ltd,K.B.L. Securities Limited ,2978,281.0,836818.0,2025-07-13T12:12:48.77375
2025-07-13,63117,2025071301017912,NBL,Naasa Securities Co. Ltd.,ABC Securities Private Limited,265,280.4,74306.0,2025-07-13T12:14:09.30701
2025-07-13,63116,2025071301017913,NBL,Naasa Securities Co. Ltd.,ABC Securities Private Limited,735,280.3,206020.5,2025-07-13T12:14:09.307306
2025-07-13,62944,2025071301017985,NBL,Naasa Securities Co. Ltd.,Cristal Kanchanjanga Securites Pvt. Ltd.,500,280.3,140150.0,2025-07-13T12:14:38.190315
2025-07-13,62857,2025071301018042,NBL,Kohinoor Investment & Securities Pvt. Ltd.,Sri Hari Securities Pvt. Ltd.,50,280.4,14020.0,2025-07-13T12:14:51.203594
2025-07-13,62836,2025071301018048,NBL,Neev Securities Pvt. Ltd.,KALASH STOCK MARKET PVT. LTD.,12,280.9,3370.8,2025-07-13T12:14:53.318057
2025-07-13,62673,2025071301018181,NBL,Kohinoor Investment & Securities Pvt. Ltd.,Sri Hari Securities Pvt. Ltd.,10,280.4,2804.0,2025-07-13T12:15:04.348324
2025-07-13,62672,2025071301018182,NBL,Dynamic Money Managers Securities Pvt. Ltd.,Sri Hari Securities Pvt. Ltd.,40,280.4,11216.0,2025-07-13T12:15:04.348637
2025-07-13,62654,2025071301018195,NBL,Primo Securities (PVT) Ltd.,KALASH STOCK MARKET PVT. LTD.,588,280.9,165169.2,2025-07-13T12:15:07.055488
2025-07-13,62653,2025071301018196,NBL,Primo Securities (PVT) Ltd.,K.B.L. Securities Limited ,22,281.0,6182.0,2025-07-13T12:15:07.055797
2025-07-13,62652,2025071301018197,NBL,Primo Securities (PVT) Ltd.,Arun Securities (PVT) Ltd.,10,281.0,2810.0,2025-07-13T12:15:07.05592
2025-07-13,62651,2025071301018198,NBL,Primo Securities (PVT) Ltd.,Secured Securities Ltd.,380,281.0,106780.0,2025-07-13T12:15:07.056048
2025-07-13,62174,2025071301018400,NBL,Dipshikha Dhitopatra Karobar Co. Pvt Ltd.,Secured Securities Ltd.,120,281.0,33720.0,2025-07-13T12:16:18.149458
2025-07-13,62173,2025071301018401,NBL,Dipshikha Dhitopatra Karobar Co. Pvt Ltd.,Nepal Stock House (PVT) Ltd.,100,281.0,28100.0,2025-07-13T12:16:18.149767
2025-07-13,62172,2025071301018402,NBL,Dipshikha Dhitopatra Karobar Co. Pvt Ltd.,Vision Securities Pvt. Ltd,200,281.0,56200.0,2025-07-13T12:16:18.149892
2025-07-13,62105,2025071301018432,NBL,Dipshikha Dhitopatra Karobar Co. Pvt Ltd.,ABC Securities Private Limited,80,281.0,22480.0,2025-07-13T12:16:33.384836
2025-07-13,62046,2025071301018455,NBL,Naasa Securities Co. Ltd.,Nepal Investment And Securities Trading Private Limited,330,280.5,92565.0,2025-07-13T12:16:40.537935
2025-07-13,62045,2025071301018456,NBL,Dynamic Money Managers Securities Pvt. Ltd.,Nepal Investment And Securities Trading Private Limited,960,280.4,269184.0,2025-07-13T12:16:40.538561
2025-07-13,62044,2025071301018457,NBL,Sani Securities Company Ltd.,Nepal Investment And Securities Trading Private Limited,145,280.4,40658.0,2025-07-13T12:16:40.539012
2025-07-13,62043,2025071301018458,NBL,Sani Securities Company Ltd.,Nepal Investment And Securities Trading Private Limited,300,280.4,84120.0,2025-07-13T12:16:40.539431
2025-07-13,62042,2025071301018459,NBL,Naasa Securities Co. Ltd.,Nepal Investment And Securities Trading Private Limited,800,280.3,224240.0,2025-07-13T12:16:40.539906
2025-07-13,62041,2025071301018460,NBL,Primo Securities (PVT) Ltd.,Nepal Investment And Securities Trading Private Limited,786,280.3,220315.8,2025-07-13T12:16:40.540408
2025-07-13,61825,2025071301018559,NBL,Imperial Securities Company Pvt. Ltd.,ABC Securities Private Limited,500,281.0,140500.0,2025-07-13T12:17:30.653922
2025-07-13,61807,2025071301018568,NBL,Pragyan Securities (PVT) Ltd.,ABC Securities Private Limited,50,281.0,14050.0,2025-07-13T12:17:34.428622
2025-07-13,61759,2025071301018586,NBL,Sundhara Securities Limited,ABC Securities Private Limited,30,281.0,8430.0,2025-07-13T12:17:42.679759
2025-07-13,61685,2025071301018636,NBL,Ashutosh Brokerage & Securities (PVT) Ltd.,J.F. Securites (PVT) Ltd.,200,281.4,56280.0,2025-07-13T12:17:55.855228
2025-07-13,61552,2025071301018707,NBL,Kumari Securities Private Limited,Secured Securities Ltd.,250,281.3,70325.0,2025-07-13T12:18:24.590836
2025-07-13,61521,2025071301018719,NBL,Online Securities Pvt. Ltd.,Secured Securities Ltd.,250,281.3,70325.0,2025-07-13T12:18:33.10723
2025-07-13,61374,2025071301018786,NBL,Online Securities Pvt. Ltd.,J.F. Securites (PVT) Ltd.,30,281.4,8442.0,2025-07-13T12:19:01.431698
2025-07-13,61373,2025071301018787,NBL,Online Securities Pvt. Ltd.,Sharepro Securities Private Limited,970,281.4,272958.0,2025-07-13T12:19:01.432282
2025-07-13,61163,2025071301018887,NBL,Deevyaa Securities & Stock House Pvt. Ltd,Sharepro Securities Private Limited,400,281.4,112560.0,2025-07-13T12:19:32.428846
2025-07-13,61142,2025071301018898,NBL,Online Securities Pvt. Ltd.,Sharepro Securities Private Limited,630,281.4,177282.0,2025-07-13T12:19:37.001969
2025-07-13,60862,2025071301019053,NBL,Online Securities Pvt. Ltd.,Trisul Securities & Invt. Ltd.,102,281.4,28702.8,2025-07-13T12:20:09.762204
2025-07-13,60731,2025071301019091,NBL,Online Securities Pvt. Ltd.,Online Securities Pvt. Ltd.,518,281.4,145765.2,2025-07-13T12:20:32.712986
2025-07-13,60730,2025071301019092,NBL,Vision Securities Pvt. Ltd,Online Securities Pvt. Ltd.,200,281.4,56280.0,2025-07-13T12:20:32.71327
2025-07-13,60388,2025071301019233,NBL,Naasa Securities Co. Ltd.,Secured Securities Ltd.,50,281.3,14065.0,2025-07-13T12:21:22.9088
2025-07-13,60387,2025071301019234,NBL,Sundhara Securities Limited,Secured Securities Ltd.,50,281.0,14050.0,2025-07-13T12:21:22.909399
2025-07-13,60270,2025071301019272,NBL,Pragyan Securities (PVT) Ltd.,Sani Securities Company Ltd.,50,281.3,14065.0,2025-07-13T12:21:42.145227
2025-07-13,60269,2025071301019273,NBL,Pragyan Securities (PVT) Ltd.,Online Securities Pvt. Ltd.,32,281.4,9004.8,2025-07-13T12:21:42.145521
2025-07-13,60109,2025071301019351,NBL,Agrawal Securities (PVT) Ltd.,Dipshikha Dhitopatra Karobar Co. Pvt Ltd.,451,281.5,126956.5,2025-07-13T12:22:13.475985
2025-07-13,60108,2025071301019352,NBL,Agrawal Securities (PVT) Ltd.,Thrive Brokerage House Pvt. Ltd,49,281.5,13793.5,2025-07-13T12:22:13.476309
2025-07-13,60102,2025071301019356,NBL,Neev Securities Pvt. Ltd.,Thrive Brokerage House Pvt. Ltd,51,281.5,14356.5,2025-07-13T12:22:15.564101
2025-07-13,60101,2025071301019357,NBL,Neev Securities Pvt. Ltd.,Market Securities & Exchange (PVT) Ltd.,149,281.5,41943.5,2025-07-13T12:22:15.56477
2025-07-13,60063,2025071301019375,NBL,Linch Stock Market Ltd.,Market Securities & Exchange (PVT) Ltd.,100,281.5,28150.0,2025-07-13T12:22:22.68189
2025-07-13,60031,2025071301019390,NBL,Sewa Securities Pvt. Ltd.,Market Securities & Exchange (PVT) Ltd.,19,281.5,5348.5,2025-07-13T12:22:25.119365
2025-07-13,60030,2025071301019391,NBL,Sewa Securities Pvt. Ltd.,Vision Securities Pvt. Ltd,31,281.5,8726.5,2025-07-13T12:22:25.119769
2025-07-13,59880,2025071301019472,NBL,Pragyan Securities (PVT) Ltd.,Online Securities Pvt. Ltd.,222,281.4,62470.8,2025-07-13T12:22:51.716618
2025-07-13,59806,2025071301019510,NBL,Pragyan Securities (PVT) Ltd.,Sani Securities Company Ltd.,50,281.4,14070.0,2025-07-13T12:23:05.530916
2025-07-13,59788,2025071301019523,NBL,Pragyan Securities (PVT) Ltd.,Pragyan Securities (PVT) Ltd.,646,281.4,181784.4,2025-07-13T12:23:08.166107
2025-07-13,59787,2025071301019524,NBL,Sundhara Securities Limited,Pragyan Securities (PVT) Ltd.,50,281.4,14070.0,2025-07-13T12:23:08.16642
2025-07-13,59605,2025071301019604,NBL,Sundhara Securities Limited,Sundhara Securities Limited,320,281.0,89920.0,2025-07-13T12:23:32.459682
2025-07-13,59604,2025071301019605,NBL,Online Securities Pvt. Ltd.,Sundhara Securities Limited,261,281.0,73341.0,2025-07-13T12:23:32.459965
2025-07-13,59603,2025071301019606,NBL,Kumari Securities Private Limited,Sundhara Securities Limited,980,281.0,275380.0,2025-07-13T12:23:32.460103
2025-07-13,59602,2025071301019607,NBL,Online Securities Pvt. Ltd.,Sundhara Securities Limited,50,281.0,14050.0,2025-07-13T12:23:32.460227
2025-07-13,59601,2025071301019608,NBL,Linch Stock Market Ltd.,Sundhara Securities Limited,500,281.0,140500.0,2025-07-13T12:23:32.460348
2025-07-13,59600,2025071301019609,NBL,Primo Securities (PVT) Ltd.,Sundhara Securities Limited,189,281.0,53109.0,2025-07-13T12:23:32.460472
2025-07-13,59245,2025071301019782,NBL,Primo Securities (PVT) Ltd.,Imperial Securities Company Pvt. Ltd.,25,281.0,7025.0,2025-07-13T12:24:27.085632
2025-07-13,59244,2025071301019783,NBL,Dipshikha Dhitopatra Karobar Co. Pvt Ltd.,Imperial Securities Company Pvt. Ltd.,118,281.0,33158.0,2025-07-13T12:24:27.086221
2025-07-13,59240,2025071301019785,NBL,Premier Securities Company Ltd.,Imperial Securities Company Pvt. Ltd.,200,281.0,56200.0,2025-07-13T12:24:27.647411
2025-07-13,59224,2025071301019796,NBL,ABC Securities Private Limited,Imperial Securities Company Pvt. Ltd.,300,281.0,84300.0,2025-07-13T12:24:32.222818
2025-07-13,59195,2025071301019816,NBL,Malla & Malla Stock Broking Company Pvt. Limited,Imperial Securities Company Pvt. Ltd.,100,281.0,28100.0,2025-07-13T12:24:36.304859
2025-07-13,59182,2025071301019823,NBL,SUN SECURITIES PVT LTD,Imperial Securities Company Pvt. Ltd.,461,281.0,129541.0,2025-07-13T12:24:38.323353
2025-07-13,59181,2025071301019824,NBL,SUN SECURITIES PVT LTD,Pragyan Securities (PVT) Ltd.,304,281.4,85545.6,2025-07-13T12:24:38.323462
2025-07-13,59180,2025071301019825,NBL,SUN SECURITIES PVT LTD,Vision Securities Pvt. Ltd,219,281.5,61648.5,2025-07-13T12:24:38.323531
2025-07-13,59179,2025071301019826,NBL,SUN SECURITIES PVT LTD,Trisul Securities & Invt. Ltd.,16,281.5,4504.0,2025-07-13T12:24:38.323607
2025-07-13,58752,2025071301020069,NBL,Pragyan Securities (PVT) Ltd.,Primo Securities (PVT) Ltd.,500,281.3,140650.0,2025-07-13T12:25:35.051968
2025-07-13,58751,2025071301020070,NBL,Pragyan Securities (PVT) Ltd.,Naasa Securities Co. Ltd.,220,281.4,61908.0,2025-07-13T12:25:35.05202
2025-07-13,58750,2025071301020071,NBL,Pragyan Securities (PVT) Ltd.,Sundhara Securities Limited,280,281.4,78792.0,2025-07-13T12:25:35.052054
2025-07-13,58655,2025071301020117,NBL,Nepal Stock House (PVT) Ltd.,Sundhara Securities Limited,105,281.4,29547.0,2025-07-13T12:25:49.614262
2025-07-13,58115,2025071301020381,NBL,Kumari Securities Private Limited,Sundhara Securities Limited,1615,281.4,454461.0,2025-07-13T12:27:17.736918
2025-07-13,58114,2025071301020382,NBL,Kumari Securities Private Limited,Sewa Securities Pvt. Ltd.,165,281.4,46431.0,2025-07-13T12:27:17.737247
2025-07-13,58113,2025071301020383,NBL,Kumari Securities Private Limited,Vision Securities Pvt. Ltd,200,281.4,56280.0,2025-07-13T12:27:17.737374
2025-07-13,58112,2025071301020384,NBL,Kumari Securities Private Limited,Creative Securities Pvt Ltd,200,281.4,56280.0,2025-07-13T12:27:17.737499
2025-07-13,57787,2025071301020562,NBL,Naasa Securities Co. Ltd.,Secured Securities Ltd.,300,281.4,84420.0,2025-07-13T12:27:59.69667
2025-07-13,57786,2025071301020563,NBL,Naasa Securities Co. Ltd.,Trisul Securities & Invt. Ltd.,34,281.5,9571.0,2025-07-13T12:27:59.697301
2025-07-13,57785,2025071301020564,NBL,Naasa Securities Co. Ltd.,Linch Stock Market Ltd.,100,281.5,28150.0,2025-07-13T12:27:59.697708
2025-07-13,57784,2025071301020565,NBL,Naasa Securities Co. Ltd.,Midas Stock Broking Company Private Limited,250,281.5,70375.0,2025-07-13T12:27:59.698154
2025-07-13,57783,2025071301020566,NBL,Naasa Securities Co. Ltd.,Sundhara Securities Limited,816,281.5,229704.0,2025-07-13T12:27:59.698566
2025-07-13,57392,2025071301020789,NBL,Dynamic Money Managers Securities Pvt. Ltd.,Sundhara Securities Limited,1184,281.5,333296.0,2025-07-13T12:28:39.052299
2025-07-13,57391,2025071301020790,NBL,Dynamic Money Managers Securities Pvt. Ltd.,Sundhara Securities Limited,2000,281.5,563000.0,2025-07-13T12:28:39.05259
2025-07-13,57133,2025071301020899,NBL,Dynamic Money Managers Securities Pvt. Ltd.,Malla & Malla Stock Broking Company Pvt. Limited,100,281.5,28150.0,2025-07-13T12:29:14.80038
2025-07-13,57057,2025071301020943,NBL,Sumeru Securities Pvt. Ltd.,Kohinoor Investment & Securities Pvt. Ltd.,100,281.8,28180.0,2025-07-13T12:29:25.519124
2025-07-13,56778,2025071301021056,NBL,Dynamic Money Managers Securities Pvt. Ltd.,Opal Securities Investment (PVT) Ltd.,500,281.5,140750.0,2025-07-13T12:30:01.795584
2025-07-13,56693,2025071301021104,NBL,Bhrikuti Stock Broking Co. Pvt. Ltd.,Kohinoor Investment & Securities Pvt. Ltd.,150,281.8,42270.0,2025-07-13T12:30:14.153451
2025-07-13,56585,2025071301021174,NBL,Creative Securities Pvt Ltd,Kohinoor Investment & Securities Pvt. Ltd.,50,281.8,14090.0,2025-07-13T12:30:25.787688
2025-07-13,56555,2025071301021188,NBL,Vision Securities Pvt. Ltd,Neev Securities Pvt. Ltd.,1000,281.9,281900.0,2025-07-13T12:30:31.292934
2025-07-13,56554,2025071301021189,NBL,Vision Securities Pvt. Ltd,Sharepro Securities Private Limited,2000,281.9,563800.0,2025-07-13T12:30:31.293506
2025-07-13,56553,2025071301021190,NBL,Vision Securities Pvt. Ltd,Deevyaa Securities & Stock House Pvt. Ltd,2000,282.0,564000.0,2025-07-13T12:30:31.293889
2025-07-13,56552,2025071301021191,NBL,Vision Securities Pvt. Ltd,Sewa Securities Pvt. Ltd.,200,282.0,56400.0,2025-07-13T12:30:31.294268
2025-07-13,56551,2025071301021192,NBL,Vision Securities Pvt. Ltd,Online Securities Pvt. Ltd.,200,282.0,56400.0,2025-07-13T12:30:31.294636
2025-07-13,56550,2025071301021193,NBL,Vision Securities Pvt. Ltd,Creative Securities Pvt Ltd,500,282.0,141000.0,2025-07-13T12:30:31.294997
2025-07-13,56549,2025071301021194,NBL,Vision Securities Pvt. Ltd,Sundhara Securities Limited,100,282.0,28200.0,2025-07-13T12:30:31.295382
2025-07-13,56548,2025071301021195,NBL,Vision Securities Pvt. Ltd,Aryatara Investment & Securities,1000,282.0,282000.0,2025-07-13T12:30:31.295751
2025-07-13,56547,2025071301021196,NBL,Vision Securities Pvt. Ltd,ABC Securities Private Limited,500,282.0,141000.0,2025-07-13T12:30:31.296132
2025-07-13,56546,2025071301021197,NBL,Vision Securities Pvt. Ltd,Online Securities Pvt. Ltd.,300,282.0,84600.0,2025-07-13T12:30:31.296508
2025-07-13,56545,2025071301021198,NBL,Vision Securities Pvt. Ltd,Asian Securities Private Ltd.,1700,282.0,479400.0,2025-07-13T12:30:31.296877
2025-07-13,56544,2025071301021199,NBL,Vision Securities Pvt. Ltd,Pragyan Securities (PVT) Ltd.,56,282.0,15792.0,2025-07-13T12:30:31.297255
2025-07-13,56543,2025071301021200,NBL,Vision Securities Pvt. Ltd,Hatemalo Financial Services Private Limited,100,282.0,28200.0,2025-07-13T12:30:31.297629
2025-07-13,56542,2025071301021201,NBL,Vision Securities Pvt. Ltd,Agrawal Securities (PVT) Ltd.,50,282.0,14100.0,2025-07-13T12:30:31.297993
2025-07-13,56217,2025071301021333,NBL,Naasa Securities Co. Ltd.,Sani Securities Company Ltd.,20,282.8,5656.0,2025-07-13T12:31:26.470209
2025-07-13,56216,2025071301021334,NBL,Naasa Securities Co. Ltd.,Siprabi Securities Pvt. Ltd.,60,282.9,16974.0,2025-07-13T12:31:26.470268
2025-07-13,56215,2025071301021335,NBL,Naasa Securities Co. Ltd.,Sharepro Securities Private Limited,95,282.9,26875.5,2025-07-13T12:31:26.470299
2025-07-13,56103,2025071301021372,NBL,Naasa Securities Co. Ltd.,Sharepro Securities Private Limited,1070,282.9,302703.0,2025-07-13T12:31:42.931756
2025-07-13,55577,2025071301021605,NBL,KALASH STOCK MARKET PVT. LTD.,South Asian Bulls Pvt. Ltd.,50,282.8,14140.0,2025-07-13T12:33:00.72801
2025-07-13,55576,2025071301021606,NBL,KALASH STOCK MARKET PVT. LTD.,Dynamic Money Managers Securities Pvt. Ltd.,100,282.8,28280.0,2025-07-13T12:33:00.728081
2025-07-13,55575,2025071301021607,NBL,KALASH STOCK MARKET PVT. LTD.,Sharepro Securities Private Limited,835,282.9,236221.5,2025-07-13T12:33:00.72811
2025-07-13,55574,2025071301021608,NBL,KALASH STOCK MARKET PVT. LTD.,Trisul Securities & Invt. Ltd.,10,282.9,2829.0,2025-07-13T12:33:00.728139
2025-07-13,55443,2025071301021668,NBL,Pragyan Securities (PVT) Ltd.,Neev Securities Pvt. Ltd.,200,282.1,56420.0,2025-07-13T12:33:19.021433
2025-07-13,55422,2025071301021672,NBL,Online Securities Pvt. Ltd.,Malla & Malla Stock Broking Company Pvt. Limited,500,283.0,141500.0,2025-07-13T12:33:20.94956
2025-07-13,55421,2025071301021673,NBL,Online Securities Pvt. Ltd.,Nepal Stock House (PVT) Ltd.,77,283.0,21791.0,2025-07-13T12:33:20.949856
2025-07-13,55420,2025071301021674,NBL,Online Securities Pvt. Ltd.,Naasa Securities Co. Ltd.,100,283.0,28300.0,2025-07-13T12:33:20.950008
2025-07-13,55419,2025071301021675,NBL,Online Securities Pvt. Ltd.,ABC Securities Private Limited,20,283.0,5660.0,2025-07-13T12:33:20.950146
2025-07-13,55418,2025071301021676,NBL,Online Securities Pvt. Ltd.,Aryatara Investment & Securities,50,283.0,14150.0,2025-07-13T12:33:20.950274
2025-07-13,55417,2025071301021677,NBL,Online Securities Pvt. Ltd.,Creative Securities Pvt Ltd,10,283.0,2830.0,2025-07-13T12:33:20.950412
2025-07-13,55416,2025071301021678,NBL,Online Securities Pvt. Ltd.,Kumari Securities Private Limited,10,283.0,2830.0,2025-07-13T12:33:20.950575
2025-07-13,55415,2025071301021679,NBL,Online Securities Pvt. Ltd.,ABC Securities Private Limited,22,283.0,6226.0,2025-07-13T12:33:20.950748
2025-07-13,55414,2025071301021680,NBL,Online Securities Pvt. Ltd.,Asian Securities Private Ltd.,1700,283.0,481100.0,2025-07-13T12:33:20.950889
2025-07-13,55413,2025071301021681,NBL,Online Securities Pvt. Ltd.,Trishakti Securities Public Limited,40,283.0,11320.0,2025-07-13T12:33:20.951065
2025-07-13,55412,2025071301021682,NBL,Online Securities Pvt. Ltd.,Online Securities Pvt. Ltd.,100,283.0,28300.0,2025-07-13T12:33:20.951218
2025-07-13,55411,2025071301021683,NBL,Online Securities Pvt. Ltd.,Premier Securities Company Ltd.,500,283.0,141500.0,2025-07-13T12:33:20.951387
2025-07-13,55410,2025071301021684,NBL,Online Securities Pvt. Ltd.,Online Securities Pvt. Ltd.,10,283.0,2830.0,2025-07-13T12:33:20.951602
2025-07-13,55409,2025071301021685,NBL,Online Securities Pvt. Ltd.,Deevyaa Securities & Stock House Pvt. Ltd,300,283.0,84900.0,2025-07-13T12:33:20.951765
2025-07-13,55259,2025071301021764,NBL,Imperial Securities Company Pvt. Ltd.,Trisul Securities & Invt. Ltd.,10,283.6,2836.0,2025-07-13T12:33:41.875763
2025-07-13,55193,2025071301021828,NBL,Pragyan Securities (PVT) Ltd.,Capital Max Securities Ltd,50,283.8,14190.0,2025-07-13T12:33:45.343748
2025-07-13,55003,2025071301021919,NBL,Sewa Securities Pvt. Ltd.,Capital Max Securities Ltd,50,283.8,14190.0,2025-07-13T12:34:12.008261
2025-07-13,55002,2025071301021920,NBL,Sewa Securities Pvt. Ltd.,J.F. Securites (PVT) Ltd.,150,283.8,42570.0,2025-07-13T12:34:12.008562
2025-07-13,54926,2025071301021954,NBL,Cristal Kanchanjanga Securites Pvt. Ltd.,J.F. Securites (PVT) Ltd.,350,283.8,99330.0,2025-07-13T12:34:25.735169
2025-07-13,54755,2025071301022051,NBL,Imperial Securities Company Pvt. Ltd.,Sharepro Securities Private Limited,90,283.9,25551.0,2025-07-13T12:34:41.100801
2025-07-13,54645,2025071301022113,NBL,Kohinoor Investment & Securities Pvt. Ltd.,Sharepro Securities Private Limited,350,283.9,99365.0,2025-07-13T12:34:57.218991
2025-07-13,54606,2025071301022131,NBL,Sri Hari Securities Pvt. Ltd.,Sharepro Securities Private Limited,1560,283.9,442884.0,2025-07-13T12:35:02.288763
2025-07-13,54605,2025071301022132,NBL,Sri Hari Securities Pvt. Ltd.,Sani Securities Company Ltd.,100,284.0,28400.0,2025-07-13T12:35:02.289054
2025-07-13,54604,2025071301022133,NBL,Sri Hari Securities Pvt. Ltd.,Roadshow securities limited,20,284.0,5680.0,2025-07-13T12:35:02.289205
2025-07-13,54603,2025071301022134,NBL,Sri Hari Securities Pvt. Ltd.,Linch Stock Market Ltd.,20,284.0,5680.0,2025-07-13T12:35:02.289331
2025-07-13,54602,2025071301022135,NBL,Sri Hari Securities Pvt. Ltd.,Capital Max Securities Ltd,20,284.0,5680.0,2025-07-13T12:35:02.289453
2025-07-13,54601,2025071301022136,NBL,Sri Hari Securities Pvt. Ltd.,Sumeru Securities Pvt. Ltd.,25,284.0,7100.0,2025-07-13T12:35:02.289594
2025-07-13,54600,2025071301022137,NBL,Sri Hari Securities Pvt. Ltd.,Nepal Investment And Securities Trading Private Limited,40,284.0,11360.0,2025-07-13T12:35:02.289729
2025-07-13,54599,2025071301022138,NBL,Sri Hari Securities Pvt. Ltd.,Imperial Securities Company Pvt. Ltd.,10,284.0,2840.0,2025-07-13T12:35:02.28988
2025-07-13,54598,2025071301022139,NBL,Sri Hari Securities Pvt. Ltd.,Aryatara Investment & Securities,50,284.0,14200.0,2025-07-13T12:35:02.290002
2025-07-13,54597,2025071301022140,NBL,Sri Hari Securities Pvt. Ltd.,Sani Securities Company Ltd.,200,284.0,56800.0,2025-07-13T12:35:02.290132
2025-07-13,54596,2025071301022141,NBL,Sri Hari Securities Pvt. Ltd.,Bhrikuti Stock Broking Co. Pvt. Ltd.,135,284.0,38340.0,2025-07-13T12:35:02.290274
2025-07-13,54595,2025071301022142,NBL,Sri Hari Securities Pvt. Ltd.,Kohinoor Investment & Securities Pvt. Ltd.,500,284.0,142000.0,2025-07-13T12:35:02.290403
2025-07-13,54594,2025071301022143,NBL,Sri Hari Securities Pvt. Ltd.,Vision Securities Pvt. Ltd,290,284.0,82360.0,2025-07-13T12:35:02.290522
2025-07-13,54593,2025071301022144,NBL,Sri Hari Securities Pvt. Ltd.,Sri Hari Securities Pvt. Ltd.,2000,284.0,568000.0,2025-07-13T12:35:02.29067
2025-07-13,54592,2025071301022145,NBL,Sri Hari Securities Pvt. Ltd.,J.F. Securites (PVT) Ltd.,30,284.0,8520.0,2025-07-13T12:35:02.290797
2025-07-13,54534,2025071301022162,NBL,Naasa Securities Co. Ltd.,J.F. Securites (PVT) Ltd.,50,284.0,14200.0,2025-07-13T12:35:11.865353
2025-07-13,54487,2025071301022199,NBL,Pragyan Securities (PVT) Ltd.,J.F. Securites (PVT) Ltd.,390,284.0,110760.0,2025-07-13T12:35:18.665123
2025-07-13,54486,2025071301022200,NBL,Pragyan Securities (PVT) Ltd.,Kalika Securities Pvt. Ltd.,116,284.0,32944.0,2025-07-13T12:35:18.665401
2025-07-13,54485,2025071301022201,NBL,Pragyan Securities (PVT) Ltd.,Imperial Securities Company Pvt. Ltd.,100,284.0,28400.0,2025-07-13T12:35:18.665524
2025-07-13,54484,2025071301022202,NBL,Pragyan Securities (PVT) Ltd.,Aryatara Investment & Securities,194,284.0,55096.0,2025-07-13T12:35:18.665649
2025-07-13,54397,2025071301022227,NBL,Investment Management Nepal Pvt. Ltd.,Dipshikha Dhitopatra Karobar Co. Pvt Ltd.,20,283.9,5678.0,2025-07-13T12:35:30.605868
2025-07-13,54396,2025071301022228,NBL,Online Securities Pvt. Ltd.,Dipshikha Dhitopatra Karobar Co. Pvt Ltd.,200,283.8,56760.0,2025-07-13T12:35:30.606163
2025-07-13,54395,2025071301022229,NBL,Sweta Securities Private Limited,Dipshikha Dhitopatra Karobar Co. Pvt Ltd.,40,283.8,11352.0,2025-07-13T12:35:30.606283
2025-07-13,54310,2025071301022274,NBL,Vision Securities Pvt. Ltd,Asian Securities Private Ltd.,20,283.5,5670.0,2025-07-13T12:35:41.909295
2025-07-13,54145,2025071301022395,NBL,Pragyan Securities (PVT) Ltd.,Dipshikha Dhitopatra Karobar Co. Pvt Ltd.,740,283.8,210012.0,2025-07-13T12:36:01.757318
2025-07-13,54092,2025071301022416,NBL,Pragyan Securities (PVT) Ltd.,Sajilo Broker Limited,200,283.8,56760.0,2025-07-13T12:36:11.618538
2025-07-13,53844,2025071301022534,NBL,Pragyan Securities (PVT) Ltd.,Oxford Securities Pvt. Ltd.,60,283.8,17028.0,2025-07-13T12:36:36.258261
2025-07-13,53843,2025071301022535,NBL,Vision Securities Pvt. Ltd,Oxford Securities Pvt. Ltd.,41,283.5,11623.5,2025-07-13T12:36:36.258527
2025-07-13,53827,2025071301022545,NBL,Ashutosh Brokerage & Securities (PVT) Ltd.,Oxford Securities Pvt. Ltd.,100,283.5,28350.0,2025-07-13T12:36:39.977938
2025-07-13,53826,2025071301022546,NBL,Online Securities Pvt. Ltd.,Oxford Securities Pvt. Ltd.,299,283.5,84766.5,2025-07-13T12:36:40.440938
2025-07-13,53762,2025071301022568,NBL,Online Securities Pvt. Ltd.,Kohinoor Investment & Securities Pvt. Ltd.,400,284.5,113800.0,2025-07-13T12:36:49.6305
