Date,S.N.,Contract ID,Symbol,Buyer Broker,Seller Broker,volume,rate,amount,transaction_time
2025-07-13,105317,2025071303000029,NFS,Online Securities Pvt. Ltd.,KALASH STOCK MARKET PVT. LTD.,10,748.7,7487.0,2025-07-13T10:46:00.028034
2025-07-13,105316,2025071303000030,NFS,Capital Max Securities Ltd,Linch Stock Market Ltd.,100,748.7,74870.0,2025-07-13T10:46:00.028072
2025-07-13,104315,2025071303000300,NFS,Premier Securities Company Ltd.,Dipshikha Dhitopatra Karobar Co. Pvt Ltd.,50,763.0,38150.0,2025-07-13T11:00:42.740229
2025-07-13,104314,2025071303000301,NFS,Premier Securities Company Ltd.,Magnet Securities and Investment Company Private Limited,100,763.0,76300.0,2025-07-13T11:00:42.740388
2025-07-13,104313,2025071303000302,NFS,Premier Securities Company Ltd.,Naasa Securities Co. Ltd.,10,763.0,7630.0,2025-07-13T11:00:42.740492
2025-07-13,104231,2025071303000324,NFS,Kohinoor Investment & Securities Pvt. Ltd.,Imperial Securities Company Pvt. Ltd.,10,763.6,7636.0,2025-07-13T11:00:48.432678
2025-07-13,104183,2025071303000339,NFS,Naasa Securities Co. Ltd.,Imperial Securities Company Pvt. Ltd.,30,763.6,22908.0,2025-07-13T11:00:50.836219
2025-07-13,104129,2025071303000355,NFS,Sajilo Broker Limited,Imperial Securities Company Pvt. Ltd.,50,763.6,38180.0,2025-07-13T11:00:54.728071
2025-07-13,104110,2025071303000357,NFS,Online Securities Pvt. Ltd.,Imperial Securities Company Pvt. Ltd.,10,763.6,7636.0,2025-07-13T11:00:55.537219
2025-07-13,103603,2025071303000434,NFS,Linch Stock Market Ltd.,Imperial Securities Company Pvt. Ltd.,100,778.0,77800.0,2025-07-13T11:01:19.759237
2025-07-13,103571,2025071303000437,NFS,Kumari Securities Private Limited,Kohinoor Investment & Securities Pvt. Ltd.,500,777.0,388500.0,2025-07-13T11:01:21.798358
2025-07-13,103471,2025071303000457,NFS,Bhrikuti Stock Broking Co. Pvt. Ltd.,Premier Securities Company Ltd.,90,763.6,68724.0,2025-07-13T11:01:26.373763
2025-07-13,103184,2025071303000513,NFS,Sani Securities Company Ltd.,Naasa Securities Co. Ltd.,100,775.0,77500.0,2025-07-13T11:01:38.796411
2025-07-13,102962,2025071303000554,NFS,Vision Securities Pvt. Ltd,Vision Securities Pvt. Ltd,100,774.0,77400.0,2025-07-13T11:01:48.496171
2025-07-13,102961,2025071303000555,NFS,Vision Securities Pvt. Ltd,Vision Securities Pvt. Ltd,100,774.0,77400.0,2025-07-13T11:01:48.496355
2025-07-13,102926,2025071303000563,NFS,Agrawal Securities (PVT) Ltd.,Vision Securities Pvt. Ltd,18,774.0,13932.0,2025-07-13T11:01:49.083506
2025-07-13,102782,2025071303000597,NFS,ABC Securities Private Limited,Vision Securities Pvt. Ltd,100,774.0,77400.0,2025-07-13T11:01:55.513381
2025-07-13,102718,2025071303000612,NFS,Online Securities Pvt. Ltd.,Vision Securities Pvt. Ltd,50,774.0,38700.0,2025-07-13T11:01:57.863907
2025-07-13,102671,2025071303000626,NFS,Secured Securities Ltd.,Vision Securities Pvt. Ltd,10,774.0,7740.0,2025-07-13T11:01:59.793403
2025-07-13,102508,2025071303000668,NFS,Deevyaa Securities & Stock House Pvt. Ltd,Vision Securities Pvt. Ltd,10,774.0,7740.0,2025-07-13T11:02:06.666779
2025-07-13,102413,2025071303000684,NFS,Imperial Securities Company Pvt. Ltd.,Premier Securities Company Ltd.,30,773.0,23190.0,2025-07-13T11:02:11.136989
2025-07-13,102412,2025071303000685,NFS,Imperial Securities Company Pvt. Ltd.,Vision Securities Pvt. Ltd,12,774.0,9288.0,2025-07-13T11:02:11.137087
2025-07-13,102411,2025071303000686,NFS,Imperial Securities Company Pvt. Ltd.,Kumari Securities Private Limited,28,774.0,21672.0,2025-07-13T11:02:11.137128
2025-07-13,102330,2025071303000701,NFS,Online Securities Pvt. Ltd.,Kumari Securities Private Limited,60,774.0,46440.0,2025-07-13T11:02:15.070269
2025-07-13,102329,2025071303000702,NFS,Online Securities Pvt. Ltd.,Naasa Securities Co. Ltd.,90,775.0,69750.0,2025-07-13T11:02:15.070455
2025-07-13,102307,2025071303000708,NFS,Kumari Securities Private Limited,Sumeru Securities Pvt. Ltd.,20,774.0,15480.0,2025-07-13T11:02:16.289713
2025-07-13,102158,2025071303000735,NFS,Naasa Securities Co. Ltd.,Naasa Securities Co. Ltd.,100,775.0,77500.0,2025-07-13T11:02:22.764972
2025-07-13,101978,2025071303000778,NFS,Kumari Securities Private Limited,Kohinoor Investment & Securities Pvt. Ltd.,20,774.0,15480.0,2025-07-13T11:02:30.738166
2025-07-13,101924,2025071303000780,NFS,Kumari Securities Private Limited,Naasa Securities Co. Ltd.,10,775.0,7750.0,2025-07-13T11:02:31.898637
2025-07-13,101908,2025071303000788,NFS,Kumari Securities Private Limited,Online Securities Pvt. Ltd.,60,774.0,46440.0,2025-07-13T11:02:32.622941
2025-07-13,101907,2025071303000789,NFS,Capital Max Securities Ltd,Online Securities Pvt. Ltd.,10,774.0,7740.0,2025-07-13T11:02:32.62303
2025-07-13,101425,2025071303000877,NFS,Ashutosh Brokerage & Securities (PVT) Ltd.,Miyo Securities Pvt Ltd,100,763.7,76370.0,2025-07-13T11:02:52.200672
2025-07-13,100897,2025071303000998,NFS,Ashutosh Brokerage & Securities (PVT) Ltd.,J.F. Securites (PVT) Ltd.,100,763.7,76370.0,2025-07-13T11:03:09.963348
2025-07-13,100844,2025071303001011,NFS,Naasa Securities Co. Ltd.,Naasa Securities Co. Ltd.,15,770.0,11550.0,2025-07-13T11:03:13.046765
2025-07-13,100763,2025071303001017,NFS,Dynamic Money Managers Securities Pvt. Ltd.,Capital Max Securities Ltd,100,763.7,76370.0,2025-07-13T11:03:15.154845
2025-07-13,100713,2025071303001034,NFS,Dynamic Money Managers Securities Pvt. Ltd.,Vision Securities Pvt. Ltd,50,763.7,38185.0,2025-07-13T11:03:16.783606
2025-07-13,100485,2025071303001086,NFS,Dynamic Money Managers Securities Pvt. Ltd.,Thrive Brokerage House Pvt. Ltd,50,763.7,38185.0,2025-07-13T11:03:23.62893
2025-07-13,100484,2025071303001087,NFS,Premier Securities Company Ltd.,Thrive Brokerage House Pvt. Ltd,240,763.0,183120.0,2025-07-13T11:03:23.629052
2025-07-13,100441,2025071303001099,NFS,Trishakti Securities Public Limited,Neev Securities Pvt. Ltd.,50,769.0,38450.0,2025-07-13T11:03:24.858336
2025-07-13,100384,2025071303001118,NFS,Dakshinkali Investment & Securities Pvt. Ltd.,Neev Securities Pvt. Ltd.,300,769.0,230700.0,2025-07-13T11:03:26.962601
2025-07-13,100346,2025071303001125,NFS,Premier Securities Company Ltd.,Shree Krishna Securities Ltd.,100,763.0,76300.0,2025-07-13T11:03:28.650802
2025-07-13,100255,2025071303001144,NFS,Premier Securities Company Ltd.,Premier Securities Company Ltd.,100,763.0,76300.0,2025-07-13T11:03:31.040191
2025-07-13,100214,2025071303001154,NFS,Shree Krishna Securities Ltd.,Aryatara Investment & Securities,53,764.0,40492.0,2025-07-13T11:03:32.487591
2025-07-13,100199,2025071303001156,NFS,Shree Krishna Securities Ltd.,Aryatara Investment & Securities,50,764.0,38200.0,2025-07-13T11:03:33.58568
2025-07-13,100193,2025071303001159,NFS,Shree Krishna Securities Ltd.,Online Securities Pvt. Ltd.,150,764.0,114600.0,2025-07-13T11:03:34.190594
2025-07-13,100144,2025071303001169,NFS,Shree Krishna Securities Ltd.,Trishakti Securities Public Limited,47,764.0,35908.0,2025-07-13T11:03:36.034587
2025-07-13,100130,2025071303001173,NFS,Kumari Securities Private Limited,Trishakti Securities Public Limited,83,763.7,63387.1,2025-07-13T11:03:36.882005
2025-07-13,99833,2025071303001260,NFS,Kumari Securities Private Limited,Online Securities Pvt. Ltd.,17,764.0,12988.0,2025-07-13T11:03:46.490249
2025-07-13,99658,2025071303001313,NFS,Sumeru Securities Pvt. Ltd.,Secured Securities Ltd.,50,764.0,38200.0,2025-07-13T11:03:53.411206
2025-07-13,99657,2025071303001314,NFS,Premier Securities Company Ltd.,Secured Securities Ltd.,45,763.0,34335.0,2025-07-13T11:03:53.411302
2025-07-13,99594,2025071303001324,NFS,Premier Securities Company Ltd.,Naasa Securities Co. Ltd.,21,763.0,16023.0,2025-07-13T11:03:55.210469
2025-07-13,99395,2025071303001375,NFS,Premier Securities Company Ltd.,Nepal Stock House (PVT) Ltd.,200,763.0,152600.0,2025-07-13T11:04:02.80069
2025-07-13,99304,2025071303001396,NFS,Premier Securities Company Ltd.,Bhrikuti Stock Broking Co. Pvt. Ltd.,65,763.0,49595.0,2025-07-13T11:04:06.452272
2025-07-13,99215,2025071303001419,NFS,Premier Securities Company Ltd.,Deevyaa Securities & Stock House Pvt. Ltd,69,763.0,52647.0,2025-07-13T11:04:10.270582
2025-07-13,99214,2025071303001420,NFS,Trisul Securities & Invt. Ltd.,Deevyaa Securities & Stock House Pvt. Ltd,30,763.0,22890.0,2025-07-13T11:04:10.270622
2025-07-13,99213,2025071303001421,NFS,Market Securities & Exchange (PVT) Ltd.,Deevyaa Securities & Stock House Pvt. Ltd,200,751.0,150200.0,2025-07-13T11:04:10.270648
2025-07-13,99212,2025071303001422,NFS,ABC Securities Private Limited,Deevyaa Securities & Stock House Pvt. Ltd,200,750.1,150020.0,2025-07-13T11:04:10.270675
2025-07-13,99211,2025071303001423,NFS,Vision Securities Pvt. Ltd,Deevyaa Securities & Stock House Pvt. Ltd,251,750.0,188250.0,2025-07-13T11:04:10.270701
2025-07-13,98338,2025071303001679,NFS,Vision Securities Pvt. Ltd,Siprabi Securities Pvt. Ltd.,20,750.0,15000.0,2025-07-13T11:04:52.517813
2025-07-13,98286,2025071303001698,NFS,Vision Securities Pvt. Ltd,Vision Securities Pvt. Ltd,259,750.0,194250.0,2025-07-13T11:04:55.223052
2025-07-13,98285,2025071303001699,NFS,Online Securities Pvt. Ltd.,Vision Securities Pvt. Ltd,241,750.0,180750.0,2025-07-13T11:04:55.223165
2025-07-13,97641,2025071303001858,NFS,Aryatara Investment & Securities,Naasa Securities Co. Ltd.,10,755.0,7550.0,2025-07-13T11:05:28.030279
2025-07-13,97260,2025071303001959,NFS,Capital Max Securities Ltd,Sumeru Securities Pvt. Ltd.,100,752.0,75200.0,2025-07-13T11:05:49.464336
2025-07-13,96992,2025071303002019,NFS,Capital Max Securities Ltd,Vision Securities Pvt. Ltd,90,752.0,67680.0,2025-07-13T11:06:04.701415
2025-07-13,96873,2025071303002066,NFS,Nagarik Stock Dealer ,Vision Securities Pvt. Ltd,10,752.0,7520.0,2025-07-13T11:06:10.620299
2025-07-13,96872,2025071303002067,NFS,Nagarik Stock Dealer ,Dipshikha Dhitopatra Karobar Co. Pvt Ltd.,20,754.0,15080.0,2025-07-13T11:06:10.620427
2025-07-13,96742,2025071303002113,NFS,Sundhara Securities Limited,Nagarik Stock Dealer ,10,752.0,7520.0,2025-07-13T11:06:17.653291
2025-07-13,96654,2025071303002132,NFS,Sani Securities Company Ltd.,Trisul Securities & Invt. Ltd.,50,753.0,37650.0,2025-07-13T11:06:22.921733
2025-07-13,96653,2025071303002133,NFS,Online Securities Pvt. Ltd.,Trisul Securities & Invt. Ltd.,59,750.0,44250.0,2025-07-13T11:06:22.921776
2025-07-13,96652,2025071303002134,NFS,Naasa Securities Co. Ltd.,Trisul Securities & Invt. Ltd.,100,750.0,75000.0,2025-07-13T11:06:22.921812
2025-07-13,96651,2025071303002135,NFS,Kohinoor Investment & Securities Pvt. Ltd.,Trisul Securities & Invt. Ltd.,1791,750.0,1343250.0,2025-07-13T11:06:22.921852
2025-07-13,96626,2025071303002143,NFS,Primo Securities (PVT) Ltd.,Naasa Securities Co. Ltd.,200,755.0,151000.0,2025-07-13T11:06:24.554168
2025-07-13,96438,2025071303002180,NFS,Sani Securities Company Ltd.,Vision Securities Pvt. Ltd,50,754.0,37700.0,2025-07-13T11:06:35.087388
2025-07-13,96437,2025071303002181,NFS,Sani Securities Company Ltd.,Naasa Securities Co. Ltd.,50,755.0,37750.0,2025-07-13T11:06:35.087551
2025-07-13,96297,2025071303002230,NFS,Kohinoor Investment & Securities Pvt. Ltd.,Sri Hari Securities Pvt. Ltd.,14,750.0,10500.0,2025-07-13T11:06:44.592086
2025-07-13,96180,2025071303002271,NFS,Kohinoor Investment & Securities Pvt. Ltd.,Sani Securities Company Ltd.,30,751.0,22530.0,2025-07-13T11:06:52.554748
2025-07-13,96015,2025071303002313,NFS,Kohinoor Investment & Securities Pvt. Ltd.,Sani Securities Company Ltd.,10,751.0,7510.0,2025-07-13T11:07:04.930782
2025-07-13,95676,2025071303002411,NFS,Kohinoor Investment & Securities Pvt. Ltd.,Kohinoor Investment & Securities Pvt. Ltd.,50,751.0,37550.0,2025-07-13T11:07:31.679119
2025-07-13,95608,2025071303002422,NFS,Kohinoor Investment & Securities Pvt. Ltd.,Capital Max Securities Ltd,250,751.0,187750.0,2025-07-13T11:07:34.669158
2025-07-13,95558,2025071303002432,NFS,Kohinoor Investment & Securities Pvt. Ltd.,Vision Securities Pvt. Ltd,50,751.0,37550.0,2025-07-13T11:07:37.24992
2025-07-13,95515,2025071303002443,NFS,Kohinoor Investment & Securities Pvt. Ltd.,Dipshikha Dhitopatra Karobar Co. Pvt Ltd.,50,751.0,37550.0,2025-07-13T11:07:40.065953
2025-07-13,95486,2025071303002458,NFS,Kohinoor Investment & Securities Pvt. Ltd.,Bhrikuti Stock Broking Co. Pvt. Ltd.,60,751.0,45060.0,2025-07-13T11:07:43.044971
2025-07-13,95485,2025071303002459,NFS,Aryatara Investment & Securities,Bhrikuti Stock Broking Co. Pvt. Ltd.,20,751.0,15020.0,2025-07-13T11:07:43.045097
2025-07-13,95484,2025071303002460,NFS,Kohinoor Investment & Securities Pvt. Ltd.,Bhrikuti Stock Broking Co. Pvt. Ltd.,195,750.0,146250.0,2025-07-13T11:07:43.045149
2025-07-13,95483,2025071303002461,NFS,Investment Management Nepal Pvt. Ltd.,Bhrikuti Stock Broking Co. Pvt. Ltd.,500,750.0,375000.0,2025-07-13T11:07:43.045203
2025-07-13,95482,2025071303002462,NFS,Malla & Malla Stock Broking Company Pvt. Limited,Bhrikuti Stock Broking Co. Pvt. Ltd.,347,750.0,260250.0,2025-07-13T11:07:43.045254
2025-07-13,95342,2025071303002491,NFS,ABC Securities Private Limited,Oxford Securities Pvt. Ltd.,25,752.0,18800.0,2025-07-13T11:07:51.757542
2025-07-13,95341,2025071303002492,NFS,ABC Securities Private Limited,Kumari Securities Private Limited,20,752.9,15058.0,2025-07-13T11:07:51.757682
2025-07-13,95236,2025071303002535,NFS,Sani Securities Company Ltd.,Secured Securities Ltd.,25,751.0,18775.0,2025-07-13T11:07:58.631513
2025-07-13,95108,2025071303002571,NFS,Malla & Malla Stock Broking Company Pvt. Limited,Deevyaa Securities & Stock House Pvt. Ltd,50,750.0,37500.0,2025-07-13T11:08:09.584515
2025-07-13,95049,2025071303002586,NFS,Malla & Malla Stock Broking Company Pvt. Limited,Himalayan Brokerage Company Limited,268,750.0,201000.0,2025-07-13T11:08:15.845187
2025-07-13,95048,2025071303002587,NFS,Malla & Malla Stock Broking Company Pvt. Limited,Himalayan Brokerage Company Limited,661,750.0,495750.0,2025-07-13T11:08:15.845227
2025-07-13,95043,2025071303002590,NFS,Naasa Securities Co. Ltd.,Kumari Securities Private Limited,19,750.0,14250.0,2025-07-13T11:08:16.094406
2025-07-13,94852,2025071303002629,NFS,Shree Krishna Securities Ltd.,NIMB Stock Markets Limited,10,749.0,7490.0,2025-07-13T11:08:30.349729
2025-07-13,94851,2025071303002630,NFS,Shree Krishna Securities Ltd.,Kumari Securities Private Limited,81,750.0,60750.0,2025-07-13T11:08:30.349851
2025-07-13,94850,2025071303002631,NFS,Shree Krishna Securities Ltd.,Agrawal Securities (PVT) Ltd.,109,750.0,81750.0,2025-07-13T11:08:30.349919
2025-07-13,94521,2025071303002719,NFS,Naasa Securities Co. Ltd.,Sani Securities Company Ltd.,100,749.0,74900.0,2025-07-13T11:08:59.076969
2025-07-13,94520,2025071303002720,NFS,Secured Securities Ltd.,Sani Securities Company Ltd.,50,748.7,37435.0,2025-07-13T11:08:59.077269
2025-07-13,94519,2025071303002721,NFS,Miyo Securities Pvt Ltd,Sani Securities Company Ltd.,100,748.7,74870.0,2025-07-13T11:08:59.07745
2025-07-13,94518,2025071303002722,NFS,Trishakti Securities Public Limited,Sani Securities Company Ltd.,500,748.7,374350.0,2025-07-13T11:08:59.077603
2025-07-13,94517,2025071303002723,NFS,Trishakti Securities Public Limited,Sani Securities Company Ltd.,10,748.7,7487.0,2025-07-13T11:08:59.077759
2025-07-13,94516,2025071303002724,NFS,Imperial Securities Company Pvt. Ltd.,Sani Securities Company Ltd.,50,748.6,37430.0,2025-07-13T11:08:59.077909
2025-07-13,94515,2025071303002725,NFS,Imperial Securities Company Pvt. Ltd.,Sani Securities Company Ltd.,100,748.5,74850.0,2025-07-13T11:08:59.078071
2025-07-13,94514,2025071303002726,NFS,Linch Stock Market Ltd.,Sani Securities Company Ltd.,991,748.0,741268.0,2025-07-13T11:08:59.078262
2025-07-13,94501,2025071303002731,NFS,Shree Krishna Securities Ltd.,Agrawal Securities (PVT) Ltd.,91,750.0,68250.0,2025-07-13T11:09:00.567066
2025-07-13,94500,2025071303002732,NFS,Shree Krishna Securities Ltd.,Sajilo Broker Limited,100,750.0,75000.0,2025-07-13T11:09:00.567237
2025-07-13,94499,2025071303002733,NFS,Shree Krishna Securities Ltd.,Naasa Securities Co. Ltd.,10,750.0,7500.0,2025-07-13T11:09:00.567293
2025-07-13,94498,2025071303002734,NFS,Shree Krishna Securities Ltd.,Sani Securities Company Ltd.,32,750.0,24000.0,2025-07-13T11:09:00.567367
2025-07-13,94452,2025071303002750,NFS,Linch Stock Market Ltd.,Naasa Securities Co. Ltd.,500,748.0,374000.0,2025-07-13T11:09:04.511926
2025-07-13,94446,2025071303002755,NFS,Midas Stock Broking Company Private Limited,Sani Securities Company Ltd.,13,750.0,9750.0,2025-07-13T11:09:04.61881
2025-07-13,94206,2025071303002800,NFS,Market Securities & Exchange (PVT) Ltd.,Kumari Securities Private Limited,100,749.0,74900.0,2025-07-13T11:09:18.18755
2025-07-13,94205,2025071303002801,NFS,Market Securities & Exchange (PVT) Ltd.,Sani Securities Company Ltd.,100,750.0,75000.0,2025-07-13T11:09:18.187797
2025-07-13,94090,2025071303002823,NFS,Linch Stock Market Ltd.,Kumari Securities Private Limited,440,748.0,329120.0,2025-07-13T11:09:27.726601
2025-07-13,93997,2025071303002848,NFS,Linch Stock Market Ltd.,Kohinoor Investment & Securities Pvt. Ltd.,20,748.0,14960.0,2025-07-13T11:09:35.487167
2025-07-13,93518,2025071303002978,NFS,Linch Stock Market Ltd.,Naasa Securities Co. Ltd.,10,748.5,7485.0,2025-07-13T11:10:21.153938
2025-07-13,93262,2025071303003042,NFS,Dynamic Money Managers Securities Pvt. Ltd.,Sani Securities Company Ltd.,55,750.0,41250.0,2025-07-13T11:10:47.135502
2025-07-13,93261,2025071303003043,NFS,Dynamic Money Managers Securities Pvt. Ltd.,Sweta Securities Private Limited,310,750.0,232500.0,2025-07-13T11:10:47.135642
2025-07-13,93260,2025071303003044,NFS,Dynamic Money Managers Securities Pvt. Ltd.,Trishakti Securities Public Limited,135,750.0,101250.0,2025-07-13T11:10:47.135696
2025-07-13,92803,2025071303003142,NFS,Linch Stock Market Ltd.,J.F. Securites (PVT) Ltd.,100,748.5,74850.0,2025-07-13T11:11:28.39191
2025-07-13,92748,2025071303003158,NFS,Aryatara Investment & Securities,Deevyaa Securities & Stock House Pvt. Ltd,30,748.1,22443.0,2025-07-13T11:11:34.157245
2025-07-13,92747,2025071303003159,NFS,Linch Stock Market Ltd.,Deevyaa Securities & Stock House Pvt. Ltd,49,748.0,36652.0,2025-07-13T11:11:34.157377
2025-07-13,92746,2025071303003160,NFS,Sani Securities Company Ltd.,Deevyaa Securities & Stock House Pvt. Ltd,85,746.0,63410.0,2025-07-13T11:11:34.157436
2025-07-13,92745,2025071303003161,NFS,Market Securities & Exchange (PVT) Ltd.,Deevyaa Securities & Stock House Pvt. Ltd,100,745.1,74510.0,2025-07-13T11:11:34.157489
2025-07-13,92744,2025071303003162,NFS,Sani Securities Company Ltd.,Deevyaa Securities & Stock House Pvt. Ltd,100,745.0,74500.0,2025-07-13T11:11:34.157542
2025-07-13,92743,2025071303003163,NFS,Malla & Malla Stock Broking Company Pvt. Limited,Deevyaa Securities & Stock House Pvt. Ltd,30,745.0,22350.0,2025-07-13T11:11:34.157593
2025-07-13,92742,2025071303003164,NFS,Sani Securities Company Ltd.,Deevyaa Securities & Stock House Pvt. Ltd,100,745.0,74500.0,2025-07-13T11:11:34.157647
2025-07-13,92741,2025071303003165,NFS,Sani Securities Company Ltd.,Deevyaa Securities & Stock House Pvt. Ltd,20,745.0,14900.0,2025-07-13T11:11:34.157696
2025-07-13,92592,2025071303003191,NFS,Dynamic Money Managers Securities Pvt. Ltd.,Deevyaa Securities & Stock House Pvt. Ltd,500,745.0,372500.0,2025-07-13T11:11:46.156044
2025-07-13,92538,2025071303003200,NFS,Prabhu Stock Market Limited,Deevyaa Securities & Stock House Pvt. Ltd,20,745.0,14900.0,2025-07-13T11:11:50.493942
2025-07-13,92524,2025071303003201,NFS,Elite Stock House Limited,Deevyaa Securities & Stock House Pvt. Ltd,100,745.0,74500.0,2025-07-13T11:11:52.155276
2025-07-13,92471,2025071303003214,NFS,Linch Stock Market Ltd.,Deevyaa Securities & Stock House Pvt. Ltd,120,745.0,89400.0,2025-07-13T11:11:57.321243
2025-07-13,92459,2025071303003217,NFS,ABC Securities Private Limited,Deevyaa Securities & Stock House Pvt. Ltd,382,745.0,284590.0,2025-07-13T11:11:58.437216
2025-07-13,92313,2025071303003255,NFS,ABC Securities Private Limited,Premier Securities Company Ltd.,20,745.0,14900.0,2025-07-13T11:12:10.964294
2025-07-13,91820,2025071303003363,NFS,Dynamic Money Managers Securities Pvt. Ltd.,Naasa Securities Co. Ltd.,87,748.5,65119.5,2025-07-13T11:12:49.597271
2025-07-13,91252,2025071303003486,NFS,Dynamic Money Managers Securities Pvt. Ltd.,Aryatara Investment & Securities,250,748.5,187125.0,2025-07-13T11:13:46.043882
2025-07-13,91189,2025071303003494,NFS,Dynamic Money Managers Securities Pvt. Ltd.,Sani Securities Company Ltd.,21,748.5,15718.5,2025-07-13T11:13:52.134195
2025-07-13,90700,2025071303003589,NFS,Aryatara Investment & Securities,Naasa Securities Co. Ltd.,200,749.0,149800.0,2025-07-13T11:14:36.053329
2025-07-13,90699,2025071303003590,NFS,Aryatara Investment & Securities,Sharepro Securities Private Limited,200,749.0,149800.0,2025-07-13T11:14:36.053469
2025-07-13,90447,2025071303003650,NFS,Aryatara Investment & Securities,Naasa Securities Co. Ltd.,100,749.0,74900.0,2025-07-13T11:15:03.466451
2025-07-13,90244,2025071303003698,NFS,Naasa Securities Co. Ltd.,Naasa Securities Co. Ltd.,10,749.0,7490.0,2025-07-13T11:15:26.924081
2025-07-13,89742,2025071303003804,NFS,Dynamic Money Managers Securities Pvt. Ltd.,Imperial Securities Company Pvt. Ltd.,142,748.5,106287.0,2025-07-13T11:16:16.093411
2025-07-13,89741,2025071303003805,NFS,Siprabi Securities Pvt. Ltd.,Imperial Securities Company Pvt. Ltd.,58,748.0,43384.0,2025-07-13T11:16:16.093671
2025-07-13,89257,2025071303003896,NFS,Siprabi Securities Pvt. Ltd.,Investment Management Nepal Pvt. Ltd.,28,748.0,20944.0,2025-07-13T11:16:58.692009
2025-07-13,89238,2025071303003898,NFS,Siprabi Securities Pvt. Ltd.,Primo Securities (PVT) Ltd.,60,748.0,44880.0,2025-07-13T11:17:00.33929
2025-07-13,89092,2025071303003936,NFS,Siprabi Securities Pvt. Ltd.,Agrawal Securities (PVT) Ltd.,54,748.0,40392.0,2025-07-13T11:17:19.459855
2025-07-13,88834,2025071303004008,NFS,Cristal Kanchanjanga Securites Pvt. Ltd.,Agrawal Securities (PVT) Ltd.,120,748.0,89760.0,2025-07-13T11:17:42.181222
2025-07-13,88833,2025071303004009,NFS,Vision Securities Pvt. Ltd,Agrawal Securities (PVT) Ltd.,130,748.0,97240.0,2025-07-13T11:17:42.515199
2025-07-13,88811,2025071303004013,NFS,Aryatara Investment & Securities,Agrawal Securities (PVT) Ltd.,396,748.0,296208.0,2025-07-13T11:17:46.378332
2025-07-13,88514,2025071303004104,NFS,Aryatara Investment & Securities,KALASH STOCK MARKET PVT. LTD.,104,748.0,77792.0,2025-07-13T11:18:10.503821
2025-07-13,88513,2025071303004105,NFS,Aryatara Investment & Securities,KALASH STOCK MARKET PVT. LTD.,346,748.0,258808.0,2025-07-13T11:18:10.503865
2025-07-13,88500,2025071303004106,NFS,Aryatara Investment & Securities,Market Securities & Exchange (PVT) Ltd.,44,748.0,32912.0,2025-07-13T11:18:11.364855
2025-07-13,88166,2025071303004168,NFS,Siprabi Securities Pvt. Ltd.,Linch Stock Market Ltd.,30,747.8,22434.0,2025-07-13T11:18:40.053662
2025-07-13,87852,2025071303004236,NFS,Asian Securities Private Ltd.,Vision Securities Pvt. Ltd,100,748.0,74800.0,2025-07-13T11:19:12.784545
2025-07-13,87675,2025071303004279,NFS,Online Securities Pvt. Ltd.,Sundhara Securities Limited,20,748.0,14960.0,2025-07-13T11:19:30.605222
2025-07-13,87317,2025071303004374,NFS,Cristal Kanchanjanga Securites Pvt. Ltd.,Sundhara Securities Limited,115,748.0,86020.0,2025-07-13T11:20:03.129954
2025-07-13,87084,2025071303004435,NFS,Siprabi Securities Pvt. Ltd.,Market Securities & Exchange (PVT) Ltd.,16,747.8,11964.8,2025-07-13T11:20:23.724198
2025-07-13,86797,2025071303004484,NFS,Vision Securities Pvt. Ltd,Cristal Kanchanjanga Securites Pvt. Ltd.,10,748.5,7485.0,2025-07-13T11:20:42.707265
2025-07-13,86769,2025071303004491,NFS,Imperial Securities Company Pvt. Ltd.,Naasa Securities Co. Ltd.,290,749.0,217210.0,2025-07-13T11:20:45.757918
2025-07-13,86465,2025071303004557,NFS,Sani Securities Company Ltd.,Naasa Securities Co. Ltd.,62,750.0,46500.0,2025-07-13T11:21:19.054379
2025-07-13,86464,2025071303004558,NFS,Sani Securities Company Ltd.,Naasa Securities Co. Ltd.,37,750.0,27750.0,2025-07-13T11:21:19.05454
2025-07-13,86301,2025071303004588,NFS,Online Securities Pvt. Ltd.,Naasa Securities Co. Ltd.,100,750.0,75000.0,2025-07-13T11:21:35.338967
2025-07-13,86185,2025071303004619,NFS,Vision Securities Pvt. Ltd,Naasa Securities Co. Ltd.,463,750.0,347250.0,2025-07-13T11:21:46.171469
2025-07-13,86184,2025071303004620,NFS,Vision Securities Pvt. Ltd,Oxford Securities Pvt. Ltd.,10,750.0,7500.0,2025-07-13T11:21:46.171776
2025-07-13,86183,2025071303004621,NFS,Vision Securities Pvt. Ltd,Naasa Securities Co. Ltd.,10,750.0,7500.0,2025-07-13T11:21:46.171969
2025-07-13,86182,2025071303004622,NFS,Vision Securities Pvt. Ltd,S.P.S.A. Securities Limited,50,750.0,37500.0,2025-07-13T11:21:46.172193
2025-07-13,86181,2025071303004623,NFS,Vision Securities Pvt. Ltd,Naasa Securities Co. Ltd.,50,750.0,37500.0,2025-07-13T11:21:46.172391
2025-07-13,86180,2025071303004624,NFS,Vision Securities Pvt. Ltd,Dipshikha Dhitopatra Karobar Co. Pvt Ltd.,10,750.0,7500.0,2025-07-13T11:21:46.172573
2025-07-13,86123,2025071303004632,NFS,Vision Securities Pvt. Ltd,Naasa Securities Co. Ltd.,10,750.0,7500.0,2025-07-13T11:21:51.044954
2025-07-13,86098,2025071303004637,NFS,Vision Securities Pvt. Ltd,Imperial Securities Company Pvt. Ltd.,397,750.0,297750.0,2025-07-13T11:21:54.816204
2025-07-13,86097,2025071303004638,NFS,Imperial Securities Company Pvt. Ltd.,Imperial Securities Company Pvt. Ltd.,103,750.0,77250.0,2025-07-13T11:21:54.816413
2025-07-13,86014,2025071303004659,NFS,Imperial Securities Company Pvt. Ltd.,Vision Securities Pvt. Ltd,197,750.0,147750.0,2025-07-13T11:22:03.437144
2025-07-13,85661,2025071303004746,NFS,pahiinvestment,Vision Securities Pvt. Ltd,100,750.0,75000.0,2025-07-13T11:22:42.235669
2025-07-13,85433,2025071303004794,NFS,Nepal Investment And Securities Trading Private Limited,Vision Securities Pvt. Ltd,203,750.0,152250.0,2025-07-13T11:23:03.845393
2025-07-13,85432,2025071303004795,NFS,Nepal Investment And Securities Trading Private Limited,Naasa Securities Co. Ltd.,500,751.0,375500.0,2025-07-13T11:23:03.845558
2025-07-13,85431,2025071303004796,NFS,Nepal Investment And Securities Trading Private Limited,Aakashbhairab Securities Ltd.,10,751.0,7510.0,2025-07-13T11:23:03.845626
2025-07-13,85430,2025071303004797,NFS,Nepal Investment And Securities Trading Private Limited,Sweta Securities Private Limited,74,751.0,55574.0,2025-07-13T11:23:03.845686
2025-07-13,85429,2025071303004798,NFS,Nepal Investment And Securities Trading Private Limited,Oxford Securities Pvt. Ltd.,10,751.0,7510.0,2025-07-13T11:23:03.845746
2025-07-13,85428,2025071303004799,NFS,Nepal Investment And Securities Trading Private Limited,Sani Securities Company Ltd.,10,751.0,7510.0,2025-07-13T11:23:03.845805
2025-07-13,85427,2025071303004800,NFS,Nepal Investment And Securities Trading Private Limited,Oxford Securities Pvt. Ltd.,30,751.0,22530.0,2025-07-13T11:23:03.845863
2025-07-13,85205,2025071303004845,NFS,Nepal Investment And Securities Trading Private Limited,Linch Stock Market Ltd.,10,751.0,7510.0,2025-07-13T11:23:27.080715
2025-07-13,85167,2025071303004847,NFS,Nepal Investment And Securities Trading Private Limited,Oxford Securities Pvt. Ltd.,10,751.0,7510.0,2025-07-13T11:23:31.703992
2025-07-13,84908,2025071303004896,NFS,Nepal Investment And Securities Trading Private Limited,Shree Krishna Securities Ltd.,143,751.0,107393.0,2025-07-13T11:23:54.462897
2025-07-13,84907,2025071303004897,NFS,Sani Securities Company Ltd.,Shree Krishna Securities Ltd.,57,751.0,42807.0,2025-07-13T11:23:54.463057
2025-07-13,84852,2025071303004922,NFS,Arun Securities (PVT) Ltd.,Oxford Securities Pvt. Ltd.,10,752.0,7520.0,2025-07-13T11:23:59.434176
2025-07-13,84471,2025071303005008,NFS,Agrawal Securities (PVT) Ltd.,Kalika Securities Pvt. Ltd.,100,753.0,75300.0,2025-07-13T11:24:29.649942
2025-07-13,84097,2025071303005103,NFS,Secured Securities Ltd.,Agrawal Securities (PVT) Ltd.,10,754.0,7540.0,2025-07-13T11:25:07.058408
2025-07-13,83694,2025071303005198,NFS,South Asian Bulls Pvt. Ltd.,Shree Krishna Securities Ltd.,100,753.0,75300.0,2025-07-13T11:25:43.257222
2025-07-13,83693,2025071303005199,NFS,South Asian Bulls Pvt. Ltd.,Shree Krishna Securities Ltd.,90,753.0,67770.0,2025-07-13T11:25:43.257413
2025-07-13,83621,2025071303005223,NFS,Trishakti Securities Public Limited,Property Wiard Limited,25,755.0,18875.0,2025-07-13T11:25:49.030102
2025-07-13,83399,2025071303005259,NFS,Imperial Securities Company Pvt. Ltd.,Sundhara Securities Limited,20,754.9,15098.0,2025-07-13T11:26:13.163285
2025-07-13,83251,2025071303005275,NFS,Arun Securities (PVT) Ltd.,Kohinoor Investment & Securities Pvt. Ltd.,51,752.0,38352.0,2025-07-13T11:26:25.987922
2025-07-13,83076,2025071303005314,NFS,Arun Securities (PVT) Ltd.,Kohinoor Investment & Securities Pvt. Ltd.,100,752.0,75200.0,2025-07-13T11:26:44.155552
2025-07-13,81891,2025071303005632,NFS,Secured Securities Ltd.,Trishakti Securities Public Limited,115,754.0,86710.0,2025-07-13T11:28:23.882082
2025-07-13,81890,2025071303005633,NFS,Secured Securities Ltd.,Vision Securities Pvt. Ltd,100,754.0,75400.0,2025-07-13T11:28:23.882274
2025-07-13,81873,2025071303005638,NFS,Secured Securities Ltd.,Deevyaa Securities & Stock House Pvt. Ltd,40,754.0,30160.0,2025-07-13T11:28:25.460334
2025-07-13,81557,2025071303005700,NFS,ABC Securities Private Limited,Property Wiard Limited,10,755.0,7550.0,2025-07-13T11:28:54.948258
2025-07-13,81417,2025071303005743,NFS,Secured Securities Ltd.,Vision Securities Pvt. Ltd,100,754.0,75400.0,2025-07-13T11:29:08.192155
2025-07-13,81368,2025071303005746,NFS,Secured Securities Ltd.,Deevyaa Securities & Stock House Pvt. Ltd,10,754.0,7540.0,2025-07-13T11:29:12.404175
2025-07-13,81097,2025071303005804,NFS,Opal Securities Investment (PVT) Ltd.,Naasa Securities Co. Ltd.,372,754.5,280674.0,2025-07-13T11:29:44.534971
2025-07-13,81096,2025071303005805,NFS,Secured Securities Ltd.,Naasa Securities Co. Ltd.,53,754.0,39962.0,2025-07-13T11:29:44.535151
2025-07-13,80466,2025071303005963,NFS,Secured Securities Ltd.,Aryatara Investment & Securities,232,754.0,174928.0,2025-07-13T11:30:49.309632
2025-07-13,80465,2025071303005964,NFS,Sani Securities Company Ltd.,Aryatara Investment & Securities,200,754.0,150800.0,2025-07-13T11:30:49.309808
2025-07-13,80306,2025071303005994,NFS,Naasa Securities Co. Ltd.,Aryatara Investment & Securities,54,754.0,40716.0,2025-07-13T11:31:07.954684
2025-07-13,80295,2025071303005998,NFS,Sipla Securities Private Limited,Aryatara Investment & Securities,50,754.0,37700.0,2025-07-13T11:31:09.526132
2025-07-13,80194,2025071303006005,NFS,Arun Securities (PVT) Ltd.,South Asian Bulls Pvt. Ltd.,240,752.0,180480.0,2025-07-13T11:31:17.454566
2025-07-13,80158,2025071303006016,NFS,Arun Securities (PVT) Ltd.,Naasa Securities Co. Ltd.,100,752.0,75200.0,2025-07-13T11:31:23.252893
2025-07-13,80070,2025071303006026,NFS,Siprabi Securities Pvt. Ltd.,Aryatara Investment & Securities,100,754.0,75400.0,2025-07-13T11:31:28.884959
2025-07-13,80059,2025071303006030,NFS,Arun Securities (PVT) Ltd.,Himalayan Securities Limited,163,752.0,122576.0,2025-07-13T11:31:30.857455
2025-07-13,80058,2025071303006031,NFS,Naasa Securities Co. Ltd.,Himalayan Securities Limited,30,751.1,22533.0,2025-07-13T11:31:30.85767
2025-07-13,80057,2025071303006032,NFS,Sani Securities Company Ltd.,Himalayan Securities Limited,243,751.0,182493.0,2025-07-13T11:31:30.857772
2025-07-13,80056,2025071303006033,NFS,Vision Securities Pvt. Ltd,Himalayan Securities Limited,130,751.0,97630.0,2025-07-13T11:31:30.857847
2025-07-13,80055,2025071303006034,NFS,Sani Securities Company Ltd.,Himalayan Securities Limited,200,750.0,150000.0,2025-07-13T11:31:30.85792
2025-07-13,80054,2025071303006035,NFS,Opal Securities Investment (PVT) Ltd.,Himalayan Securities Limited,10,750.0,7500.0,2025-07-13T11:31:30.857987
2025-07-13,80053,2025071303006036,NFS,Malla & Malla Stock Broking Company Pvt. Limited,Himalayan Securities Limited,224,750.0,168000.0,2025-07-13T11:31:30.858069
2025-07-13,79987,2025071303006048,NFS,ABC Securities Private Limited,Kohinoor Investment & Securities Pvt. Ltd.,20,753.0,15060.0,2025-07-13T11:31:35.89436
2025-07-13,79868,2025071303006086,NFS,Bhrikuti Stock Broking Co. Pvt. Ltd.,Kohinoor Investment & Securities Pvt. Ltd.,50,752.3,37615.0,2025-07-13T11:31:50.732757
2025-07-13,79416,2025071303006187,NFS,Linch Stock Market Ltd.,Aryatara Investment & Securities,14,751.0,10514.0,2025-07-13T11:32:43.795178
2025-07-13,79405,2025071303006189,NFS,Linch Stock Market Ltd.,Market Securities & Exchange (PVT) Ltd.,40,751.0,30040.0,2025-07-13T11:32:44.791752
2025-07-13,79243,2025071303006231,NFS,Linch Stock Market Ltd.,Kohinoor Investment & Securities Pvt. Ltd.,16,751.0,12016.0,2025-07-13T11:33:03.495687
2025-07-13,79242,2025071303006232,NFS,Malla & Malla Stock Broking Company Pvt. Limited,Kohinoor Investment & Securities Pvt. Ltd.,146,750.0,109500.0,2025-07-13T11:33:03.495847
2025-07-13,79241,2025071303006233,NFS,Dakshinkali Investment & Securities Pvt. Ltd.,Kohinoor Investment & Securities Pvt. Ltd.,35,750.0,26250.0,2025-07-13T11:33:03.495921
2025-07-13,78917,2025071303006308,NFS,Sipla Securities Private Limited,Naasa Securities Co. Ltd.,10,750.0,7500.0,2025-07-13T11:33:37.729827
2025-07-13,78916,2025071303006309,NFS,Siprabi Securities Pvt. Ltd.,Naasa Securities Co. Ltd.,33,750.0,24750.0,2025-07-13T11:33:37.729988
2025-07-13,78874,2025071303006328,NFS,Siprabi Securities Pvt. Ltd.,Secured Securities Ltd.,17,750.0,12750.0,2025-07-13T11:33:41.673485
2025-07-13,78873,2025071303006329,NFS,Sipla Securities Private Limited,Secured Securities Ltd.,50,750.0,37500.0,2025-07-13T11:33:41.673648
2025-07-13,78849,2025071303006331,NFS,pahiinvestment,Secured Securities Ltd.,40,750.0,30000.0,2025-07-13T11:33:43.029099
2025-07-13,78814,2025071303006342,NFS,Secured Securities Ltd.,Secured Securities Ltd.,11,750.0,8250.0,2025-07-13T11:33:47.526259
2025-07-13,78768,2025071303006359,NFS,Imperial Securities Company Pvt. Ltd.,Kohinoor Investment & Securities Pvt. Ltd.,10,749.0,7490.0,2025-07-13T11:33:52.819848
2025-07-13,78767,2025071303006360,NFS,Vision Securities Pvt. Ltd,Kohinoor Investment & Securities Pvt. Ltd.,100,748.9,74890.0,2025-07-13T11:33:52.820053
2025-07-13,78628,2025071303006403,NFS,Aryatara Investment & Securities,Secured Securities Ltd.,132,750.0,99000.0,2025-07-13T11:34:00.514178
2025-07-13,78620,2025071303006409,NFS,Sani Securities Company Ltd.,Secured Securities Ltd.,50,750.0,37500.0,2025-07-13T11:34:02.051349
2025-07-13,78619,2025071303006410,NFS,Sani Securities Company Ltd.,NIMB Stock Markets Limited,40,750.0,30000.0,2025-07-13T11:34:02.051592
2025-07-13,78486,2025071303006441,NFS,Sani Securities Company Ltd.,Himalayan Securities Limited,300,752.0,225600.0,2025-07-13T11:34:15.343807
2025-07-13,78081,2025071303006553,NFS,Sani Securities Company Ltd.,Kohinoor Investment & Securities Pvt. Ltd.,10,752.0,7520.0,2025-07-13T11:34:54.30766
2025-07-13,77415,2025071303006702,NFS,Naasa Securities Co. Ltd.,Kohinoor Investment & Securities Pvt. Ltd.,20,752.0,15040.0,2025-07-13T11:35:59.10814
2025-07-13,76617,2025071303006876,NFS,Siprabi Securities Pvt. Ltd.,Ashutosh Brokerage & Securities (PVT) Ltd.,100,750.0,75000.0,2025-07-13T11:37:31.316638
2025-07-13,76616,2025071303006877,NFS,Dipshikha Dhitopatra Karobar Co. Pvt Ltd.,Ashutosh Brokerage & Securities (PVT) Ltd.,100,750.0,75000.0,2025-07-13T11:37:31.316815
2025-07-13,76399,2025071303006929,NFS,Opal Securities Investment (PVT) Ltd.,ABC Securities Private Limited,75,750.0,56250.0,2025-07-13T11:37:58.004304
2025-07-13,76282,2025071303006954,NFS,Imperial Securities Company Pvt. Ltd.,Sani Securities Company Ltd.,10,750.0,7500.0,2025-07-13T11:38:12.324799
2025-07-13,76249,2025071303006970,NFS,Imperial Securities Company Pvt. Ltd.,Magnet Securities and Investment Company Private Limited,100,750.0,75000.0,2025-07-13T11:38:16.577722
2025-07-13,76125,2025071303007004,NFS,Vision Securities Pvt. Ltd,Kohinoor Investment & Securities Pvt. Ltd.,190,748.9,142291.0,2025-07-13T11:38:34.990287
2025-07-13,76124,2025071303007005,NFS,Thrive Brokerage House Pvt. Ltd,Kohinoor Investment & Securities Pvt. Ltd.,410,748.0,306680.0,2025-07-13T11:38:34.990482
2025-07-13,75951,2025071303007032,NFS,Secured Securities Ltd.,J.F. Securites (PVT) Ltd.,29,750.0,21750.0,2025-07-13T11:38:53.181345
2025-07-13,75950,2025071303007033,NFS,Secured Securities Ltd.,Dynamic Money Managers Securities Pvt. Ltd.,71,750.0,53250.0,2025-07-13T11:38:53.181541
2025-07-13,75900,2025071303007036,NFS,Cristal Kanchanjanga Securites Pvt. Ltd.,ABC Securities Private Limited,5,748.0,3740.0,2025-07-13T11:39:01.029831
2025-07-13,75894,2025071303007037,NFS,Imperial Securities Company Pvt. Ltd.,Dynamic Money Managers Securities Pvt. Ltd.,29,750.0,21750.0,2025-07-13T11:39:01.767686
2025-07-13,75253,2025071303007178,NFS,Sri Hari Securities Pvt. Ltd.,Imperial Securities Company Pvt. Ltd.,30,750.0,22500.0,2025-07-13T11:40:18.701593
2025-07-13,75252,2025071303007179,NFS,Imperial Securities Company Pvt. Ltd.,Imperial Securities Company Pvt. Ltd.,570,750.0,427500.0,2025-07-13T11:40:18.701783
2025-07-13,75172,2025071303007194,NFS,Imperial Securities Company Pvt. Ltd.,Himalayan Securities Limited,330,750.0,247500.0,2025-07-13T11:40:26.486367
2025-07-13,75171,2025071303007195,NFS,Agrawal Securities (PVT) Ltd.,Himalayan Securities Limited,50,750.0,37500.0,2025-07-13T11:40:26.48672
2025-07-13,75027,2025071303007222,NFS,pahiinvestment,Himalayan Securities Limited,60,750.0,45000.0,2025-07-13T11:40:47.154594
2025-07-13,74198,2025071303007438,NFS,Thrive Brokerage House Pvt. Ltd,Sewa Securities Pvt. Ltd.,90,748.0,67320.0,2025-07-13T11:42:40.279143
2025-07-13,74197,2025071303007439,NFS,Siprabi Securities Pvt. Ltd.,Sewa Securities Pvt. Ltd.,54,747.8,40381.2,2025-07-13T11:42:40.279316
2025-07-13,73851,2025071303007535,NFS,Kumari Securities Private Limited,Naasa Securities Co. Ltd.,65,746.0,48490.0,2025-07-13T11:43:33.858585
2025-07-13,73475,2025071303007601,NFS,Arun Securities (PVT) Ltd.,Vision Securities Pvt. Ltd,200,747.0,149400.0,2025-07-13T11:44:26.584274
2025-07-13,73163,2025071303007669,NFS,Swarna Laxmi Securities Pvt. Ltd.,Secured Securities Ltd.,10,749.0,7490.0,2025-07-13T11:45:06.600044
2025-07-13,73162,2025071303007670,NFS,Swarna Laxmi Securities Pvt. Ltd.,Neev Securities Pvt. Ltd.,40,749.5,29980.0,2025-07-13T11:45:06.600256
2025-07-13,73059,2025071303007687,NFS,Siprabi Securities Pvt. Ltd.,Neev Securities Pvt. Ltd.,50,749.5,37475.0,2025-07-13T11:45:18.686788
2025-07-13,73058,2025071303007688,NFS,Siprabi Securities Pvt. Ltd.,Sani Securities Company Ltd.,20,749.9,14998.0,2025-07-13T11:45:18.687188
2025-07-13,73057,2025071303007689,NFS,Siprabi Securities Pvt. Ltd.,ABC Securities Private Limited,20,750.0,15000.0,2025-07-13T11:45:18.687409
2025-07-13,73056,2025071303007690,NFS,Siprabi Securities Pvt. Ltd.,Naasa Securities Co. Ltd.,50,750.0,37500.0,2025-07-13T11:45:18.687614
2025-07-13,72903,2025071303007718,NFS,Siprabi Securities Pvt. Ltd.,Himalayan Securities Limited,126,750.0,94500.0,2025-07-13T11:45:43.518192
2025-07-13,72411,2025071303007810,NFS,Asian Securities Private Ltd.,South Asian Bulls Pvt. Ltd.,65,749.8,48737.0,2025-07-13T11:47:13.913458
2025-07-13,72410,2025071303007811,NFS,Asian Securities Private Ltd.,Aryatara Investment & Securities,24,749.8,17995.2,2025-07-13T11:47:13.913632
2025-07-13,72293,2025071303007828,NFS,Trishakti Securities Public Limited,Himalayan Securities Limited,134,751.5,100701.0,2025-07-13T11:47:30.709942
2025-07-13,72292,2025071303007829,NFS,Trishakti Securities Public Limited,Sweta Securities Private Limited,100,751.8,75180.0,2025-07-13T11:47:30.710129
2025-07-13,72291,2025071303007830,NFS,Trishakti Securities Public Limited,Sani Securities Company Ltd.,10,751.8,7518.0,2025-07-13T11:47:30.710205
2025-07-13,72290,2025071303007831,NFS,Trishakti Securities Public Limited,Sani Securities Company Ltd.,20,752.0,15040.0,2025-07-13T11:47:30.710276
2025-07-13,72289,2025071303007832,NFS,Trishakti Securities Public Limited,Imperial Securities Company Pvt. Ltd.,10,752.0,7520.0,2025-07-13T11:47:30.710346
2025-07-13,72288,2025071303007833,NFS,Trishakti Securities Public Limited,Ashutosh Brokerage & Securities (PVT) Ltd.,124,752.0,93248.0,2025-07-13T11:47:30.710417
2025-07-13,71478,2025071303007945,NFS,Naasa Securities Co. Ltd.,Naasa Securities Co. Ltd.,10,750.0,7500.0,2025-07-13T11:49:39.452383
2025-07-13,71409,2025071303007959,NFS,Asian Securities Private Ltd.,Dipshikha Dhitopatra Karobar Co. Pvt Ltd.,85,749.8,63733.0,2025-07-13T11:49:47.848986
2025-07-13,70248,2025071303008158,NFS,Asian Securities Private Ltd.,Sundhara Securities Limited,25,749.8,18745.0,2025-07-13T11:53:04.111307
2025-07-13,68719,2025071303008487,NFS,Naasa Securities Co. Ltd.,Kohinoor Investment & Securities Pvt. Ltd.,10,749.8,7498.0,2025-07-13T11:57:43.240195
2025-07-13,68718,2025071303008488,NFS,Naasa Securities Co. Ltd.,Online Securities Pvt. Ltd.,15,750.0,11250.0,2025-07-13T11:57:43.240434
2025-07-13,68238,2025071303008583,NFS,Agrawal Securities (PVT) Ltd.,Imperial Securities Company Pvt. Ltd.,147,749.9,110235.3,2025-07-13T11:59:01.557943
2025-07-13,68140,2025071303008594,NFS,Secured Securities Ltd.,Imperial Securities Company Pvt. Ltd.,353,749.9,264714.7,2025-07-13T11:59:19.216525
2025-07-13,68004,2025071303008619,NFS,ABC Securities Private Limited,Online Securities Pvt. Ltd.,10,750.0,7500.0,2025-07-13T11:59:42.555844
2025-07-13,67935,2025071303008648,NFS,Agrawal Securities (PVT) Ltd.,Online Securities Pvt. Ltd.,10,750.0,7500.0,2025-07-13T11:59:47.091545
2025-07-13,67859,2025071303008658,NFS,Secured Securities Ltd.,Pragyan Securities (PVT) Ltd.,10,749.9,7499.0,2025-07-13T12:00:00.176797
2025-07-13,67474,2025071303008717,NFS,Secured Securities Ltd.,Imperial Securities Company Pvt. Ltd.,37,749.9,27746.3,2025-07-13T12:01:03.360475
2025-07-13,67473,2025071303008718,NFS,Sagarmatha Securities Private Limited,Imperial Securities Company Pvt. Ltd.,158,749.0,118342.0,2025-07-13T12:01:03.360538
2025-07-13,67472,2025071303008719,NFS,Asian Securities Private Ltd.,Imperial Securities Company Pvt. Ltd.,33,749.0,24717.0,2025-07-13T12:01:03.360562
2025-07-13,67471,2025071303008720,NFS,Premier Securities Company Ltd.,Imperial Securities Company Pvt. Ltd.,20,748.0,14960.0,2025-07-13T12:01:03.360584
2025-07-13,67470,2025071303008721,NFS,Sani Securities Company Ltd.,Imperial Securities Company Pvt. Ltd.,15,747.2,11208.0,2025-07-13T12:01:03.360608
2025-07-13,67469,2025071303008722,NFS,Bhrikuti Stock Broking Co. Pvt. Ltd.,Imperial Securities Company Pvt. Ltd.,50,747.2,37360.0,2025-07-13T12:01:03.360631
2025-07-13,67468,2025071303008723,NFS,Dakshinkali Investment & Securities Pvt. Ltd.,Imperial Securities Company Pvt. Ltd.,387,747.1,289127.7,2025-07-13T12:01:03.360656
2025-07-13,67270,2025071303008780,NFS,ABC Securities Private Limited,Imperial Securities Company Pvt. Ltd.,20,749.0,14980.0,2025-07-13T12:01:39.649439
2025-07-13,67269,2025071303008781,NFS,Online Securities Pvt. Ltd.,Imperial Securities Company Pvt. Ltd.,200,748.0,149600.0,2025-07-13T12:01:39.649489
2025-07-13,67268,2025071303008782,NFS,Dakshinkali Investment & Securities Pvt. Ltd.,Imperial Securities Company Pvt. Ltd.,113,747.1,84422.3,2025-07-13T12:01:39.649536
2025-07-13,67267,2025071303008783,NFS,Arun Securities (PVT) Ltd.,Imperial Securities Company Pvt. Ltd.,469,747.0,350343.0,2025-07-13T12:01:39.649565
2025-07-13,67266,2025071303008784,NFS,Trisul Securities & Invt. Ltd.,Imperial Securities Company Pvt. Ltd.,10,747.0,7470.0,2025-07-13T12:01:39.649593
2025-07-13,67265,2025071303008785,NFS,Market Securities & Exchange (PVT) Ltd.,Imperial Securities Company Pvt. Ltd.,200,746.0,149200.0,2025-07-13T12:01:39.649615
2025-07-13,67264,2025071303008786,NFS,Vision Securities Pvt. Ltd,Imperial Securities Company Pvt. Ltd.,700,746.0,522200.0,2025-07-13T12:01:39.649638
2025-07-13,67263,2025071303008787,NFS,Aryatara Investment & Securities,Imperial Securities Company Pvt. Ltd.,20,746.0,14920.0,2025-07-13T12:01:39.649661
2025-07-13,67262,2025071303008788,NFS,Dynamic Money Managers Securities Pvt. Ltd.,Imperial Securities Company Pvt. Ltd.,68,745.1,50666.8,2025-07-13T12:01:39.649688
2025-07-13,67149,2025071303008810,NFS,Dynamic Money Managers Securities Pvt. Ltd.,Imperial Securities Company Pvt. Ltd.,22,745.1,16392.2,2025-07-13T12:01:57.368554
2025-07-13,67148,2025071303008811,NFS,Aryatara Investment & Securities,Imperial Securities Company Pvt. Ltd.,100,745.1,74510.0,2025-07-13T12:01:57.368646
2025-07-13,67147,2025071303008812,NFS,Creative Securities Pvt Ltd,Imperial Securities Company Pvt. Ltd.,106,745.1,78980.6,2025-07-13T12:01:57.368678
2025-07-13,67146,2025071303008813,NFS,Vision Securities Pvt. Ltd,Imperial Securities Company Pvt. Ltd.,100,745.0,74500.0,2025-07-13T12:01:57.368712
2025-07-13,67145,2025071303008814,NFS,Linch Stock Market Ltd.,Imperial Securities Company Pvt. Ltd.,100,745.0,74500.0,2025-07-13T12:01:57.368741
2025-07-13,67144,2025071303008815,NFS,Naasa Securities Co. Ltd.,Imperial Securities Company Pvt. Ltd.,1000,745.0,745000.0,2025-07-13T12:01:57.36877
2025-07-13,67143,2025071303008816,NFS,Beni Securities Pvt.Ltd.,Imperial Securities Company Pvt. Ltd.,20,745.0,14900.0,2025-07-13T12:01:57.368808
2025-07-13,67142,2025071303008817,NFS,South Asian Bulls Pvt. Ltd.,Imperial Securities Company Pvt. Ltd.,200,745.0,149000.0,2025-07-13T12:01:57.36885
2025-07-13,67141,2025071303008818,NFS,Asian Securities Private Ltd.,Imperial Securities Company Pvt. Ltd.,100,745.0,74500.0,2025-07-13T12:01:57.368901
2025-07-13,67140,2025071303008819,NFS,Sipla Securities Private Limited,Imperial Securities Company Pvt. Ltd.,20,745.0,14900.0,2025-07-13T12:01:57.368928
2025-07-13,67139,2025071303008820,NFS,Siprabi Securities Pvt. Ltd.,Imperial Securities Company Pvt. Ltd.,32,744.2,23814.4,2025-07-13T12:01:57.368953
2025-07-13,66077,2025071303009041,NFS,Aryatara Investment & Securities,Sumeru Securities Pvt. Ltd.,10,742.0,7420.0,2025-07-13T12:05:11.353734
2025-07-13,66076,2025071303009042,NFS,Naasa Securities Co. Ltd.,Sumeru Securities Pvt. Ltd.,10,742.0,7420.0,2025-07-13T12:05:11.353933
2025-07-13,66075,2025071303009043,NFS,Imperial Securities Company Pvt. Ltd.,Sumeru Securities Pvt. Ltd.,80,742.0,59360.0,2025-07-13T12:05:11.354013
2025-07-13,65071,2025071303009237,NFS,Kohinoor Investment & Securities Pvt. Ltd.,Online Securities Pvt. Ltd.,23,744.1,17114.3,2025-07-13T12:08:19.704741
2025-07-13,64358,2025071303009354,NFS,Kohinoor Investment & Securities Pvt. Ltd.,Neev Securities Pvt. Ltd.,10,745.1,7451.0,2025-07-13T12:10:10.724829
2025-07-13,64260,2025071303009385,NFS,Dakshinkali Investment & Securities Pvt. Ltd.,Kumari Securities Private Limited,20,748.9,14978.0,2025-07-13T12:10:32.741299
2025-07-13,64259,2025071303009386,NFS,Dakshinkali Investment & Securities Pvt. Ltd.,Imperial Securities Company Pvt. Ltd.,480,749.0,359520.0,2025-07-13T12:10:32.741697
2025-07-13,63613,2025071303009541,NFS,Kohinoor Investment & Securities Pvt. Ltd.,Primo Securities (PVT) Ltd.,300,746.1,223830.0,2025-07-13T12:12:41.484678
2025-07-13,63032,2025071303009663,NFS,Kohinoor Investment & Securities Pvt. Ltd.,Sajilo Broker Limited,30,746.1,22383.0,2025-07-13T12:14:27.868351
2025-07-13,61741,2025071303009893,NFS,Sumeru Securities Pvt. Ltd.,Imperial Securities Company Pvt. Ltd.,15,749.0,11235.0,2025-07-13T12:17:46.84009
2025-07-13,60136,2025071303010237,NFS,Midas Stock Broking Company Private Limited,Aryatara Investment & Securities,5,750.0,3750.0,2025-07-13T12:22:07.788794
2025-07-13,59417,2025071303010353,NFS,Bhrikuti Stock Broking Co. Pvt. Ltd.,Imperial Securities Company Pvt. Ltd.,92,749.0,68908.0,2025-07-13T12:23:58.195217
2025-07-13,59257,2025071303010408,NFS,Kohinoor Investment & Securities Pvt. Ltd.,Imperial Securities Company Pvt. Ltd.,137,749.0,102613.0,2025-07-13T12:24:23.139589
2025-07-13,58823,2025071303010462,NFS,Sani Securities Company Ltd.,Midas Stock Broking Company Private Limited,50,748.1,37405.0,2025-07-13T12:25:27.903388
2025-07-13,58384,2025071303010539,NFS,Kumari Securities Private Limited,Dipshikha Dhitopatra Karobar Co. Pvt Ltd.,10,748.1,7481.0,2025-07-13T12:26:27.214396
2025-07-13,57620,2025071303010692,NFS,Deevyaa Securities & Stock House Pvt. Ltd,Primo Securities (PVT) Ltd.,100,746.0,74600.0,2025-07-13T12:28:13.784331
2025-07-13,57619,2025071303010693,NFS,Imperial Securities Company Pvt. Ltd.,Primo Securities (PVT) Ltd.,100,746.0,74600.0,2025-07-13T12:28:13.784549
2025-07-13,57618,2025071303010694,NFS,Sundhara Securities Limited,Primo Securities (PVT) Ltd.,400,746.0,298400.0,2025-07-13T12:28:13.784635
2025-07-13,57617,2025071303010695,NFS,Kohinoor Investment & Securities Pvt. Ltd.,Primo Securities (PVT) Ltd.,50,746.0,37300.0,2025-07-13T12:28:13.784718
2025-07-13,57165,2025071303010798,NFS,Kohinoor Investment & Securities Pvt. Ltd.,INDEX SECURITIES LIMITED,150,746.0,111900.0,2025-07-13T12:29:07.867787
2025-07-13,57164,2025071303010799,NFS,Vision Securities Pvt. Ltd,INDEX SECURITIES LIMITED,850,746.0,634100.0,2025-07-13T12:29:07.867991
2025-07-13,56764,2025071303010900,NFS,Vision Securities Pvt. Ltd,Midas Stock Broking Company Private Limited,50,746.0,37300.0,2025-07-13T12:30:04.510465
2025-07-13,56584,2025071303010917,NFS,Secured Securities Ltd.,Dipshikha Dhitopatra Karobar Co. Pvt Ltd.,10,748.1,7481.0,2025-07-13T12:30:26.755145
2025-07-13,55484,2025071303011192,NFS,Oxford Securities Pvt. Ltd.,Imperial Securities Company Pvt. Ltd.,81,749.0,60669.0,2025-07-13T12:33:13.722612
2025-07-13,55483,2025071303011193,NFS,Oxford Securities Pvt. Ltd.,Naasa Securities Co. Ltd.,19,749.0,14231.0,2025-07-13T12:33:13.723006
2025-07-13,55370,2025071303011219,NFS,Secured Securities Ltd.,Midas Stock Broking Company Private Limited,10,748.1,7481.0,2025-07-13T12:33:24.26996
2025-07-13,53516,2025071303011574,NFS,Dynamic Money Managers Securities Pvt. Ltd.,Naasa Securities Co. Ltd.,10,749.0,7490.0,2025-07-13T12:37:32.417098
2025-07-13,52732,2025071303011715,NFS,Vision Securities Pvt. Ltd,Naasa Securities Co. Ltd.,93,749.0,69657.0,2025-07-13T12:39:19.183227
2025-07-13,52731,2025071303011716,NFS,Vision Securities Pvt. Ltd,Cristal Kanchanjanga Securites Pvt. Ltd.,20,749.0,14980.0,2025-07-13T12:39:19.183437
2025-07-13,51830,2025071303011912,NFS,Aryatara Investment & Securities,Cristal Kanchanjanga Securites Pvt. Ltd.,50,749.9,37495.0,2025-07-13T12:41:32.816817
2025-07-13,51684,2025071303011953,NFS,Naasa Securities Co. Ltd.,Cristal Kanchanjanga Securites Pvt. Ltd.,25,749.9,18747.5,2025-07-13T12:42:00.202665
2025-07-13,51152,2025071303012062,NFS,Naasa Securities Co. Ltd.,Cristal Kanchanjanga Securites Pvt. Ltd.,14,749.9,10498.6,2025-07-13T12:43:20.838332
2025-07-13,50547,2025071303012173,NFS,Vision Securities Pvt. Ltd,Infinity Securities Limited,87,749.0,65163.0,2025-07-13T12:44:58.771183
2025-07-13,50187,2025071303012285,NFS,Online Securities Pvt. Ltd.,Bhrikuti Stock Broking Co. Pvt. Ltd.,21,748.0,15708.0,2025-07-13T12:45:59.701155
2025-07-13,50186,2025071303012286,NFS,Aryatara Investment & Securities,Bhrikuti Stock Broking Co. Pvt. Ltd.,29,748.0,21692.0,2025-07-13T12:45:59.701406
2025-07-13,50179,2025071303012287,NFS,Sumeru Securities Pvt. Ltd.,Vision Securities Pvt. Ltd,10,748.0,7480.0,2025-07-13T12:46:01.470881
2025-07-13,50178,2025071303012288,NFS,Vision Securities Pvt. Ltd,Vision Securities Pvt. Ltd,10,747.0,7470.0,2025-07-13T12:46:01.470931
2025-07-13,49558,2025071303012426,NFS,Dakshinkali Investment & Securities Pvt. Ltd.,Naasa Securities Co. Ltd.,20,747.1,14942.0,2025-07-13T12:47:43.863188
2025-07-13,49309,2025071303012467,NFS,Vision Securities Pvt. Ltd,ABC Securities Private Limited,200,747.0,149400.0,2025-07-13T12:48:23.448484
2025-07-13,49273,2025071303012474,NFS,Vision Securities Pvt. Ltd,Online Securities Pvt. Ltd.,65,747.0,48555.0,2025-07-13T12:48:32.349759
2025-07-13,49263,2025071303012476,NFS,Vision Securities Pvt. Ltd,Naasa Securities Co. Ltd.,14,747.0,10458.0,2025-07-13T12:48:35.967282
2025-07-13,49173,2025071303012484,NFS,Vision Securities Pvt. Ltd,Naasa Securities Co. Ltd.,10,747.0,7470.0,2025-07-13T12:48:54.79788
2025-07-13,49040,2025071303012500,NFS,Sani Securities Company Ltd.,Infinity Securities Limited,13,749.0,9737.0,2025-07-13T12:49:21.478171
2025-07-13,48259,2025071303012662,NFS,Linch Stock Market Ltd.,Trishakti Securities Public Limited,10,750.0,7500.0,2025-07-13T12:51:16.922809
2025-07-13,48258,2025071303012663,NFS,Linch Stock Market Ltd.,Himalayan Brokerage Company Limited,43,750.0,32250.0,2025-07-13T12:51:16.923066
2025-07-13,48228,2025071303012668,NFS,Sani Securities Company Ltd.,Himalayan Brokerage Company Limited,57,750.0,42750.0,2025-07-13T12:51:23.340353
2025-07-13,48227,2025071303012669,NFS,Sani Securities Company Ltd.,Vision Securities Pvt. Ltd,263,750.0,197250.0,2025-07-13T12:51:23.340562
2025-07-13,48179,2025071303012689,NFS,Sumeru Securities Pvt. Ltd.,Vision Securities Pvt. Ltd,487,750.0,365250.0,2025-07-13T12:51:30.699238
2025-07-13,48178,2025071303012690,NFS,Sumeru Securities Pvt. Ltd.,Oxford Securities Pvt. Ltd.,100,750.0,75000.0,2025-07-13T12:51:30.699495
2025-07-13,48177,2025071303012691,NFS,Sumeru Securities Pvt. Ltd.,Premier Securities Company Ltd.,70,750.0,52500.0,2025-07-13T12:51:30.69959
2025-07-13,48176,2025071303012692,NFS,Sumeru Securities Pvt. Ltd.,Dynamic Money Managers Securities Pvt. Ltd.,10,750.0,7500.0,2025-07-13T12:51:30.69967
2025-07-13,48175,2025071303012693,NFS,Sumeru Securities Pvt. Ltd.,Sundhara Securities Limited,21,750.0,15750.0,2025-07-13T12:51:30.69975
2025-07-13,48174,2025071303012694,NFS,Sumeru Securities Pvt. Ltd.,Vision Securities Pvt. Ltd,101,750.0,75750.0,2025-07-13T12:51:30.699827
2025-07-13,48113,2025071303012705,NFS,Sumeru Securities Pvt. Ltd.,Property Wiard Limited,50,750.0,37500.0,2025-07-13T12:51:38.988811
2025-07-13,47465,2025071303012862,NFS,Miyo Securities Pvt Ltd,Ashutosh Brokerage & Securities (PVT) Ltd.,100,752.0,75200.0,2025-07-13T12:53:21.035266
2025-07-13,47396,2025071303012864,NFS,Vision Securities Pvt. Ltd,Ashutosh Brokerage & Securities (PVT) Ltd.,197,752.0,148144.0,2025-07-13T12:53:25.299198
2025-07-13,46674,2025071303013005,NFS,Shree Krishna Securities Ltd.,Agrawal Securities (PVT) Ltd.,30,751.1,22533.0,2025-07-13T12:55:33.383452
2025-07-13,46416,2025071303013054,NFS,Shree Krishna Securities Ltd.,Sundhara Securities Limited,35,751.1,26288.5,2025-07-13T12:56:19.765055
2025-07-13,46346,2025071303013073,NFS,Dakshinkali Investment & Securities Pvt. Ltd.,Sundhara Securities Limited,10,751.1,7511.0,2025-07-13T12:56:33.789533
2025-07-13,45931,2025071303013155,NFS,Vision Securities Pvt. Ltd,Sundhara Securities Limited,14,751.1,10515.4,2025-07-13T12:57:57.987964
2025-07-13,45797,2025071303013190,NFS,Sumeru Securities Pvt. Ltd.,Nepal Stock House (PVT) Ltd.,100,750.0,75000.0,2025-07-13T12:58:25.467226
2025-07-13,45207,2025071303013339,NFS,Sumeru Securities Pvt. Ltd.,Malla & Malla Stock Broking Company Pvt. Limited,61,750.0,45750.0,2025-07-13T13:00:15.491679
2025-07-13,45206,2025071303013340,NFS,ABC Securities Private Limited,Malla & Malla Stock Broking Company Pvt. Limited,200,750.0,150000.0,2025-07-13T13:00:15.491776
2025-07-13,45205,2025071303013341,NFS,Vision Securities Pvt. Ltd,Malla & Malla Stock Broking Company Pvt. Limited,175,747.1,130742.5,2025-07-13T13:00:15.491856
2025-07-13,45204,2025071303013342,NFS,Vision Securities Pvt. Ltd,Malla & Malla Stock Broking Company Pvt. Limited,64,747.0,47808.0,2025-07-13T13:00:15.491935
2025-07-13,45197,2025071303013344,NFS,Naasa Securities Co. Ltd.,Kohinoor Investment & Securities Pvt. Ltd.,15,751.0,11265.0,2025-07-13T13:00:16.185669
2025-07-13,45196,2025071303013345,NFS,Naasa Securities Co. Ltd.,Sundhara Securities Limited,41,751.1,30795.1,2025-07-13T13:00:16.186081
2025-07-13,45195,2025071303013346,NFS,Naasa Securities Co. Ltd.,Vision Securities Pvt. Ltd,50,752.0,37600.0,2025-07-13T13:00:16.186324
2025-07-13,45194,2025071303013347,NFS,Naasa Securities Co. Ltd.,Global IME Securities Limited,35,752.0,26320.0,2025-07-13T13:00:16.186565
2025-07-13,45193,2025071303013348,NFS,Naasa Securities Co. Ltd.,SHUBHAKAMANA SECURITIES PVT. LTD,59,752.0,44368.0,2025-07-13T13:00:16.186807
2025-07-13,44968,2025071303013431,NFS,Pragyan Securities (PVT) Ltd.,SHUBHAKAMANA SECURITIES PVT. LTD,200,752.0,150400.0,2025-07-13T13:00:58.278358
2025-07-13,44932,2025071303013446,NFS,Opal Securities Investment (PVT) Ltd.,SHUBHAKAMANA SECURITIES PVT. LTD,56,752.0,42112.0,2025-07-13T13:01:05.901608
2025-07-13,44931,2025071303013447,NFS,Opal Securities Investment (PVT) Ltd.,Dakshinkali Investment & Securities Pvt. Ltd.,29,752.0,21808.0,2025-07-13T13:01:05.901714
2025-07-13,44609,2025071303013504,NFS,Sani Securities Company Ltd.,Trishakti Securities Public Limited,16,747.1,11953.6,2025-07-13T13:01:58.226315
2025-07-13,44608,2025071303013505,NFS,Imperial Securities Company Pvt. Ltd.,Trishakti Securities Public Limited,34,747.1,25401.4,2025-07-13T13:01:58.226533
2025-07-13,43977,2025071303013662,NFS,Naasa Securities Co. Ltd.,Dakshinkali Investment & Securities Pvt. Ltd.,13,752.0,9776.0,2025-07-13T13:04:17.467302
2025-07-13,42641,2025071303013951,NFS,Dipshikha Dhitopatra Karobar Co. Pvt Ltd.,Miyo Securities Pvt Ltd,10,750.0,7500.0,2025-07-13T13:08:23.344162
2025-07-13,42550,2025071303013962,NFS,Dipshikha Dhitopatra Karobar Co. Pvt Ltd.,Dakshinkali Investment & Securities Pvt. Ltd.,458,752.0,344416.0,2025-07-13T13:08:37.579737
2025-07-13,42549,2025071303013963,NFS,Dipshikha Dhitopatra Karobar Co. Pvt Ltd.,Naasa Securities Co. Ltd.,50,752.0,37600.0,2025-07-13T13:08:37.579991
2025-07-13,42411,2025071303013986,NFS,Dipshikha Dhitopatra Karobar Co. Pvt Ltd.,Imperial Securities Company Pvt. Ltd.,50,752.3,37615.0,2025-07-13T13:08:54.803477
2025-07-13,42246,2025071303014022,NFS,Imperial Securities Company Pvt. Ltd.,Dynamic Money Managers Securities Pvt. Ltd.,120,753.0,90360.0,2025-07-13T13:09:24.858623
2025-07-13,42245,2025071303014023,NFS,Imperial Securities Company Pvt. Ltd.,Elite Stock House Limited,100,753.0,75300.0,2025-07-13T13:09:24.858829
2025-07-13,42231,2025071303014025,NFS,Imperial Securities Company Pvt. Ltd.,Naasa Securities Co. Ltd.,30,753.0,22590.0,2025-07-13T13:09:28.102437
2025-07-13,42066,2025071303014056,NFS,Dipshikha Dhitopatra Karobar Co. Pvt Ltd.,Naasa Securities Co. Ltd.,20,753.0,15060.0,2025-07-13T13:09:52.856258
2025-07-13,42020,2025071303014066,NFS,Naasa Securities Co. Ltd.,South Asian Bulls Pvt. Ltd.,100,750.0,75000.0,2025-07-13T13:09:58.378244
2025-07-13,41434,2025071303014171,NFS,Dipshikha Dhitopatra Karobar Co. Pvt Ltd.,Sewa Securities Pvt. Ltd.,15,754.9,11323.5,2025-07-13T13:11:34.233977
2025-07-13,41245,2025071303014210,NFS,Imperial Securities Company Pvt. Ltd.,Naasa Securities Co. Ltd.,38,748.0,28424.0,2025-07-13T13:12:02.270559
2025-07-13,41244,2025071303014211,NFS,Naasa Securities Co. Ltd.,Naasa Securities Co. Ltd.,62,747.5,46345.0,2025-07-13T13:12:02.270845
2025-07-13,41238,2025071303014215,NFS,Dipshikha Dhitopatra Karobar Co. Pvt Ltd.,South Asian Bulls Pvt. Ltd.,11,750.0,8250.0,2025-07-13T13:12:04.109234
2025-07-13,41235,2025071303014217,NFS,Naasa Securities Co. Ltd.,Ashutosh Brokerage & Securities (PVT) Ltd.,50,748.0,37400.0,2025-07-13T13:12:05.891497
2025-07-13,41042,2025071303014284,NFS,Dipshikha Dhitopatra Karobar Co. Pvt Ltd.,South Asian Bulls Pvt. Ltd.,80,750.0,60000.0,2025-07-13T13:12:51.224398
2025-07-13,40769,2025071303014333,NFS,Capital Max Securities Ltd,Naasa Securities Co. Ltd.,123,750.0,92250.0,2025-07-13T13:13:35.640826
2025-07-13,40768,2025071303014334,NFS,Capital Max Securities Ltd,Nepal Stock House (PVT) Ltd.,12,750.0,9000.0,2025-07-13T13:13:35.641085
2025-07-13,40679,2025071303014346,NFS,Agrawal Securities (PVT) Ltd.,Nepal Stock House (PVT) Ltd.,10,750.0,7500.0,2025-07-13T13:13:48.098889
2025-07-13,39575,2025071303014610,NFS,Property Wiard Limited,Sani Securities Company Ltd.,100,748.2,74820.0,2025-07-13T13:17:12.444788
2025-07-13,39574,2025071303014611,NFS,Investment Management Nepal Pvt. Ltd.,Sani Securities Company Ltd.,100,748.1,74810.0,2025-07-13T13:17:12.444983
2025-07-13,39573,2025071303014612,NFS,Naasa Securities Co. Ltd.,Sani Securities Company Ltd.,50,748.0,37400.0,2025-07-13T13:17:12.445081
2025-07-13,39570,2025071303014613,NFS,Sani Securities Company Ltd.,Nepal Stock House (PVT) Ltd.,78,750.0,58500.0,2025-07-13T13:17:13.458959
2025-07-13,39569,2025071303014614,NFS,Sani Securities Company Ltd.,Dipshikha Dhitopatra Karobar Co. Pvt Ltd.,72,750.0,54000.0,2025-07-13T13:17:13.459392
2025-07-13,39263,2025071303014692,NFS,Oxford Securities Pvt. Ltd.,Dipshikha Dhitopatra Karobar Co. Pvt Ltd.,10,750.0,7500.0,2025-07-13T13:18:26.676113
2025-07-13,39254,2025071303014698,NFS,Aryatara Investment & Securities,Dipshikha Dhitopatra Karobar Co. Pvt Ltd.,18,750.0,13500.0,2025-07-13T13:18:28.30026
2025-07-13,38998,2025071303014741,NFS,Aryatara Investment & Securities,Secured Securities Ltd.,100,750.0,75000.0,2025-07-13T13:19:31.115339
2025-07-13,38979,2025071303014745,NFS,Aryatara Investment & Securities,South Asian Bulls Pvt. Ltd.,82,750.0,61500.0,2025-07-13T13:19:34.60698
2025-07-13,38386,2025071303014873,NFS,Imperial Securities Company Pvt. Ltd.,South Asian Bulls Pvt. Ltd.,98,750.0,73500.0,2025-07-13T13:21:39.432713
2025-07-13,38385,2025071303014874,NFS,Imperial Securities Company Pvt. Ltd.,Sani Securities Company Ltd.,10,750.0,7500.0,2025-07-13T13:21:39.432988
2025-07-13,38384,2025071303014875,NFS,Imperial Securities Company Pvt. Ltd.,ABC Securities Private Limited,78,750.0,58500.0,2025-07-13T13:21:39.433138
2025-07-13,38009,2025071303014938,NFS,Miyo Securities Pvt Ltd,ABC Securities Private Limited,22,750.0,16500.0,2025-07-13T13:22:47.733858
2025-07-13,38008,2025071303014939,NFS,Miyo Securities Pvt Ltd,Himalayan Brokerage Company Limited,78,750.0,58500.0,2025-07-13T13:22:47.734106
2025-07-13,36971,2025071303015163,NFS,Trishakti Securities Public Limited,Sweta Securities Private Limited,400,748.2,299280.0,2025-07-13T13:25:57.628581
2025-07-13,36970,2025071303015164,NFS,Naasa Securities Co. Ltd.,Sweta Securities Private Limited,288,748.1,215452.8,2025-07-13T13:25:57.629057
2025-07-13,36969,2025071303015165,NFS,Oxford Securities Pvt. Ltd.,Sweta Securities Private Limited,800,748.0,598400.0,2025-07-13T13:25:57.62932
2025-07-13,36770,2025071303015199,NFS,Oxford Securities Pvt. Ltd.,Sweta Securities Private Limited,10,748.0,7480.0,2025-07-13T13:26:29.867283
2025-07-13,36576,2025071303015223,NFS,Naasa Securities Co. Ltd.,Sweta Securities Private Limited,120,748.0,89760.0,2025-07-13T13:27:14.137587
2025-07-13,36369,2025071303015241,NFS,Miyo Securities Pvt Ltd,Sweta Securities Private Limited,100,748.0,74800.0,2025-07-13T13:27:46.653698
2025-07-13,36319,2025071303015255,NFS,Oxford Securities Pvt. Ltd.,Sweta Securities Private Limited,50,748.0,37400.0,2025-07-13T13:27:54.449226
2025-07-13,35463,2025071303015488,NFS,Agrawal Securities (PVT) Ltd.,Sani Securities Company Ltd.,10,747.3,7473.0,2025-07-13T13:31:14.873083
2025-07-13,35462,2025071303015489,NFS,Naasa Securities Co. Ltd.,Sani Securities Company Ltd.,90,747.2,67248.0,2025-07-13T13:31:14.873294
2025-07-13,35421,2025071303015493,NFS,Naasa Securities Co. Ltd.,Bhrikuti Stock Broking Co. Pvt. Ltd.,10,747.2,7472.0,2025-07-13T13:31:19.587607
2025-07-13,35420,2025071303015494,NFS,South Asian Bulls Pvt. Ltd.,Bhrikuti Stock Broking Co. Pvt. Ltd.,10,747.1,7471.0,2025-07-13T13:31:19.587849
2025-07-13,35419,2025071303015495,NFS,Primo Securities (PVT) Ltd.,Bhrikuti Stock Broking Co. Pvt. Ltd.,210,747.1,156891.0,2025-07-13T13:31:19.587943
2025-07-13,35418,2025071303015496,NFS,Vision Securities Pvt. Ltd,Bhrikuti Stock Broking Co. Pvt. Ltd.,36,747.0,26892.0,2025-07-13T13:31:19.588039
2025-07-13,35417,2025071303015497,NFS,J.F. Securites (PVT) Ltd.,Bhrikuti Stock Broking Co. Pvt. Ltd.,300,747.0,224100.0,2025-07-13T13:31:19.588125
2025-07-13,35416,2025071303015498,NFS,Dakshinkali Investment & Securities Pvt. Ltd.,Bhrikuti Stock Broking Co. Pvt. Ltd.,100,747.0,74700.0,2025-07-13T13:31:19.588235
2025-07-13,35415,2025071303015499,NFS,Dipshikha Dhitopatra Karobar Co. Pvt Ltd.,Bhrikuti Stock Broking Co. Pvt. Ltd.,220,747.0,164340.0,2025-07-13T13:31:19.588349
2025-07-13,35414,2025071303015500,NFS,Naasa Securities Co. Ltd.,Bhrikuti Stock Broking Co. Pvt. Ltd.,354,747.0,264438.0,2025-07-13T13:31:19.58845
2025-07-13,35171,2025071303015548,NFS,Asian Securities Private Ltd.,Himalayan Brokerage Company Limited,40,747.9,29916.0,2025-07-13T13:32:18.225141
2025-07-13,35123,2025071303015552,NFS,Naasa Securities Co. Ltd.,Infinity Securities Limited,100,747.0,74700.0,2025-07-13T13:32:26.48144
2025-07-13,35009,2025071303015574,NFS,Oxford Securities Pvt. Ltd.,Himalayan Brokerage Company Limited,10,747.9,7479.0,2025-07-13T13:32:50.339866
2025-07-13,34841,2025071303015607,NFS,Naasa Securities Co. Ltd.,Sweta Securities Private Limited,275,748.0,205700.0,2025-07-13T13:33:24.529069
2025-07-13,34283,2025071303015682,NFS,Oxford Securities Pvt. Ltd.,Sweta Securities Private Limited,50,748.0,37400.0,2025-07-13T13:35:26.270339
2025-07-13,33965,2025071303015743,NFS,Sani Securities Company Ltd.,Sweta Securities Private Limited,100,748.0,74800.0,2025-07-13T13:36:26.14609
2025-07-13,33892,2025071303015756,NFS,Midas Stock Broking Company Private Limited,Sweta Securities Private Limited,100,748.0,74800.0,2025-07-13T13:36:39.825264
2025-07-13,32948,2025071303015882,NFS,ABC Securities Private Limited,Sweta Securities Private Limited,600,748.0,448800.0,2025-07-13T13:39:02.99253
2025-07-13,32813,2025071303015907,NFS,Naasa Securities Co. Ltd.,Kohinoor Investment & Securities Pvt. Ltd.,10,747.0,7470.0,2025-07-13T13:39:36.854303
2025-07-13,32441,2025071303015978,NFS,Naasa Securities Co. Ltd.,Capital Max Securities Ltd,33,745.2,24591.6,2025-07-13T13:40:54.921683
2025-07-13,31695,2025071303016096,NFS,Naasa Securities Co. Ltd.,Online Securities Pvt. Ltd.,35,745.2,26082.0,2025-07-13T13:43:25.175525
2025-07-13,31516,2025071303016133,NFS,Sani Securities Company Ltd.,Kohinoor Investment & Securities Pvt. Ltd.,10,747.0,7470.0,2025-07-13T13:44:07.084845
2025-07-13,31515,2025071303016134,NFS,Sani Securities Company Ltd.,Himalayan Brokerage Company Limited,50,747.9,37395.0,2025-07-13T13:44:07.085079
2025-07-13,31514,2025071303016135,NFS,Sani Securities Company Ltd.,Himalayan Brokerage Company Limited,40,747.9,29916.0,2025-07-13T13:44:07.085163
2025-07-13,31297,2025071303016168,NFS,Sani Securities Company Ltd.,Himalayan Brokerage Company Limited,10,747.9,7479.0,2025-07-13T13:45:03.144308
2025-07-13,31296,2025071303016169,NFS,Sani Securities Company Ltd.,Sweta Securities Private Limited,390,748.0,291720.0,2025-07-13T13:45:03.144727
2025-07-13,30625,2025071303016285,NFS,Naasa Securities Co. Ltd.,Siprabi Securities Pvt. Ltd.,32,745.2,23846.4,2025-07-13T13:47:16.335248
2025-07-13,30624,2025071303016286,NFS,Sani Securities Company Ltd.,Siprabi Securities Pvt. Ltd.,121,745.2,90169.2,2025-07-13T13:47:16.335664
2025-07-13,30113,2025071303016345,NFS,Sani Securities Company Ltd.,Sumeru Securities Pvt. Ltd.,129,745.2,96130.8,2025-07-13T13:48:46.401171
2025-07-13,30112,2025071303016346,NFS,Imperial Securities Company Pvt. Ltd.,Sumeru Securities Pvt. Ltd.,40,745.0,29800.0,2025-07-13T13:48:46.401643
2025-07-13,30111,2025071303016347,NFS,Nepal Stock House (PVT) Ltd.,Sumeru Securities Pvt. Ltd.,100,745.0,74500.0,2025-07-13T13:48:46.4019
2025-07-13,30110,2025071303016348,NFS,Naasa Securities Co. Ltd.,Sumeru Securities Pvt. Ltd.,200,745.0,149000.0,2025-07-13T13:48:46.402162
2025-07-13,30109,2025071303016349,NFS,Miyo Securities Pvt Ltd,Sumeru Securities Pvt. Ltd.,31,745.0,23095.0,2025-07-13T13:48:46.402402
2025-07-13,30064,2025071303016362,NFS,Miyo Securities Pvt Ltd,Online Securities Pvt. Ltd.,87,745.0,64815.0,2025-07-13T13:49:00.299817
2025-07-13,28652,2025071303016586,NFS,Miyo Securities Pvt Ltd,Linch Stock Market Ltd.,32,745.0,23840.0,2025-07-13T13:54:23.401125
2025-07-13,28651,2025071303016587,NFS,Ashutosh Brokerage & Securities (PVT) Ltd.,Linch Stock Market Ltd.,20,745.0,14900.0,2025-07-13T13:54:23.40153
2025-07-13,28637,2025071303016593,NFS,Sani Securities Company Ltd.,Linch Stock Market Ltd.,20,745.0,14900.0,2025-07-13T13:54:27.500006
2025-07-13,28425,2025071303016638,NFS,ABC Securities Private Limited,Linch Stock Market Ltd.,38,742.9,28230.2,2025-07-13T13:55:22.922635
2025-07-13,27969,2025071303016722,NFS,ABC Securities Private Limited,Kumari Securities Private Limited,22,742.9,16343.8,2025-07-13T13:56:49.26109
2025-07-13,27968,2025071303016723,NFS,Dakshinkali Investment & Securities Pvt. Ltd.,Kumari Securities Private Limited,50,742.9,37145.0,2025-07-13T13:56:49.261516
2025-07-13,27967,2025071303016724,NFS,Imperial Securities Company Pvt. Ltd.,Kumari Securities Private Limited,228,742.9,169381.2,2025-07-13T13:56:49.261787
2025-07-13,27790,2025071303016742,NFS,Imperial Securities Company Pvt. Ltd.,Investment Management Nepal Pvt. Ltd.,72,742.9,53488.8,2025-07-13T13:57:27.648156
2025-07-13,27474,2025071303016784,NFS,Market Securities & Exchange (PVT) Ltd.,Investment Management Nepal Pvt. Ltd.,28,742.9,20801.2,2025-07-13T13:58:51.945288
2025-07-13,26400,2025071303016981,NFS,Online Securities Pvt. Ltd.,Dynamic Money Managers Securities Pvt. Ltd.,185,742.9,137436.5,2025-07-13T14:03:01.411493
2025-07-13,26005,2025071303017056,NFS,Online Securities Pvt. Ltd.,Naasa Securities Co. Ltd.,76,742.9,56460.4,2025-07-13T14:04:34.118903
2025-07-13,26004,2025071303017057,NFS,South Asian Bulls Pvt. Ltd.,Naasa Securities Co. Ltd.,10,742.9,7429.0,2025-07-13T14:04:34.119194
2025-07-13,26003,2025071303017058,NFS,Aryatara Investment & Securities,Naasa Securities Co. Ltd.,66,742.9,49031.4,2025-07-13T14:04:34.119291
2025-07-13,25710,2025071303017092,NFS,Naasa Securities Co. Ltd.,Online Securities Pvt. Ltd.,50,747.0,37350.0,2025-07-13T14:05:26.229683
2025-07-13,25695,2025071303017094,NFS,Naasa Securities Co. Ltd.,Online Securities Pvt. Ltd.,45,747.0,33615.0,2025-07-13T14:05:32.628691
2025-07-13,25231,2025071303017129,NFS,Naasa Securities Co. Ltd.,Vision Securities Pvt. Ltd,20,743.0,14860.0,2025-07-13T14:06:51.693605
2025-07-13,25230,2025071303017130,NFS,Aryatara Investment & Securities,Vision Securities Pvt. Ltd,15,742.9,11143.5,2025-07-13T14:06:51.693931
2025-07-13,24096,2025071303017354,NFS,Aryatara Investment & Securities,Naasa Securities Co. Ltd.,12,742.9,8914.8,2025-07-13T14:10:34.83705
2025-07-13,23926,2025071303017380,NFS,Secured Securities Ltd.,Linch Stock Market Ltd.,100,742.8,74280.0,2025-07-13T14:11:09.332969
2025-07-13,23873,2025071303017385,NFS,Online Securities Pvt. Ltd.,Online Securities Pvt. Ltd.,67,745.9,49975.3,2025-07-13T14:11:14.632964
2025-07-13,23474,2025071303017456,NFS,Nepal Investment And Securities Trading Private Limited,Sanima Securities Limited,10,742.9,7429.0,2025-07-13T14:12:22.295855
2025-07-13,23231,2025071303017485,NFS,Nepal Investment And Securities Trading Private Limited,Online Securities Pvt. Ltd.,35,742.9,26001.5,2025-07-13T14:13:09.229715
2025-07-13,22978,2025071303017529,NFS,Ashutosh Brokerage & Securities (PVT) Ltd.,Investment Management Nepal Pvt. Ltd.,38,745.8,28340.4,2025-07-13T14:13:51.020258
2025-07-13,22480,2025071303017631,NFS,Sani Securities Company Ltd.,Vision Securities Pvt. Ltd,20,742.9,14858.0,2025-07-13T14:15:25.022122
2025-07-13,22476,2025071303017632,NFS,Bhrikuti Stock Broking Co. Pvt. Ltd.,Investment Management Nepal Pvt. Ltd.,25,745.8,18645.0,2025-07-13T14:15:27.23602
2025-07-13,22436,2025071303017641,NFS,Online Securities Pvt. Ltd.,Investment Management Nepal Pvt. Ltd.,37,745.8,27594.6,2025-07-13T14:15:35.883431
2025-07-13,22435,2025071303017642,NFS,Online Securities Pvt. Ltd.,Himalayan Brokerage Company Limited,72,745.8,53697.6,2025-07-13T14:15:35.883664
2025-07-13,22329,2025071303017670,NFS,Online Securities Pvt. Ltd.,Vision Securities Pvt. Ltd,26,745.8,19390.8,2025-07-13T14:16:00.38675
2025-07-13,22328,2025071303017671,NFS,Sani Securities Company Ltd.,Vision Securities Pvt. Ltd,264,742.9,196125.6,2025-07-13T14:16:00.386888
2025-07-13,22140,2025071303017692,NFS,Sani Securities Company Ltd.,Investment Management Nepal Pvt. Ltd.,16,742.9,11886.4,2025-07-13T14:16:36.476732
2025-07-13,21831,2025071303017775,NFS,Sumeru Securities Pvt. Ltd.,Dipshikha Dhitopatra Karobar Co. Pvt Ltd.,280,745.0,208600.0,2025-07-13T14:17:43.906041
2025-07-13,21752,2025071303017799,NFS,Miyo Securities Pvt Ltd,Dipshikha Dhitopatra Karobar Co. Pvt Ltd.,80,745.0,59600.0,2025-07-13T14:17:55.496702
2025-07-13,21726,2025071303017810,NFS,Trisul Securities & Invt. Ltd.,Aryatara Investment & Securities,200,742.9,148580.0,2025-07-13T14:18:06.522564
2025-07-13,21725,2025071303017811,NFS,Secured Securities Ltd.,Aryatara Investment & Securities,151,742.8,112162.8,2025-07-13T14:18:06.522807
2025-07-13,19054,2025071303018260,NFS,Opal Securities Investment (PVT) Ltd.,Naasa Securities Co. Ltd.,30,743.0,22290.0,2025-07-13T14:25:43.014738
2025-07-13,19050,2025071303018261,NFS,Opal Securities Investment (PVT) Ltd.,Capital Max Securities Ltd,20,743.0,14860.0,2025-07-13T14:25:43.859559
2025-07-13,19049,2025071303018262,NFS,Naasa Securities Co. Ltd.,Capital Max Securities Ltd,50,743.0,37150.0,2025-07-13T14:25:43.859969
2025-07-13,19048,2025071303018263,NFS,Secured Securities Ltd.,Capital Max Securities Ltd,170,742.8,126276.0,2025-07-13T14:25:43.860236
2025-07-13,18547,2025071303018350,NFS,Secured Securities Ltd.,Capital Max Securities Ltd,10,742.8,7428.0,2025-07-13T14:27:11.269504
2025-07-13,18274,2025071303018404,NFS,Secured Securities Ltd.,pahiinvestment,239,742.8,177529.2,2025-07-13T14:27:53.141017
2025-07-13,18273,2025071303018405,NFS,Naasa Securities Co. Ltd.,pahiinvestment,10,742.8,7428.0,2025-07-13T14:27:53.141245
2025-07-13,18272,2025071303018406,NFS,Online Securities Pvt. Ltd.,pahiinvestment,50,742.8,37140.0,2025-07-13T14:27:53.141333
2025-07-13,17872,2025071303018470,NFS,S.P.S.A. Securities Limited,Dakshinkali Investment & Securities Pvt. Ltd.,200,742.5,148500.0,2025-07-13T14:28:48.031564
2025-07-13,17215,2025071303018605,NFS,Sipla Securities Private Limited,Sewa Securities Pvt. Ltd.,10,742.0,7420.0,2025-07-13T14:30:25.860002
2025-07-13,17214,2025071303018606,NFS,Kohinoor Investment & Securities Pvt. Ltd.,Sewa Securities Pvt. Ltd.,10,742.0,7420.0,2025-07-13T14:30:25.860404
2025-07-13,16364,2025071303018734,NFS,Kohinoor Investment & Securities Pvt. Ltd.,Sani Securities Company Ltd.,10,742.0,7420.0,2025-07-13T14:32:43.377104
2025-07-13,16328,2025071303018751,NFS,Naasa Securities Co. Ltd.,Imperial Securities Company Pvt. Ltd.,35,742.0,25970.0,2025-07-13T14:32:47.21098
2025-07-13,16198,2025071303018775,NFS,Imperial Securities Company Pvt. Ltd.,Imperial Securities Company Pvt. Ltd.,15,742.0,11130.0,2025-07-13T14:33:09.594255
2025-07-13,15532,2025071303018870,NFS,Imperial Securities Company Pvt. Ltd.,Capital Max Securities Ltd,15,742.0,11130.0,2025-07-13T14:34:13.290858
2025-07-13,15317,2025071303018899,NFS,Imperial Securities Company Pvt. Ltd.,Oxford Securities Pvt. Ltd.,100,742.0,74200.0,2025-07-13T14:34:48.182699
2025-07-13,15316,2025071303018900,NFS,Sundhara Securities Limited,Oxford Securities Pvt. Ltd.,50,742.0,37100.0,2025-07-13T14:34:48.182914
2025-07-13,15211,2025071303018917,NFS,Aryatara Investment & Securities,Oxford Securities Pvt. Ltd.,20,741.3,14826.0,2025-07-13T14:35:05.293866
2025-07-13,15210,2025071303018918,NFS,Naasa Securities Co. Ltd.,Oxford Securities Pvt. Ltd.,25,741.3,18532.5,2025-07-13T14:35:05.294129
2025-07-13,15045,2025071303018933,NFS,Market Securities & Exchange (PVT) Ltd.,Oxford Securities Pvt. Ltd.,100,741.2,74120.0,2025-07-13T14:35:21.423472
2025-07-13,14950,2025071303018964,NFS,Imperial Securities Company Pvt. Ltd.,Kohinoor Investment & Securities Pvt. Ltd.,100,744.0,74400.0,2025-07-13T14:35:33.993106
2025-07-13,14272,2025071303019101,NFS,Sundhara Securities Limited,Kohinoor Investment & Securities Pvt. Ltd.,50,744.0,37200.0,2025-07-13T14:37:31.713738
2025-07-13,14000,2025071303019142,NFS,Sundhara Securities Limited,S.P.S.A. Securities Limited,100,744.0,74400.0,2025-07-13T14:38:19.978933
2025-07-13,13950,2025071303019150,NFS,Sundhara Securities Limited,J.F. Securites (PVT) Ltd.,350,744.0,260400.0,2025-07-13T14:38:29.12907
2025-07-13,13074,2025071303019310,NFS,Premier Securities Company Ltd.,J.F. Securites (PVT) Ltd.,25,744.0,18600.0,2025-07-13T14:40:28.187498
2025-07-13,13023,2025071303019316,NFS,ABC Securities Private Limited,J.F. Securites (PVT) Ltd.,125,744.0,93000.0,2025-07-13T14:40:31.679298
2025-07-13,13022,2025071303019317,NFS,ABC Securities Private Limited,Sani Securities Company Ltd.,125,744.0,93000.0,2025-07-13T14:40:31.679513
2025-07-13,12694,2025071303019368,NFS,ABC Securities Private Limited,Sani Securities Company Ltd.,200,744.0,148800.0,2025-07-13T14:41:18.28411
2025-07-13,12185,2025071303019451,NFS,ABC Securities Private Limited,Sani Securities Company Ltd.,40,744.0,29760.0,2025-07-13T14:42:36.591613
2025-07-13,12097,2025071303019459,NFS,ABC Securities Private Limited,Naasa Securities Co. Ltd.,10,744.0,7440.0,2025-07-13T14:42:47.733592
2025-07-13,10611,2025071303019788,NFS,Imperial Securities Company Pvt. Ltd.,Kohinoor Investment & Securities Pvt. Ltd.,25,744.5,18612.5,2025-07-13T14:46:13.187536
2025-07-13,10198,2025071303019898,NFS,Naasa Securities Co. Ltd.,Agrawal Securities (PVT) Ltd.,50,744.9,37245.0,2025-07-13T14:47:03.961073
2025-07-13,10197,2025071303019899,NFS,Naasa Securities Co. Ltd.,Dipshikha Dhitopatra Karobar Co. Pvt Ltd.,140,745.0,104300.0,2025-07-13T14:47:03.961301
2025-07-13,10196,2025071303019900,NFS,Naasa Securities Co. Ltd.,Dipshikha Dhitopatra Karobar Co. Pvt Ltd.,100,745.0,74500.0,2025-07-13T14:47:03.961405
2025-07-13,10195,2025071303019901,NFS,Naasa Securities Co. Ltd.,Aryatara Investment & Securities,10,745.0,7450.0,2025-07-13T14:47:03.961504
2025-07-13,9939,2025071303019980,NFS,Imperial Securities Company Pvt. Ltd.,Creative Securities Pvt Ltd,75,744.5,55837.5,2025-07-13T14:47:30.757754
2025-07-13,9638,2025071303020074,NFS,Naasa Securities Co. Ltd.,Creative Securities Pvt Ltd,175,744.5,130287.5,2025-07-13T14:48:05.847914
2025-07-13,9377,2025071303020145,NFS,ABC Securities Private Limited,Kalika Securities Pvt. Ltd.,220,744.5,163790.0,2025-07-13T14:48:39.094247
2025-07-13,9302,2025071303020155,NFS,ABC Securities Private Limited,Kumari Securities Private Limited,15,745.0,11175.0,2025-07-13T14:48:51.413549
2025-07-13,8932,2025071303020208,NFS,ABC Securities Private Limited,Online Securities Pvt. Ltd.,100,745.0,74500.0,2025-07-13T14:49:36.28757
2025-07-13,8444,2025071303020306,NFS,Naasa Securities Co. Ltd.,Sani Securities Company Ltd.,150,747.0,112050.0,2025-07-13T14:50:25.278707
2025-07-13,8443,2025071303020307,NFS,Naasa Securities Co. Ltd.,Kohinoor Investment & Securities Pvt. Ltd.,10,747.5,7475.0,2025-07-13T14:50:25.278958
2025-07-13,8442,2025071303020308,NFS,Naasa Securities Co. Ltd.,Sharepro Securities Private Limited,90,747.8,67302.0,2025-07-13T14:50:25.27906
2025-07-13,8171,2025071303020367,NFS,Naasa Securities Co. Ltd.,Sani Securities Company Ltd.,10,747.5,7475.0,2025-07-13T14:50:54.62658
2025-07-13,8160,2025071303020373,NFS,Sri Hari Securities Pvt. Ltd.,Sharepro Securities Private Limited,50,747.8,37390.0,2025-07-13T14:50:56.793977
2025-07-13,8084,2025071303020390,NFS,ABC Securities Private Limited,Sharepro Securities Private Limited,90,747.8,67302.0,2025-07-13T14:51:04.160406
2025-07-13,8083,2025071303020391,NFS,ABC Securities Private Limited,Dakshinkali Investment & Securities Pvt. Ltd.,50,747.9,37395.0,2025-07-13T14:51:04.160681
2025-07-13,8082,2025071303020392,NFS,ABC Securities Private Limited,Sweta Securities Private Limited,92,748.0,68816.0,2025-07-13T14:51:04.160781
2025-07-13,8081,2025071303020393,NFS,ABC Securities Private Limited,J.F. Securites (PVT) Ltd.,10,748.0,7480.0,2025-07-13T14:51:04.160864
2025-07-13,7295,2025071303020542,NFS,Naasa Securities Co. Ltd.,Capital Max Securities Ltd,10,749.0,7490.0,2025-07-13T14:52:27.828443
2025-07-13,7294,2025071303020543,NFS,Naasa Securities Co. Ltd.,Aryatara Investment & Securities,200,749.0,149800.0,2025-07-13T14:52:27.828651
2025-07-13,7288,2025071303020544,NFS,Sani Securities Company Ltd.,Sri Hari Securities Pvt. Ltd.,100,746.1,74610.0,2025-07-13T14:52:29.020915
2025-07-13,6449,2025071303020710,NFS,Naasa Securities Co. Ltd.,Dakshinkali Investment & Securities Pvt. Ltd.,50,749.9,37495.0,2025-07-13T14:53:50.671389
2025-07-13,6448,2025071303020711,NFS,Naasa Securities Co. Ltd.,Property Wiard Limited,100,750.0,75000.0,2025-07-13T14:53:50.671641
2025-07-13,6447,2025071303020712,NFS,Naasa Securities Co. Ltd.,Secured Securities Ltd.,50,750.0,37500.0,2025-07-13T14:53:50.67172
2025-07-13,6446,2025071303020713,NFS,Naasa Securities Co. Ltd.,Sweta Securities Private Limited,300,750.0,225000.0,2025-07-13T14:53:50.671801
2025-07-13,6241,2025071303020776,NFS,Aryatara Investment & Securities,Sweta Securities Private Limited,10,750.0,7500.0,2025-07-13T14:54:07.552216
2025-07-13,6040,2025071303020830,NFS,Aryatara Investment & Securities,Sweta Securities Private Limited,20,750.0,15000.0,2025-07-13T14:54:28.895627
2025-07-13,5761,2025071303020891,NFS,Naasa Securities Co. Ltd.,Sweta Securities Private Limited,170,750.0,127500.0,2025-07-13T14:54:57.163932
2025-07-13,5760,2025071303020892,NFS,Naasa Securities Co. Ltd.,Bhrikuti Stock Broking Co. Pvt. Ltd.,100,750.0,75000.0,2025-07-13T14:54:57.164344
2025-07-13,5759,2025071303020893,NFS,Naasa Securities Co. Ltd.,Neev Securities Pvt. Ltd.,230,750.0,172500.0,2025-07-13T14:54:57.164626
2025-07-13,5572,2025071303020937,NFS,Trishakti Securities Public Limited,Neev Securities Pvt. Ltd.,20,750.0,15000.0,2025-07-13T14:55:11.336128
2025-07-13,5571,2025071303020938,NFS,Trishakti Securities Public Limited,Property Wiard Limited,50,750.0,37500.0,2025-07-13T14:55:11.336509
2025-07-13,5570,2025071303020939,NFS,Trishakti Securities Public Limited,Oxford Securities Pvt. Ltd.,50,750.0,37500.0,2025-07-13T14:55:11.336754
2025-07-13,5569,2025071303020940,NFS,Trishakti Securities Public Limited,Arun Securities (PVT) Ltd.,50,750.0,37500.0,2025-07-13T14:55:11.336996
2025-07-13,5568,2025071303020941,NFS,Trishakti Securities Public Limited,Imperial Securities Company Pvt. Ltd.,60,750.0,45000.0,2025-07-13T14:55:11.33725
2025-07-13,5386,2025071303020980,NFS,Trishakti Securities Public Limited,Himalayan Brokerage Company Limited,520,750.0,390000.0,2025-07-13T14:55:31.874231
2025-07-13,5285,2025071303020998,NFS,ABC Securities Private Limited,Dipshikha Dhitopatra Karobar Co. Pvt Ltd.,100,750.1,75010.0,2025-07-13T14:55:39.531166
2025-07-13,5284,2025071303020999,NFS,ABC Securities Private Limited,Dipshikha Dhitopatra Karobar Co. Pvt Ltd.,100,751.0,75100.0,2025-07-13T14:55:39.531372
2025-07-13,4933,2025071303021057,NFS,Trishakti Securities Public Limited,Linch Stock Market Ltd.,100,750.0,75000.0,2025-07-13T14:56:02.068966
2025-07-13,4504,2025071303021164,NFS,Trishakti Securities Public Limited,South Asian Bulls Pvt. Ltd.,100,750.0,75000.0,2025-07-13T14:56:35.794016
2025-07-13,4444,2025071303021172,NFS,Trishakti Securities Public Limited,Naasa Securities Co. Ltd.,50,750.0,37500.0,2025-07-13T14:56:38.591489
2025-07-13,4314,2025071303021188,NFS,Imperial Securities Company Pvt. Ltd.,Naasa Securities Co. Ltd.,100,749.0,74900.0,2025-07-13T14:56:48.312298
2025-07-13,4033,2025071303021245,NFS,Online Securities Pvt. Ltd.,Agrawal Securities (PVT) Ltd.,10,747.1,7471.0,2025-07-13T14:57:06.787634
2025-07-13,3379,2025071303021410,NFS,Shree Krishna Securities Ltd.,Imperial Securities Company Pvt. Ltd.,30,746.0,22380.0,2025-07-13T14:57:47.721318
2025-07-13,2313,2025071303021582,NFS,Shree Krishna Securities Ltd.,Sundhara Securities Limited,170,746.0,126820.0,2025-07-13T14:58:40.015508
2025-07-13,2312,2025071303021583,NFS,ABC Securities Private Limited,Sundhara Securities Limited,10,745.1,7451.0,2025-07-13T14:58:40.015733
2025-07-13,2311,2025071303021584,NFS,ABC Securities Private Limited,Sundhara Securities Limited,20,745.0,14900.0,2025-07-13T14:58:40.015821
2025-07-13,1498,2025071303021746,NFS,Imperial Securities Company Pvt. Ltd.,Imperial Securities Company Pvt. Ltd.,100,747.0,74700.0,2025-07-13T14:59:16.831675
2025-07-13,1497,2025071303021747,NFS,Midas Stock Broking Company Private Limited,Imperial Securities Company Pvt. Ltd.,50,746.0,37300.0,2025-07-13T14:59:16.831892
2025-07-13,1496,2025071303021748,NFS,ABC Securities Private Limited,Imperial Securities Company Pvt. Ltd.,145,745.0,108025.0,2025-07-13T14:59:16.831978
2025-07-13,1376,2025071303021774,NFS,Sumeru Securities Pvt. Ltd.,Opal Securities Investment (PVT) Ltd.,10,748.0,7480.0,2025-07-13T14:59:21.456704
2025-07-13,1375,2025071303021775,NFS,Sumeru Securities Pvt. Ltd.,Aakashbhairab Securities Ltd.,10,748.0,7480.0,2025-07-13T14:59:21.456913
2025-07-13,1374,2025071303021776,NFS,Sumeru Securities Pvt. Ltd.,Online Securities Pvt. Ltd.,20,748.0,14960.0,2025-07-13T14:59:21.457004
2025-07-13,798,2025071303021900,NFS,South Asian Bulls Pvt. Ltd.,J.F. Securites (PVT) Ltd.,30,745.0,22350.0,2025-07-13T14:59:41.010138
2025-07-13,797,2025071303021901,NFS,Kohinoor Investment & Securities Pvt. Ltd.,J.F. Securites (PVT) Ltd.,50,745.0,37250.0,2025-07-13T14:59:41.010344
2025-07-13,796,2025071303021902,NFS,Imperial Securities Company Pvt. Ltd.,J.F. Securites (PVT) Ltd.,21,745.0,15645.0,2025-07-13T14:59:41.010433
2025-07-13,70,2025071303022088,NFS,Imperial Securities Company Pvt. Ltd.,Cristal Kanchanjanga Securites Pvt. Ltd.,15,745.0,11175.0,2025-07-13T14:59:58.776748
2025-07-13,1,2025071303022107,NFS,Secured Securities Ltd.,Naasa Securities Co. Ltd.,10,749.0,7490.0,2025-07-13T14:59:59.94493
