Date,S.N.,contract_id,symbol,buyer_broker,seller_broker,volume,price,amount,transaction_time
2025-07-13,105314,2025071305000029,NIFRA,Sundhara Securities Limited,Dipshikha Dhitopatra Karobar Co. Pvt Ltd.,100,289.4,28940.0,2025-07-13T10:46:00.028975
2025-07-13,105313,2025071305000030,NIFRA,Sri Hari Securities Pvt. Ltd.,Dipshikha Dhitopatra Karobar Co. Pvt Ltd.,170,289.4,49198.0,2025-07-13T10:46:00.029012
2025-07-13,105312,2025071305000031,NIFRA,Sri Hari Securities Pvt. Ltd.,Bhrikuti Stock Broking Co. Pvt. Ltd.,300,289.4,86820.0,2025-07-13T10:46:00.029044
2025-07-13,105311,2025071305000032,NIFRA,Sri Hari Securities Pvt. Ltd.,Bhrikuti Stock Broking Co. Pvt. Ltd.,300,289.4,86820.0,2025-07-13T10:46:00.029077
2025-07-13,105310,2025071305000033,NIFRA,Sri Hari Securities Pvt. Ltd.,Primo Securities (PVT) Ltd.,64,289.4,18521.6,2025-07-13T10:46:00.029103
2025-07-13,105309,2025071305000034,NIFRA,Sri Hari Securities Pvt. Ltd.,Cristal Kanchanjanga Securites Pvt. Ltd.,400,289.4,115760.0,2025-07-13T10:46:00.029127
2025-07-13,105308,2025071305000035,NIFRA,Sri Hari Securities Pvt. Ltd.,APPLE SECURITIES PRIVATE LIMITED,266,289.4,76980.4,2025-07-13T10:46:00.029146
2025-07-13,105307,2025071305000036,NIFRA,Sani Securities Company Ltd.,APPLE SECURITIES PRIVATE LIMITED,34,289.4,9839.6,2025-07-13T10:46:00.029172
2025-07-13,105306,2025071305000037,NIFRA,Sani Securities Company Ltd.,Bhrikuti Stock Broking Co. Pvt. Ltd.,50,289.4,14470.0,2025-07-13T10:46:00.029199
2025-07-13,103996,2025071305000154,NIFRA,South Asian Bulls Pvt. Ltd.,Sumeru Securities Pvt. Ltd.,100,290.1,29010.0,2025-07-13T11:01:01.018136
2025-07-13,103995,2025071305000155,NIFRA,Online Securities Pvt. Ltd.,Sumeru Securities Pvt. Ltd.,400,290.0,116000.0,2025-07-13T11:01:01.018283
2025-07-13,103994,2025071305000156,NIFRA,Sewa Securities Pvt. Ltd.,Sumeru Securities Pvt. Ltd.,4400,290.0,1276000.0,2025-07-13T11:01:01.018411
2025-07-13,103993,2025071305000157,NIFRA,Sewa Securities Pvt. Ltd.,Himalayan Brokerage Company Limited,100,290.0,29000.0,2025-07-13T11:01:01.025466
2025-07-13,103992,2025071305000158,NIFRA,Oxford Securities Pvt. Ltd.,Himalayan Brokerage Company Limited,50,289.6,14480.0,2025-07-13T11:01:01.025522
2025-07-13,103991,2025071305000159,NIFRA,Malla & Malla Stock Broking Company Pvt. Limited,Himalayan Brokerage Company Limited,1000,289.5,289500.0,2025-07-13T11:01:01.025615
2025-07-13,103990,2025071305000160,NIFRA,Sani Securities Company Ltd.,Himalayan Brokerage Company Limited,916,289.4,265090.4,2025-07-13T11:01:01.025686
2025-07-13,103989,2025071305000161,NIFRA,Vision Securities Pvt. Ltd,Himalayan Brokerage Company Limited,1000,289.4,289400.0,2025-07-13T11:01:01.02575
2025-07-13,103988,2025071305000162,NIFRA,Opal Securities Investment (PVT) Ltd.,Himalayan Brokerage Company Limited,434,289.4,125599.6,2025-07-13T11:01:01.025816
2025-07-13,103884,2025071305000178,NIFRA,Sundhara Securities Limited,Himalayan Securities Limited,100,293.0,29300.0,2025-07-13T11:01:05.67623
2025-07-13,103766,2025071305000182,NIFRA,Opal Securities Investment (PVT) Ltd.,Deevyaa Securities & Stock House Pvt. Ltd,1566,289.4,453200.4,2025-07-13T11:01:11.795352
2025-07-13,103765,2025071305000183,NIFRA,Agrawal Securities (PVT) Ltd.,Deevyaa Securities & Stock House Pvt. Ltd,100,289.4,28940.0,2025-07-13T11:01:11.795469
2025-07-13,103764,2025071305000184,NIFRA,South Asian Bulls Pvt. Ltd.,Deevyaa Securities & Stock House Pvt. Ltd,200,289.4,57880.0,2025-07-13T11:01:11.795583
2025-07-13,103705,2025071305000200,NIFRA,Linch Stock Market Ltd.,Deevyaa Securities & Stock House Pvt. Ltd,50,289.0,14450.0,2025-07-13T11:01:14.573609
2025-07-13,103661,2025071305000215,NIFRA,Primo Securities (PVT) Ltd.,Deevyaa Securities & Stock House Pvt. Ltd,100,289.0,28900.0,2025-07-13T11:01:16.490702
2025-07-13,103658,2025071305000217,NIFRA,Aakashbhairab Securities Ltd.,Deevyaa Securities & Stock House Pvt. Ltd,10,289.0,2890.0,2025-07-13T11:01:16.744228
2025-07-13,103584,2025071305000228,NIFRA,Aryatara Investment & Securities,Deevyaa Securities & Stock House Pvt. Ltd,200,289.0,57800.0,2025-07-13T11:01:21.319415
2025-07-13,103212,2025071305000266,NIFRA,J.F. Securites (PVT) Ltd.,Sundhara Securities Limited,30,286.0,8580.0,2025-07-13T11:01:36.940105
2025-07-13,103204,2025071305000267,NIFRA,Aryatara Investment & Securities,Himalayan Securities Limited,1000,288.5,288500.0,2025-07-13T11:01:37.586931
2025-07-13,102371,2025071305000344,NIFRA,Aryatara Investment & Securities,Naasa Securities Co. Ltd.,30,288.0,8640.0,2025-07-13T11:02:13.447748
2025-07-13,102370,2025071305000345,NIFRA,Aryatara Investment & Securities,Sundhara Securities Limited,170,288.0,48960.0,2025-07-13T11:02:13.447865
2025-07-13,102355,2025071305000347,NIFRA,Primo Securities (PVT) Ltd.,Sundhara Securities Limited,86,288.0,24768.0,2025-07-13T11:02:13.997571
2025-07-13,102336,2025071305000350,NIFRA,Deevyaa Securities & Stock House Pvt. Ltd,Sundhara Securities Limited,244,288.0,70272.0,2025-07-13T11:02:14.744051
2025-07-13,101982,2025071305000380,NIFRA,Linch Stock Market Ltd.,Investment Management Nepal Pvt. Ltd.,105,288.7,30313.5,2025-07-13T11:02:30.506979
2025-07-13,101857,2025071305000388,NIFRA,Hatemalo Financial Services Private Limited,Capital Max Securities Ltd,200,287.0,57400.0,2025-07-13T11:02:35.820541
2025-07-13,101856,2025071305000389,NIFRA,J.F. Securites (PVT) Ltd.,Capital Max Securities Ltd,70,286.0,20020.0,2025-07-13T11:02:35.820601
2025-07-13,101855,2025071305000390,NIFRA,Sri Hari Securities Pvt. Ltd.,Capital Max Securities Ltd,50,286.0,14300.0,2025-07-13T11:02:35.820628
2025-07-13,101854,2025071305000391,NIFRA,Sharepro Securities Private Limited,Capital Max Securities Ltd,1000,286.0,286000.0,2025-07-13T11:02:35.820653
2025-07-13,101853,2025071305000392,NIFRA,Sundhara Securities Limited,Capital Max Securities Ltd,100,286.0,28600.0,2025-07-13T11:02:35.820675
2025-07-13,101646,2025071305000411,NIFRA,Creative Securities Pvt Ltd,Dipshikha Dhitopatra Karobar Co. Pvt Ltd.,20,286.0,5720.0,2025-07-13T11:02:43.856424
2025-07-13,101408,2025071305000432,NIFRA,Aryatara Investment & Securities,Imperial Securities Company Pvt. Ltd.,500,286.1,143050.0,2025-07-13T11:02:52.568954
2025-07-13,100956,2025071305000488,NIFRA,South Asian Bulls Pvt. Ltd.,Sundhara Securities Limited,25,286.2,7155.0,2025-07-13T11:03:06.791816
2025-07-13,100940,2025071305000490,NIFRA,ABC Securities Private Limited,Malla & Malla Stock Broking Company Pvt. Limited,186,287.0,53382.0,2025-07-13T11:03:07.516376
2025-07-13,100889,2025071305000499,NIFRA,South Asian Bulls Pvt. Ltd.,Himalayan Brokerage Company Limited,75,286.2,21465.0,2025-07-13T11:03:10.720691
2025-07-13,100888,2025071305000500,NIFRA,Creative Securities Pvt Ltd,Himalayan Brokerage Company Limited,180,286.0,51480.0,2025-07-13T11:03:10.720738
2025-07-13,100887,2025071305000501,NIFRA,J.F. Securites (PVT) Ltd.,Himalayan Brokerage Company Limited,50,286.0,14300.0,2025-07-13T11:03:10.720786
2025-07-13,100886,2025071305000502,NIFRA,Premier Securities Company Ltd.,Himalayan Brokerage Company Limited,115,286.0,32890.0,2025-07-13T11:03:10.720809
2025-07-13,100864,2025071305000507,NIFRA,Aryatara Investment & Securities,Malla & Malla Stock Broking Company Pvt. Limited,350,287.0,100450.0,2025-07-13T11:03:11.762849
2025-07-13,100768,2025071305000517,NIFRA,Premier Securities Company Ltd.,Neev Securities Pvt. Ltd.,35,286.0,10010.0,2025-07-13T11:03:14.833003
2025-07-13,100578,2025071305000529,NIFRA,Sundhara Securities Limited,Neev Securities Pvt. Ltd.,30,286.0,8580.0,2025-07-13T11:03:20.916385
2025-07-13,100504,2025071305000535,NIFRA,Sumeru Securities Pvt. Ltd.,Neev Securities Pvt. Ltd.,35,286.0,10010.0,2025-07-13T11:03:22.989172
2025-07-13,100503,2025071305000536,NIFRA,Sumeru Securities Pvt. Ltd.,Sri Hari Securities Pvt. Ltd.,65,286.0,18590.0,2025-07-13T11:03:22.989274
2025-07-13,100418,2025071305000541,NIFRA,Naasa Securities Co. Ltd.,Sani Securities Company Ltd.,100,285.0,28500.0,2025-07-13T11:03:25.692323
2025-07-13,100371,2025071305000545,NIFRA,Naasa Securities Co. Ltd.,Bhrikuti Stock Broking Co. Pvt. Ltd.,64,285.0,18240.0,2025-07-13T11:03:27.576177
2025-07-13,100283,2025071305000562,NIFRA,Naasa Securities Co. Ltd.,Sri Hari Securities Pvt. Ltd.,36,285.0,10260.0,2025-07-13T11:03:30.450848
2025-07-13,100282,2025071305000563,NIFRA,Vision Securities Pvt. Ltd,Sri Hari Securities Pvt. Ltd.,500,285.0,142500.0,2025-07-13T11:03:30.450982
2025-07-13,100281,2025071305000564,NIFRA,Midas Stock Broking Company Private Limited,Sri Hari Securities Pvt. Ltd.,1000,285.0,285000.0,2025-07-13T11:03:30.451022
2025-07-13,100280,2025071305000565,NIFRA,Naasa Securities Co. Ltd.,Sri Hari Securities Pvt. Ltd.,30,285.0,8550.0,2025-07-13T11:03:30.45106
2025-07-13,100279,2025071305000566,NIFRA,Nepal Investment And Securities Trading Private Limited,Sri Hari Securities Pvt. Ltd.,369,285.0,105165.0,2025-07-13T11:03:30.451102
2025-07-13,100270,2025071305000570,NIFRA,Nepal Investment And Securities Trading Private Limited,Dynamic Money Managers Securities Pvt. Ltd.,131,285.0,37335.0,2025-07-13T11:03:30.809217
2025-07-13,100269,2025071305000571,NIFRA,Online Securities Pvt. Ltd.,Dynamic Money Managers Securities Pvt. Ltd.,701,285.0,199785.0,2025-07-13T11:03:30.809303
2025-07-13,100268,2025071305000572,NIFRA,Kumari Securities Private Limited,Dynamic Money Managers Securities Pvt. Ltd.,500,285.0,142500.0,2025-07-13T11:03:30.809372
2025-07-13,100267,2025071305000573,NIFRA,Aryatara Investment & Securities,Dynamic Money Managers Securities Pvt. Ltd.,2000,285.0,570000.0,2025-07-13T11:03:30.809414
2025-07-13,100266,2025071305000574,NIFRA,Linch Stock Market Ltd.,Dynamic Money Managers Securities Pvt. Ltd.,200,285.0,57000.0,2025-07-13T11:03:30.809449
2025-07-13,100265,2025071305000575,NIFRA,Sri Hari Securities Pvt. Ltd.,Dynamic Money Managers Securities Pvt. Ltd.,100,285.0,28500.0,2025-07-13T11:03:30.809488
2025-07-13,100264,2025071305000576,NIFRA,Nepal Stock House (PVT) Ltd.,Dynamic Money Managers Securities Pvt. Ltd.,200,285.0,57000.0,2025-07-13T11:03:30.809524
2025-07-13,100263,2025071305000577,NIFRA,Linch Stock Market Ltd.,Dynamic Money Managers Securities Pvt. Ltd.,100,285.0,28500.0,2025-07-13T11:03:30.809559
2025-07-13,100262,2025071305000578,NIFRA,Trishakti Securities Public Limited,Dynamic Money Managers Securities Pvt. Ltd.,100,285.0,28500.0,2025-07-13T11:03:30.809597
2025-07-13,100261,2025071305000579,NIFRA,Blue Chip Securities Ltd,Dynamic Money Managers Securities Pvt. Ltd.,350,285.0,99750.0,2025-07-13T11:03:30.809633
2025-07-13,99875,2025071305000618,NIFRA,Thrive Brokerage House Pvt. Ltd,Opal Securities Investment (PVT) Ltd.,300,284.0,85200.0,2025-07-13T11:03:45.269669
2025-07-13,99874,2025071305000619,NIFRA,Dipshikha Dhitopatra Karobar Co. Pvt Ltd.,Opal Securities Investment (PVT) Ltd.,500,284.0,142000.0,2025-07-13T11:03:45.269755
2025-07-13,99873,2025071305000620,NIFRA,Neev Securities Pvt. Ltd.,Opal Securities Investment (PVT) Ltd.,200,284.0,56800.0,2025-07-13T11:03:45.26983
2025-07-13,99872,2025071305000621,NIFRA,Aryatara Investment & Securities,Opal Securities Investment (PVT) Ltd.,10,284.0,2840.0,2025-07-13T11:03:45.269871
2025-07-13,99871,2025071305000622,NIFRA,Kohinoor Investment & Securities Pvt. Ltd.,Opal Securities Investment (PVT) Ltd.,1700,284.0,482800.0,2025-07-13T11:03:45.269905
2025-07-13,99870,2025071305000623,NIFRA,Sweta Securities Private Limited,Opal Securities Investment (PVT) Ltd.,2000,284.0,568000.0,2025-07-13T11:03:45.269961
2025-07-13,99869,2025071305000624,NIFRA,Malla & Malla Stock Broking Company Pvt. Limited,Opal Securities Investment (PVT) Ltd.,100,284.0,28400.0,2025-07-13T11:03:45.270001
2025-07-13,99868,2025071305000625,NIFRA,Vision Securities Pvt. Ltd,Opal Securities Investment (PVT) Ltd.,1000,284.0,284000.0,2025-07-13T11:03:45.270029
2025-07-13,99867,2025071305000626,NIFRA,Shree Krishna Securities Ltd.,Opal Securities Investment (PVT) Ltd.,500,284.0,142000.0,2025-07-13T11:03:45.270067
2025-07-13,99866,2025071305000627,NIFRA,Sundhara Securities Limited,Opal Securities Investment (PVT) Ltd.,100,284.0,28400.0,2025-07-13T11:03:45.270108
2025-07-13,99865,2025071305000628,NIFRA,Pragyan Securities (PVT) Ltd.,Opal Securities Investment (PVT) Ltd.,400,284.0,113600.0,2025-07-13T11:03:45.270139
2025-07-13,99864,2025071305000629,NIFRA,Kohinoor Investment & Securities Pvt. Ltd.,Opal Securities Investment (PVT) Ltd.,25,284.0,7100.0,2025-07-13T11:03:45.270185
2025-07-13,99609,2025071305000665,NIFRA,Thrive Brokerage House Pvt. Ltd,Midas Stock Broking Company Private Limited,100,283.7,28370.0,2025-07-13T11:03:54.575585
2025-07-13,99478,2025071305000671,NIFRA,Naasa Securities Co. Ltd.,Dynamic Money Managers Securities Pvt. Ltd.,64,285.0,18240.0,2025-07-13T11:03:59.359401
2025-07-13,99121,2025071305000709,NIFRA,South Asian Bulls Pvt. Ltd.,Imperial Securities Company Pvt. Ltd.,200,283.8,56760.0,2025-07-13T11:04:15.133043
2025-07-13,98779,2025071305000744,NIFRA,J.F. Securites (PVT) Ltd.,Imperial Securities Company Pvt. Ltd.,309,283.8,87694.2,2025-07-13T11:04:33.02083
2025-07-13,98778,2025071305000745,NIFRA,J.F. Securites (PVT) Ltd.,Kohinoor Investment & Securities Pvt. Ltd.,391,284.7,111317.7,2025-07-13T11:04:33.020914
2025-07-13,98462,2025071305000794,NIFRA,Aakashbhairab Securities Ltd.,Kohinoor Investment & Securities Pvt. Ltd.,109,284.7,31032.3,2025-07-13T11:04:47.504177
2025-07-13,98461,2025071305000795,NIFRA,Aakashbhairab Securities Ltd.,Sri Hari Securities Pvt. Ltd.,891,284.8,253756.8,2025-07-13T11:04:47.504269
2025-07-13,98400,2025071305000798,NIFRA,Thrive Brokerage House Pvt. Ltd,Dakshinkali Investment & Securities Pvt. Ltd.,991,283.7,281146.7,2025-07-13T11:04:49.546538
2025-07-13,98388,2025071305000799,NIFRA,Opal Securities Investment (PVT) Ltd.,Sri Hari Securities Pvt. Ltd.,20,284.8,5696.0,2025-07-13T11:04:49.848846
2025-07-13,98336,2025071305000813,NIFRA,Creative Securities Pvt Ltd,Naasa Securities Co. Ltd.,96,284.0,27264.0,2025-07-13T11:04:52.702539
2025-07-13,98335,2025071305000814,NIFRA,Creative Securities Pvt Ltd,Sri Hari Securities Pvt. Ltd.,1089,284.8,310147.2,2025-07-13T11:04:52.702624
2025-07-13,98157,2025071305000831,NIFRA,ABC Securities Private Limited,Opal Securities Investment (PVT) Ltd.,1000,284.9,284900.0,2025-07-13T11:05:01.294072
2025-07-13,98156,2025071305000832,NIFRA,ABC Securities Private Limited,Dynamic Money Managers Securities Pvt. Ltd.,3000,285.0,855000.0,2025-07-13T11:05:01.294155
2025-07-13,98108,2025071305000833,NIFRA,Creative Securities Pvt Ltd,Shree Krishna Securities Ltd.,515,284.8,146672.0,2025-07-13T11:05:03.539651
2025-07-13,98107,2025071305000834,NIFRA,Thrive Brokerage House Pvt. Ltd,Shree Krishna Securities Ltd.,409,283.7,116033.3,2025-07-13T11:05:03.539756
2025-07-13,98106,2025071305000835,NIFRA,Sri Hari Securities Pvt. Ltd.,Shree Krishna Securities Ltd.,1000,283.7,283700.0,2025-07-13T11:05:03.539796
2025-07-13,98105,2025071305000836,NIFRA,Naasa Securities Co. Ltd.,Shree Krishna Securities Ltd.,400,283.0,113200.0,2025-07-13T11:05:03.539845
2025-07-13,98104,2025071305000837,NIFRA,Naasa Securities Co. Ltd.,Shree Krishna Securities Ltd.,160,283.0,45280.0,2025-07-13T11:05:03.53988
2025-07-13,98103,2025071305000838,NIFRA,Deevyaa Securities & Stock House Pvt. Ltd,Shree Krishna Securities Ltd.,2516,283.0,712028.0,2025-07-13T11:05:03.539913
2025-07-13,97683,2025071305000894,NIFRA,Naasa Securities Co. Ltd.,Dynamic Money Managers Securities Pvt. Ltd.,70,285.0,19950.0,2025-07-13T11:05:24.920255
2025-07-13,97519,2025071305000909,NIFRA,Creative Securities Pvt Ltd,Dynamic Money Managers Securities Pvt. Ltd.,100,285.0,28500.0,2025-07-13T11:05:34.095135
2025-07-13,97493,2025071305000914,NIFRA,Dakshinkali Investment & Securities Pvt. Ltd.,Dynamic Money Managers Securities Pvt. Ltd.,100,285.0,28500.0,2025-07-13T11:05:35.427058
2025-07-13,97429,2025071305000916,NIFRA,Imperial Securities Company Pvt. Ltd.,Dynamic Money Managers Securities Pvt. Ltd.,90,285.0,25650.0,2025-07-13T11:05:39.283073
2025-07-13,96806,2025071305000981,NIFRA,Kohinoor Investment & Securities Pvt. Ltd.,Himalayan Securities Limited,16,284.9,4558.4,2025-07-13T11:06:13.860766
2025-07-13,96780,2025071305000986,NIFRA,Vision Securities Pvt. Ltd,Himalayan Securities Limited,884,284.9,251851.6,2025-07-13T11:06:14.856628
2025-07-13,96779,2025071305000987,NIFRA,Vision Securities Pvt. Ltd,Sagarmatha Securities Private Limited,100,284.9,28490.0,2025-07-13T11:06:14.85672
2025-07-13,96778,2025071305000988,NIFRA,Vision Securities Pvt. Ltd,Dynamic Money Managers Securities Pvt. Ltd.,2016,285.0,574560.0,2025-07-13T11:06:14.856777
2025-07-13,96547,2025071305001011,NIFRA,Neev Securities Pvt. Ltd.,Linch Stock Market Ltd.,34,284.9,9686.6,2025-07-13T11:06:28.893447
2025-07-13,96403,2025071305001024,NIFRA,J.F. Securites (PVT) Ltd.,Dynamic Money Managers Securities Pvt. Ltd.,178,285.0,50730.0,2025-07-13T11:06:37.260215
2025-07-13,96402,2025071305001025,NIFRA,J.F. Securites (PVT) Ltd.,Aryatara Investment & Securities,87,285.0,24795.0,2025-07-13T11:06:37.26031
2025-07-13,96401,2025071305001026,NIFRA,J.F. Securites (PVT) Ltd.,Naasa Securities Co. Ltd.,1235,285.9,353086.5,2025-07-13T11:06:37.260384
2025-07-13,96371,2025071305001031,NIFRA,ABC Securities Private Limited,Naasa Securities Co. Ltd.,1000,285.9,285900.0,2025-07-13T11:06:39.659128
2025-07-13,96124,2025071305001050,NIFRA,J.F. Securites (PVT) Ltd.,Sundhara Securities Limited,1000,285.8,285800.0,2025-07-13T11:06:56.414927
2025-07-13,96123,2025071305001051,NIFRA,J.F. Securites (PVT) Ltd.,Naasa Securities Co. Ltd.,1000,285.9,285900.0,2025-07-13T11:06:56.415071
2025-07-13,96056,2025071305001059,NIFRA,Naasa Securities Co. Ltd.,Naasa Securities Co. Ltd.,1000,285.9,285900.0,2025-07-13T11:07:00.396721
2025-07-13,95972,2025071305001070,NIFRA,Asian Securities Private Ltd.,Naasa Securities Co. Ltd.,765,285.9,218713.5,2025-07-13T11:07:08.414253
2025-07-13,95970,2025071305001071,NIFRA,Sipla Securities Private Limited,Dynamic Money Managers Securities Pvt. Ltd.,100,286.0,28600.0,2025-07-13T11:07:08.655989
2025-07-13,95834,2025071305001081,NIFRA,Asian Securities Private Ltd.,Kumari Securities Private Limited,235,285.9,67186.5,2025-07-13T11:07:19.858334
2025-07-13,95722,2025071305001094,NIFRA,Premier Securities Company Ltd.,Sundhara Securities Limited,25,285.0,7125.0,2025-07-13T11:07:27.575195
2025-07-13,95386,2025071305001141,NIFRA,Midas Stock Broking Company Private Limited,Kumari Securities Private Limited,85,285.9,24301.5,2025-07-13T11:07:47.825667
2025-07-13,95369,2025071305001144,NIFRA,Premier Securities Company Ltd.,Online Securities Pvt. Ltd.,21,285.0,5985.0,2025-07-13T11:07:49.528676
2025-07-13,95358,2025071305001147,NIFRA,Kumari Securities Private Limited,Sani Securities Company Ltd.,20,285.5,5710.0,2025-07-13T11:07:50.299222
2025-07-13,95294,2025071305001156,NIFRA,Premier Securities Company Ltd.,J.F. Securites (PVT) Ltd.,44,285.0,12540.0,2025-07-13T11:07:55.391591
2025-07-13,95293,2025071305001157,NIFRA,Dakshinkali Investment & Securities Pvt. Ltd.,J.F. Securites (PVT) Ltd.,40,285.0,11400.0,2025-07-13T11:07:55.391701
2025-07-13,95250,2025071305001162,NIFRA,Creative Securities Pvt Ltd,J.F. Securites (PVT) Ltd.,21,285.0,5985.0,2025-07-13T11:07:57.920957
2025-07-13,95249,2025071305001163,NIFRA,Creative Securities Pvt Ltd,Sani Securities Company Ltd.,980,285.5,279790.0,2025-07-13T11:07:57.921082
2025-07-13,95190,2025071305001170,NIFRA,Agrawal Securities (PVT) Ltd.,Kumari Securities Private Limited,15,285.9,4288.5,2025-07-13T11:08:02.339638
2025-07-13,95090,2025071305001174,NIFRA,Aryatara Investment & Securities,Kumari Securities Private Limited,101,285.9,28875.9,2025-07-13T11:08:11.212594
2025-07-13,94972,2025071305001181,NIFRA,Opal Securities Investment (PVT) Ltd.,Kumari Securities Private Limited,100,285.9,28590.0,2025-07-13T11:08:20.553413
2025-07-13,94856,2025071305001188,NIFRA,Naasa Securities Co. Ltd.,Trisul Securities & Invt. Ltd.,100,285.8,28580.0,2025-07-13T11:08:30.225929
2025-07-13,94855,2025071305001189,NIFRA,Naasa Securities Co. Ltd.,Kumari Securities Private Limited,900,285.9,257310.0,2025-07-13T11:08:30.226066
2025-07-13,94750,2025071305001194,NIFRA,Midas Stock Broking Company Private Limited,Siprabi Securities Pvt. Ltd.,500,285.0,142500.0,2025-07-13T11:08:38.499379
2025-07-13,94724,2025071305001199,NIFRA,Midas Stock Broking Company Private Limited,Nepal Investment And Securities Trading Private Limited,250,285.0,71250.0,2025-07-13T11:08:41.313057
2025-07-13,94672,2025071305001205,NIFRA,Midas Stock Broking Company Private Limited,Sweta Securities Private Limited,250,285.0,71250.0,2025-07-13T11:08:45.072951
2025-07-13,94575,2025071305001209,NIFRA,Aryatara Investment & Securities,Sweta Securities Private Limited,500,285.0,142500.0,2025-07-13T11:08:53.989219
2025-07-13,94570,2025071305001210,NIFRA,Neev Securities Pvt. Ltd.,Imperial Securities Company Pvt. Ltd.,50,284.6,14230.0,2025-07-13T11:08:54.259606
2025-07-13,94551,2025071305001211,NIFRA,Siprabi Securities Pvt. Ltd.,Sweta Securities Private Limited,650,285.0,185250.0,2025-07-13T11:08:56.140855
2025-07-13,94550,2025071305001212,NIFRA,Siprabi Securities Pvt. Ltd.,Kumari Securities Private Limited,64,285.9,18297.6,2025-07-13T11:08:56.141079
2025-07-13,94418,2025071305001226,NIFRA,Siprabi Securities Pvt. Ltd.,Opal Securities Investment (PVT) Ltd.,350,285.9,100065.0,2025-07-13T11:09:06.920355
2025-07-13,94417,2025071305001227,NIFRA,Neev Securities Pvt. Ltd.,Opal Securities Investment (PVT) Ltd.,416,284.6,118393.6,2025-07-13T11:09:06.920461
2025-07-13,94416,2025071305001228,NIFRA,Creative Securities Pvt Ltd,Opal Securities Investment (PVT) Ltd.,599,284.6,170475.4,2025-07-13T11:09:06.920516
2025-07-13,94415,2025071305001229,NIFRA,Investment Management Nepal Pvt. Ltd.,Opal Securities Investment (PVT) Ltd.,500,284.4,142200.0,2025-07-13T11:09:06.920572
2025-07-13,94414,2025071305001230,NIFRA,Sri Hari Securities Pvt. Ltd.,Opal Securities Investment (PVT) Ltd.,1000,284.4,284400.0,2025-07-13T11:09:06.920622
2025-07-13,94413,2025071305001231,NIFRA,Sweta Securities Private Limited,Opal Securities Investment (PVT) Ltd.,500,284.1,142050.0,2025-07-13T11:09:06.920671
2025-07-13,94412,2025071305001232,NIFRA,Kohinoor Investment & Securities Pvt. Ltd.,Opal Securities Investment (PVT) Ltd.,500,284.1,142050.0,2025-07-13T11:09:06.920719
2025-07-13,94411,2025071305001233,NIFRA,Market Securities & Exchange (PVT) Ltd.,Opal Securities Investment (PVT) Ltd.,500,284.0,142000.0,2025-07-13T11:09:06.920766
2025-07-13,94410,2025071305001234,NIFRA,Kumari Securities Private Limited,Opal Securities Investment (PVT) Ltd.,50,284.0,14200.0,2025-07-13T11:09:06.92081
2025-07-13,94409,2025071305001235,NIFRA,KALASH STOCK MARKET PVT. LTD.,Opal Securities Investment (PVT) Ltd.,585,284.0,166140.0,2025-07-13T11:09:06.920859
2025-07-13,94403,2025071305001236,NIFRA,Bhrikuti Stock Broking Co. Pvt. Ltd.,Dynamic Money Managers Securities Pvt. Ltd.,210,286.0,60060.0,2025-07-13T11:09:07.954222
2025-07-13,94382,2025071305001239,NIFRA,Linch Stock Market Ltd.,MILKY WAY SHARE BROKER COMPANY LTD ,300,285.0,85500.0,2025-07-13T11:09:09.814188
2025-07-13,94381,2025071305001240,NIFRA,KALASH STOCK MARKET PVT. LTD.,MILKY WAY SHARE BROKER COMPANY LTD ,415,284.0,117860.0,2025-07-13T11:09:09.814332
2025-07-13,94380,2025071305001241,NIFRA,Neev Securities Pvt. Ltd.,MILKY WAY SHARE BROKER COMPANY LTD ,285,284.0,80940.0,2025-07-13T11:09:09.814377
2025-07-13,94370,2025071305001243,NIFRA,KALASH STOCK MARKET PVT. LTD.,Dynamic Money Managers Securities Pvt. Ltd.,500,286.0,143000.0,2025-07-13T11:09:11.61429
2025-07-13,94014,2025071305001272,NIFRA,ABC Securities Private Limited,Secured Securities Ltd.,54,284.2,15346.8,2025-07-13T11:09:34.089767
2025-07-13,93887,2025071305001288,NIFRA,KALASH STOCK MARKET PVT. LTD.,Opal Securities Investment (PVT) Ltd.,500,284.9,142450.0,2025-07-13T11:09:44.738081
2025-07-13,93830,2025071305001291,NIFRA,Sani Securities Company Ltd.,Opal Securities Investment (PVT) Ltd.,160,284.9,45584.0,2025-07-13T11:09:50.999696
2025-07-13,93767,2025071305001300,NIFRA,Aryatara Investment & Securities,Vision Securities Pvt. Ltd,500,284.5,142250.0,2025-07-13T11:09:57.156796
2025-07-13,93766,2025071305001301,NIFRA,ABC Securities Private Limited,Vision Securities Pvt. Ltd,500,284.2,142100.0,2025-07-13T11:09:57.157061
2025-07-13,93666,2025071305001310,NIFRA,ABC Securities Private Limited,Magnet Securities and Investment Company Private Limited,522,284.2,148352.4,2025-07-13T11:10:07.318792
2025-07-13,93614,2025071305001312,NIFRA,Sipla Securities Private Limited,Opal Securities Investment (PVT) Ltd.,1000,284.9,284900.0,2025-07-13T11:10:11.186628
2025-07-13,93565,2025071305001314,NIFRA,Property Wiard Limited,Online Securities Pvt. Ltd.,54,284.3,15352.2,2025-07-13T11:10:14.683096
2025-07-13,93463,2025071305001324,NIFRA,Property Wiard Limited,Dipshikha Dhitopatra Karobar Co. Pvt Ltd.,32,284.3,9097.6,2025-07-13T11:10:25.59432
2025-07-13,93351,2025071305001339,NIFRA,Secured Securities Ltd.,Opal Securities Investment (PVT) Ltd.,50,284.9,14245.0,2025-07-13T11:10:36.094828
2025-07-13,93259,2025071305001352,NIFRA,Online Securities Pvt. Ltd.,Opal Securities Investment (PVT) Ltd.,73,284.9,20797.7,2025-07-13T11:10:47.205589
2025-07-13,93243,2025071305001356,NIFRA,Secured Securities Ltd.,Miyo Securities Pvt Ltd,54,284.6,15368.4,2025-07-13T11:10:48.027631
2025-07-13,93197,2025071305001365,NIFRA,Secured Securities Ltd.,Dipshikha Dhitopatra Karobar Co. Pvt Ltd.,32,284.6,9107.2,2025-07-13T11:10:51.955587
2025-07-13,93120,2025071305001372,NIFRA,Linch Stock Market Ltd.,Opal Securities Investment (PVT) Ltd.,140,284.9,39886.0,2025-07-13T11:11:00.045642
2025-07-13,92983,2025071305001382,NIFRA,Sanima Securities Limited,Opal Securities Investment (PVT) Ltd.,16,284.9,4558.4,2025-07-13T11:11:11.477719
2025-07-13,92882,2025071305001398,NIFRA,Dipshikha Dhitopatra Karobar Co. Pvt Ltd.,Opal Securities Investment (PVT) Ltd.,500,284.9,142450.0,2025-07-13T11:11:19.393775
2025-07-13,92797,2025071305001410,NIFRA,Secured Securities Ltd.,Vision Securities Pvt. Ltd,14,284.6,3984.4,2025-07-13T11:11:29.149779
2025-07-13,92644,2025071305001420,NIFRA,Naasa Securities Co. Ltd.,Sweta Securities Private Limited,75,284.3,21322.5,2025-07-13T11:11:42.743375
2025-07-13,92643,2025071305001421,NIFRA,ABC Securities Private Limited,Sweta Securities Private Limited,250,284.3,71075.0,2025-07-13T11:11:42.743552
2025-07-13,92642,2025071305001422,NIFRA,ABC Securities Private Limited,Sweta Securities Private Limited,424,284.2,120500.8,2025-07-13T11:11:42.743614
2025-07-13,92641,2025071305001423,NIFRA,Neev Securities Pvt. Ltd.,Sweta Securities Private Limited,65,284.0,18460.0,2025-07-13T11:11:42.74369
2025-07-13,92640,2025071305001424,NIFRA,Sani Securities Company Ltd.,Sweta Securities Private Limited,100,284.0,28400.0,2025-07-13T11:11:42.743744
2025-07-13,92639,2025071305001425,NIFRA,Sri Hari Securities Pvt. Ltd.,Sweta Securities Private Limited,86,284.0,24424.0,2025-07-13T11:11:42.743793
2025-07-13,92458,2025071305001437,NIFRA,Sri Hari Securities Pvt. Ltd.,Vision Securities Pvt. Ltd,64,284.0,18176.0,2025-07-13T11:11:58.46521
2025-07-13,92457,2025071305001438,NIFRA,Online Securities Pvt. Ltd.,Vision Securities Pvt. Ltd,22,284.0,6248.0,2025-07-13T11:11:58.465384
2025-07-13,92273,2025071305001451,NIFRA,Creative Securities Pvt Ltd,Opal Securities Investment (PVT) Ltd.,1700,284.9,484330.0,2025-07-13T11:12:13.217783
2025-07-13,92227,2025071305001462,NIFRA,Imperial Securities Company Pvt. Ltd.,Opal Securities Investment (PVT) Ltd.,30,284.9,8547.0,2025-07-13T11:12:16.174814
2025-07-13,92171,2025071305001469,NIFRA,Kalika Securities Pvt. Ltd.,Opal Securities Investment (PVT) Ltd.,100,284.9,28490.0,2025-07-13T11:12:22.682505
2025-07-13,92056,2025071305001513,NIFRA,Dipshikha Dhitopatra Karobar Co. Pvt Ltd.,Opal Securities Investment (PVT) Ltd.,200,284.9,56980.0,2025-07-13T11:12:29.531201
2025-07-13,92021,2025071305001518,NIFRA,Creative Securities Pvt Ltd,Opal Securities Investment (PVT) Ltd.,531,284.9,151281.9,2025-07-13T11:12:33.505559
2025-07-13,92020,2025071305001519,NIFRA,Creative Securities Pvt Ltd,MILKY WAY SHARE BROKER COMPANY LTD ,169,285.0,48165.0,2025-07-13T11:12:33.505654
2025-07-13,91762,2025071305001545,NIFRA,Siprabi Securities Pvt. Ltd.,MILKY WAY SHARE BROKER COMPANY LTD ,350,285.0,99750.0,2025-07-13T11:12:54.792075
2025-07-13,91750,2025071305001548,NIFRA,Dipshikha Dhitopatra Karobar Co. Pvt Ltd.,MILKY WAY SHARE BROKER COMPANY LTD ,481,285.0,137085.0,2025-07-13T11:12:55.825738
2025-07-13,91749,2025071305001549,NIFRA,Dipshikha Dhitopatra Karobar Co. Pvt Ltd.,Primo Securities (PVT) Ltd.,122,285.0,34770.0,2025-07-13T11:12:55.825882
2025-07-13,91748,2025071305001550,NIFRA,Dipshikha Dhitopatra Karobar Co. Pvt Ltd.,Naasa Securities Co. Ltd.,50,285.0,14250.0,2025-07-13T11:12:55.825937
2025-07-13,91747,2025071305001551,NIFRA,Dipshikha Dhitopatra Karobar Co. Pvt Ltd.,Aryatara Investment & Securities,54,285.0,15390.0,2025-07-13T11:12:55.826001
2025-07-13,91573,2025071305001582,NIFRA,Dipshikha Dhitopatra Karobar Co. Pvt Ltd.,Online Securities Pvt. Ltd.,54,285.0,15390.0,2025-07-13T11:13:12.701388
2025-07-13,91487,2025071305001591,NIFRA,Sani Securities Company Ltd.,Trishakti Securities Public Limited,54,285.5,15417.0,2025-07-13T11:13:24.371231
2025-07-13,91486,2025071305001592,NIFRA,Sani Securities Company Ltd.,Vision Securities Pvt. Ltd,54,285.7,15427.8,2025-07-13T11:13:24.371394
2025-07-13,91485,2025071305001593,NIFRA,Sani Securities Company Ltd.,Agrawal Securities (PVT) Ltd.,192,285.9,54892.8,2025-07-13T11:13:24.371452
2025-07-13,91480,2025071305001594,NIFRA,Dipshikha Dhitopatra Karobar Co. Pvt Ltd.,Deevyaa Securities & Stock House Pvt. Ltd,24,285.0,6840.0,2025-07-13T11:13:25.585534
2025-07-13,91371,2025071305001601,NIFRA,KALASH STOCK MARKET PVT. LTD.,KALASH STOCK MARKET PVT. LTD.,500,285.9,142950.0,2025-07-13T11:13:34.528659
2025-07-13,91348,2025071305001602,NIFRA,Online Securities Pvt. Ltd.,KALASH STOCK MARKET PVT. LTD.,250,285.9,71475.0,2025-07-13T11:13:36.631802
2025-07-13,91326,2025071305001603,NIFRA,Online Securities Pvt. Ltd.,Dynamic Money Managers Securities Pvt. Ltd.,414,285.9,118362.6,2025-07-13T11:13:39.422275
2025-07-13,91325,2025071305001604,NIFRA,Dipshikha Dhitopatra Karobar Co. Pvt Ltd.,Dynamic Money Managers Securities Pvt. Ltd.,215,285.0,61275.0,2025-07-13T11:13:39.422446
2025-07-13,91324,2025071305001605,NIFRA,Vision Securities Pvt. Ltd,Dynamic Money Managers Securities Pvt. Ltd.,25,285.0,7125.0,2025-07-13T11:13:39.422523
2025-07-13,91323,2025071305001606,NIFRA,Dipshikha Dhitopatra Karobar Co. Pvt Ltd.,Dynamic Money Managers Securities Pvt. Ltd.,50,285.0,14250.0,2025-07-13T11:13:39.422603
2025-07-13,91280,2025071305001612,NIFRA,Naasa Securities Co. Ltd.,Dynamic Money Managers Securities Pvt. Ltd.,500,285.0,142500.0,2025-07-13T11:13:43.198257
2025-07-13,91279,2025071305001613,NIFRA,Naasa Securities Co. Ltd.,Dynamic Money Managers Securities Pvt. Ltd.,200,285.0,57000.0,2025-07-13T11:13:43.452771
2025-07-13,91197,2025071305001633,NIFRA,Linch Stock Market Ltd.,Dynamic Money Managers Securities Pvt. Ltd.,562,285.0,160170.0,2025-07-13T11:13:51.864425
2025-07-13,90850,2025071305001662,NIFRA,Cristal Kanchanjanga Securites Pvt. Ltd.,Dynamic Money Managers Securities Pvt. Ltd.,1000,285.0,285000.0,2025-07-13T11:14:23.813861
2025-07-13,90840,2025071305001664,NIFRA,Trishakti Securities Public Limited,Dynamic Money Managers Securities Pvt. Ltd.,500,285.0,142500.0,2025-07-13T11:14:24.388672
2025-07-13,90758,2025071305001670,NIFRA,Aryatara Investment & Securities,Dynamic Money Managers Securities Pvt. Ltd.,30,285.0,8550.0,2025-07-13T11:14:30.945952
2025-07-13,90752,2025071305001672,NIFRA,Kohinoor Investment & Securities Pvt. Ltd.,Dynamic Money Managers Securities Pvt. Ltd.,600,285.0,171000.0,2025-07-13T11:14:31.409253
2025-07-13,90667,2025071305001679,NIFRA,Sundhara Securities Limited,Dynamic Money Managers Securities Pvt. Ltd.,10,285.0,2850.0,2025-07-13T11:14:40.298504
2025-07-13,90563,2025071305001696,NIFRA,Opal Securities Investment (PVT) Ltd.,Himalayan Brokerage Company Limited,40,284.9,11396.0,2025-07-13T11:14:51.271381
2025-07-13,90562,2025071305001697,NIFRA,Aryatara Investment & Securities,Himalayan Brokerage Company Limited,200,284.5,56900.0,2025-07-13T11:14:51.271538
2025-07-13,90561,2025071305001698,NIFRA,Trishakti Securities Public Limited,Himalayan Brokerage Company Limited,260,284.5,73970.0,2025-07-13T11:14:51.271605
2025-07-13,90508,2025071305001703,NIFRA,Capital Max Securities Ltd,Dynamic Money Managers Securities Pvt. Ltd.,200,285.0,57000.0,2025-07-13T11:14:57.036027
2025-07-13,90373,2025071305001717,NIFRA,Naasa Securities Co. Ltd.,Dynamic Money Managers Securities Pvt. Ltd.,845,285.0,240825.0,2025-07-13T11:15:13.283303
2025-07-13,90280,2025071305001724,NIFRA,Asian Securities Private Ltd.,Dynamic Money Managers Securities Pvt. Ltd.,1000,285.0,285000.0,2025-07-13T11:15:22.557779
2025-07-13,90160,2025071305001734,NIFRA,Creative Securities Pvt Ltd,Dynamic Money Managers Securities Pvt. Ltd.,1700,285.0,484500.0,2025-07-13T11:15:32.992108
2025-07-13,90076,2025071305001744,NIFRA,Creative Securities Pvt Ltd,Dynamic Money Managers Securities Pvt. Ltd.,1339,285.0,381615.0,2025-07-13T11:15:44.070223
2025-07-13,90075,2025071305001745,NIFRA,Creative Securities Pvt Ltd,Nepal Stock House (PVT) Ltd.,261,285.0,74385.0,2025-07-13T11:15:44.070292
2025-07-13,90039,2025071305001748,NIFRA,Nepal Stock House (PVT) Ltd.,Nepal Stock House (PVT) Ltd.,39,285.0,11115.0,2025-07-13T11:15:46.608716
2025-07-13,89854,2025071305001763,NIFRA,Nepal Stock House (PVT) Ltd.,Dynamic Money Managers Securities Pvt. Ltd.,56,285.0,15960.0,2025-07-13T11:16:05.46178
2025-07-13,89853,2025071305001764,NIFRA,Secured Securities Ltd.,Dynamic Money Managers Securities Pvt. Ltd.,2000,285.0,570000.0,2025-07-13T11:16:05.462049
2025-07-13,89587,2025071305001805,NIFRA,Sani Securities Company Ltd.,Dynamic Money Managers Securities Pvt. Ltd.,1750,285.0,498750.0,2025-07-13T11:16:28.970234
2025-07-13,89451,2025071305001818,NIFRA,Sweta Securities Private Limited,Dynamic Money Managers Securities Pvt. Ltd.,3000,285.0,855000.0,2025-07-13T11:16:44.18866
2025-07-13,89394,2025071305001823,NIFRA,Trisul Securities & Invt. Ltd.,Vision Securities Pvt. Ltd,10,284.5,2845.0,2025-07-13T11:16:48.744103
2025-07-13,89357,2025071305001827,NIFRA,Online Securities Pvt. Ltd.,Dynamic Money Managers Securities Pvt. Ltd.,300,285.0,85500.0,2025-07-13T11:16:52.827919
2025-07-13,89224,2025071305001845,NIFRA,Sanima Securities Limited,Dynamic Money Managers Securities Pvt. Ltd.,1000,285.0,285000.0,2025-07-13T11:17:03.534574
2025-07-13,89220,2025071305001846,NIFRA,SUN SECURITIES PVT LTD,Dynamic Money Managers Securities Pvt. Ltd.,1000,285.0,285000.0,2025-07-13T11:17:03.887356
2025-07-13,89140,2025071305001856,NIFRA,Imperial Securities Company Pvt. Ltd.,Dynamic Money Managers Securities Pvt. Ltd.,130,285.0,37050.0,2025-07-13T11:17:14.972629
2025-07-13,89078,2025071305001870,NIFRA,Trisul Securities & Invt. Ltd.,Imperial Securities Company Pvt. Ltd.,54,284.5,15363.0,2025-07-13T11:17:20.106179
2025-07-13,88989,2025071305001883,NIFRA,Creative Securities Pvt Ltd,Dynamic Money Managers Securities Pvt. Ltd.,764,285.0,217740.0,2025-07-13T11:17:28.965549
2025-07-13,88988,2025071305001884,NIFRA,Creative Securities Pvt Ltd,Asian Securities Private Ltd.,36,285.0,10260.0,2025-07-13T11:17:28.9656
2025-07-13,88959,2025071305001886,NIFRA,Sanima Securities Limited,Asian Securities Private Ltd.,18,285.0,5130.0,2025-07-13T11:17:31.623732
2025-07-13,88421,2025071305001938,NIFRA,Nepal Investment And Securities Trading Private Limited,Elite Stock House Limited,64,286.0,18304.0,2025-07-13T11:18:18.904446
2025-07-13,88361,2025071305001948,NIFRA,Nepal Investment And Securities Trading Private Limited,Dynamic Money Managers Securities Pvt. Ltd.,136,286.0,38896.0,2025-07-13T11:18:25.155912
2025-07-13,88202,2025071305001960,NIFRA,Sweta Securities Private Limited,Sani Securities Company Ltd.,50,285.5,14275.0,2025-07-13T11:18:36.426381
2025-07-13,88137,2025071305001974,NIFRA,Asian Securities Private Ltd.,Dynamic Money Managers Securities Pvt. Ltd.,100,286.0,28600.0,2025-07-13T11:18:43.306814
2025-07-13,87741,2025071305002046,NIFRA,Sweta Securities Private Limited,J.F. Securites (PVT) Ltd.,450,285.5,128475.0,2025-07-13T11:19:23.908509
2025-07-13,87713,2025071305002054,NIFRA,Naasa Securities Co. Ltd.,Dynamic Money Managers Securities Pvt. Ltd.,80,286.0,22880.0,2025-07-13T11:19:26.993145
2025-07-13,87576,2025071305002075,NIFRA,Sundhara Securities Limited,Dynamic Money Managers Securities Pvt. Ltd.,140,286.0,40040.0,2025-07-13T11:19:38.98321
2025-07-13,87470,2025071305002089,NIFRA,Online Securities Pvt. Ltd.,Dynamic Money Managers Securities Pvt. Ltd.,100,286.0,28600.0,2025-07-13T11:19:50.818102
2025-07-13,86779,2025071305002164,NIFRA,Nepal Stock House (PVT) Ltd.,Kumari Securities Private Limited,250,285.9,71475.0,2025-07-13T11:20:44.4938
2025-07-13,86736,2025071305002173,NIFRA,Trisul Securities & Invt. Ltd.,Cristal Kanchanjanga Securites Pvt. Ltd.,100,285.8,28580.0,2025-07-13T11:20:49.333475
2025-07-13,86710,2025071305002179,NIFRA,Elite Stock House Limited,Cristal Kanchanjanga Securites Pvt. Ltd.,100,285.8,28580.0,2025-07-13T11:20:52.655092
2025-07-13,86709,2025071305002180,NIFRA,Elite Stock House Limited,Dynamic Money Managers Securities Pvt. Ltd.,900,286.0,257400.0,2025-07-13T11:20:52.655297
2025-07-13,86630,2025071305002186,NIFRA,Online Securities Pvt. Ltd.,Dynamic Money Managers Securities Pvt. Ltd.,2500,286.0,715000.0,2025-07-13T11:20:57.877144
2025-07-13,86627,2025071305002187,NIFRA,Naasa Securities Co. Ltd.,Premier Securities Company Ltd.,24,285.5,6852.0,2025-07-13T11:20:58.399172
2025-07-13,86626,2025071305002188,NIFRA,Thrive Brokerage House Pvt. Ltd,Premier Securities Company Ltd.,20,285.5,5710.0,2025-07-13T11:20:58.39942
2025-07-13,86625,2025071305002189,NIFRA,Primo Securities (PVT) Ltd.,Premier Securities Company Ltd.,10,285.1,2851.0,2025-07-13T11:20:58.399498
2025-07-13,86514,2025071305002207,NIFRA,Primo Securities (PVT) Ltd.,Naasa Securities Co. Ltd.,54,285.1,15395.4,2025-07-13T11:21:10.393554
2025-07-13,86388,2025071305002225,NIFRA,Primo Securities (PVT) Ltd.,Sani Securities Company Ltd.,54,285.1,15395.4,2025-07-13T11:21:28.272588
2025-07-13,86347,2025071305002234,NIFRA,Nepal Stock House (PVT) Ltd.,SHUBHAKAMANA SECURITIES PVT. LTD,54,285.5,15417.0,2025-07-13T11:21:30.999818
2025-07-13,86305,2025071305002241,NIFRA,Primo Securities (PVT) Ltd.,Sewa Securities Pvt. Ltd.,54,285.1,15395.4,2025-07-13T11:21:34.275391
2025-07-13,86304,2025071305002242,NIFRA,Elite Stock House Limited,SHUBHAKAMANA SECURITIES PVT. LTD,10,285.5,2855.0,2025-07-13T11:21:34.828079
2025-07-13,86303,2025071305002243,NIFRA,Elite Stock House Limited,Dynamic Money Managers Securities Pvt. Ltd.,190,286.0,54340.0,2025-07-13T11:21:34.828435
2025-07-13,86299,2025071305002244,NIFRA,Primo Securities (PVT) Ltd.,Primo Securities (PVT) Ltd.,199,285.1,56734.9,2025-07-13T11:21:35.818982
2025-07-13,86253,2025071305002251,NIFRA,Sri Hari Securities Pvt. Ltd.,Dynamic Money Managers Securities Pvt. Ltd.,5854,286.0,1674244.0,2025-07-13T11:21:41.292997
2025-07-13,86252,2025071305002252,NIFRA,Sri Hari Securities Pvt. Ltd.,Trishakti Securities Public Limited,64,286.0,18304.0,2025-07-13T11:21:41.293206
2025-07-13,86251,2025071305002253,NIFRA,Sri Hari Securities Pvt. Ltd.,Dipshikha Dhitopatra Karobar Co. Pvt Ltd.,2000,286.0,572000.0,2025-07-13T11:21:41.293289
2025-07-13,86250,2025071305002254,NIFRA,Sri Hari Securities Pvt. Ltd.,Investment Management Nepal Pvt. Ltd.,582,286.0,166452.0,2025-07-13T11:21:41.293371
2025-07-13,86053,2025071305002293,NIFRA,Sanima Securities Limited,Investment Management Nepal Pvt. Ltd.,18,286.0,5148.0,2025-07-13T11:22:00.830089
2025-07-13,86052,2025071305002294,NIFRA,Sanima Securities Limited,Deevyaa Securities & Stock House Pvt. Ltd,474,286.6,135848.4,2025-07-13T11:22:00.830297
2025-07-13,86051,2025071305002295,NIFRA,Sanima Securities Limited,Investment Management Nepal Pvt. Ltd.,1008,286.7,288993.6,2025-07-13T11:22:00.83039
2025-07-13,86006,2025071305002302,NIFRA,Primo Securities (PVT) Ltd.,Sundhara Securities Limited,129,285.1,36777.9,2025-07-13T11:22:04.923936
2025-07-13,86005,2025071305002303,NIFRA,Market Securities & Exchange (PVT) Ltd.,Sundhara Securities Limited,100,285.1,28510.0,2025-07-13T11:22:04.924166
2025-07-13,86004,2025071305002304,NIFRA,Deevyaa Securities & Stock House Pvt. Ltd,Sundhara Securities Limited,495,285.1,141124.5,2025-07-13T11:22:04.924255
2025-07-13,85906,2025071305002315,NIFRA,Imperial Securities Company Pvt. Ltd.,Miyo Securities Pvt Ltd,10,286.0,2860.0,2025-07-13T11:22:14.561547
2025-07-13,85800,2025071305002324,NIFRA,Dynamic Money Managers Securities Pvt. Ltd.,Opal Securities Investment (PVT) Ltd.,150,286.6,42990.0,2025-07-13T11:22:23.596224
2025-07-13,85737,2025071305002333,NIFRA,Elite Stock House Limited,Opal Securities Investment (PVT) Ltd.,50,286.6,14330.0,2025-07-13T11:22:33.058349
2025-07-13,85736,2025071305002334,NIFRA,Elite Stock House Limited,Investment Management Nepal Pvt. Ltd.,150,286.7,43005.0,2025-07-13T11:22:33.058545
2025-07-13,85715,2025071305002336,NIFRA,Imperial Securities Company Pvt. Ltd.,Online Securities Pvt. Ltd.,90,286.0,25740.0,2025-07-13T11:22:35.991894
2025-07-13,85648,2025071305002353,NIFRA,Kohinoor Investment & Securities Pvt. Ltd.,Online Securities Pvt. Ltd.,380,286.0,108680.0,2025-07-13T11:22:44.104824
2025-07-13,85647,2025071305002354,NIFRA,Kohinoor Investment & Securities Pvt. Ltd.,Dynamic Money Managers Securities Pvt. Ltd.,620,286.0,177320.0,2025-07-13T11:22:44.105006
2025-07-13,85498,2025071305002373,NIFRA,Sani Securities Company Ltd.,Naasa Securities Co. Ltd.,32,285.5,9136.0,2025-07-13T11:22:57.399544
2025-07-13,85290,2025071305002408,NIFRA,Dipshikha Dhitopatra Karobar Co. Pvt Ltd.,Vision Securities Pvt. Ltd,400,285.5,114200.0,2025-07-13T11:23:16.882332
2025-07-13,85257,2025071305002416,NIFRA,Deevyaa Securities & Stock House Pvt. Ltd,Vision Securities Pvt. Ltd,500,285.5,142750.0,2025-07-13T11:23:20.909587
2025-07-13,85234,2025071305002420,NIFRA,Elite Stock House Limited,Vision Securities Pvt. Ltd,35,285.5,9992.5,2025-07-13T11:23:23.258407
2025-07-13,85161,2025071305002435,NIFRA,Nepal Stock House (PVT) Ltd.,Vision Securities Pvt. Ltd,65,285.5,18557.5,2025-07-13T11:23:33.544182
2025-07-13,85141,2025071305002436,NIFRA,Creative Securities Pvt Ltd,Dynamic Money Managers Securities Pvt. Ltd.,50,286.0,14300.0,2025-07-13T11:23:34.875036
2025-07-13,84786,2025071305002482,NIFRA,Sani Securities Company Ltd.,Dynamic Money Managers Securities Pvt. Ltd.,10,286.0,2860.0,2025-07-13T11:24:02.971541
2025-07-13,84463,2025071305002521,NIFRA,Imperial Securities Company Pvt. Ltd.,Dynamic Money Managers Securities Pvt. Ltd.,1000,286.0,286000.0,2025-07-13T11:24:30.166658
2025-07-13,84388,2025071305002546,NIFRA,Premier Securities Company Ltd.,Dynamic Money Managers Securities Pvt. Ltd.,50,286.0,14300.0,2025-07-13T11:24:38.140709
2025-07-13,84269,2025071305002556,NIFRA,Online Securities Pvt. Ltd.,Dynamic Money Managers Securities Pvt. Ltd.,500,286.0,143000.0,2025-07-13T11:24:51.074767
2025-07-13,84163,2025071305002567,NIFRA,Nepal Stock House (PVT) Ltd.,Nepal Investment And Securities Trading Private Limited,54,285.5,15417.0,2025-07-13T11:25:01.115136
2025-07-13,83844,2025071305002597,NIFRA,Vision Securities Pvt. Ltd,Kumari Securities Private Limited,64,285.6,18278.4,2025-07-13T11:25:27.592034
2025-07-13,83831,2025071305002598,NIFRA,Opal Securities Investment (PVT) Ltd.,Dynamic Money Managers Securities Pvt. Ltd.,3000,286.0,858000.0,2025-07-13T11:25:29.222909
2025-07-13,83814,2025071305002600,NIFRA,Vision Securities Pvt. Ltd,Sagarmatha Securities Private Limited,182,285.6,51979.2,2025-07-13T11:25:30.361081
2025-07-13,83483,2025071305002652,NIFRA,Online Securities Pvt. Ltd.,Dynamic Money Managers Securities Pvt. Ltd.,50,286.0,14300.0,2025-07-13T11:26:04.117487
2025-07-13,83476,2025071305002654,NIFRA,Vision Securities Pvt. Ltd,Kohinoor Investment & Securities Pvt. Ltd.,54,285.6,15422.4,2025-07-13T11:26:05.902224
2025-07-13,83457,2025071305002656,NIFRA,Shree Krishna Securities Ltd.,Dynamic Money Managers Securities Pvt. Ltd.,15,286.0,4290.0,2025-07-13T11:26:07.594434
2025-07-13,83368,2025071305002663,NIFRA,Sanima Securities Limited,Sri Hari Securities Pvt. Ltd.,180,285.9,51462.0,2025-07-13T11:26:15.787445
2025-07-13,83225,2025071305002687,NIFRA,Linch Stock Market Ltd.,Sri Hari Securities Pvt. Ltd.,500,285.9,142950.0,2025-07-13T11:26:28.798325
2025-07-13,83077,2025071305002715,NIFRA,Sumeru Securities Pvt. Ltd.,Sri Hari Securities Pvt. Ltd.,100,285.9,28590.0,2025-07-13T11:26:43.675496
2025-07-13,83031,2025071305002725,NIFRA,Vision Securities Pvt. Ltd,Secured Securities Ltd.,50,285.6,14280.0,2025-07-13T11:26:48.169874
2025-07-13,83030,2025071305002726,NIFRA,Linch Stock Market Ltd.,Secured Securities Ltd.,150,285.6,42840.0,2025-07-13T11:26:48.170117
2025-07-13,82624,2025071305002792,NIFRA,Opal Securities Investment (PVT) Ltd.,Sri Hari Securities Pvt. Ltd.,500,285.9,142950.0,2025-07-13T11:27:17.876297
2025-07-13,82598,2025071305002793,NIFRA,Sharepro Securities Private Limited,Shree Krishna Securities Ltd.,500,285.7,142850.0,2025-07-13T11:27:20.001709
2025-07-13,82390,2025071305002820,NIFRA,Sharepro Securities Private Limited,Nepal Investment And Securities Trading Private Limited,50,285.7,14285.0,2025-07-13T11:27:41.309948
2025-07-13,82362,2025071305002822,NIFRA,Sharepro Securities Private Limited,Trisul Securities & Invt. Ltd.,50,285.7,14285.0,2025-07-13T11:27:42.382269
2025-07-13,82255,2025071305002835,NIFRA,Midas Stock Broking Company Private Limited,Sri Hari Securities Pvt. Ltd.,200,285.9,57180.0,2025-07-13T11:27:51.87434
2025-07-13,82221,2025071305002836,NIFRA,Naasa Securities Co. Ltd.,Sri Hari Securities Pvt. Ltd.,15,285.9,4288.5,2025-07-13T11:27:55.767993
2025-07-13,81894,2025071305002875,NIFRA,Sharepro Securities Private Limited,KALASH STOCK MARKET PVT. LTD.,60,285.7,17142.0,2025-07-13T11:28:23.603271
2025-07-13,81600,2025071305002911,NIFRA,Imperial Securities Company Pvt. Ltd.,Naasa Securities Co. Ltd.,54,285.9,15438.6,2025-07-13T11:28:50.79086
2025-07-13,81599,2025071305002912,NIFRA,Imperial Securities Company Pvt. Ltd.,Opal Securities Investment (PVT) Ltd.,946,285.9,270461.4,2025-07-13T11:28:50.791268
2025-07-13,81570,2025071305002927,NIFRA,Sundhara Securities Limited,Garima Securities Limited,100,285.8,28580.0,2025-07-13T11:28:52.80967
2025-07-13,81556,2025071305002929,NIFRA,Bhrikuti Stock Broking Co. Pvt. Ltd.,Garima Securities Limited,100,285.8,28580.0,2025-07-13T11:28:55.27009
2025-07-13,81479,2025071305002933,NIFRA,Sharepro Securities Private Limited,Malla & Malla Stock Broking Company Pvt. Limited,340,285.7,97138.0,2025-07-13T11:29:02.014528
2025-07-13,81478,2025071305002934,NIFRA,Online Securities Pvt. Ltd.,Malla & Malla Stock Broking Company Pvt. Limited,170,285.7,48569.0,2025-07-13T11:29:02.014747
2025-07-13,81477,2025071305002935,NIFRA,Trishakti Securities Public Limited,Malla & Malla Stock Broking Company Pvt. Limited,500,285.7,142850.0,2025-07-13T11:29:02.014838
2025-07-13,81476,2025071305002936,NIFRA,Kumari Securities Private Limited,Malla & Malla Stock Broking Company Pvt. Limited,210,285.7,59997.0,2025-07-13T11:29:02.014928
2025-07-13,81390,2025071305002945,NIFRA,Kumari Securities Private Limited,Dynamic Money Managers Securities Pvt. Ltd.,140,285.7,39998.0,2025-07-13T11:29:11.466421
2025-07-13,81389,2025071305002946,NIFRA,Linch Stock Market Ltd.,Dynamic Money Managers Securities Pvt. Ltd.,2850,285.6,813960.0,2025-07-13T11:29:11.466685
2025-07-13,81388,2025071305002947,NIFRA,Sani Securities Company Ltd.,Dynamic Money Managers Securities Pvt. Ltd.,320,285.6,91392.0,2025-07-13T11:29:11.466789
2025-07-13,81387,2025071305002948,NIFRA,Nepal Stock House (PVT) Ltd.,Dynamic Money Managers Securities Pvt. Ltd.,81,285.5,23125.5,2025-07-13T11:29:11.466879
2025-07-13,81386,2025071305002949,NIFRA,Imperial Securities Company Pvt. Ltd.,Dynamic Money Managers Securities Pvt. Ltd.,100,285.5,28550.0,2025-07-13T11:29:11.466964
2025-07-13,81385,2025071305002950,NIFRA,Himalayan Brokerage Company Limited,Dynamic Money Managers Securities Pvt. Ltd.,500,285.5,142750.0,2025-07-13T11:29:11.467056
2025-07-13,81384,2025071305002951,NIFRA,Nabil Stock Dealer Ltd.,Dynamic Money Managers Securities Pvt. Ltd.,10,285.5,2855.0,2025-07-13T11:29:11.467145
2025-07-13,81383,2025071305002952,NIFRA,Shree Krishna Securities Ltd.,Dynamic Money Managers Securities Pvt. Ltd.,1000,285.2,285200.0,2025-07-13T11:29:11.467229
2025-07-13,81382,2025071305002953,NIFRA,Deevyaa Securities & Stock House Pvt. Ltd,Dynamic Money Managers Securities Pvt. Ltd.,505,285.1,143975.5,2025-07-13T11:29:11.467322
2025-07-13,81381,2025071305002954,NIFRA,Creative Securities Pvt Ltd,Dynamic Money Managers Securities Pvt. Ltd.,200,285.1,57020.0,2025-07-13T11:29:11.467409
2025-07-13,81380,2025071305002955,NIFRA,Sumeru Securities Pvt. Ltd.,Dynamic Money Managers Securities Pvt. Ltd.,500,285.1,142550.0,2025-07-13T11:29:11.467494
2025-07-13,81379,2025071305002956,NIFRA,Market Securities & Exchange (PVT) Ltd.,Dynamic Money Managers Securities Pvt. Ltd.,100,285.1,28510.0,2025-07-13T11:29:11.467588
2025-07-13,81378,2025071305002957,NIFRA,Primo Securities (PVT) Ltd.,Dynamic Money Managers Securities Pvt. Ltd.,1500,285.1,427650.0,2025-07-13T11:29:11.467679
2025-07-13,81377,2025071305002958,NIFRA,Sanima Securities Limited,Dynamic Money Managers Securities Pvt. Ltd.,682,285.0,194370.0,2025-07-13T11:29:11.46777
2025-07-13,81376,2025071305002959,NIFRA,Naasa Securities Co. Ltd.,Dynamic Money Managers Securities Pvt. Ltd.,140,285.0,39900.0,2025-07-13T11:29:11.467853
2025-07-13,81375,2025071305002960,NIFRA,Sri Hari Securities Pvt. Ltd.,Dynamic Money Managers Securities Pvt. Ltd.,1372,285.0,391020.0,2025-07-13T11:29:11.467937
2025-07-13,81335,2025071305002964,NIFRA,Market Securities & Exchange (PVT) Ltd.,Garima Securities Limited,500,285.8,142900.0,2025-07-13T11:29:15.330211
2025-07-13,81275,2025071305002974,NIFRA,Dipshikha Dhitopatra Karobar Co. Pvt Ltd.,Garima Securities Limited,54,285.8,15433.2,2025-07-13T11:29:25.765883
2025-07-13,81209,2025071305002983,NIFRA,Opal Securities Investment (PVT) Ltd.,Garima Securities Limited,869,285.8,248360.2,2025-07-13T11:29:31.713188
2025-07-13,81137,2025071305002994,NIFRA,Opal Securities Investment (PVT) Ltd.,Opal Securities Investment (PVT) Ltd.,131,285.8,37439.8,2025-07-13T11:29:38.821929
2025-07-13,81136,2025071305002995,NIFRA,Sri Hari Securities Pvt. Ltd.,Opal Securities Investment (PVT) Ltd.,3628,285.0,1033980.0,2025-07-13T11:29:38.822135
2025-07-13,81135,2025071305002996,NIFRA,Linch Stock Market Ltd.,Opal Securities Investment (PVT) Ltd.,150,285.0,42750.0,2025-07-13T11:29:38.822227
2025-07-13,81134,2025071305002997,NIFRA,Online Securities Pvt. Ltd.,Opal Securities Investment (PVT) Ltd.,91,285.0,25935.0,2025-07-13T11:29:38.822325
2025-07-13,80990,2025071305003018,NIFRA,Online Securities Pvt. Ltd.,Kohinoor Investment & Securities Pvt. Ltd.,54,285.0,15390.0,2025-07-13T11:29:56.31167
2025-07-13,80953,2025071305003020,NIFRA,Online Securities Pvt. Ltd.,INDEX SECURITIES LIMITED,10,285.0,2850.0,2025-07-13T11:29:58.827347
2025-07-13,80868,2025071305003027,NIFRA,Market Securities & Exchange (PVT) Ltd.,Market Securities & Exchange (PVT) Ltd.,100,285.8,28580.0,2025-07-13T11:30:07.677069
2025-07-13,80837,2025071305003031,NIFRA,Naasa Securities Co. Ltd.,Opal Securities Investment (PVT) Ltd.,54,285.9,15438.6,2025-07-13T11:30:12.509669
2025-07-13,80836,2025071305003032,NIFRA,Naasa Securities Co. Ltd.,KALASH STOCK MARKET PVT. LTD.,146,285.9,41741.4,2025-07-13T11:30:12.509879
2025-07-13,80735,2025071305003059,NIFRA,Market Securities & Exchange (PVT) Ltd.,KALASH STOCK MARKET PVT. LTD.,400,285.8,114320.0,2025-07-13T11:30:22.959939
2025-07-13,80717,2025071305003068,NIFRA,Trishakti Securities Public Limited,Siprabi Securities Pvt. Ltd.,15,285.1,4276.5,2025-07-13T11:30:24.967598
2025-07-13,80716,2025071305003069,NIFRA,Nepal Stock House (PVT) Ltd.,KALASH STOCK MARKET PVT. LTD.,100,285.8,28580.0,2025-07-13T11:30:24.970534
2025-07-13,80212,2025071305003123,NIFRA,Trishakti Securities Public Limited,Dynamic Money Managers Securities Pvt. Ltd.,225,285.1,64147.5,2025-07-13T11:31:14.570423
2025-07-13,80211,2025071305003124,NIFRA,Online Securities Pvt. Ltd.,Dynamic Money Managers Securities Pvt. Ltd.,245,285.0,69825.0,2025-07-13T11:31:14.57067
2025-07-13,80210,2025071305003125,NIFRA,Midas Stock Broking Company Private Limited,Dynamic Money Managers Securities Pvt. Ltd.,50,285.0,14250.0,2025-07-13T11:31:14.570761
2025-07-13,80209,2025071305003126,NIFRA,Nepal Investment And Securities Trading Private Limited,Dynamic Money Managers Securities Pvt. Ltd.,100,285.0,28500.0,2025-07-13T11:31:14.570848
2025-07-13,80208,2025071305003127,NIFRA,Sri Hari Securities Pvt. Ltd.,Dynamic Money Managers Securities Pvt. Ltd.,1000,285.0,285000.0,2025-07-13T11:31:14.570933
2025-07-13,80207,2025071305003128,NIFRA,Sani Securities Company Ltd.,Dynamic Money Managers Securities Pvt. Ltd.,16,285.0,4560.0,2025-07-13T11:31:14.571022
2025-07-13,79900,2025071305003164,NIFRA,Sumeru Securities Pvt. Ltd.,ABC Securities Private Limited,500,284.6,142300.0,2025-07-13T11:31:47.385472
2025-07-13,79899,2025071305003165,NIFRA,Trisul Securities & Invt. Ltd.,ABC Securities Private Limited,336,284.5,95592.0,2025-07-13T11:31:47.38552
2025-07-13,79898,2025071305003166,NIFRA,Creative Securities Pvt Ltd,ABC Securities Private Limited,68,284.5,19346.0,2025-07-13T11:31:47.385598
2025-07-13,79897,2025071305003167,NIFRA,Creative Securities Pvt Ltd,ABC Securities Private Limited,800,284.3,227440.0,2025-07-13T11:31:47.385626
2025-07-13,79896,2025071305003168,NIFRA,J.F. Securites (PVT) Ltd.,ABC Securities Private Limited,100,284.2,28420.0,2025-07-13T11:31:47.385651
2025-07-13,79895,2025071305003169,NIFRA,Aryatara Investment & Securities,ABC Securities Private Limited,500,284.1,142050.0,2025-07-13T11:31:47.385676
2025-07-13,79894,2025071305003170,NIFRA,Sani Securities Company Ltd.,ABC Securities Private Limited,2696,284.1,765933.6,2025-07-13T11:31:47.3857
2025-07-13,79856,2025071305003177,NIFRA,Imperial Securities Company Pvt. Ltd.,Dynamic Money Managers Securities Pvt. Ltd.,30,285.0,8550.0,2025-07-13T11:31:53.64248
2025-07-13,79571,2025071305003234,NIFRA,Sani Securities Company Ltd.,Dynamic Money Managers Securities Pvt. Ltd.,350,285.0,99750.0,2025-07-13T11:32:28.210055
2025-07-13,79419,2025071305003258,NIFRA,Market Securities & Exchange (PVT) Ltd.,KALASH STOCK MARKET PVT. LTD.,354,284.7,100783.8,2025-07-13T11:32:43.397427
2025-07-13,79348,2025071305003271,NIFRA,Midas Stock Broking Company Private Limited,Dynamic Money Managers Securities Pvt. Ltd.,317,285.0,90345.0,2025-07-13T11:32:50.869661
2025-07-13,79320,2025071305003275,NIFRA,Market Securities & Exchange (PVT) Ltd.,Sundhara Securities Limited,146,284.7,41566.2,2025-07-13T11:32:53.710289
2025-07-13,79092,2025071305003304,NIFRA,Deevyaa Securities & Stock House Pvt. Ltd,Imperial Securities Company Pvt. Ltd.,54,284.2,15346.8,2025-07-13T11:33:20.149091
2025-07-13,78870,2025071305003328,NIFRA,Deevyaa Securities & Stock House Pvt. Ltd,Opal Securities Investment (PVT) Ltd.,446,284.2,126753.2,2025-07-13T11:33:42.072454
2025-07-13,78869,2025071305003329,NIFRA,Market Securities & Exchange (PVT) Ltd.,Opal Securities Investment (PVT) Ltd.,100,284.2,28420.0,2025-07-13T11:33:42.072839
2025-07-13,78868,2025071305003330,NIFRA,Sani Securities Company Ltd.,Opal Securities Investment (PVT) Ltd.,1304,284.1,370466.4,2025-07-13T11:33:42.073105
2025-07-13,78867,2025071305003331,NIFRA,Trishakti Securities Public Limited,Opal Securities Investment (PVT) Ltd.,1000,284.1,284100.0,2025-07-13T11:33:42.073381
2025-07-13,78866,2025071305003332,NIFRA,Sani Securities Company Ltd.,Opal Securities Investment (PVT) Ltd.,200,284.0,56800.0,2025-07-13T11:33:42.073641
2025-07-13,78865,2025071305003333,NIFRA,Kohinoor Investment & Securities Pvt. Ltd.,Opal Securities Investment (PVT) Ltd.,200,284.0,56800.0,2025-07-13T11:33:42.073925
2025-07-13,78864,2025071305003334,NIFRA,Linch Stock Market Ltd.,Opal Securities Investment (PVT) Ltd.,500,284.0,142000.0,2025-07-13T11:33:42.074183
2025-07-13,78863,2025071305003335,NIFRA,Naasa Securities Co. Ltd.,Opal Securities Investment (PVT) Ltd.,596,284.0,169264.0,2025-07-13T11:33:42.074456
2025-07-13,78862,2025071305003336,NIFRA,Kumari Securities Private Limited,Opal Securities Investment (PVT) Ltd.,180,284.0,51120.0,2025-07-13T11:33:42.074712
2025-07-13,78861,2025071305003337,NIFRA,Sweta Securities Private Limited,Opal Securities Investment (PVT) Ltd.,50,284.0,14200.0,2025-07-13T11:33:42.074966
2025-07-13,78860,2025071305003338,NIFRA,Imperial Securities Company Pvt. Ltd.,Opal Securities Investment (PVT) Ltd.,200,284.0,56800.0,2025-07-13T11:33:42.075224
2025-07-13,78859,2025071305003339,NIFRA,Sweta Securities Private Limited,Opal Securities Investment (PVT) Ltd.,95,284.0,26980.0,2025-07-13T11:33:42.075491
2025-07-13,78858,2025071305003340,NIFRA,Imperial Securities Company Pvt. Ltd.,Opal Securities Investment (PVT) Ltd.,100,284.0,28400.0,2025-07-13T11:33:42.075742
2025-07-13,78857,2025071305003341,NIFRA,Imperial Securities Company Pvt. Ltd.,Opal Securities Investment (PVT) Ltd.,29,284.0,8236.0,2025-07-13T11:33:42.075993
2025-07-13,78833,2025071305003343,NIFRA,Imperial Securities Company Pvt. Ltd.,Arun Securities (PVT) Ltd.,32,284.0,9088.0,2025-07-13T11:33:45.606892
2025-07-13,78286,2025071305003387,NIFRA,Market Securities & Exchange (PVT) Ltd.,Nepal Investment And Securities Trading Private Limited,54,284.3,15352.2,2025-07-13T11:34:34.04212
2025-07-13,78080,2025071305003412,NIFRA,Market Securities & Exchange (PVT) Ltd.,Hatemalo Financial Services Private Limited,446,284.3,126797.8,2025-07-13T11:34:54.854873
2025-07-13,77710,2025071305003453,NIFRA,Sewa Securities Pvt. Ltd.,Sundhara Securities Limited,170,284.7,48399.0,2025-07-13T11:35:31.421746
2025-07-13,77709,2025071305003454,NIFRA,Imperial Securities Company Pvt. Ltd.,Aryatara Investment & Securities,39,284.0,11076.0,2025-07-13T11:35:31.556534
2025-07-13,77708,2025071305003455,NIFRA,Agrawal Securities (PVT) Ltd.,Aryatara Investment & Securities,15,284.0,4260.0,2025-07-13T11:35:31.556757
2025-07-13,77435,2025071305003475,NIFRA,Agrawal Securities (PVT) Ltd.,Online Securities Pvt. Ltd.,35,284.0,9940.0,2025-07-13T11:35:57.002834
2025-07-13,77434,2025071305003476,NIFRA,Sani Securities Company Ltd.,Online Securities Pvt. Ltd.,19,284.0,5396.0,2025-07-13T11:35:57.003069
2025-07-13,77203,2025071305003506,NIFRA,Sani Securities Company Ltd.,Sri Hari Securities Pvt. Ltd.,981,284.0,278604.0,2025-07-13T11:36:22.702998
2025-07-13,77175,2025071305003509,NIFRA,Sani Securities Company Ltd.,Dynamic Money Managers Securities Pvt. Ltd.,940,284.0,266960.0,2025-07-13T11:36:26.300196
2025-07-13,77004,2025071305003543,NIFRA,Market Securities & Exchange (PVT) Ltd.,Dynamic Money Managers Securities Pvt. Ltd.,500,284.0,142000.0,2025-07-13T11:36:45.475585
2025-07-13,76799,2025071305003571,NIFRA,Sani Securities Company Ltd.,J.F. Securites (PVT) Ltd.,54,283.8,15325.2,2025-07-13T11:37:08.640337
2025-07-13,76721,2025071305003580,NIFRA,Market Securities & Exchange (PVT) Ltd.,Cristal Kanchanjanga Securites Pvt. Ltd.,200,283.9,56780.0,2025-07-13T11:37:17.751767
2025-07-13,76720,2025071305003581,NIFRA,Market Securities & Exchange (PVT) Ltd.,Dynamic Money Managers Securities Pvt. Ltd.,300,284.0,85200.0,2025-07-13T11:37:17.751996
2025-07-13,76414,2025071305003621,NIFRA,Sani Securities Company Ltd.,NIMB Stock Markets Limited,146,283.8,41434.8,2025-07-13T11:37:56.801096
2025-07-13,76413,2025071305003622,NIFRA,Agrawal Securities (PVT) Ltd.,NIMB Stock Markets Limited,20,283.8,5676.0,2025-07-13T11:37:56.801337
2025-07-13,76412,2025071305003623,NIFRA,Market Securities & Exchange (PVT) Ltd.,NIMB Stock Markets Limited,100,283.7,28370.0,2025-07-13T11:37:56.801428
2025-07-13,76411,2025071305003624,NIFRA,Trishakti Securities Public Limited,NIMB Stock Markets Limited,1000,283.7,283700.0,2025-07-13T11:37:56.801517
2025-07-13,76410,2025071305003625,NIFRA,Creative Securities Pvt Ltd,NIMB Stock Markets Limited,1700,283.6,482120.0,2025-07-13T11:37:56.801606
2025-07-13,75946,2025071305003664,NIFRA,Deevyaa Securities & Stock House Pvt. Ltd,Opal Securities Investment (PVT) Ltd.,500,283.2,141600.0,2025-07-13T11:38:54.589639
2025-07-13,75945,2025071305003665,NIFRA,Dipshikha Dhitopatra Karobar Co. Pvt Ltd.,Opal Securities Investment (PVT) Ltd.,30,283.1,8493.0,2025-07-13T11:38:54.589879
2025-07-13,75944,2025071305003666,NIFRA,J.F. Securites (PVT) Ltd.,Opal Securities Investment (PVT) Ltd.,100,283.1,28310.0,2025-07-13T11:38:54.589977
2025-07-13,75943,2025071305003667,NIFRA,Aryatara Investment & Securities,Opal Securities Investment (PVT) Ltd.,500,283.1,141550.0,2025-07-13T11:38:54.590068
2025-07-13,75942,2025071305003668,NIFRA,Deevyaa Securities & Stock House Pvt. Ltd,Opal Securities Investment (PVT) Ltd.,484,283.0,136972.0,2025-07-13T11:38:54.590156
2025-07-13,75941,2025071305003669,NIFRA,Dipshikha Dhitopatra Karobar Co. Pvt Ltd.,Opal Securities Investment (PVT) Ltd.,1000,283.0,283000.0,2025-07-13T11:38:54.590242
2025-07-13,75940,2025071305003670,NIFRA,Online Securities Pvt. Ltd.,Opal Securities Investment (PVT) Ltd.,160,283.0,45280.0,2025-07-13T11:38:54.590341
2025-07-13,75939,2025071305003671,NIFRA,Secured Securities Ltd.,Opal Securities Investment (PVT) Ltd.,10,283.0,2830.0,2025-07-13T11:38:54.590431
2025-07-13,75938,2025071305003672,NIFRA,Online Securities Pvt. Ltd.,Opal Securities Investment (PVT) Ltd.,100,283.0,28300.0,2025-07-13T11:38:54.590513
2025-07-13,75937,2025071305003673,NIFRA,Opal Securities Investment (PVT) Ltd.,Opal Securities Investment (PVT) Ltd.,200,283.0,56600.0,2025-07-13T11:38:54.590598
2025-07-13,75936,2025071305003674,NIFRA,Sri Hari Securities Pvt. Ltd.,Opal Securities Investment (PVT) Ltd.,349,283.0,98767.0,2025-07-13T11:38:54.5907
2025-07-13,75935,2025071305003675,NIFRA,Sani Securities Company Ltd.,Opal Securities Investment (PVT) Ltd.,1000,283.0,283000.0,2025-07-13T11:38:54.590792
2025-07-13,75934,2025071305003676,NIFRA,Trishakti Securities Public Limited,Opal Securities Investment (PVT) Ltd.,1500,283.0,424500.0,2025-07-13T11:38:54.590876
2025-07-13,75933,2025071305003677,NIFRA,Midas Stock Broking Company Private Limited,Opal Securities Investment (PVT) Ltd.,500,283.0,141500.0,2025-07-13T11:38:54.59096
2025-07-13,75912,2025071305003679,NIFRA,Cristal Kanchanjanga Securites Pvt. Ltd.,Opal Securities Investment (PVT) Ltd.,50,283.0,14150.0,2025-07-13T11:38:58.234363
2025-07-13,75846,2025071305003683,NIFRA,Investment Management Nepal Pvt. Ltd.,Opal Securities Investment (PVT) Ltd.,517,283.0,146311.0,2025-07-13T11:39:09.028755
2025-07-13,75612,2025071305003706,NIFRA,Investment Management Nepal Pvt. Ltd.,NIMB Stock Markets Limited,983,283.3,278483.9,2025-07-13T11:39:38.074217
2025-07-13,74988,2025071305003773,NIFRA,Asian Securities Private Ltd.,Imperial Securities Company Pvt. Ltd.,100,283.2,28320.0,2025-07-13T11:40:52.964556
2025-07-13,74987,2025071305003774,NIFRA,Asian Securities Private Ltd.,NIMB Stock Markets Limited,51,283.3,14448.3,2025-07-13T11:40:52.964951
2025-07-13,74986,2025071305003775,NIFRA,Asian Securities Private Ltd.,Secured Securities Ltd.,100,283.3,28330.0,2025-07-13T11:40:52.965216
2025-07-13,74985,2025071305003776,NIFRA,Asian Securities Private Ltd.,Online Securities Pvt. Ltd.,64,283.3,18131.2,2025-07-13T11:40:52.965494
2025-07-13,74984,2025071305003777,NIFRA,Asian Securities Private Ltd.,Dynamic Money Managers Securities Pvt. Ltd.,685,284.0,194540.0,2025-07-13T11:40:52.965758
2025-07-13,74901,2025071305003782,NIFRA,Agrawal Securities (PVT) Ltd.,Asian Securities Private Ltd.,60,283.0,16980.0,2025-07-13T11:41:04.018137
2025-07-13,74603,2025071305003813,NIFRA,SUN SECURITIES PVT LTD,Asian Securities Private Ltd.,500,283.1,141550.0,2025-07-13T11:41:46.544965
2025-07-13,74468,2025071305003835,NIFRA,Aryatara Investment & Securities,Linch Stock Market Ltd.,50,283.5,14175.0,2025-07-13T11:42:02.736616
2025-07-13,74467,2025071305003836,NIFRA,Agrawal Securities (PVT) Ltd.,Swarna Laxmi Securities Pvt. Ltd.,10,283.0,2830.0,2025-07-13T11:42:02.788329
2025-07-13,74236,2025071305003856,NIFRA,J.F. Securites (PVT) Ltd.,Trishakti Securities Public Limited,700,283.1,198170.0,2025-07-13T11:42:33.240661
2025-07-13,74235,2025071305003857,NIFRA,Agrawal Securities (PVT) Ltd.,Trishakti Securities Public Limited,430,283.0,121690.0,2025-07-13T11:42:33.240881
2025-07-13,74234,2025071305003858,NIFRA,South Asian Bulls Pvt. Ltd.,Trishakti Securities Public Limited,100,283.0,28300.0,2025-07-13T11:42:33.240975
2025-07-13,74202,2025071305003862,NIFRA,South Asian Bulls Pvt. Ltd.,Premier Securities Company Ltd.,54,283.0,15282.0,2025-07-13T11:42:38.991087
2025-07-13,74026,2025071305003889,NIFRA,South Asian Bulls Pvt. Ltd.,Kohinoor Investment & Securities Pvt. Ltd.,46,283.0,13018.0,2025-07-13T11:43:09.757203
2025-07-13,73853,2025071305003905,NIFRA,Market Securities & Exchange (PVT) Ltd.,MILKY WAY SHARE BROKER COMPANY LTD ,64,283.1,18118.4,2025-07-13T11:43:33.670406
2025-07-13,73843,2025071305003906,NIFRA,Market Securities & Exchange (PVT) Ltd.,Trishakti Securities Public Limited,436,283.1,123431.6,2025-07-13T11:43:35.827289
2025-07-13,73842,2025071305003907,NIFRA,J.F. Securites (PVT) Ltd.,Trishakti Securities Public Limited,24,283.0,6792.0,2025-07-13T11:43:35.827373
2025-07-13,73713,2025071305003936,NIFRA,J.F. Securites (PVT) Ltd.,J.F. Securites (PVT) Ltd.,21,283.0,5943.0,2025-07-13T11:43:53.20585
2025-07-13,73523,2025071305003963,NIFRA,J.F. Securites (PVT) Ltd.,Online Securities Pvt. Ltd.,19,283.0,5377.0,2025-07-13T11:44:18.764702
2025-07-13,73488,2025071305003965,NIFRA,Market Securities & Exchange (PVT) Ltd.,Sani Securities Company Ltd.,54,283.1,15287.4,2025-07-13T11:44:24.133197
2025-07-13,73023,2025071305004040,NIFRA,Market Securities & Exchange (PVT) Ltd.,Online Securities Pvt. Ltd.,64,283.1,18118.4,2025-07-13T11:45:24.844291
2025-07-13,72922,2025071305004055,NIFRA,Naasa Securities Co. Ltd.,Imperial Securities Company Pvt. Ltd.,14,283.5,3969.0,2025-07-13T11:45:39.26585
2025-07-13,72921,2025071305004056,NIFRA,Naasa Securities Co. Ltd.,Naasa Securities Co. Ltd.,64,283.5,18144.0,2025-07-13T11:45:39.266097
2025-07-13,72920,2025071305004057,NIFRA,Naasa Securities Co. Ltd.,Dynamic Money Managers Securities Pvt. Ltd.,87,284.0,24708.0,2025-07-13T11:45:39.266192
2025-07-13,72847,2025071305004066,NIFRA,ABC Securities Private Limited,Sani Securities Company Ltd.,54,283.5,15309.0,2025-07-13T11:45:57.569943
2025-07-13,72831,2025071305004071,NIFRA,Siprabi Securities Pvt. Ltd.,Dynamic Money Managers Securities Pvt. Ltd.,100,284.0,28400.0,2025-07-13T11:46:01.02035
2025-07-13,72664,2025071305004091,NIFRA,ABC Securities Private Limited,Dipshikha Dhitopatra Karobar Co. Pvt Ltd.,53,283.5,15025.5,2025-07-13T11:46:36.93374
2025-07-13,72189,2025071305004169,NIFRA,Market Securities & Exchange (PVT) Ltd.,Naasa Securities Co. Ltd.,100,283.1,28310.0,2025-07-13T11:47:44.977202
2025-07-13,72133,2025071305004179,NIFRA,Market Securities & Exchange (PVT) Ltd.,Naasa Securities Co. Ltd.,54,283.1,15287.4,2025-07-13T11:47:54.410453
2025-07-13,71912,2025071305004230,NIFRA,Market Securities & Exchange (PVT) Ltd.,Vision Securities Pvt. Ltd,10,283.1,2831.0,2025-07-13T11:48:29.783302
2025-07-13,71718,2025071305004279,NIFRA,Market Securities & Exchange (PVT) Ltd.,Nabil Stock Dealer Ltd.,54,283.1,15287.4,2025-07-13T11:48:59.021751
2025-07-13,71226,2025071305004369,NIFRA,Dynamic Money Managers Securities Pvt. Ltd.,KALASH STOCK MARKET PVT. LTD.,50,283.9,14195.0,2025-07-13T11:50:24.028527
2025-07-13,71076,2025071305004386,NIFRA,Sani Securities Company Ltd.,Oxford Securities Pvt. Ltd.,17,283.8,4824.6,2025-07-13T11:50:49.511461
2025-07-13,71010,2025071305004395,NIFRA,South Asian Bulls Pvt. Ltd.,Oxford Securities Pvt. Ltd.,37,283.8,10500.6,2025-07-13T11:50:56.591206
2025-07-13,71009,2025071305004396,NIFRA,South Asian Bulls Pvt. Ltd.,KALASH STOCK MARKET PVT. LTD.,263,283.9,74665.7,2025-07-13T11:50:56.591433
2025-07-13,70750,2025071305004433,NIFRA,Vision Securities Pvt. Ltd,KALASH STOCK MARKET PVT. LTD.,187,283.9,53089.3,2025-07-13T11:51:37.795845
2025-07-13,70749,2025071305004434,NIFRA,Vision Securities Pvt. Ltd,Oxford Securities Pvt. Ltd.,16,283.9,4542.4,2025-07-13T11:51:37.796107
2025-07-13,70442,2025071305004485,NIFRA,Vision Securities Pvt. Ltd,Dynamic Money Managers Securities Pvt. Ltd.,263,283.5,74560.5,2025-07-13T11:52:27.696357
2025-07-13,70441,2025071305004486,NIFRA,Nepal Stock House (PVT) Ltd.,Dynamic Money Managers Securities Pvt. Ltd.,200,283.5,56700.0,2025-07-13T11:52:27.696859
2025-07-13,70440,2025071305004487,NIFRA,Market Securities & Exchange (PVT) Ltd.,Dynamic Money Managers Securities Pvt. Ltd.,164,283.1,46428.4,2025-07-13T11:52:27.697285
2025-07-13,70439,2025071305004488,NIFRA,J.F. Securites (PVT) Ltd.,Dynamic Money Managers Securities Pvt. Ltd.,36,283.0,10188.0,2025-07-13T11:52:27.697742
2025-07-13,70438,2025071305004489,NIFRA,Vision Securities Pvt. Ltd,Dynamic Money Managers Securities Pvt. Ltd.,500,283.0,141500.0,2025-07-13T11:52:27.698178
2025-07-13,70437,2025071305004490,NIFRA,Imperial Securities Company Pvt. Ltd.,Dynamic Money Managers Securities Pvt. Ltd.,530,283.0,149990.0,2025-07-13T11:52:27.698645
2025-07-13,70436,2025071305004491,NIFRA,Nepal Investment And Securities Trading Private Limited,Dynamic Money Managers Securities Pvt. Ltd.,50,283.0,14150.0,2025-07-13T11:52:27.699088
2025-07-13,70435,2025071305004492,NIFRA,Opal Securities Investment (PVT) Ltd.,Dynamic Money Managers Securities Pvt. Ltd.,2500,283.0,707500.0,2025-07-13T11:52:27.699561
2025-07-13,70434,2025071305004493,NIFRA,Naasa Securities Co. Ltd.,Dynamic Money Managers Securities Pvt. Ltd.,130,283.0,36790.0,2025-07-13T11:52:27.70001
2025-07-13,70433,2025071305004494,NIFRA,Linch Stock Market Ltd.,Dynamic Money Managers Securities Pvt. Ltd.,1766,283.0,499778.0,2025-07-13T11:52:27.700409
2025-07-13,70432,2025071305004495,NIFRA,Linch Stock Market Ltd.,Dynamic Money Managers Securities Pvt. Ltd.,1766,283.0,499778.0,2025-07-13T11:52:27.700846
2025-07-13,70431,2025071305004496,NIFRA,Linch Stock Market Ltd.,Dynamic Money Managers Securities Pvt. Ltd.,1766,283.0,499778.0,2025-07-13T11:52:27.701177
2025-07-13,70430,2025071305004497,NIFRA,Market Securities & Exchange (PVT) Ltd.,Dynamic Money Managers Securities Pvt. Ltd.,140,283.0,39620.0,2025-07-13T11:52:27.70158
2025-07-13,70309,2025071305004519,NIFRA,Property Wiard Limited,Shree Krishna Securities Ltd.,14,282.7,3957.8,2025-07-13T11:52:53.03928
2025-07-13,70305,2025071305004520,NIFRA,Vision Securities Pvt. Ltd,Dynamic Money Managers Securities Pvt. Ltd.,17,283.0,4811.0,2025-07-13T11:52:53.601903
2025-07-13,70206,2025071305004533,NIFRA,Sundhara Securities Limited,Shree Krishna Securities Ltd.,40,282.6,11304.0,2025-07-13T11:53:15.145039
2025-07-13,70113,2025071305004548,NIFRA,Creative Securities Pvt Ltd,Dynamic Money Managers Securities Pvt. Ltd.,170,283.0,48110.0,2025-07-13T11:53:41.307179
2025-07-13,70032,2025071305004556,NIFRA,South Asian Bulls Pvt. Ltd.,Aryatara Investment & Securities,100,283.0,28300.0,2025-07-13T11:53:55.604113
2025-07-13,70031,2025071305004557,NIFRA,South Asian Bulls Pvt. Ltd.,Nepal Stock House (PVT) Ltd.,18,283.5,5103.0,2025-07-13T11:53:55.604593
2025-07-13,70030,2025071305004558,NIFRA,South Asian Bulls Pvt. Ltd.,Thrive Brokerage House Pvt. Ltd,32,283.8,9081.6,2025-07-13T11:53:55.6049
2025-07-13,69880,2025071305004584,NIFRA,Trishakti Securities Public Limited,Shree Krishna Securities Ltd.,14,282.7,3957.8,2025-07-13T11:54:26.527533
2025-07-13,69587,2025071305004621,NIFRA,Trishakti Securities Public Limited,Market Securities & Exchange (PVT) Ltd.,36,282.7,10177.2,2025-07-13T11:55:20.086402
2025-07-13,69586,2025071305004622,NIFRA,Neev Securities Pvt. Ltd.,Market Securities & Exchange (PVT) Ltd.,18,282.7,5088.6,2025-07-13T11:55:20.086863
2025-07-13,69497,2025071305004632,NIFRA,Neev Securities Pvt. Ltd.,Shree Krishna Securities Ltd.,32,282.8,9049.6,2025-07-13T11:55:37.261799
2025-07-13,69324,2025071305004659,NIFRA,Agrawal Securities (PVT) Ltd.,Trisul Securities & Invt. Ltd.,63,282.7,17810.1,2025-07-13T11:56:14.668967
2025-07-13,69323,2025071305004660,NIFRA,Sundhara Securities Limited,Trisul Securities & Invt. Ltd.,60,282.6,16956.0,2025-07-13T11:56:14.669438
2025-07-13,69322,2025071305004661,NIFRA,Deevyaa Securities & Stock House Pvt. Ltd,Trisul Securities & Invt. Ltd.,500,282.5,141250.0,2025-07-13T11:56:14.669731
2025-07-13,69321,2025071305004662,NIFRA,Sharepro Securities Private Limited,Trisul Securities & Invt. Ltd.,1000,282.3,282300.0,2025-07-13T11:56:14.670045
2025-07-13,69320,2025071305004663,NIFRA,Cristal Kanchanjanga Securites Pvt. Ltd.,Trisul Securities & Invt. Ltd.,50,282.2,14110.0,2025-07-13T11:56:14.670354
2025-07-13,69319,2025071305004664,NIFRA,Aryatara Investment & Securities,Trisul Securities & Invt. Ltd.,500,282.2,141100.0,2025-07-13T11:56:14.670643
2025-07-13,69318,2025071305004665,NIFRA,Deevyaa Securities & Stock House Pvt. Ltd,Trisul Securities & Invt. Ltd.,500,282.1,141050.0,2025-07-13T11:56:14.670932
2025-07-13,69317,2025071305004666,NIFRA,Market Securities & Exchange (PVT) Ltd.,Trisul Securities & Invt. Ltd.,100,282.1,28210.0,2025-07-13T11:56:14.671218
2025-07-13,69316,2025071305004667,NIFRA,Sri Hari Securities Pvt. Ltd.,Trisul Securities & Invt. Ltd.,1000,282.1,282100.0,2025-07-13T11:56:14.671521
2025-07-13,69315,2025071305004668,NIFRA,Sani Securities Company Ltd.,Trisul Securities & Invt. Ltd.,300,282.0,84600.0,2025-07-13T11:56:14.671807
2025-07-13,69314,2025071305004669,NIFRA,Kohinoor Investment & Securities Pvt. Ltd.,Trisul Securities & Invt. Ltd.,500,282.0,141000.0,2025-07-13T11:56:14.672099
2025-07-13,69313,2025071305004670,NIFRA,Deevyaa Securities & Stock House Pvt. Ltd,Trisul Securities & Invt. Ltd.,400,282.0,112800.0,2025-07-13T11:56:14.672395
2025-07-13,69312,2025071305004671,NIFRA,Sumeru Securities Pvt. Ltd.,Trisul Securities & Invt. Ltd.,27,282.0,7614.0,2025-07-13T11:56:14.672682
2025-07-13,69284,2025071305004674,NIFRA,J.F. Securites (PVT) Ltd.,Trishakti Securities Public Limited,310,283.0,87730.0,2025-07-13T11:56:19.67198
2025-07-13,69283,2025071305004675,NIFRA,J.F. Securites (PVT) Ltd.,Sajilo Broker Limited,200,283.0,56600.0,2025-07-13T11:56:19.672437
2025-07-13,69282,2025071305004676,NIFRA,J.F. Securites (PVT) Ltd.,Shree Krishna Securities Ltd.,54,283.0,15282.0,2025-07-13T11:56:19.672723
2025-07-13,69281,2025071305004677,NIFRA,J.F. Securites (PVT) Ltd.,Thrive Brokerage House Pvt. Ltd,784,283.8,222499.2,2025-07-13T11:56:19.673058
2025-07-13,69280,2025071305004678,NIFRA,J.F. Securites (PVT) Ltd.,Oxford Securities Pvt. Ltd.,38,283.9,10788.2,2025-07-13T11:56:19.673359
2025-07-13,69279,2025071305004679,NIFRA,J.F. Securites (PVT) Ltd.,Kalika Securities Pvt. Ltd.,64,283.9,18169.6,2025-07-13T11:56:19.673632
2025-07-13,69278,2025071305004680,NIFRA,J.F. Securites (PVT) Ltd.,Dynamic Money Managers Securities Pvt. Ltd.,550,284.0,156200.0,2025-07-13T11:56:19.673906
2025-07-13,69007,2025071305004699,NIFRA,Aryatara Investment & Securities,Bhrikuti Stock Broking Co. Pvt. Ltd.,118,283.5,33453.0,2025-07-13T11:56:56.900096
2025-07-13,68826,2025071305004727,NIFRA,Premier Securities Company Ltd.,Dynamic Money Managers Securities Pvt. Ltd.,300,284.0,85200.0,2025-07-13T11:57:20.695074
2025-07-13,68376,2025071305004801,NIFRA,Kalika Securities Pvt. Ltd.,Nepal Investment And Securities Trading Private Limited,40,283.5,11340.0,2025-07-13T11:58:35.180466
2025-07-13,68375,2025071305004802,NIFRA,Kalika Securities Pvt. Ltd.,Dynamic Money Managers Securities Pvt. Ltd.,160,284.0,45440.0,2025-07-13T11:58:35.180727
2025-07-13,68361,2025071305004803,NIFRA,Aryatara Investment & Securities,Shree Krishna Securities Ltd.,10,283.1,2831.0,2025-07-13T11:58:37.807949
2025-07-13,68272,2025071305004815,NIFRA,Aryatara Investment & Securities,ABC Securities Private Limited,43,283.1,12173.3,2025-07-13T11:58:53.867424
2025-07-13,68203,2025071305004828,NIFRA,Naasa Securities Co. Ltd.,Nepal Stock House (PVT) Ltd.,35,283.5,9922.5,2025-07-13T11:59:10.191371
2025-07-13,68115,2025071305004835,NIFRA,Naasa Securities Co. Ltd.,Secured Securities Ltd.,54,283.5,15309.0,2025-07-13T11:59:25.069707
2025-07-13,68051,2025071305004843,NIFRA,Naasa Securities Co. Ltd.,Cristal Kanchanjanga Securites Pvt. Ltd.,64,283.5,18144.0,2025-07-13T11:59:32.486474
2025-07-13,67823,2025071305004892,NIFRA,Naasa Securities Co. Ltd.,Naasa Securities Co. Ltd.,64,283.5,18144.0,2025-07-13T12:00:03.418496
2025-07-13,67769,2025071305004902,NIFRA,Vision Securities Pvt. Ltd,Dynamic Money Managers Securities Pvt. Ltd.,20,284.0,5680.0,2025-07-13T12:00:16.13942
2025-07-13,67748,2025071305004904,NIFRA,Naasa Securities Co. Ltd.,Sundhara Securities Limited,25,283.5,7087.5,2025-07-13T12:00:18.534538
2025-07-13,67672,2025071305004920,NIFRA,Aryatara Investment & Securities,Dynamic Money Managers Securities Pvt. Ltd.,29,284.0,8236.0,2025-07-13T12:00:31.363645
2025-07-13,67530,2025071305004943,NIFRA,Naasa Securities Co. Ltd.,Dynamic Money Managers Securities Pvt. Ltd.,108,284.0,30672.0,2025-07-13T12:00:55.062415
2025-07-13,67412,2025071305004951,NIFRA,Market Securities & Exchange (PVT) Ltd.,Naasa Securities Co. Ltd.,54,283.6,15314.4,2025-07-13T12:01:10.627128
2025-07-13,67291,2025071305004971,NIFRA,Market Securities & Exchange (PVT) Ltd.,Market Securities & Exchange (PVT) Ltd.,54,283.6,15314.4,2025-07-13T12:01:35.870973
2025-07-13,67205,2025071305004992,NIFRA,Market Securities & Exchange (PVT) Ltd.,NIMB Stock Markets Limited,300,283.6,85080.0,2025-07-13T12:01:49.825831
2025-07-13,67160,2025071305004997,NIFRA,Market Securities & Exchange (PVT) Ltd.,Sundhara Securities Limited,54,283.6,15314.4,2025-07-13T12:01:54.95663
2025-07-13,66906,2025071305005059,NIFRA,Market Securities & Exchange (PVT) Ltd.,Linch Stock Market Ltd.,38,283.6,10776.8,2025-07-13T12:02:34.870182
2025-07-13,66905,2025071305005060,NIFRA,Siprabi Securities Pvt. Ltd.,Linch Stock Market Ltd.,14,283.5,3969.0,2025-07-13T12:02:34.870751
2025-07-13,66852,2025071305005067,NIFRA,Siprabi Securities Pvt. Ltd.,Imperial Securities Company Pvt. Ltd.,21,283.5,5953.5,2025-07-13T12:02:44.439069
2025-07-13,66588,2025071305005104,NIFRA,Naasa Securities Co. Ltd.,NIMB Stock Markets Limited,100,283.1,28310.0,2025-07-13T12:03:25.082063
2025-07-13,66587,2025071305005105,NIFRA,Sharepro Securities Private Limited,NIMB Stock Markets Limited,500,283.0,141500.0,2025-07-13T12:03:25.082367
2025-07-13,66586,2025071305005106,NIFRA,J.F. Securites (PVT) Ltd.,NIMB Stock Markets Limited,15,283.0,4245.0,2025-07-13T12:03:25.082528
2025-07-13,66585,2025071305005107,NIFRA,Sajilo Broker Limited,NIMB Stock Markets Limited,335,283.0,94805.0,2025-07-13T12:03:25.082636
2025-07-13,66449,2025071305005127,NIFRA,Opal Securities Investment (PVT) Ltd.,Imperial Securities Company Pvt. Ltd.,30,283.5,8505.0,2025-07-13T12:03:48.706074
2025-07-13,66050,2025071305005190,NIFRA,Property Wiard Limited,Sundhara Securities Limited,20,283.1,5662.0,2025-07-13T12:05:13.958797
2025-07-13,66049,2025071305005191,NIFRA,Sajilo Broker Limited,Sundhara Securities Limited,15,283.0,4245.0,2025-07-13T12:05:13.959349
2025-07-13,66048,2025071305005192,NIFRA,Asian Securities Private Ltd.,Sundhara Securities Limited,19,283.0,5377.0,2025-07-13T12:05:13.959694
2025-07-13,65727,2025071305005233,NIFRA,Sweta Securities Private Limited,Vision Securities Pvt. Ltd,10,283.4,2834.0,2025-07-13T12:06:12.363581
2025-07-13,65726,2025071305005234,NIFRA,Sweta Securities Private Limited,BHOLE GANESH SECURITIES LTD,490,283.5,138915.0,2025-07-13T12:06:12.363946
2025-07-13,65694,2025071305005236,NIFRA,Asian Securities Private Ltd.,ABC Securities Private Limited,64,283.0,18112.0,2025-07-13T12:06:20.837336
2025-07-13,65665,2025071305005240,NIFRA,Asian Securities Private Ltd.,NIMB Stock Markets Limited,317,283.0,89711.0,2025-07-13T12:06:27.011409
2025-07-13,65664,2025071305005241,NIFRA,Naasa Securities Co. Ltd.,NIMB Stock Markets Limited,10,283.0,2830.0,2025-07-13T12:06:27.011702
2025-07-13,65663,2025071305005242,NIFRA,Bhrikuti Stock Broking Co. Pvt. Ltd.,NIMB Stock Markets Limited,100,283.0,28300.0,2025-07-13T12:06:27.011839
2025-07-13,65662,2025071305005243,NIFRA,Sumeru Securities Pvt. Ltd.,NIMB Stock Markets Limited,100,283.0,28300.0,2025-07-13T12:06:27.011952
2025-07-13,65476,2025071305005279,NIFRA,Kohinoor Investment & Securities Pvt. Ltd.,NIMB Stock Markets Limited,23,283.0,6509.0,2025-07-13T12:07:05.278386
2025-07-13,65424,2025071305005293,NIFRA,Agrawal Securities (PVT) Ltd.,Naasa Securities Co. Ltd.,80,283.0,22640.0,2025-07-13T12:07:17.771329
2025-07-13,65365,2025071305005308,NIFRA,Agrawal Securities (PVT) Ltd.,Imperial Securities Company Pvt. Ltd.,20,283.0,5660.0,2025-07-13T12:07:32.411706
2025-07-13,65109,2025071305005360,NIFRA,Ashutosh Brokerage & Securities (PVT) Ltd.,BHOLE GANESH SECURITIES LTD,500,283.5,141750.0,2025-07-13T12:08:13.682105
2025-07-13,65070,2025071305005367,NIFRA,Neev Securities Pvt. Ltd.,BHOLE GANESH SECURITIES LTD,1210,283.5,343035.0,2025-07-13T12:08:20.270119
2025-07-13,64984,2025071305005375,NIFRA,Neev Securities Pvt. Ltd.,Aryatara Investment & Securities,54,283.5,15309.0,2025-07-13T12:08:31.392589
2025-07-13,64840,2025071305005390,NIFRA,Neev Securities Pvt. Ltd.,Trisul Securities & Invt. Ltd.,60,283.5,17010.0,2025-07-13T12:09:01.591595
2025-07-13,64832,2025071305005391,NIFRA,Neev Securities Pvt. Ltd.,Sani Securities Company Ltd.,54,283.5,15309.0,2025-07-13T12:09:05.227529
2025-07-13,64454,2025071305005414,NIFRA,South Asian Bulls Pvt. Ltd.,Dipshikha Dhitopatra Karobar Co. Pvt Ltd.,54,283.6,15314.4,2025-07-13T12:09:50.032622
2025-07-13,64371,2025071305005423,NIFRA,Imperial Securities Company Pvt. Ltd.,Aryatara Investment & Securities,100,283.9,28390.0,2025-07-13T12:10:06.534718
2025-07-13,64370,2025071305005424,NIFRA,Imperial Securities Company Pvt. Ltd.,Dynamic Money Managers Securities Pvt. Ltd.,1150,284.0,326600.0,2025-07-13T12:10:06.53502
2025-07-13,64341,2025071305005430,NIFRA,South Asian Bulls Pvt. Ltd.,NIMB Stock Markets Limited,46,283.6,13045.6,2025-07-13T12:10:14.649523
2025-07-13,64340,2025071305005431,NIFRA,Online Securities Pvt. Ltd.,NIMB Stock Markets Limited,154,283.6,43674.4,2025-07-13T12:10:14.649895
2025-07-13,64084,2025071305005467,NIFRA,Market Securities & Exchange (PVT) Ltd.,Vision Securities Pvt. Ltd,25,283.7,7092.5,2025-07-13T12:11:00.97778
2025-07-13,64077,2025071305005469,NIFRA,Sundhara Securities Limited,Dynamic Money Managers Securities Pvt. Ltd.,15,284.0,4260.0,2025-07-13T12:11:02.842741
2025-07-13,63892,2025071305005493,NIFRA,Market Securities & Exchange (PVT) Ltd.,Dakshinkali Investment & Securities Pvt. Ltd.,100,283.7,28370.0,2025-07-13T12:11:49.243242
2025-07-13,63692,2025071305005521,NIFRA,Agrawal Securities (PVT) Ltd.,Dynamic Money Managers Securities Pvt. Ltd.,1500,284.0,426000.0,2025-07-13T12:12:25.777905
2025-07-13,63690,2025071305005523,NIFRA,Sundhara Securities Limited,Dynamic Money Managers Securities Pvt. Ltd.,15,284.0,4260.0,2025-07-13T12:12:26.209413
2025-07-13,63552,2025071305005551,NIFRA,Secured Securities Ltd.,Dynamic Money Managers Securities Pvt. Ltd.,1000,284.0,284000.0,2025-07-13T12:12:57.107372
2025-07-13,63396,2025071305005557,NIFRA,Neev Securities Pvt. Ltd.,Aryatara Investment & Securities,50,283.8,14190.0,2025-07-13T12:13:19.232817
2025-07-13,63218,2025071305005573,NIFRA,Nepal Stock House (PVT) Ltd.,Dynamic Money Managers Securities Pvt. Ltd.,208,284.0,59072.0,2025-07-13T12:13:52.561353
2025-07-13,63217,2025071305005574,NIFRA,Nepal Stock House (PVT) Ltd.,Online Securities Pvt. Ltd.,64,284.0,18176.0,2025-07-13T12:13:52.561943
2025-07-13,63216,2025071305005575,NIFRA,Nepal Stock House (PVT) Ltd.,Secured Securities Ltd.,54,284.0,15336.0,2025-07-13T12:13:52.562327
2025-07-13,63215,2025071305005576,NIFRA,Nepal Stock House (PVT) Ltd.,Imperial Securities Company Pvt. Ltd.,200,284.0,56800.0,2025-07-13T12:13:52.562706
2025-07-13,63214,2025071305005577,NIFRA,Nepal Stock House (PVT) Ltd.,Trishakti Securities Public Limited,64,284.0,18176.0,2025-07-13T12:13:52.563083
2025-07-13,63213,2025071305005578,NIFRA,Nepal Stock House (PVT) Ltd.,Siprabi Securities Pvt. Ltd.,160,284.0,45440.0,2025-07-13T12:13:52.563403
2025-07-13,63212,2025071305005579,NIFRA,Nepal Stock House (PVT) Ltd.,Premier Securities Company Ltd.,500,284.0,142000.0,2025-07-13T12:13:52.563544
2025-07-13,63211,2025071305005580,NIFRA,Nepal Stock House (PVT) Ltd.,Naasa Securities Co. Ltd.,150,284.0,42600.0,2025-07-13T12:13:52.563665
2025-07-13,63210,2025071305005581,NIFRA,Nepal Stock House (PVT) Ltd.,Aryatara Investment & Securities,54,284.0,15336.0,2025-07-13T12:13:52.563813
2025-07-13,63209,2025071305005582,NIFRA,Nepal Stock House (PVT) Ltd.,Vision Securities Pvt. Ltd,46,284.0,13064.0,2025-07-13T12:13:52.563936
2025-07-13,63127,2025071305005592,NIFRA,Pragyan Securities (PVT) Ltd.,Sumeru Securities Pvt. Ltd.,20,283.8,5676.0,2025-07-13T12:14:06.966978
2025-07-13,63103,2025071305005594,NIFRA,Pragyan Securities (PVT) Ltd.,Kalika Securities Pvt. Ltd.,10,283.8,2838.0,2025-07-13T12:14:10.971308
2025-07-13,63069,2025071305005597,NIFRA,Dipshikha Dhitopatra Karobar Co. Pvt Ltd.,Dynamic Money Managers Securities Pvt. Ltd.,46,283.9,13059.4,2025-07-13T12:14:18.73982
2025-07-13,63068,2025071305005598,NIFRA,Pragyan Securities (PVT) Ltd.,Dynamic Money Managers Securities Pvt. Ltd.,18,283.8,5108.4,2025-07-13T12:14:18.740139
2025-07-13,62952,2025071305005612,NIFRA,Linch Stock Market Ltd.,NIMB Stock Markets Limited,300,283.9,85170.0,2025-07-13T12:14:37.355358
2025-07-13,62951,2025071305005613,NIFRA,Pragyan Securities (PVT) Ltd.,NIMB Stock Markets Limited,252,283.8,71517.6,2025-07-13T12:14:37.355663
2025-07-13,62950,2025071305005614,NIFRA,Online Securities Pvt. Ltd.,NIMB Stock Markets Limited,248,283.8,70382.4,2025-07-13T12:14:37.355803
2025-07-13,62544,2025071305005649,NIFRA,Sani Securities Company Ltd.,Bhrikuti Stock Broking Co. Pvt. Ltd.,64,284.0,18176.0,2025-07-13T12:15:24.130631
2025-07-13,62543,2025071305005650,NIFRA,Sani Securities Company Ltd.,Trisul Securities & Invt. Ltd.,16,284.0,4544.0,2025-07-13T12:15:24.13097
2025-07-13,62190,2025071305005701,NIFRA,Naasa Securities Co. Ltd.,Trisul Securities & Invt. Ltd.,12,284.0,3408.0,2025-07-13T12:16:14.759509
2025-07-13,62146,2025071305005706,NIFRA,Magnet Securities and Investment Company Private Limited,Trisul Securities & Invt. Ltd.,26,284.0,7384.0,2025-07-13T12:16:21.814759
2025-07-13,61750,2025071305005754,NIFRA,Property Wiard Limited,Opal Securities Investment (PVT) Ltd.,20,284.1,5682.0,2025-07-13T12:17:44.734554
2025-07-13,61749,2025071305005755,NIFRA,Magnet Securities and Investment Company Private Limited,Opal Securities Investment (PVT) Ltd.,44,284.0,12496.0,2025-07-13T12:17:44.735147
2025-07-13,61663,2025071305005758,NIFRA,Magnet Securities and Investment Company Private Limited,Sajilo Broker Limited,100,284.0,28400.0,2025-07-13T12:17:58.515328
2025-07-13,61477,2025071305005780,NIFRA,Market Securities & Exchange (PVT) Ltd.,Sundhara Securities Limited,184,284.7,52384.8,2025-07-13T12:18:46.23146
2025-07-13,61476,2025071305005781,NIFRA,Market Securities & Exchange (PVT) Ltd.,Naasa Securities Co. Ltd.,54,284.7,15373.8,2025-07-13T12:18:46.23177
2025-07-13,61218,2025071305005820,NIFRA,Market Securities & Exchange (PVT) Ltd.,Online Securities Pvt. Ltd.,11,285.0,3135.0,2025-07-13T12:19:27.366369
2025-07-13,61217,2025071305005821,NIFRA,Market Securities & Exchange (PVT) Ltd.,Ashutosh Brokerage & Securities (PVT) Ltd.,54,285.0,15390.0,2025-07-13T12:19:27.366669
2025-07-13,61216,2025071305005822,NIFRA,Market Securities & Exchange (PVT) Ltd.,Trishakti Securities Public Limited,54,285.0,15390.0,2025-07-13T12:19:27.366893
2025-07-13,61215,2025071305005823,NIFRA,Market Securities & Exchange (PVT) Ltd.,Imperial Securities Company Pvt. Ltd.,500,285.0,142500.0,2025-07-13T12:19:27.36708
2025-07-13,61214,2025071305005824,NIFRA,Market Securities & Exchange (PVT) Ltd.,Trishakti Securities Public Limited,10,285.0,2850.0,2025-07-13T12:19:27.36727
2025-07-13,61213,2025071305005825,NIFRA,Market Securities & Exchange (PVT) Ltd.,Kohinoor Investment & Securities Pvt. Ltd.,500,285.0,142500.0,2025-07-13T12:19:27.367482
2025-07-13,61212,2025071305005826,NIFRA,Market Securities & Exchange (PVT) Ltd.,Sewa Securities Pvt. Ltd.,10,285.0,2850.0,2025-07-13T12:19:27.367688
2025-07-13,61211,2025071305005827,NIFRA,Market Securities & Exchange (PVT) Ltd.,Linch Stock Market Ltd.,122,285.0,34770.0,2025-07-13T12:19:27.367887
2025-07-13,61210,2025071305005828,NIFRA,Market Securities & Exchange (PVT) Ltd.,Siprabi Securities Pvt. Ltd.,100,285.0,28500.0,2025-07-13T12:19:27.368034
2025-07-13,61209,2025071305005829,NIFRA,Market Securities & Exchange (PVT) Ltd.,Sumeru Securities Pvt. Ltd.,118,285.0,33630.0,2025-07-13T12:19:27.368211
2025-07-13,61208,2025071305005830,NIFRA,Market Securities & Exchange (PVT) Ltd.,Siprabi Securities Pvt. Ltd.,54,285.0,15390.0,2025-07-13T12:19:27.368409
2025-07-13,61207,2025071305005831,NIFRA,Market Securities & Exchange (PVT) Ltd.,Sri Hari Securities Pvt. Ltd.,54,285.0,15390.0,2025-07-13T12:19:27.36858
2025-07-13,61206,2025071305005832,NIFRA,Market Securities & Exchange (PVT) Ltd.,Kalika Securities Pvt. Ltd.,64,285.0,18240.0,2025-07-13T12:19:27.368726
2025-07-13,61205,2025071305005833,NIFRA,Market Securities & Exchange (PVT) Ltd.,Sipla Securities Private Limited,64,285.0,18240.0,2025-07-13T12:19:27.368908
2025-07-13,61204,2025071305005834,NIFRA,Market Securities & Exchange (PVT) Ltd.,Kalika Securities Pvt. Ltd.,20,285.0,5700.0,2025-07-13T12:19:27.369062
2025-07-13,61203,2025071305005835,NIFRA,Market Securities & Exchange (PVT) Ltd.,Sundhara Securities Limited,54,285.0,15390.0,2025-07-13T12:19:27.369234
2025-07-13,61096,2025071305005846,NIFRA,Market Securities & Exchange (PVT) Ltd.,Nepal Investment And Securities Trading Private Limited,61,285.0,17385.0,2025-07-13T12:19:44.798077
2025-07-13,61095,2025071305005847,NIFRA,Nepal Stock House (PVT) Ltd.,Nepal Investment And Securities Trading Private Limited,189,285.0,53865.0,2025-07-13T12:19:44.798409
2025-07-13,60922,2025071305005879,NIFRA,Nepal Stock House (PVT) Ltd.,Thrive Brokerage House Pvt. Ltd,54,285.0,15390.0,2025-07-13T12:20:01.494803
2025-07-13,60858,2025071305005883,NIFRA,Nepal Stock House (PVT) Ltd.,Thrive Brokerage House Pvt. Ltd,57,285.0,16245.0,2025-07-13T12:20:11.629062
2025-07-13,60857,2025071305005884,NIFRA,Sundhara Securities Limited,Thrive Brokerage House Pvt. Ltd,200,285.0,57000.0,2025-07-13T12:20:11.629394
2025-07-13,60659,2025071305005912,NIFRA,Market Securities & Exchange (PVT) Ltd.,Sundhara Securities Limited,64,284.7,18220.8,2025-07-13T12:20:40.620388
2025-07-13,60582,2025071305005928,NIFRA,Sani Securities Company Ltd.,Stoxkarts Securities Limited,16,284.9,4558.4,2025-07-13T12:20:49.984848
2025-07-13,60573,2025071305005929,NIFRA,Market Securities & Exchange (PVT) Ltd.,Thrive Brokerage House Pvt. Ltd,73,284.7,20783.1,2025-07-13T12:20:50.845354
2025-07-13,60572,2025071305005930,NIFRA,J.F. Securites (PVT) Ltd.,Thrive Brokerage House Pvt. Ltd,100,284.1,28410.0,2025-07-13T12:20:50.845907
2025-07-13,60571,2025071305005931,NIFRA,Magnet Securities and Investment Company Private Limited,Thrive Brokerage House Pvt. Ltd,830,284.0,235720.0,2025-07-13T12:20:50.846268
2025-07-13,60570,2025071305005932,NIFRA,Deevyaa Securities & Stock House Pvt. Ltd,Thrive Brokerage House Pvt. Ltd,70,284.0,19880.0,2025-07-13T12:20:50.846654
2025-07-13,60569,2025071305005933,NIFRA,Naasa Securities Co. Ltd.,Thrive Brokerage House Pvt. Ltd,22,284.0,6248.0,2025-07-13T12:20:50.847008
2025-07-13,60439,2025071305005940,NIFRA,Online Securities Pvt. Ltd.,Dipshikha Dhitopatra Karobar Co. Pvt Ltd.,333,283.8,94505.4,2025-07-13T12:21:12.92596
2025-07-13,60438,2025071305005941,NIFRA,Trisul Securities & Invt. Ltd.,Dipshikha Dhitopatra Karobar Co. Pvt Ltd.,150,283.8,42570.0,2025-07-13T12:21:12.926015
2025-07-13,60437,2025071305005942,NIFRA,Dakshinkali Investment & Securities Pvt. Ltd.,Dipshikha Dhitopatra Karobar Co. Pvt Ltd.,500,283.7,141850.0,2025-07-13T12:21:12.926044
2025-07-13,60436,2025071305005943,NIFRA,Online Securities Pvt. Ltd.,Dipshikha Dhitopatra Karobar Co. Pvt Ltd.,17,283.6,4821.2,2025-07-13T12:21:12.926072
2025-07-13,59882,2025071305006016,NIFRA,Kumari Securities Private Limited,Thrive Brokerage House Pvt. Ltd,400,284.0,113600.0,2025-07-13T12:22:50.872292
2025-07-13,59861,2025071305006021,NIFRA,Online Securities Pvt. Ltd.,Dipshikha Dhitopatra Karobar Co. Pvt Ltd.,29,283.6,8224.4,2025-07-13T12:22:54.630272
2025-07-13,59860,2025071305006022,NIFRA,Dynamic Money Managers Securities Pvt. Ltd.,Dipshikha Dhitopatra Karobar Co. Pvt Ltd.,25,283.6,7090.0,2025-07-13T12:22:54.6306
2025-07-13,58884,2025071305006126,NIFRA,Kumari Securities Private Limited,Thrive Brokerage House Pvt. Ltd,248,284.0,70432.0,2025-07-13T12:25:15.236192
2025-07-13,58883,2025071305006127,NIFRA,Kumari Securities Private Limited,Aryatara Investment & Securities,54,284.0,15336.0,2025-07-13T12:25:15.236602
2025-07-13,58609,2025071305006150,NIFRA,ABC Securities Private Limited,Stoxkarts Securities Limited,484,284.9,137891.6,2025-07-13T12:25:55.468834
2025-07-13,58250,2025071305006187,NIFRA,Thrive Brokerage House Pvt. Ltd,Sri Hari Securities Pvt. Ltd.,10,285.0,2850.0,2025-07-13T12:26:57.769288
2025-07-13,58249,2025071305006188,NIFRA,Thrive Brokerage House Pvt. Ltd,SHUBHAKAMANA SECURITIES PVT. LTD,14,285.0,3990.0,2025-07-13T12:26:57.769385
2025-07-13,58248,2025071305006189,NIFRA,Thrive Brokerage House Pvt. Ltd,Aryatara Investment & Securities,64,285.0,18240.0,2025-07-13T12:26:57.769412
2025-07-13,58247,2025071305006190,NIFRA,Thrive Brokerage House Pvt. Ltd,Sanima Securities Limited,64,285.1,18246.4,2025-07-13T12:26:57.769439
2025-07-13,58246,2025071305006191,NIFRA,Thrive Brokerage House Pvt. Ltd,Premier Securities Company Ltd.,54,285.1,15395.4,2025-07-13T12:26:57.769467
2025-07-13,58245,2025071305006192,NIFRA,Thrive Brokerage House Pvt. Ltd,Vision Securities Pvt. Ltd,294,285.1,83819.4,2025-07-13T12:26:57.769516
2025-07-13,58141,2025071305006199,NIFRA,ABC Securities Private Limited,Sundhara Securities Limited,16,284.9,4558.4,2025-07-13T12:27:11.673755
2025-07-13,58118,2025071305006207,NIFRA,Neev Securities Pvt. Ltd.,Sundhara Securities Limited,48,284.9,13675.2,2025-07-13T12:27:16.697466
2025-07-13,57917,2025071305006221,NIFRA,Vision Securities Pvt. Ltd,Vision Securities Pvt. Ltd,1000,285.1,285100.0,2025-07-13T12:27:43.49591
2025-07-13,57759,2025071305006235,NIFRA,Miyo Securities Pvt Ltd,Ashutosh Brokerage & Securities (PVT) Ltd.,54,285.0,15390.0,2025-07-13T12:28:01.312025
2025-07-13,57650,2025071305006240,NIFRA,Miyo Securities Pvt Ltd,Dipshikha Dhitopatra Karobar Co. Pvt Ltd.,54,285.0,15390.0,2025-07-13T12:28:09.838418
2025-07-13,57552,2025071305006245,NIFRA,Dynamic Money Managers Securities Pvt. Ltd.,Vision Securities Pvt. Ltd,130,285.1,37063.0,2025-07-13T12:28:19.12303
2025-07-13,57492,2025071305006250,NIFRA,Miyo Securities Pvt Ltd,Opal Securities Investment (PVT) Ltd.,54,285.0,15390.0,2025-07-13T12:28:27.302905
2025-07-13,57439,2025071305006252,NIFRA,Vision Securities Pvt. Ltd,Vision Securities Pvt. Ltd,1000,285.1,285100.0,2025-07-13T12:28:32.982269
2025-07-13,57322,2025071305006263,NIFRA,Miyo Securities Pvt Ltd,Deevyaa Securities & Stock House Pvt. Ltd,50,285.0,14250.0,2025-07-13T12:28:48.264255
2025-07-13,57315,2025071305006267,NIFRA,Miyo Securities Pvt Ltd,Imperial Securities Company Pvt. Ltd.,54,285.0,15390.0,2025-07-13T12:28:49.184574
2025-07-13,57307,2025071305006269,NIFRA,Miyo Securities Pvt Ltd,MILKY WAY SHARE BROKER COMPANY LTD ,2734,285.0,779190.0,2025-07-13T12:28:50.461979
2025-07-13,57306,2025071305006270,NIFRA,Bhrikuti Stock Broking Co. Pvt. Ltd.,MILKY WAY SHARE BROKER COMPANY LTD ,100,285.0,28500.0,2025-07-13T12:28:50.50046
2025-07-13,57111,2025071305006291,NIFRA,Neev Securities Pvt. Ltd.,Kalika Securities Pvt. Ltd.,452,284.9,128774.8,2025-07-13T12:29:18.991368
2025-07-13,56964,2025071305006314,NIFRA,Sani Securities Company Ltd.,Kalika Securities Pvt. Ltd.,1148,284.9,327065.2,2025-07-13T12:29:37.186885
2025-07-13,56963,2025071305006315,NIFRA,Sani Securities Company Ltd.,MILKY WAY SHARE BROKER COMPANY LTD ,166,285.0,47310.0,2025-07-13T12:29:37.18719
2025-07-13,56962,2025071305006316,NIFRA,Sani Securities Company Ltd.,Imperial Securities Company Pvt. Ltd.,54,285.0,15390.0,2025-07-13T12:29:37.187328
2025-07-13,56961,2025071305006317,NIFRA,Sani Securities Company Ltd.,Linch Stock Market Ltd.,28,285.0,7980.0,2025-07-13T12:29:37.187462
2025-07-13,56942,2025071305006319,NIFRA,Sani Securities Company Ltd.,Shree Krishna Securities Ltd.,64,285.0,18240.0,2025-07-13T12:29:40.560841
2025-07-13,56734,2025071305006349,NIFRA,Sani Securities Company Ltd.,Kumari Securities Private Limited,3540,285.0,1008900.0,2025-07-13T12:30:07.651782
2025-07-13,56695,2025071305006350,NIFRA,Nepal Stock House (PVT) Ltd.,Kumari Securities Private Limited,460,285.0,131100.0,2025-07-13T12:30:13.334556
2025-07-13,56434,2025071305006410,NIFRA,Naasa Securities Co. Ltd.,Vision Securities Pvt. Ltd,76,285.1,21667.6,2025-07-13T12:30:44.997386
2025-07-13,56305,2025071305006434,NIFRA,Kumari Securities Private Limited,Naasa Securities Co. Ltd.,54,285.4,15411.6,2025-07-13T12:31:12.287583
2025-07-13,56264,2025071305006439,NIFRA,Kumari Securities Private Limited,Sundhara Securities Limited,54,285.4,15411.6,2025-07-13T12:31:18.96227
2025-07-13,56199,2025071305006446,NIFRA,Kumari Securities Private Limited,Midas Stock Broking Company Private Limited,90,285.4,25686.0,2025-07-13T12:31:29.869554
2025-07-13,56198,2025071305006447,NIFRA,Nepal Stock House (PVT) Ltd.,Midas Stock Broking Company Private Limited,40,285.0,11400.0,2025-07-13T12:31:29.869892
2025-07-13,56197,2025071305006448,NIFRA,Kalika Securities Pvt. Ltd.,Midas Stock Broking Company Private Limited,70,285.0,19950.0,2025-07-13T12:31:29.870032
2025-07-13,55862,2025071305006473,NIFRA,Kalika Securities Pvt. Ltd.,Sundhara Securities Limited,50,285.0,14250.0,2025-07-13T12:32:12.43992
2025-07-13,55839,2025071305006476,NIFRA,Naasa Securities Co. Ltd.,Kohinoor Investment & Securities Pvt. Ltd.,10,285.0,2850.0,2025-07-13T12:32:16.086518
2025-07-13,55776,2025071305006483,NIFRA,Naasa Securities Co. Ltd.,Asian Securities Private Ltd.,12,285.0,3420.0,2025-07-13T12:32:27.291667
2025-07-13,55641,2025071305006495,NIFRA,Opal Securities Investment (PVT) Ltd.,Bhrikuti Stock Broking Co. Pvt. Ltd.,54,285.0,15390.0,2025-07-13T12:32:50.216386
2025-07-13,55530,2025071305006531,NIFRA,Opal Securities Investment (PVT) Ltd.,Thrive Brokerage House Pvt. Ltd,300,285.0,85500.0,2025-07-13T12:33:05.80495
2025-07-13,55312,2025071305006560,NIFRA,Opal Securities Investment (PVT) Ltd.,Kumari Securities Private Limited,99,285.0,28215.0,2025-07-13T12:33:34.682102
2025-07-13,55001,2025071305006599,NIFRA,Opal Securities Investment (PVT) Ltd.,Sani Securities Company Ltd.,40,285.0,11400.0,2025-07-13T12:34:12.032486
2025-07-13,54964,2025071305006601,NIFRA,Opal Securities Investment (PVT) Ltd.,Deevyaa Securities & Stock House Pvt. Ltd,407,285.0,115995.0,2025-07-13T12:34:15.987254
2025-07-13,54963,2025071305006602,NIFRA,Nepal Investment And Securities Trading Private Limited,Deevyaa Securities & Stock House Pvt. Ltd,43,285.0,12255.0,2025-07-13T12:34:15.9876
2025-07-13,54739,2025071305006616,NIFRA,Naasa Securities Co. Ltd.,ABC Securities Private Limited,50,285.6,14280.0,2025-07-13T12:34:45.512432
2025-07-13,54615,2025071305006625,NIFRA,Naasa Securities Co. Ltd.,Deevyaa Securities & Stock House Pvt. Ltd,25,285.5,7137.5,2025-07-13T12:35:01.210919
2025-07-13,54584,2025071305006631,NIFRA,Imperial Securities Company Pvt. Ltd.,ABC Securities Private Limited,14,285.6,3998.4,2025-07-13T12:35:03.512139
2025-07-13,54583,2025071305006632,NIFRA,Imperial Securities Company Pvt. Ltd.,Naasa Securities Co. Ltd.,108,285.7,30855.6,2025-07-13T12:35:03.512504
2025-07-13,54431,2025071305006663,NIFRA,Naasa Securities Co. Ltd.,Sundhara Securities Limited,64,285.5,18272.0,2025-07-13T12:35:23.654333
2025-07-13,54067,2025071305006710,NIFRA,Naasa Securities Co. Ltd.,Naasa Securities Co. Ltd.,220,285.5,62810.0,2025-07-13T12:36:13.652386
2025-07-13,54055,2025071305006711,NIFRA,South Asian Bulls Pvt. Ltd.,Naasa Securities Co. Ltd.,92,285.7,26284.4,2025-07-13T12:36:14.054462
