Date,S.N.,contract_id,symbol,buyer_broker,seller_broker,volume,price,amount,transaction_time
2025-07-13,105345,2025071303000021,NLICL,Cristal Kanchanjanga Securites Pvt. Ltd.,Sumeru Securities Pvt. Ltd.,10,632.0,6320.0,2025-07-13T10:46:00.021317
2025-07-13,105344,2025071303000022,NLICL,Kumari Securities Private Limited,Sumeru Securities Pvt. Ltd.,40,632.0,25280.0,2025-07-13T10:46:00.021354
2025-07-13,104741,2025071303000191,NLICL,Kumari Securities Private Limited,Agrawal Securities (PVT) Ltd.,460,632.6,290996.0,2025-07-13T10:46:00.218542
2025-07-13,99091,2025071303001468,NLICL,Sani Securities Company Ltd.,Agrawal Securities (PVT) Ltd.,16,632.0,10112.0,2025-07-13T11:04:16.120002
2025-07-13,95674,2025071303002412,NLICL,Cristal Kanchanjanga Securites Pvt. Ltd.,Sharepro Securities Private Limited,100,630.0,63000.0,2025-07-13T11:07:31.872961
2025-07-13,95044,2025071303002589,NLICL,Cristal Kanchanjanga Securites Pvt. Ltd.,Sri Hari Securities Pvt. Ltd.,100,629.0,62900.0,2025-07-13T11:08:16.05716
2025-07-13,94684,2025071303002685,NLICL,Dipshikha Dhitopatra Karobar Co. Pvt Ltd.,Dipshikha Dhitopatra Karobar Co. Pvt Ltd.,6450,622.3,4013835.0,2025-07-13T11:08:43.89935
2025-07-13,92832,2025071303003132,NLICL,Miyo Securities Pvt Ltd,Sewa Securities Pvt. Ltd.,1000,629.0,629000.0,2025-07-13T11:11:25.173536
2025-07-13,92831,2025071303003133,NLICL,Miyo Securities Pvt Ltd,Bhrikuti Stock Broking Co. Pvt. Ltd.,1000,630.0,630000.0,2025-07-13T11:11:25.173675
2025-07-13,92830,2025071303003134,NLICL,Miyo Securities Pvt Ltd,Aryatara Investment & Securities,10,631.0,6310.0,2025-07-13T11:11:25.173779
2025-07-13,89171,2025071303003915,NLICL,Siprabi Securities Pvt. Ltd.,Linch Stock Market Ltd.,58,630.0,36540.0,2025-07-13T11:17:11.904168
2025-07-13,89077,2025071303003948,NLICL,Naasa Securities Co. Ltd.,Linch Stock Market Ltd.,75,630.0,47250.0,2025-07-13T11:17:20.21128
2025-07-13,87804,2025071303004243,NLICL,Siprabi Securities Pvt. Ltd.,ABC Securities Private Limited,50,627.0,31350.0,2025-07-13T11:19:18.044876
2025-07-13,87598,2025071303004294,NLICL,Naasa Securities Co. Ltd.,ABC Securities Private Limited,100,623.0,62300.0,2025-07-13T11:19:36.207477
2025-07-13,87597,2025071303004295,NLICL,Dipshikha Dhitopatra Karobar Co. Pvt Ltd.,ABC Securities Private Limited,100,622.3,62230.0,2025-07-13T11:19:36.207562
2025-07-13,87596,2025071303004296,NLICL,Sumeru Securities Pvt. Ltd.,ABC Securities Private Limited,100,622.2,62220.0,2025-07-13T11:19:36.207597
2025-07-13,87595,2025071303004297,NLICL,Sanima Securities Limited,ABC Securities Private Limited,1700,622.1,1057570.0,2025-07-13T11:19:36.207662
2025-07-13,87546,2025071303004314,NLICL,Sundhara Securities Limited,ABC Securities Private Limited,700,627.0,438900.0,2025-07-13T11:19:43.028397
2025-07-13,80431,2025071303005968,NLICL,Aryatara Investment & Securities,Shree Krishna Securities Ltd.,25,627.0,15675.0,2025-07-13T11:30:52.384321
2025-07-13,73258,2025071303007651,NLICL,Aryatara Investment & Securities,Sharepro Securities Private Limited,32,625.9,20028.8,2025-07-13T11:44:48.322864
2025-07-13,72729,2025071303007759,NLICL,Online Securities Pvt. Ltd.,SHUBHAKAMANA SECURITIES PVT. LTD,250,622.2,155550.0,2025-07-13T11:46:24.953988
2025-07-13,72728,2025071303007760,NLICL,Sanima Securities Limited,SHUBHAKAMANA SECURITIES PVT. LTD,300,622.1,186630.0,2025-07-13T11:46:24.954087
2025-07-13,72727,2025071303007761,NLICL,Cristal Kanchanjanga Securites Pvt. Ltd.,SHUBHAKAMANA SECURITIES PVT. LTD,100,622.0,62200.0,2025-07-13T11:46:24.954144
2025-07-13,72726,2025071303007762,NLICL,Kumari Securities Private Limited,SHUBHAKAMANA SECURITIES PVT. LTD,160,622.0,99520.0,2025-07-13T11:46:24.95418
2025-07-13,71661,2025071303007921,NLICL,Dakshinkali Investment & Securities Pvt. Ltd.,SHUBHAKAMANA SECURITIES PVT. LTD,50,622.0,31100.0,2025-07-13T11:49:05.874421
2025-07-13,68202,2025071303008587,NLICL,Sundhara Securities Limited,Cristal Kanchanjanga Securites Pvt. Ltd.,60,623.8,37428.0,2025-07-13T11:59:10.199491
2025-07-13,68139,2025071303008595,NLICL,Sundhara Securities Limited,SHUBHAKAMANA SECURITIES PVT. LTD,10,624.0,6240.0,2025-07-13T11:59:19.235658
2025-07-13,68112,2025071303008599,NLICL,Sundhara Securities Limited,ABC Securities Private Limited,500,625.0,312500.0,2025-07-13T11:59:27.289891
2025-07-13,67662,2025071303008692,NLICL,Shree Krishna Securities Ltd.,Premier Securities Company Ltd.,13,624.0,8112.0,2025-07-13T12:00:32.465931
2025-07-13,67661,2025071303008693,NLICL,Shree Krishna Securities Ltd.,Sharepro Securities Private Limited,10,625.9,6259.0,2025-07-13T12:00:32.466048
2025-07-13,65436,2025071303009178,NLICL,SUN SECURITIES PVT LTD,SHUBHAKAMANA SECURITIES PVT. LTD,2000,625.8,1251600.0,2025-07-13T12:07:15.929534
2025-07-13,64837,2025071303009287,NLICL,Vision Securities Pvt. Ltd,Sharepro Securities Private Limited,200,625.9,125180.0,2025-07-13T12:09:02.653866
2025-07-13,64712,2025071303009289,NLICL,Dipshikha Dhitopatra Karobar Co. Pvt Ltd.,Ashutosh Brokerage & Securities (PVT) Ltd.,125,621.1,77637.5,2025-07-13T12:09:13.991508
2025-07-13,64485,2025071303009325,NLICL,Shree Krishna Securities Ltd.,SHUBHAKAMANA SECURITIES PVT. LTD,10,625.8,6258.0,2025-07-13T12:09:44.274959
2025-07-13,64320,2025071303009370,NLICL,Malla & Malla Stock Broking Company Pvt. Limited,ABC Securities Private Limited,100,622.0,62200.0,2025-07-13T12:10:17.93707
2025-07-13,64092,2025071303009415,NLICL,Dipshikha Dhitopatra Karobar Co. Pvt Ltd.,ABC Securities Private Limited,175,622.0,108850.0,2025-07-13T12:10:59.710751
2025-07-13,63839,2025071303009484,NLICL,Sumeru Securities Pvt. Ltd.,ABC Securities Private Limited,100,622.0,62200.0,2025-07-13T12:11:59.180082
2025-07-13,63607,2025071303009544,NLICL,Sundhara Securities Limited,ABC Securities Private Limited,125,622.0,77750.0,2025-07-13T12:12:44.294125
2025-07-13,63307,2025071303009598,NLICL,Shree Krishna Securities Ltd.,Sumeru Securities Pvt. Ltd.,197,625.0,123125.0,2025-07-13T12:13:32.471264
2025-07-13,63236,2025071303009627,NLICL,SUN SECURITIES PVT LTD,SHUBHAKAMANA SECURITIES PVT. LTD,660,625.8,413028.0,2025-07-13T12:13:49.094912
2025-07-13,63235,2025071303009628,NLICL,SUN SECURITIES PVT LTD,Sharepro Securities Private Limited,79,625.9,49446.1,2025-07-13T12:13:49.095001
2025-07-13,63234,2025071303009629,NLICL,SUN SECURITIES PVT LTD,Miyo Securities Pvt Ltd,1072,626.0,671072.0,2025-07-13T12:13:49.095058
2025-07-13,62981,2025071303009697,NLICL,Shree Krishna Securities Ltd.,Online Securities Pvt. Ltd.,10,627.0,6270.0,2025-07-13T12:14:31.855469
2025-07-13,59804,2025071303010292,NLICL,SUN SECURITIES PVT LTD,Online Securities Pvt. Ltd.,600,626.0,375600.0,2025-07-13T12:23:05.882493
2025-07-13,59696,2025071303010304,NLICL,SUN SECURITIES PVT LTD,Online Securities Pvt. Ltd.,589,626.0,368714.0,2025-07-13T12:23:18.004194
2025-07-13,58157,2025071303010598,NLICL,Oxford Securities Pvt. Ltd.,Online Securities Pvt. Ltd.,100,623.2,62320.0,2025-07-13T12:27:09.271945
2025-07-13,58156,2025071303010599,NLICL,Sharepro Securities Private Limited,Online Securities Pvt. Ltd.,1311,623.1,816884.1,2025-07-13T12:27:09.272047
2025-07-13,58109,2025071303010603,NLICL,Sharepro Securities Private Limited,Online Securities Pvt. Ltd.,1689,623.1,1052415.9,2025-07-13T12:27:18.382071
2025-07-13,58108,2025071303010604,NLICL,Sundhara Securities Limited,Online Securities Pvt. Ltd.,3311,623.0,2062753.0,2025-07-13T12:27:18.382154
2025-07-13,57958,2025071303010638,NLICL,Sundhara Securities Limited,Online Securities Pvt. Ltd.,3000,623.0,1869000.0,2025-07-13T12:27:38.824085
2025-07-13,55350,2025071303011220,NLICL,Sri Hari Securities Pvt. Ltd.,Malla & Malla Stock Broking Company Pvt. Limited,100,625.0,62500.0,2025-07-13T12:33:28.279608
2025-07-13,53981,2025071303011460,NLICL,Naasa Securities Co. Ltd.,Thrive Brokerage House Pvt. Ltd,25,625.0,15625.0,2025-07-13T12:36:17.082354
2025-07-13,53330,2025071303011621,NLICL,Sumeru Securities Pvt. Ltd.,Thrive Brokerage House Pvt. Ltd,25,625.0,15625.0,2025-07-13T12:37:56.914963
2025-07-13,53329,2025071303011622,NLICL,Sumeru Securities Pvt. Ltd.,J.F. Securites (PVT) Ltd.,33,626.0,20658.0,2025-07-13T12:37:56.915063
2025-07-13,52139,2025071303011852,NLICL,Online Securities Pvt. Ltd.,J.F. Securites (PVT) Ltd.,100,626.0,62600.0,2025-07-13T12:40:50.426426
2025-07-13,50508,2025071303012178,NLICL,Primo Securities (PVT) Ltd.,Miyo Securities Pvt Ltd,100,623.9,62390.0,2025-07-13T12:45:05.424636
2025-07-13,50507,2025071303012179,NLICL,Sharepro Securities Private Limited,Miyo Securities Pvt Ltd,3000,623.1,1869300.0,2025-07-13T12:45:05.424687
2025-07-13,50506,2025071303012180,NLICL,Sundhara Securities Limited,Miyo Securities Pvt Ltd,7900,623.0,4921700.0,2025-07-13T12:45:05.424724
2025-07-13,50466,2025071303012192,NLICL,Sundhara Securities Limited,Online Securities Pvt. Ltd.,664,623.0,413672.0,2025-07-13T12:45:17.942278
2025-07-13,50439,2025071303012208,NLICL,Dynamic Money Managers Securities Pvt. Ltd.,BHOLE GANESH SECURITIES LTD,60,620.6,37236.0,2025-07-13T12:45:22.534548
2025-07-13,50438,2025071303012209,NLICL,J.F. Securites (PVT) Ltd.,BHOLE GANESH SECURITIES LTD,20,620.4,12408.0,2025-07-13T12:45:22.534645
2025-07-13,50437,2025071303012210,NLICL,Sanima Securities Limited,BHOLE GANESH SECURITIES LTD,1000,620.4,620400.0,2025-07-13T12:45:22.534724
2025-07-13,50436,2025071303012211,NLICL,Sharepro Securities Private Limited,BHOLE GANESH SECURITIES LTD,1920,620.1,1190592.0,2025-07-13T12:45:22.534799
2025-07-13,50418,2025071303012217,NLICL,Sundhara Securities Limited,Online Securities Pvt. Ltd.,4336,623.0,2701328.0,2025-07-13T12:45:30.238724
2025-07-13,50350,2025071303012236,NLICL,Sundhara Securities Limited,BHOLE GANESH SECURITIES LTD,664,624.0,414336.0,2025-07-13T12:45:38.578573
2025-07-13,50349,2025071303012237,NLICL,Sharepro Securities Private Limited,BHOLE GANESH SECURITIES LTD,336,620.1,208353.6,2025-07-13T12:45:38.578617
2025-07-13,49319,2025071303012465,NLICL,Dynamic Money Managers Securities Pvt. Ltd.,Nabil Stock Dealer Ltd.,200,620.2,124040.0,2025-07-13T12:48:22.326826
2025-07-13,49318,2025071303012466,NLICL,Sharepro Securities Private Limited,Nabil Stock Dealer Ltd.,103,620.1,63870.3,2025-07-13T12:48:22.326875
2025-07-13,46428,2025071303013051,NLICL,Sharepro Securities Private Limited,SHUBHAKAMANA SECURITIES PVT. LTD,3000,623.0,1869000.0,2025-07-13T12:56:17.764086
2025-07-13,45928,2025071303013156,NLICL,Online Securities Pvt. Ltd.,Dakshinkali Investment & Securities Pvt. Ltd.,10,625.0,6250.0,2025-07-13T12:57:58.972125
2025-07-13,45595,2025071303013228,NLICL,Kohinoor Investment & Securities Pvt. Ltd.,Market Securities & Exchange (PVT) Ltd.,11,619.0,6809.0,2025-07-13T12:59:01.851442
2025-07-13,44022,2025071303013650,NLICL,Sri Hari Securities Pvt. Ltd.,Sumeru Securities Pvt. Ltd.,17,619.2,10526.4,2025-07-13T13:04:06.18257
2025-07-13,40296,2025071303014419,NLICL,Sharepro Securities Private Limited,ABC Securities Private Limited,641,620.0,397420.0,2025-07-13T13:15:08.660072
2025-07-13,40295,2025071303014420,NLICL,J.F. Securites (PVT) Ltd.,ABC Securities Private Limited,10,619.3,6193.0,2025-07-13T13:15:08.660183
2025-07-13,40294,2025071303014421,NLICL,Sri Hari Securities Pvt. Ltd.,ABC Securities Private Limited,83,619.2,51393.6,2025-07-13T13:15:08.660237
2025-07-13,40293,2025071303014422,NLICL,Imperial Securities Company Pvt. Ltd.,ABC Securities Private Limited,10,619.2,6192.0,2025-07-13T13:15:08.660292
2025-07-13,40292,2025071303014423,NLICL,Creative Securities Pvt Ltd,ABC Securities Private Limited,100,619.1,61910.0,2025-07-13T13:15:08.660338
2025-07-13,40291,2025071303014424,NLICL,Kohinoor Investment & Securities Pvt. Ltd.,ABC Securities Private Limited,39,619.0,24141.0,2025-07-13T13:15:08.660375
2025-07-13,40290,2025071303014425,NLICL,Naasa Securities Co. Ltd.,ABC Securities Private Limited,10,619.0,6190.0,2025-07-13T13:15:08.660417
2025-07-13,40289,2025071303014426,NLICL,Online Securities Pvt. Ltd.,ABC Securities Private Limited,100,619.0,61900.0,2025-07-13T13:15:08.660455
2025-07-13,40288,2025071303014427,NLICL,Aryatara Investment & Securities,ABC Securities Private Limited,500,619.0,309500.0,2025-07-13T13:15:08.660494
2025-07-13,40287,2025071303014428,NLICL,Vision Securities Pvt. Ltd,ABC Securities Private Limited,62,619.0,38378.0,2025-07-13T13:15:08.660532
2025-07-13,40286,2025071303014429,NLICL,MILKY WAY SHARE BROKER COMPANY LTD ,ABC Securities Private Limited,60,619.0,37140.0,2025-07-13T13:15:08.660585
2025-07-13,40285,2025071303014430,NLICL,Primo Securities (PVT) Ltd.,ABC Securities Private Limited,100,618.09,61809.0,2025-07-13T13:15:08.660628
2025-07-13,39409,2025071303014648,NLICL,Miyo Securities Pvt Ltd,ABC Securities Private Limited,285,623.0,177555.0,2025-07-13T13:17:55.705757
2025-07-13,39408,2025071303014649,NLICL,Miyo Securities Pvt Ltd,ABC Securities Private Limited,500,624.0,312000.0,2025-07-13T13:17:55.705822
2025-07-13,39407,2025071303014650,NLICL,Miyo Securities Pvt Ltd,Dakshinkali Investment & Securities Pvt. Ltd.,215,625.0,134375.0,2025-07-13T13:17:55.705852
2025-07-13,37380,2025071303015058,NLICL,Secured Securities Ltd.,N.M.B. SECURITIES LIMITED,190,623.0,118370.0,2025-07-13T13:24:39.814093
2025-07-13,36454,2025071303015235,NLICL,Asian Securities Private Ltd.,ABC Securities Private Limited,10,624.0,6240.0,2025-07-13T13:27:34.413082
2025-07-13,36118,2025071303015296,NLICL,Naasa Securities Co. Ltd.,ABC Securities Private Limited,10,624.0,6240.0,2025-07-13T13:28:27.586494
2025-07-13,32444,2025071303015977,NLICL,Sharepro Securities Private Limited,ABC Securities Private Limited,1000,619.0,619000.0,2025-07-13T13:40:54.459107
2025-07-13,31812,2025071303016072,NLICL,Trisul Securities & Invt. Ltd.,ABC Securities Private Limited,100,619.1,61910.0,2025-07-13T13:43:03.91461
2025-07-13,31811,2025071303016073,NLICL,Oxford Securities Pvt. Ltd.,ABC Securities Private Limited,50,619.0,30950.0,2025-07-13T13:43:03.914757
2025-07-13,31810,2025071303016074,NLICL,Sharepro Securities Private Limited,ABC Securities Private Limited,1850,619.0,1145150.0,2025-07-13T13:43:03.914807
2025-07-13,24667,2025071303017253,NLICL,Sipla Securities Private Limited,Sipla Securities Private Limited,964,620.0,597680.0,2025-07-13T14:08:46.481529
2025-07-13,21878,2025071303017767,NLICL,Sharepro Securities Private Limited,Thrive Brokerage House Pvt. Ltd,150,620.5,93075.0,2025-07-13T14:17:33.424099
2025-07-13,21744,2025071303017804,NLICL,Sweta Securities Private Limited,Aryatara Investment & Securities,20,620.1,12402.0,2025-07-13T14:17:59.448274
2025-07-13,21743,2025071303017805,NLICL,Agrawal Securities (PVT) Ltd.,Aryatara Investment & Securities,180,620.0,111600.0,2025-07-13T14:17:59.448438
2025-07-13,21291,2025071303017908,NLICL,Agrawal Securities (PVT) Ltd.,Thrive Brokerage House Pvt. Ltd,83,620.0,51460.0,2025-07-13T14:19:14.978982
2025-07-13,21277,2025071303017910,NLICL,Agrawal Securities (PVT) Ltd.,Sumeru Securities Pvt. Ltd.,30,620.0,18600.0,2025-07-13T14:19:19.002489
2025-07-13,18656,2025071303018327,NLICL,Agrawal Securities (PVT) Ltd.,ABC Securities Private Limited,480,620.0,297600.0,2025-07-13T14:26:50.537221
2025-07-13,18550,2025071303018349,NLICL,Agrawal Securities (PVT) Ltd.,ABC Securities Private Limited,227,620.0,140740.0,2025-07-13T14:27:10.781658
2025-07-13,18240,2025071303018415,NLICL,ABC Securities Private Limited,ABC Securities Private Limited,273,619.2,169041.6,2025-07-13T14:27:58.630767
2025-07-13,18117,2025071303018425,NLICL,ABC Securities Private Limited,ABC Securities Private Limited,27,619.2,16718.4,2025-07-13T14:28:14.805985
2025-07-13,18116,2025071303018426,NLICL,Vision Securities Pvt. Ltd,ABC Securities Private Limited,473,619.0,292787.0,2025-07-13T14:28:14.806101
2025-07-13,14201,2025071303019117,NLICL,Vision Securities Pvt. Ltd,Online Securities Pvt. Ltd.,527,619.0,326213.0,2025-07-13T14:37:45.379003
2025-07-13,14200,2025071303019118,NLICL,Naasa Securities Co. Ltd.,Online Securities Pvt. Ltd.,111,619.0,68709.0,2025-07-13T14:37:45.379172
2025-07-13,11439,2025071303019597,NLICL,Primo Securities (PVT) Ltd.,Nepal Investment And Securities Trading Private Limited,70,618.9,43323.0,2025-07-13T14:44:23.406836
2025-07-13,11274,2025071303019657,NLICL,Dynamic Money Managers Securities Pvt. Ltd.,Nepal Investment And Securities Trading Private Limited,40,618.7,24748.0,2025-07-13T14:44:48.651255
2025-07-13,10853,2025071303019750,NLICL,Nepal Stock House (PVT) Ltd.,Nepal Investment And Securities Trading Private Limited,370,618.6,228882.0,2025-07-13T14:45:43.111564
2025-07-13,9741,2025071303020053,NLICL,Nepal Stock House (PVT) Ltd.,Market Securities & Exchange (PVT) Ltd.,100,618.6,61860.0,2025-07-13T14:47:55.117833
2025-07-13,7838,2025071303020437,NLICL,Agrawal Securities (PVT) Ltd.,Asian Securities Private Ltd.,100,619.0,61900.0,2025-07-13T14:51:27.334168
2025-07-13,7146,2025071303020576,NLICL,Sagarmatha Securities Private Limited,Online Securities Pvt. Ltd.,10,620.9,6209.0,2025-07-13T14:52:41.127817
2025-07-13,6142,2025071303020806,NLICL,Agrawal Securities (PVT) Ltd.,Naasa Securities Co. Ltd.,900,619.0,557100.0,2025-07-13T14:54:17.195758
2025-07-13,3548,2025071303021367,NLICL,Vision Securities Pvt. Ltd,Naasa Securities Co. Ltd.,100,619.0,61900.0,2025-07-13T14:57:36.808921
2025-07-13,3547,2025071303021368,NLICL,Vision Securities Pvt. Ltd,Asian Securities Private Ltd.,127,620.0,78740.0,2025-07-13T14:57:36.808967
2025-07-13,3546,2025071303021369,NLICL,Vision Securities Pvt. Ltd,N.M.B. SECURITIES LIMITED,10,622.0,6220.0,2025-07-13T14:57:36.809005
2025-07-13,3545,2025071303021370,NLICL,Vision Securities Pvt. Ltd,Swarna Laxmi Securities Pvt. Ltd.,50,622.0,31100.0,2025-07-13T14:57:36.809039
2025-07-13,3544,2025071303021371,NLICL,Vision Securities Pvt. Ltd,Kohinoor Investment & Securities Pvt. Ltd.,23,623.0,14329.0,2025-07-13T14:57:36.809064
2025-07-13,552,2025071303021955,NLICL,Sri Hari Securities Pvt. Ltd.,Linch Stock Market Ltd.,100,619.0,61900.0,2025-07-13T14:59:47.507756
