Date,S.N.,Contract ID,Symbol,Buyer Broker,Seller Broker,volume,rate,amount,transaction_time
2025-07-13,104850,2025071305000077,NRN,Nepal Stock House (PVT) Ltd.,Nepal Stock House (PVT) Ltd.,35,2320.0,81200.0,2025-07-13T10:46:00.112473
2025-07-13,104466,2025071305000093,NRN,Shree Krishna Securities Ltd.,Himalayan Brokerage Company Limited,10,2330.0,23300.0,2025-07-13T11:00:30.110768
2025-07-13,104303,2025071305000102,NRN,Nepal Stock House (PVT) Ltd.,Sanima Securities Limited,65,2320.0,150800.0,2025-07-13T11:00:43.337731
2025-07-13,104302,2025071305000103,NRN,Nabil Stock Dealer Ltd.,Sanima Securities Limited,445,2320.0,1032400.0,2025-07-13T11:00:43.337803
2025-07-13,104236,2025071305000115,NRN,Sewa Securities Pvt. Ltd.,Trisul Securities & Invt. Ltd.,100,2321.0,232100.0,2025-07-13T11:00:48.105782
2025-07-13,104235,2025071305000116,NRN,Nabil Stock Dealer Ltd.,Trisul Securities & Invt. Ltd.,555,2320.0,1287600.0,2025-07-13T11:00:48.105886
2025-07-13,104219,2025071305000118,NRN,Imperial Securities Company Pvt. Ltd.,Trisul Securities & Invt. Ltd.,90,2320.0,208800.0,2025-07-13T11:00:49.455877
2025-07-13,103733,2025071305000192,NRN,ABC Securities Private Limited,Himalayan Brokerage Company Limited,60,2313.9,138834.0,2025-07-13T11:01:13.116061
2025-07-13,103732,2025071305000193,NRN,ABC Securities Private Limited,Himalayan Brokerage Company Limited,141,2310.0,325710.0,2025-07-13T11:01:13.116205
2025-07-13,103690,2025071305000202,NRN,Naasa Securities Co. Ltd.,J.F. Securites (PVT) Ltd.,50,2318.0,115900.0,2025-07-13T11:01:15.180841
2025-07-13,103507,2025071305000239,NRN,Shree Krishna Securities Ltd.,Sri Hari Securities Pvt. Ltd.,10,2315.0,23150.0,2025-07-13T11:01:24.73623
2025-07-13,103506,2025071305000240,NRN,ABC Securities Private Limited,Sri Hari Securities Pvt. Ltd.,40,2310.0,92400.0,2025-07-13T11:01:24.736355
2025-07-13,102990,2025071305000281,NRN,ABC Securities Private Limited,Miyo Securities Pvt Ltd,69,2310.0,159390.0,2025-07-13T11:01:46.957881
2025-07-13,102989,2025071305000282,NRN,Sunrise Securities Limited,Miyo Securities Pvt Ltd,31,2310.0,71610.0,2025-07-13T11:01:46.957973
2025-07-13,102798,2025071305000301,NRN,Market Securities & Exchange (PVT) Ltd.,J.F. Securites (PVT) Ltd.,50,2318.0,115900.0,2025-07-13T11:01:55.189763
2025-07-13,102743,2025071305000314,NRN,Capital Max Securities Ltd,J.F. Securites (PVT) Ltd.,30,2318.0,69540.0,2025-07-13T11:01:57.061017
2025-07-13,102151,2025071305000363,NRN,Primo Securities (PVT) Ltd.,J.F. Securites (PVT) Ltd.,50,2318.0,115900.0,2025-07-13T11:02:23.045849
2025-07-13,101660,2025071305000406,NRN,Prabhu Stock Market Limited,Naasa Securities Co. Ltd.,50,2311.0,115550.0,2025-07-13T11:02:43.301228
2025-07-13,101659,2025071305000407,NRN,Sunrise Securities Limited,Naasa Securities Co. Ltd.,469,2310.0,1083390.0,2025-07-13T11:02:43.301361
2025-07-13,101322,2025071305000440,NRN,Thrive Brokerage House Pvt. Ltd,Naasa Securities Co. Ltd.,500,2308.0,1154000.0,2025-07-13T11:02:55.243307
2025-07-13,101175,2025071305000463,NRN,Naasa Securities Co. Ltd.,Naasa Securities Co. Ltd.,50,2310.0,115500.0,2025-07-13T11:03:00.096427
2025-07-13,101172,2025071305000464,NRN,Nabil Stock Dealer Ltd.,Naasa Securities Co. Ltd.,200,2310.0,462000.0,2025-07-13T11:03:00.222718
2025-07-13,101154,2025071305000466,NRN,Imperial Securities Company Pvt. Ltd.,Naasa Securities Co. Ltd.,500,2310.0,1155000.0,2025-07-13T11:03:00.92353
2025-07-13,100911,2025071305000493,NRN,Capital Max Securities Ltd,Naasa Securities Co. Ltd.,120,2307.0,276840.0,2025-07-13T11:03:09.334092
2025-07-13,100910,2025071305000494,NRN,Nabil Stock Dealer Ltd.,Naasa Securities Co. Ltd.,380,2305.0,875900.0,2025-07-13T11:03:09.33416
2025-07-13,100907,2025071305000497,NRN,Nepal Stock House (PVT) Ltd.,Naasa Securities Co. Ltd.,555,2310.0,1282050.0,2025-07-13T11:03:09.430152
2025-07-13,100775,2025071305000515,NRN,Nabil Stock Dealer Ltd.,Trisul Securities & Invt. Ltd.,120,2305.0,276600.0,2025-07-13T11:03:14.51924
2025-07-13,100774,2025071305000516,NRN,Kohinoor Investment & Securities Pvt. Ltd.,Trisul Securities & Invt. Ltd.,280,2305.0,645400.0,2025-07-13T11:03:14.519271
2025-07-13,100658,2025071305000525,NRN,Kohinoor Investment & Securities Pvt. Ltd.,Naasa Securities Co. Ltd.,120,2305.0,276600.0,2025-07-13T11:03:19.136499
2025-07-13,100657,2025071305000526,NRN,INDEX SECURITIES LIMITED,Naasa Securities Co. Ltd.,380,2301.0,874380.0,2025-07-13T11:03:19.136548
2025-07-13,100473,2025071305000538,NRN,INDEX SECURITIES LIMITED,Nepal Investment And Securities Trading Private Limited,120,2301.0,276120.0,2025-07-13T11:03:24.100083
2025-07-13,100472,2025071305000539,NRN,Aakashbhairab Securities Ltd.,Nepal Investment And Securities Trading Private Limited,102,2300.0,234600.0,2025-07-13T11:03:24.100161
2025-07-13,100406,2025071305000542,NRN,Aakashbhairab Securities Ltd.,Imperial Securities Company Pvt. Ltd.,1000,2300.0,2300000.0,2025-07-13T11:03:26.069526
2025-07-13,100137,2025071305000597,NRN,Aakashbhairab Securities Ltd.,Himalayan Brokerage Company Limited,200,2300.0,460000.0,2025-07-13T11:03:36.837427
2025-07-13,100091,2025071305000598,NRN,Dakshinkali Investment & Securities Pvt. Ltd.,Dynamic Money Managers Securities Pvt. Ltd.,20,2307.0,46140.0,2025-07-13T11:03:38.240445
2025-07-13,100090,2025071305000599,NRN,Dakshinkali Investment & Securities Pvt. Ltd.,Naasa Securities Co. Ltd.,176,2310.0,406560.0,2025-07-13T11:03:38.240525
2025-07-13,99913,2025071305000615,NRN,Aakashbhairab Securities Ltd.,Vision Securities Pvt. Ltd,1000,2300.0,2300000.0,2025-07-13T11:03:43.887414
2025-07-13,99826,2025071305000632,NRN,Aakashbhairab Securities Ltd.,ABC Securities Private Limited,698,2300.0,1605400.0,2025-07-13T11:03:47.035874
2025-07-13,99793,2025071305000635,NRN,Sani Securities Company Ltd.,ABC Securities Private Limited,10,2300.0,23000.0,2025-07-13T11:03:48.109524
2025-07-13,99282,2025071305000682,NRN,Asian Securities Private Ltd.,Aryatara Investment & Securities,10,2295.0,22950.0,2025-07-13T11:04:07.553197
2025-07-13,99157,2025071305000708,NRN,Siprabi Securities Pvt. Ltd.,ABC Securities Private Limited,20,2300.0,46000.0,2025-07-13T11:04:13.024849
2025-07-13,98992,2025071305000714,NRN,Linch Stock Market Ltd.,Online Securities Pvt. Ltd.,11,2290.0,25190.0,2025-07-13T11:04:21.15009
2025-07-13,98889,2025071305000731,NRN,Linch Stock Market Ltd.,S.P.S.A. Securities Limited,11,2290.0,25190.0,2025-07-13T11:04:27.42382
2025-07-13,98404,2025071305000797,NRN,Roadshow securities limited,ABC Securities Private Limited,20,2300.0,46000.0,2025-07-13T11:04:49.472858
2025-07-13,98376,2025071305000800,NRN,Dynamic Money Managers Securities Pvt. Ltd.,ABC Securities Private Limited,200,2300.0,460000.0,2025-07-13T11:04:50.423254
2025-07-13,97968,2025071305000853,NRN,Nepal Stock House (PVT) Ltd.,ABC Securities Private Limited,111,2300.0,255300.0,2025-07-13T11:05:09.737795
2025-07-13,97960,2025071305000854,NRN,Citizens Share Broker Limited,ABC Securities Private Limited,100,2300.0,230000.0,2025-07-13T11:05:10.451081
2025-07-13,97299,2025071305000934,NRN,Naasa Securities Co. Ltd.,ABC Securities Private Limited,841,2300.0,1934300.0,2025-07-13T11:05:47.412826
2025-07-13,97298,2025071305000935,NRN,Naasa Securities Co. Ltd.,Nepal Stock House (PVT) Ltd.,100,2300.0,230000.0,2025-07-13T11:05:47.41293
2025-07-13,97297,2025071305000936,NRN,Naasa Securities Co. Ltd.,Property Wiard Limited,50,2300.0,115000.0,2025-07-13T11:05:47.412995
2025-07-13,97006,2025071305000960,NRN,Trishakti Securities Public Limited,Naasa Securities Co. Ltd.,200,2300.0,460000.0,2025-07-13T11:06:03.627749
2025-07-13,96637,2025071305001005,NRN,Midas Stock Broking Company Private Limited,Naasa Securities Co. Ltd.,108,2300.0,248400.0,2025-07-13T11:06:23.408629
2025-07-13,96636,2025071305001006,NRN,Midas Stock Broking Company Private Limited,Himalayan Brokerage Company Limited,45,2300.0,103500.0,2025-07-13T11:06:23.408756
2025-07-13,96635,2025071305001007,NRN,Midas Stock Broking Company Private Limited,Vision Securities Pvt. Ltd,10,2300.0,23000.0,2025-07-13T11:06:23.408804
2025-07-13,96337,2025071305001033,NRN,Midas Stock Broking Company Private Limited,Naasa Securities Co. Ltd.,37,2300.0,85100.0,2025-07-13T11:06:42.638203
2025-07-13,96235,2025071305001036,NRN,Secured Securities Ltd.,Naasa Securities Co. Ltd.,500,2300.0,1150000.0,2025-07-13T11:06:48.858309
2025-07-13,96155,2025071305001046,NRN,Imperial Securities Company Pvt. Ltd.,Naasa Securities Co. Ltd.,10,2300.0,23000.0,2025-07-13T11:06:53.85761
2025-07-13,96121,2025071305001053,NRN,Dynamic Money Managers Securities Pvt. Ltd.,Naasa Securities Co. Ltd.,200,2300.0,460000.0,2025-07-13T11:06:56.706391
2025-07-13,96104,2025071305001054,NRN,Citizens Share Broker Limited,Naasa Securities Co. Ltd.,100,2300.0,230000.0,2025-07-13T11:06:57.965042
2025-07-13,96089,2025071305001056,NRN,Nagarik Stock Dealer ,Naasa Securities Co. Ltd.,100,2300.0,230000.0,2025-07-13T11:06:58.778424
2025-07-13,96020,2025071305001068,NRN,Citizens Share Broker Limited,Naasa Securities Co. Ltd.,53,2300.0,121900.0,2025-07-13T11:07:03.986568
2025-07-13,95846,2025071305001080,NRN,Citizens Share Broker Limited,Vision Securities Pvt. Ltd,47,2300.0,108100.0,2025-07-13T11:07:19.055708
2025-07-13,95162,2025071305001172,NRN,Imperial Securities Company Pvt. Ltd.,Sundhara Securities Limited,10,2300.0,23000.0,2025-07-13T11:08:05.903155
2025-07-13,94687,2025071305001201,NRN,Nabil Stock Dealer Ltd.,Kohinoor Investment & Securities Pvt. Ltd.,11,2300.0,25300.0,2025-07-13T11:08:43.841496
2025-07-13,94445,2025071305001220,NRN,Citizens Share Broker Limited,Aakashbhairab Securities Ltd.,11,2302.0,25322.0,2025-07-13T11:09:04.66795
2025-07-13,94444,2025071305001221,NRN,Citizens Share Broker Limited,Dynamic Money Managers Securities Pvt. Ltd.,10,2306.0,23060.0,2025-07-13T11:09:04.668092
2025-07-13,94443,2025071305001222,NRN,Citizens Share Broker Limited,Sani Securities Company Ltd.,79,2310.0,182490.0,2025-07-13T11:09:04.668141
2025-07-13,94168,2025071305001252,NRN,Investment Management Nepal Pvt. Ltd.,Naasa Securities Co. Ltd.,200,2306.0,461200.0,2025-07-13T11:09:20.072338
2025-07-13,93885,2025071305001289,NRN,Hatemalo Financial Services Private Limited,Kohinoor Investment & Securities Pvt. Ltd.,35,2309.0,80815.0,2025-07-13T11:09:44.864604
2025-07-13,93122,2025071305001371,NRN,Imperial Securities Company Pvt. Ltd.,Dipshikha Dhitopatra Karobar Co. Pvt Ltd.,11,2302.0,25322.0,2025-07-13T11:11:00.035325
2025-07-13,92768,2025071305001415,NRN,Imperial Securities Company Pvt. Ltd.,Vision Securities Pvt. Ltd,100,2302.0,230200.0,2025-07-13T11:11:32.175678
2025-07-13,92647,2025071305001419,NRN,Imperial Securities Company Pvt. Ltd.,Siprabi Securities Pvt. Ltd.,14,2302.0,32228.0,2025-07-13T11:11:41.909869
2025-07-13,92554,2025071305001429,NRN,Linch Stock Market Ltd.,Kohinoor Investment & Securities Pvt. Ltd.,50,2301.0,115050.0,2025-07-13T11:11:49.402711
2025-07-13,92553,2025071305001430,NRN,Citizens Share Broker Limited,Kohinoor Investment & Securities Pvt. Ltd.,100,2301.0,230100.0,2025-07-13T11:11:49.402916
2025-07-13,92552,2025071305001431,NRN,Nabil Stock Dealer Ltd.,Kohinoor Investment & Securities Pvt. Ltd.,26,2300.0,59800.0,2025-07-13T11:11:49.40307
2025-07-13,92476,2025071305001436,NRN,Nabil Stock Dealer Ltd.,Sumeru Securities Pvt. Ltd.,11,2300.0,25300.0,2025-07-13T11:11:56.664554
2025-07-13,92443,2025071305001439,NRN,Capital Max Securities Ltd,Siprabi Securities Pvt. Ltd.,60,2302.0,138120.0,2025-07-13T11:11:59.085113
2025-07-13,91893,2025071305001536,NRN,Naasa Securities Co. Ltd.,Aryatara Investment & Securities,15,2307.0,34605.0,2025-07-13T11:12:43.094135
2025-07-13,91892,2025071305001537,NRN,Naasa Securities Co. Ltd.,Naasa Securities Co. Ltd.,185,2308.0,426980.0,2025-07-13T11:12:43.094244
2025-07-13,91885,2025071305001538,NRN,Capital Max Securities Ltd,Nepal Stock House (PVT) Ltd.,200,2302.0,460400.0,2025-07-13T11:12:43.484206
2025-07-13,91693,2025071305001554,NRN,Linch Stock Market Ltd.,Naasa Securities Co. Ltd.,178,2303.0,409934.0,2025-07-13T11:13:00.688887
2025-07-13,91692,2025071305001555,NRN,Capital Max Securities Ltd,Naasa Securities Co. Ltd.,240,2302.0,552480.0,2025-07-13T11:13:00.689038
2025-07-13,91691,2025071305001556,NRN,Nabil Stock Dealer Ltd.,Naasa Securities Co. Ltd.,52,2300.0,119600.0,2025-07-13T11:13:00.689088
2025-07-13,91690,2025071305001557,NRN,Midas Stock Broking Company Private Limited,Naasa Securities Co. Ltd.,100,2300.0,230000.0,2025-07-13T11:13:00.68914
2025-07-13,91689,2025071305001558,NRN,Naasa Securities Co. Ltd.,Naasa Securities Co. Ltd.,40,2300.0,92000.0,2025-07-13T11:13:00.689215
2025-07-13,91556,2025071305001583,NRN,Sewa Securities Pvt. Ltd.,Naasa Securities Co. Ltd.,100,2297.1,229710.0,2025-07-13T11:13:14.722373
2025-07-13,91516,2025071305001587,NRN,Naasa Securities Co. Ltd.,Naasa Securities Co. Ltd.,70,2297.0,160790.0,2025-07-13T11:13:20.937249
2025-07-13,91322,2025071305001607,NRN,Naasa Securities Co. Ltd.,ABC Securities Private Limited,100,2297.0,229700.0,2025-07-13T11:13:39.60575
2025-07-13,91193,2025071305001634,NRN,Sundhara Securities Limited,Naasa Securities Co. Ltd.,9390,2300.0,21597000.0,2025-07-13T11:13:51.998569
2025-07-13,90675,2025071305001677,NRN,Nagarik Stock Dealer ,Opal Securities Investment (PVT) Ltd.,49,2300.0,112700.0,2025-07-13T11:14:39.02746
2025-07-13,90566,2025071305001695,NRN,Nagarik Stock Dealer ,Elite Stock House Limited,11,2300.0,25300.0,2025-07-13T11:14:50.984291
2025-07-13,90230,2025071305001726,NRN,Nagarik Stock Dealer ,Bhrikuti Stock Broking Co. Pvt. Ltd.,20,2300.0,46000.0,2025-07-13T11:15:28.060752
2025-07-13,89645,2025071305001795,NRN,Nepal Stock House (PVT) Ltd.,Sani Securities Company Ltd.,160,2300.1,368016.0,2025-07-13T11:16:24.837939
2025-07-13,89644,2025071305001796,NRN,Nagarik Stock Dealer ,Sani Securities Company Ltd.,20,2300.0,46000.0,2025-07-13T11:16:24.838104
2025-07-13,89643,2025071305001797,NRN,Midas Stock Broking Company Private Limited,Sani Securities Company Ltd.,100,2300.0,230000.0,2025-07-13T11:16:24.838157
2025-07-13,89642,2025071305001798,NRN,Naasa Securities Co. Ltd.,Sani Securities Company Ltd.,200,2297.0,459400.0,2025-07-13T11:16:24.838212
2025-07-13,89433,2025071305001819,NRN,Dynamic Money Managers Securities Pvt. Ltd.,Dynamic Money Managers Securities Pvt. Ltd.,10,2306.0,23060.0,2025-07-13T11:16:45.682781
2025-07-13,89432,2025071305001820,NRN,Dynamic Money Managers Securities Pvt. Ltd.,Kohinoor Investment & Securities Pvt. Ltd.,10,2306.0,23060.0,2025-07-13T11:16:45.682929
2025-07-13,89062,2025071305001871,NRN,SHUBHAKAMANA SECURITIES PVT. LTD,Neev Securities Pvt. Ltd.,300,2307.8,692340.0,2025-07-13T11:17:21.267165
2025-07-13,88828,2025071305001896,NRN,Dynamic Money Managers Securities Pvt. Ltd.,J.F. Securites (PVT) Ltd.,50,2307.9,115395.0,2025-07-13T11:17:43.159012
2025-07-13,88780,2025071305001907,NRN,Pragyan Securities (PVT) Ltd.,J.F. Securites (PVT) Ltd.,50,2307.9,115395.0,2025-07-13T11:17:49.455116
2025-07-13,88672,2025071305001912,NRN,Kohinoor Investment & Securities Pvt. Ltd.,Naasa Securities Co. Ltd.,20,2300.1,46002.0,2025-07-13T11:17:59.383805
2025-07-13,88671,2025071305001913,NRN,Elite Stock House Limited,Naasa Securities Co. Ltd.,97,2300.0,223100.0,2025-07-13T11:17:59.384076
2025-07-13,87874,2025071305002031,NRN,Naasa Securities Co. Ltd.,Trishakti Securities Public Limited,11,2300.2,25302.2,2025-07-13T11:19:11.444912
2025-07-13,87724,2025071305002048,NRN,Naasa Securities Co. Ltd.,Imperial Securities Company Pvt. Ltd.,189,2300.2,434737.8,2025-07-13T11:19:25.457935
2025-07-13,87723,2025071305002049,NRN,Oxford Securities Pvt. Ltd.,Imperial Securities Company Pvt. Ltd.,300,2300.2,690060.0,2025-07-13T11:19:25.457997
2025-07-13,87722,2025071305002050,NRN,SHUBHAKAMANA SECURITIES PVT. LTD,Imperial Securities Company Pvt. Ltd.,200,2300.1,460020.0,2025-07-13T11:19:25.458034
2025-07-13,87721,2025071305002051,NRN,Elite Stock House Limited,Imperial Securities Company Pvt. Ltd.,311,2300.0,715300.0,2025-07-13T11:19:25.458065
2025-07-13,86742,2025071305002167,NRN,SHUBHAKAMANA SECURITIES PVT. LTD,Sri Hari Securities Pvt. Ltd.,50,2300.2,115010.0,2025-07-13T11:20:49.179834
2025-07-13,86741,2025071305002168,NRN,Market Securities & Exchange (PVT) Ltd.,Sri Hari Securities Pvt. Ltd.,50,2300.1,115005.0,2025-07-13T11:20:49.179896
2025-07-13,86740,2025071305002169,NRN,Elite Stock House Limited,Sri Hari Securities Pvt. Ltd.,92,2300.0,211600.0,2025-07-13T11:20:49.179921
2025-07-13,86739,2025071305002170,NRN,Market Securities & Exchange (PVT) Ltd.,Sri Hari Securities Pvt. Ltd.,90,2300.0,207000.0,2025-07-13T11:20:49.179944
2025-07-13,86738,2025071305002171,NRN,Agrawal Securities (PVT) Ltd.,Sri Hari Securities Pvt. Ltd.,10,2298.0,22980.0,2025-07-13T11:20:49.179967
2025-07-13,86737,2025071305002172,NRN,Nepal Investment And Securities Trading Private Limited,Sri Hari Securities Pvt. Ltd.,38,2297.1,87289.8,2025-07-13T11:20:49.180003
2025-07-13,86436,2025071305002218,NRN,Nepal Investment And Securities Trading Private Limited,Sri Hari Securities Pvt. Ltd.,12,2297.1,27565.2,2025-07-13T11:21:21.683191
2025-07-13,85552,2025071305002368,NRN,SHUBHAKAMANA SECURITIES PVT. LTD,Nepal Stock House (PVT) Ltd.,50,2298.1,114905.0,2025-07-13T11:22:53.655688
2025-07-13,85551,2025071305002369,NRN,Siprabi Securities Pvt. Ltd.,Nepal Stock House (PVT) Ltd.,30,2298.0,68940.0,2025-07-13T11:22:53.655854
2025-07-13,85550,2025071305002370,NRN,Naasa Securities Co. Ltd.,Nepal Stock House (PVT) Ltd.,20,2297.0,45940.0,2025-07-13T11:22:53.655933
2025-07-13,84762,2025071305002484,NRN,Sundhara Securities Limited,Vision Securities Pvt. Ltd,88,2300.0,202400.0,2025-07-13T11:24:05.540052
2025-07-13,84761,2025071305002485,NRN,Sundhara Securities Limited,Siprabi Securities Pvt. Ltd.,400,2300.0,920000.0,2025-07-13T11:24:05.540228
2025-07-13,84210,2025071305002561,NRN,Trisul Securities & Invt. Ltd.,Siprabi Securities Pvt. Ltd.,20,2300.0,46000.0,2025-07-13T11:24:56.915769
2025-07-13,83682,2025071305002619,NRN,Primo Securities (PVT) Ltd.,Online Securities Pvt. Ltd.,20,2298.1,45962.0,2025-07-13T11:25:43.892786
2025-07-13,83681,2025071305002620,NRN,Trishakti Securities Public Limited,Online Securities Pvt. Ltd.,50,2298.0,114900.0,2025-07-13T11:25:43.892956
2025-07-13,83299,2025071305002669,NRN,Naasa Securities Co. Ltd.,Nepal Stock House (PVT) Ltd.,100,2297.0,229700.0,2025-07-13T11:26:19.714291
2025-07-13,83296,2025071305002670,NRN,Naasa Securities Co. Ltd.,Dynamic Money Managers Securities Pvt. Ltd.,10,2297.0,22970.0,2025-07-13T11:26:19.937157
2025-07-13,83295,2025071305002671,NRN,Investment Management Nepal Pvt. Ltd.,Dynamic Money Managers Securities Pvt. Ltd.,100,2297.0,229700.0,2025-07-13T11:26:19.937354
2025-07-13,83290,2025071305002673,NRN,Sri Hari Securities Pvt. Ltd.,Online Securities Pvt. Ltd.,30,2298.0,68940.0,2025-07-13T11:26:20.757391
2025-07-13,83262,2025071305002678,NRN,Sani Securities Company Ltd.,Midas Stock Broking Company Private Limited,50,2297.0,114850.0,2025-07-13T11:26:24.315159
2025-07-13,83261,2025071305002679,NRN,Nabil Stock Dealer Ltd.,Midas Stock Broking Company Private Limited,500,2296.0,1148000.0,2025-07-13T11:26:24.315344
2025-07-13,83260,2025071305002680,NRN,Sumeru Securities Pvt. Ltd.,Midas Stock Broking Company Private Limited,22,2295.0,50490.0,2025-07-13T11:26:24.315408
2025-07-13,83259,2025071305002681,NRN,Online Securities Pvt. Ltd.,Midas Stock Broking Company Private Limited,10,2295.0,22950.0,2025-07-13T11:26:24.315462
2025-07-13,83258,2025071305002682,NRN,Ashutosh Brokerage & Securities (PVT) Ltd.,Midas Stock Broking Company Private Limited,150,2295.0,344250.0,2025-07-13T11:26:24.315517
2025-07-13,83257,2025071305002683,NRN,Linch Stock Market Ltd.,Midas Stock Broking Company Private Limited,50,2295.0,114750.0,2025-07-13T11:26:24.315571
2025-07-13,82942,2025071305002738,NRN,Sundhara Securities Limited,Midas Stock Broking Company Private Limited,218,2295.0,500310.0,2025-07-13T11:26:54.276738
2025-07-13,82849,2025071305002761,NRN,Dipshikha Dhitopatra Karobar Co. Pvt Ltd.,Sewa Securities Pvt. Ltd.,100,2292.0,229200.0,2025-07-13T11:27:02.649704
2025-07-13,82782,2025071305002767,NRN,INDEX SECURITIES LIMITED,Dipshikha Dhitopatra Karobar Co. Pvt Ltd.,110,2291.0,252010.0,2025-07-13T11:27:08.06944
2025-07-13,82593,2025071305002794,NRN,INDEX SECURITIES LIMITED,Online Securities Pvt. Ltd.,200,2291.0,458200.0,2025-07-13T11:27:20.429126
2025-07-13,82445,2025071305002814,NRN,INDEX SECURITIES LIMITED,Magnet Securities and Investment Company Private Limited,190,2291.0,435290.0,2025-07-13T11:27:36.768408
2025-07-13,82188,2025071305002839,NRN,Nabil Stock Dealer Ltd.,Dipshikha Dhitopatra Karobar Co. Pvt Ltd.,100,2290.1,229010.0,2025-07-13T11:27:59.913554
2025-07-13,82099,2025071305002854,NRN,Sani Securities Company Ltd.,Nepal Stock House (PVT) Ltd.,50,2290.0,114500.0,2025-07-13T11:28:06.890901
2025-07-13,82098,2025071305002855,NRN,Roadshow securities limited,Nepal Stock House (PVT) Ltd.,20,2290.0,45800.0,2025-07-13T11:28:06.891046
2025-07-13,82097,2025071305002856,NRN,Kumari Securities Private Limited,Nepal Stock House (PVT) Ltd.,30,2290.0,68700.0,2025-07-13T11:28:06.891103
2025-07-13,81986,2025071305002863,NRN,Kumari Securities Private Limited,Dipshikha Dhitopatra Karobar Co. Pvt Ltd.,20,2290.0,45800.0,2025-07-13T11:28:16.099944
2025-07-13,81985,2025071305002864,NRN,J.F. Securites (PVT) Ltd.,Dipshikha Dhitopatra Karobar Co. Pvt Ltd.,30,2290.0,68700.0,2025-07-13T11:28:16.100117
2025-07-13,81956,2025071305002868,NRN,J.F. Securites (PVT) Ltd.,Nepal Stock House (PVT) Ltd.,70,2290.0,160300.0,2025-07-13T11:28:17.932111
2025-07-13,81955,2025071305002869,NRN,Thrive Brokerage House Pvt. Ltd,Nepal Stock House (PVT) Ltd.,130,2290.0,297700.0,2025-07-13T11:28:17.932284
2025-07-13,81842,2025071305002883,NRN,Thrive Brokerage House Pvt. Ltd,ABC Securities Private Limited,300,2290.0,687000.0,2025-07-13T11:28:27.695192
2025-07-13,81808,2025071305002895,NRN,Thrive Brokerage House Pvt. Ltd,Naasa Securities Co. Ltd.,50,2290.0,114500.0,2025-07-13T11:28:32.392302
2025-07-13,81725,2025071305002897,NRN,Dynamic Money Managers Securities Pvt. Ltd.,Magnet Securities and Investment Company Private Limited,10,2291.0,22910.0,2025-07-13T11:28:36.682277
2025-07-13,81667,2025071305002902,NRN,Thrive Brokerage House Pvt. Ltd,Bhrikuti Stock Broking Co. Pvt. Ltd.,20,2290.0,45800.0,2025-07-13T11:28:44.206806
2025-07-13,81374,2025071305002961,NRN,SHUBHAKAMANA SECURITIES PVT. LTD,Dipshikha Dhitopatra Karobar Co. Pvt Ltd.,50,2290.1,114505.0,2025-07-13T11:29:11.655628
2025-07-13,81373,2025071305002962,NRN,ABC Securities Private Limited,Dipshikha Dhitopatra Karobar Co. Pvt Ltd.,35,2288.0,80080.0,2025-07-13T11:29:11.655822
2025-07-13,81213,2025071305002982,NRN,ABC Securities Private Limited,Midas Stock Broking Company Private Limited,60,2288.0,137280.0,2025-07-13T11:29:31.438458
2025-07-13,81005,2025071305003015,NRN,ABC Securities Private Limited,Dipshikha Dhitopatra Karobar Co. Pvt Ltd.,35,2288.0,80080.0,2025-07-13T11:29:55.000595
2025-07-13,81004,2025071305003016,NRN,Nepal Investment And Securities Trading Private Limited,Dipshikha Dhitopatra Karobar Co. Pvt Ltd.,10,2285.1,22851.0,2025-07-13T11:29:55.000874
2025-07-13,81003,2025071305003017,NRN,Naasa Securities Co. Ltd.,Dipshikha Dhitopatra Karobar Co. Pvt Ltd.,55,2285.0,125675.0,2025-07-13T11:29:55.001056
2025-07-13,80881,2025071305003026,NRN,Naasa Securities Co. Ltd.,Imperial Securities Company Pvt. Ltd.,250,2285.0,571250.0,2025-07-13T11:30:05.192935
2025-07-13,80430,2025071305003093,NRN,Nepal Stock House (PVT) Ltd.,Dipshikha Dhitopatra Karobar Co. Pvt Ltd.,50,2284.0,114200.0,2025-07-13T11:30:52.447974
2025-07-13,80111,2025071305003136,NRN,Nepal Investment And Securities Trading Private Limited,Bhrikuti Stock Broking Co. Pvt. Ltd.,10,2280.3,22803.0,2025-07-13T11:31:25.563399
2025-07-13,80110,2025071305003137,NRN,Imperial Securities Company Pvt. Ltd.,Bhrikuti Stock Broking Co. Pvt. Ltd.,10,2280.3,22803.0,2025-07-13T11:31:25.563444
2025-07-13,80109,2025071305003138,NRN,Dipshikha Dhitopatra Karobar Co. Pvt Ltd.,Bhrikuti Stock Broking Co. Pvt. Ltd.,10,2280.2,22802.0,2025-07-13T11:31:25.56347
2025-07-13,79857,2025071305003176,NRN,Stoxkarts Securities Limited,Dipshikha Dhitopatra Karobar Co. Pvt Ltd.,11,2281.0,25091.0,2025-07-13T11:31:53.195536
2025-07-13,79784,2025071305003198,NRN,Stoxkarts Securities Limited,Thrive Brokerage House Pvt. Ltd,20,2281.0,45620.0,2025-07-13T11:32:00.067672
2025-07-13,79637,2025071305003223,NRN,Stoxkarts Securities Limited,Siprabi Securities Pvt. Ltd.,11,2281.0,25091.0,2025-07-13T11:32:18.962771
2025-07-13,79545,2025071305003238,NRN,Stoxkarts Securities Limited,Naasa Securities Co. Ltd.,10,2281.0,22810.0,2025-07-13T11:32:31.637627
2025-07-13,79277,2025071305003281,NRN,NIMB Stock Markets Limited,Vision Securities Pvt. Ltd,22,2281.1,50184.2,2025-07-13T11:32:59.729389
2025-07-13,79276,2025071305003282,NRN,Stoxkarts Securities Limited,Vision Securities Pvt. Ltd,48,2281.0,109488.0,2025-07-13T11:32:59.729698
2025-07-13,79275,2025071305003283,NRN,Dipshikha Dhitopatra Karobar Co. Pvt Ltd.,Vision Securities Pvt. Ltd,50,2280.2,114010.0,2025-07-13T11:32:59.729895
2025-07-13,79193,2025071305003293,NRN,Kohinoor Investment & Securities Pvt. Ltd.,Market Securities & Exchange (PVT) Ltd.,50,2285.0,114250.0,2025-07-13T11:33:09.531465
2025-07-13,78978,2025071305003320,NRN,Agrawal Securities (PVT) Ltd.,Nagarik Stock Dealer ,20,2284.0,45680.0,2025-07-13T11:33:32.735505
2025-07-13,78977,2025071305003321,NRN,Elite Stock House Limited,Nagarik Stock Dealer ,100,2282.1,228210.0,2025-07-13T11:33:32.735811
2025-07-13,78976,2025071305003322,NRN,Naasa Securities Co. Ltd.,Nagarik Stock Dealer ,180,2282.0,410760.0,2025-07-13T11:33:32.735998
2025-07-13,78301,2025071305003385,NRN,J.F. Securites (PVT) Ltd.,KALASH STOCK MARKET PVT. LTD.,10,2285.0,22850.0,2025-07-13T11:34:32.725708
2025-07-13,78232,2025071305003390,NRN,J.F. Securites (PVT) Ltd.,Dipshikha Dhitopatra Karobar Co. Pvt Ltd.,10,2285.0,22850.0,2025-07-13T11:34:40.326284
2025-07-13,78231,2025071305003391,NRN,Trishakti Securities Public Limited,Dipshikha Dhitopatra Karobar Co. Pvt Ltd.,30,2285.0,68550.0,2025-07-13T11:34:40.326627
2025-07-13,78230,2025071305003392,NRN,SHUBHAKAMANA SECURITIES PVT. LTD,Dipshikha Dhitopatra Karobar Co. Pvt Ltd.,50,2282.1,114105.0,2025-07-13T11:34:40.326822
2025-07-13,78229,2025071305003393,NRN,Naasa Securities Co. Ltd.,Dipshikha Dhitopatra Karobar Co. Pvt Ltd.,20,2282.0,45640.0,2025-07-13T11:34:40.326995
2025-07-13,78228,2025071305003394,NRN,KALASH STOCK MARKET PVT. LTD.,Dipshikha Dhitopatra Karobar Co. Pvt Ltd.,90,2281.2,205308.0,2025-07-13T11:34:40.327183
2025-07-13,77712,2025071305003451,NRN,Sundhara Securities Limited,Thrive Brokerage House Pvt. Ltd,150,2288.9,343335.0,2025-07-13T11:35:31.395366
2025-07-13,77450,2025071305003470,NRN,Sundhara Securities Limited,Dynamic Money Managers Securities Pvt. Ltd.,50,2288.0,114400.0,2025-07-13T11:35:56.51318
2025-07-13,77449,2025071305003471,NRN,Sundhara Securities Limited,Dipshikha Dhitopatra Karobar Co. Pvt Ltd.,10,2288.7,22887.0,2025-07-13T11:35:56.513559
2025-07-13,77448,2025071305003472,NRN,Sundhara Securities Limited,Dipshikha Dhitopatra Karobar Co. Pvt Ltd.,10,2288.8,22888.0,2025-07-13T11:35:56.513775
2025-07-13,77447,2025071305003473,NRN,Sundhara Securities Limited,Naasa Securities Co. Ltd.,11,2290.0,25190.0,2025-07-13T11:35:56.514009
2025-07-13,77446,2025071305003474,NRN,Sundhara Securities Limited,Midas Stock Broking Company Private Limited,19,2290.0,43510.0,2025-07-13T11:35:56.51422
2025-07-13,77068,2025071305003518,NRN,Market Securities & Exchange (PVT) Ltd.,ABC Securities Private Limited,30,2286.0,68580.0,2025-07-13T11:36:39.125405
2025-07-13,77067,2025071305003519,NRN,Trademow Securities Private Limited,ABC Securities Private Limited,50,2286.0,114300.0,2025-07-13T11:36:39.125619
2025-07-13,77066,2025071305003520,NRN,Elite Stock House Limited,ABC Securities Private Limited,20,2282.1,45642.0,2025-07-13T11:36:39.125698
2025-07-13,76437,2025071305003611,NRN,Miyo Securities Pvt Ltd,Trademow Securities Private Limited,10,2283.0,22830.0,2025-07-13T11:37:51.043055
2025-07-13,76436,2025071305003612,NRN,Miyo Securities Pvt Ltd,Trademow Securities Private Limited,10,2283.0,22830.0,2025-07-13T11:37:51.04323
2025-07-13,76435,2025071305003613,NRN,Miyo Securities Pvt Ltd,Trademow Securities Private Limited,10,2283.0,22830.0,2025-07-13T11:37:51.043302
2025-07-13,76434,2025071305003614,NRN,Miyo Securities Pvt Ltd,Trademow Securities Private Limited,10,2283.0,22830.0,2025-07-13T11:37:51.043376
2025-07-13,76433,2025071305003615,NRN,Miyo Securities Pvt Ltd,Trademow Securities Private Limited,10,2283.0,22830.0,2025-07-13T11:37:51.043441
2025-07-13,76432,2025071305003616,NRN,Imperial Securities Company Pvt. Ltd.,Trademow Securities Private Limited,10,2283.0,22830.0,2025-07-13T11:37:51.043509
2025-07-13,76431,2025071305003617,NRN,Trishakti Securities Public Limited,Trademow Securities Private Limited,40,2282.2,91288.0,2025-07-13T11:37:51.043577
2025-07-13,76268,2025071305003637,NRN,Miyo Securities Pvt Ltd,Bhrikuti Stock Broking Co. Pvt. Ltd.,10,2283.0,22830.0,2025-07-13T11:38:14.073648
2025-07-13,76248,2025071305003638,NRN,Thrive Brokerage House Pvt. Ltd,Imperial Securities Company Pvt. Ltd.,10,2285.0,22850.0,2025-07-13T11:38:17.029926
2025-07-13,75949,2025071305003662,NRN,Thrive Brokerage House Pvt. Ltd,Dipshikha Dhitopatra Karobar Co. Pvt Ltd.,90,2285.0,205650.0,2025-07-13T11:38:53.763251
2025-07-13,74749,2025071305003803,NRN,Neev Securities Pvt. Ltd.,Primo Securities (PVT) Ltd.,200,2297.0,459400.0,2025-07-13T11:41:28.713229
2025-07-13,74053,2025071305003886,NRN,Naasa Securities Co. Ltd.,Secured Securities Ltd.,25,2295.0,57375.0,2025-07-13T11:43:07.010805
2025-07-13,74052,2025071305003887,NRN,Naasa Securities Co. Ltd.,Aryatara Investment & Securities,15,2296.0,34440.0,2025-07-13T11:43:07.011208
2025-07-13,74051,2025071305003888,NRN,Naasa Securities Co. Ltd.,SUN SECURITIES PVT LTD,20,2296.9,45938.0,2025-07-13T11:43:07.011462
2025-07-13,73985,2025071305003896,NRN,Trishakti Securities Public Limited,Kohinoor Investment & Securities Pvt. Ltd.,11,2284.1,25125.1,2025-07-13T11:43:17.796273
2025-07-13,73758,2025071305003915,NRN,Trishakti Securities Public Limited,Nabil Stock Dealer Ltd.,50,2284.1,114205.0,2025-07-13T11:43:50.159103
2025-07-13,73070,2025071305004036,NRN,Trishakti Securities Public Limited,Oxford Securities Pvt. Ltd.,11,2284.1,25125.1,2025-07-13T11:45:17.32781
2025-07-13,72163,2025071305004171,NRN,Elite Stock House Limited,Kohinoor Investment & Securities Pvt. Ltd.,11,2285.2,25137.2,2025-07-13T11:47:48.451019
2025-07-13,71847,2025071305004259,NRN,Elite Stock House Limited,SUN SECURITIES PVT LTD,10,2285.2,22852.0,2025-07-13T11:48:37.14208
2025-07-13,71777,2025071305004270,NRN,Elite Stock House Limited,SUN SECURITIES PVT LTD,20,2285.2,45704.0,2025-07-13T11:48:48.206997
2025-07-13,71641,2025071305004284,NRN,Sundhara Securities Limited,Sani Securities Company Ltd.,200,2285.3,457060.0,2025-07-13T11:49:10.723005
2025-07-13,71640,2025071305004285,NRN,Sundhara Securities Limited,Sani Securities Company Ltd.,100,2285.4,228540.0,2025-07-13T11:49:10.723236
2025-07-13,71574,2025071305004296,NRN,Agrawal Securities (PVT) Ltd.,Sani Securities Company Ltd.,50,2285.4,114270.0,2025-07-13T11:49:22.376302
2025-07-13,71529,2025071305004305,NRN,Bhrikuti Stock Broking Co. Pvt. Ltd.,Sani Securities Company Ltd.,50,2285.4,114270.0,2025-07-13T11:49:35.44244
2025-07-13,71528,2025071305004306,NRN,Bhrikuti Stock Broking Co. Pvt. Ltd.,Sani Securities Company Ltd.,100,2285.5,228550.0,2025-07-13T11:49:35.44268
2025-07-13,71459,2025071305004322,NRN,Bhrikuti Stock Broking Co. Pvt. Ltd.,Midas Stock Broking Company Private Limited,20,2285.5,45710.0,2025-07-13T11:49:42.128474
2025-07-13,70492,2025071305004480,NRN,Bhrikuti Stock Broking Co. Pvt. Ltd.,SHUBHAKAMANA SECURITIES PVT. LTD,30,2285.5,68565.0,2025-07-13T11:52:19.939758
2025-07-13,70491,2025071305004481,NRN,Elite Stock House Limited,SHUBHAKAMANA SECURITIES PVT. LTD,20,2285.2,45704.0,2025-07-13T11:52:19.939997
2025-07-13,70463,2025071305004484,NRN,Dynamic Money Managers Securities Pvt. Ltd.,Naasa Securities Co. Ltd.,100,2290.0,229000.0,2025-07-13T11:52:23.713126
2025-07-13,70391,2025071305004503,NRN,Elite Stock House Limited,Sumeru Securities Pvt. Ltd.,39,2285.2,89122.8,2025-07-13T11:52:36.768512
2025-07-13,70390,2025071305004504,NRN,Imperial Securities Company Pvt. Ltd.,Sumeru Securities Pvt. Ltd.,10,2285.2,22852.0,2025-07-13T11:52:36.768777
2025-07-13,70389,2025071305004505,NRN,Thrive Brokerage House Pvt. Ltd,Sumeru Securities Pvt. Ltd.,100,2285.1,228510.0,2025-07-13T11:52:36.768881
2025-07-13,70388,2025071305004506,NRN,Dynamic Money Managers Securities Pvt. Ltd.,Sumeru Securities Pvt. Ltd.,13,2285.0,29705.0,2025-07-13T11:52:36.768968
2025-07-13,70387,2025071305004507,NRN,Imperial Securities Company Pvt. Ltd.,Sumeru Securities Pvt. Ltd.,55,2284.2,125631.0,2025-07-13T11:52:36.769052
2025-07-13,70088,2025071305004552,NRN,Thrive Brokerage House Pvt. Ltd,Sani Securities Company Ltd.,10,2284.5,22845.0,2025-07-13T11:53:44.539119
2025-07-13,69979,2025071305004572,NRN,Imperial Securities Company Pvt. Ltd.,Oxford Securities Pvt. Ltd.,11,2284.2,25126.2,2025-07-13T11:54:07.890081
2025-07-13,69952,2025071305004576,NRN,Market Securities & Exchange (PVT) Ltd.,Dipshikha Dhitopatra Karobar Co. Pvt Ltd.,22,2289.0,50358.0,2025-07-13T11:54:13.769249
2025-07-13,69845,2025071305004589,NRN,Roadshow securities limited,Naasa Securities Co. Ltd.,10,2288.0,22880.0,2025-07-13T11:54:34.454161
2025-07-13,69803,2025071305004593,NRN,Sundhara Securities Limited,Naasa Securities Co. Ltd.,11,2284.3,25127.3,2025-07-13T11:54:41.501375
2025-07-13,68717,2025071305004747,NRN,Trishakti Securities Public Limited,Dipshikha Dhitopatra Karobar Co. Pvt Ltd.,18,2285.1,41131.8,2025-07-13T11:57:43.514529
2025-07-13,68466,2025071305004792,NRN,Naasa Securities Co. Ltd.,Dipshikha Dhitopatra Karobar Co. Pvt Ltd.,1,2285.0,2285.0,2025-07-13T11:58:21.014234
2025-07-13,67880,2025071305004872,NRN,Naasa Securities Co. Ltd.,Naasa Securities Co. Ltd.,20,2288.0,45760.0,2025-07-13T11:59:54.227992
2025-07-13,67009,2025071305005024,NRN,Investment Management Nepal Pvt. Ltd.,Naasa Securities Co. Ltd.,60,2288.0,137280.0,2025-07-13T12:02:16.766971
2025-07-13,67008,2025071305005025,NRN,Investment Management Nepal Pvt. Ltd.,SUN SECURITIES PVT LTD,11,2288.0,25168.0,2025-07-13T12:02:16.767234
2025-07-13,67007,2025071305005026,NRN,Investment Management Nepal Pvt. Ltd.,Naasa Securities Co. Ltd.,100,2290.0,229000.0,2025-07-13T12:02:16.767354
2025-07-13,67006,2025071305005027,NRN,Investment Management Nepal Pvt. Ltd.,Investment Management Nepal Pvt. Ltd.,11,2290.0,25190.0,2025-07-13T12:02:16.767447
2025-07-13,67005,2025071305005028,NRN,Investment Management Nepal Pvt. Ltd.,Naasa Securities Co. Ltd.,50,2294.0,114700.0,2025-07-13T12:02:16.767543
2025-07-13,67004,2025071305005029,NRN,Investment Management Nepal Pvt. Ltd.,Imperial Securities Company Pvt. Ltd.,11,2295.0,25245.0,2025-07-13T12:02:16.767636
2025-07-13,67003,2025071305005030,NRN,Investment Management Nepal Pvt. Ltd.,Deevyaa Securities & Stock House Pvt. Ltd,11,2295.0,25245.0,2025-07-13T12:02:16.767727
2025-07-13,67002,2025071305005031,NRN,Investment Management Nepal Pvt. Ltd.,Imperial Securities Company Pvt. Ltd.,11,2297.0,25267.0,2025-07-13T12:02:16.767825
2025-07-13,67001,2025071305005032,NRN,Investment Management Nepal Pvt. Ltd.,Secured Securities Ltd.,11,2297.0,25267.0,2025-07-13T12:02:16.767915
2025-07-13,67000,2025071305005033,NRN,Investment Management Nepal Pvt. Ltd.,Aryatara Investment & Securities,10,2299.1,22991.0,2025-07-13T12:02:16.768005
2025-07-13,66999,2025071305005034,NRN,Investment Management Nepal Pvt. Ltd.,Vision Securities Pvt. Ltd,100,2299.9,229990.0,2025-07-13T12:02:16.768096
2025-07-13,66998,2025071305005035,NRN,Investment Management Nepal Pvt. Ltd.,Siprabi Securities Pvt. Ltd.,45,2300.0,103500.0,2025-07-13T12:02:16.768202
2025-07-13,66997,2025071305005036,NRN,Investment Management Nepal Pvt. Ltd.,Opal Securities Investment (PVT) Ltd.,20,2300.0,46000.0,2025-07-13T12:02:16.768306
2025-07-13,66996,2025071305005037,NRN,Investment Management Nepal Pvt. Ltd.,Sani Securities Company Ltd.,100,2300.0,230000.0,2025-07-13T12:02:16.76841
2025-07-13,66995,2025071305005038,NRN,Investment Management Nepal Pvt. Ltd.,J.F. Securites (PVT) Ltd.,11,2300.0,25300.0,2025-07-13T12:02:16.7685
2025-07-13,66994,2025071305005039,NRN,Investment Management Nepal Pvt. Ltd.,Property Wiard Limited,50,2300.0,115000.0,2025-07-13T12:02:16.768591
2025-07-13,66993,2025071305005040,NRN,Investment Management Nepal Pvt. Ltd.,Malla & Malla Stock Broking Company Pvt. Limited,100,2300.0,230000.0,2025-07-13T12:02:16.768688
2025-07-13,66992,2025071305005041,NRN,Investment Management Nepal Pvt. Ltd.,Hatemalo Financial Services Private Limited,50,2300.0,115000.0,2025-07-13T12:02:16.76879
2025-07-13,66991,2025071305005042,NRN,Investment Management Nepal Pvt. Ltd.,Investment Management Nepal Pvt. Ltd.,238,2300.0,547400.0,2025-07-13T12:02:16.768884
2025-07-13,66163,2025071305005170,NRN,Sundhara Securities Limited,Naasa Securities Co. Ltd.,100,2299.9,229990.0,2025-07-13T12:04:59.891099
2025-07-13,66162,2025071305005171,NRN,Sundhara Securities Limited,Investment Management Nepal Pvt. Ltd.,12,2300.0,27600.0,2025-07-13T12:04:59.891373
2025-07-13,66161,2025071305005172,NRN,Sundhara Securities Limited,Premier Securities Company Ltd.,77,2300.0,177100.0,2025-07-13T12:04:59.891472
2025-07-13,66057,2025071305005185,NRN,Sundhara Securities Limited,Premier Securities Company Ltd.,123,2300.0,282900.0,2025-07-13T12:05:12.952626
2025-07-13,66056,2025071305005186,NRN,Sundhara Securities Limited,Sani Securities Company Ltd.,21,2300.0,48300.0,2025-07-13T12:05:12.952902
2025-07-13,66055,2025071305005187,NRN,Sundhara Securities Limited,J.F. Securites (PVT) Ltd.,11,2300.0,25300.0,2025-07-13T12:05:12.952991
2025-07-13,66054,2025071305005188,NRN,Sundhara Securities Limited,Premier Securities Company Ltd.,45,2300.0,103500.0,2025-07-13T12:05:12.953092
2025-07-13,65971,2025071305005201,NRN,Sundhara Securities Limited,Premier Securities Company Ltd.,155,2300.0,356500.0,2025-07-13T12:05:28.044168
2025-07-13,65970,2025071305005202,NRN,Sundhara Securities Limited,Infinity Securities Limited,45,2300.0,103500.0,2025-07-13T12:05:28.04444
2025-07-13,65914,2025071305005209,NRN,SHUBHAKAMANA SECURITIES PVT. LTD,Miyo Securities Pvt Ltd,200,2300.0,460000.0,2025-07-13T12:05:38.754972
2025-07-13,65913,2025071305005210,NRN,SHUBHAKAMANA SECURITIES PVT. LTD,Hatemalo Financial Services Private Limited,200,2300.0,460000.0,2025-07-13T12:05:38.755417
2025-07-13,65912,2025071305005211,NRN,SHUBHAKAMANA SECURITIES PVT. LTD,Vision Securities Pvt. Ltd,11,2300.0,25300.0,2025-07-13T12:05:38.755687
2025-07-13,65911,2025071305005212,NRN,SHUBHAKAMANA SECURITIES PVT. LTD,Vision Securities Pvt. Ltd,89,2300.0,204700.0,2025-07-13T12:05:38.755946
2025-07-13,65904,2025071305005215,NRN,Sundhara Securities Limited,Vision Securities Pvt. Ltd,11,2300.0,25300.0,2025-07-13T12:05:40.09501
2025-07-13,65852,2025071305005218,NRN,Sundhara Securities Limited,Sani Securities Company Ltd.,22,2300.0,50600.0,2025-07-13T12:05:47.892659
2025-07-13,65678,2025071305005237,NRN,Sundhara Securities Limited,Online Securities Pvt. Ltd.,11,2300.0,25300.0,2025-07-13T12:06:24.527272
2025-07-13,65655,2025071305005244,NRN,Sundhara Securities Limited,Sri Hari Securities Pvt. Ltd.,156,2300.0,358800.0,2025-07-13T12:06:28.832616
2025-07-13,65570,2025071305005255,NRN,Thrive Brokerage House Pvt. Ltd,Sri Hari Securities Pvt. Ltd.,25,2300.0,57500.0,2025-07-13T12:06:45.600323
2025-07-13,65495,2025071305005275,NRN,Sri Hari Securities Pvt. Ltd.,Naasa Securities Co. Ltd.,185,2304.0,426240.0,2025-07-13T12:07:00.292674
2025-07-13,65178,2025071305005348,NRN,Imperial Securities Company Pvt. Ltd.,Sri Hari Securities Pvt. Ltd.,19,2300.0,43700.0,2025-07-13T12:08:00.797596
2025-07-13,65177,2025071305005349,NRN,Imperial Securities Company Pvt. Ltd.,Dipshikha Dhitopatra Karobar Co. Pvt Ltd.,1,2300.0,2300.0,2025-07-13T12:08:00.797755
2025-07-13,65038,2025071305005369,NRN,Sri Hari Securities Pvt. Ltd.,Sri Hari Securities Pvt. Ltd.,15,2303.0,34545.0,2025-07-13T12:08:26.008278
2025-07-13,64728,2025071305005392,NRN,Imperial Securities Company Pvt. Ltd.,Sri Hari Securities Pvt. Ltd.,200,2303.0,460600.0,2025-07-13T12:09:10.790407
2025-07-13,64250,2025071305005449,NRN,Arun Securities (PVT) Ltd.,Dipshikha Dhitopatra Karobar Co. Pvt Ltd.,11,2295.5,25250.5,2025-07-13T12:10:33.432914
2025-07-13,64208,2025071305005453,NRN,BHOLE GANESH SECURITIES LTD,Himalayan Securities Limited,2800,2297.0,6431600.0,2025-07-13T12:10:40.595956
2025-07-13,64130,2025071305005457,NRN,Sundhara Securities Limited,Naasa Securities Co. Ltd.,25,2302.0,57550.0,2025-07-13T12:10:51.790101
2025-07-13,63914,2025071305005489,NRN,Thrive Brokerage House Pvt. Ltd,K.B.L. Securities Limited ,150,2300.0,345000.0,2025-07-13T12:11:44.230283
2025-07-13,63655,2025071305005531,NRN,Thrive Brokerage House Pvt. Ltd,Siprabi Securities Pvt. Ltd.,10,2300.0,23000.0,2025-07-13T12:12:31.416741
2025-07-13,62224,2025071305005700,NRN,Himalayan Brokerage Company Limited,Sri Hari Securities Pvt. Ltd.,40,2296.0,91840.0,2025-07-13T12:16:08.903107
2025-07-13,62184,2025071305005702,NRN,Sri Hari Securities Pvt. Ltd.,Aryatara Investment & Securities,11,2300.0,25300.0,2025-07-13T12:16:16.030707
2025-07-13,62183,2025071305005703,NRN,Sri Hari Securities Pvt. Ltd.,J.F. Securites (PVT) Ltd.,29,2301.9,66755.1,2025-07-13T12:16:16.031195
2025-07-13,61865,2025071305005738,NRN,Nepal Stock House (PVT) Ltd.,Cristal Kanchanjanga Securites Pvt. Ltd.,11,2300.0,25300.0,2025-07-13T12:17:18.487918
2025-07-13,61810,2025071305005746,NRN,Nepal Stock House (PVT) Ltd.,Indira securities pvt. ltd,89,2300.0,204700.0,2025-07-13T12:17:33.372232
2025-07-13,61491,2025071305005775,NRN,Himalayan Brokerage Company Limited,Sri Hari Securities Pvt. Ltd.,60,2296.0,137760.0,2025-07-13T12:18:41.618179
2025-07-13,61490,2025071305005776,NRN,Thrive Brokerage House Pvt. Ltd,Sri Hari Securities Pvt. Ltd.,25,2296.0,57400.0,2025-07-13T12:18:41.618653
2025-07-13,61489,2025071305005777,NRN,Imperial Securities Company Pvt. Ltd.,Sri Hari Securities Pvt. Ltd.,34,2295.6,78050.4,2025-07-13T12:18:41.618959
2025-07-13,61488,2025071305005778,NRN,Arun Securities (PVT) Ltd.,Sri Hari Securities Pvt. Ltd.,181,2295.5,415485.5,2025-07-13T12:18:41.619269
2025-07-13,61430,2025071305005786,NRN,Sri Hari Securities Pvt. Ltd.,Indira securities pvt. ltd,300,2300.0,690000.0,2025-07-13T12:18:53.772166
2025-07-13,59866,2025071305006019,NRN,Arun Securities (PVT) Ltd.,Infinity Securities Limited,15,2295.5,34432.5,2025-07-13T12:22:54.054217
2025-07-13,59500,2025071305006063,NRN,Arun Securities (PVT) Ltd.,Naasa Securities Co. Ltd.,43,2295.5,98706.5,2025-07-13T12:23:44.923999
2025-07-13,59499,2025071305006064,NRN,Miyo Securities Pvt Ltd,Naasa Securities Co. Ltd.,200,2295.0,459000.0,2025-07-13T12:23:44.924261
2025-07-13,59498,2025071305006065,NRN,Miyo Securities Pvt Ltd,Naasa Securities Co. Ltd.,200,2295.0,459000.0,2025-07-13T12:23:44.924383
2025-07-13,59497,2025071305006066,NRN,Neev Securities Pvt. Ltd.,Naasa Securities Co. Ltd.,100,2295.0,229500.0,2025-07-13T12:23:44.924502
2025-07-13,59403,2025071305006084,NRN,Malla & Malla Stock Broking Company Pvt. Limited,Deevyaa Securities & Stock House Pvt. Ltd,11,2295.0,25245.0,2025-07-13T12:24:01.337748
2025-07-13,58885,2025071305006125,NRN,Malla & Malla Stock Broking Company Pvt. Limited,Naasa Securities Co. Ltd.,12,2295.0,27540.0,2025-07-13T12:25:14.989902
2025-07-13,58882,2025071305006128,NRN,Malla & Malla Stock Broking Company Pvt. Limited,Imperial Securities Company Pvt. Ltd.,11,2295.0,25245.0,2025-07-13T12:25:15.634939
2025-07-13,57250,2025071305006279,NRN,Cristal Kanchanjanga Securites Pvt. Ltd.,Opal Securities Investment (PVT) Ltd.,11,2295.0,25245.0,2025-07-13T12:28:57.4757
2025-07-13,56417,2025071305006411,NRN,Nepal Investment And Securities Trading Private Limited,Nepal Investment And Securities Trading Private Limited,1,2290.0,2290.0,2025-07-13T12:30:49.945781
2025-07-13,56378,2025071305006418,NRN,Investment Management Nepal Pvt. Ltd.,Sri Hari Securities Pvt. Ltd.,75,2299.9,172492.5,2025-07-13T12:31:00.378912
2025-07-13,55271,2025071305006569,NRN,Linch Stock Market Ltd.,Neev Securities Pvt. Ltd.,100,2296.0,229600.0,2025-07-13T12:33:40.090599
2025-07-13,55254,2025071305006570,NRN,Neev Securities Pvt. Ltd.,Neev Securities Pvt. Ltd.,400,2296.0,918400.0,2025-07-13T12:33:44.11623
2025-07-13,55025,2025071305006591,NRN,Neev Securities Pvt. Ltd.,BHOLE GANESH SECURITIES LTD,100,2296.0,229600.0,2025-07-13T12:34:10.594169
2025-07-13,55024,2025071305006592,NRN,Cristal Kanchanjanga Securites Pvt. Ltd.,BHOLE GANESH SECURITIES LTD,89,2295.0,204255.0,2025-07-13T12:34:10.594298
2025-07-13,55023,2025071305006593,NRN,Miyo Securities Pvt Ltd,BHOLE GANESH SECURITIES LTD,50,2295.0,114750.0,2025-07-13T12:34:10.594393
2025-07-13,55022,2025071305006594,NRN,Naasa Securities Co. Ltd.,BHOLE GANESH SECURITIES LTD,61,2295.0,139995.0,2025-07-13T12:34:10.594457
2025-07-13,54826,2025071305006608,NRN,Naasa Securities Co. Ltd.,Vision Securities Pvt. Ltd,39,2295.0,89505.0,2025-07-13T12:34:31.559691
2025-07-13,54741,2025071305006615,NRN,Dipshikha Dhitopatra Karobar Co. Pvt Ltd.,Premier Securities Company Ltd.,11,2294.0,25234.0,2025-07-13T12:34:44.76675
2025-07-13,54374,2025071305006671,NRN,Dipshikha Dhitopatra Karobar Co. Pvt Ltd.,Opal Securities Investment (PVT) Ltd.,19,2294.0,43586.0,2025-07-13T12:35:31.401521
2025-07-13,53959,2025071305006730,NRN,Malla & Malla Stock Broking Company Pvt. Limited,Opal Securities Investment (PVT) Ltd.,31,2292.0,71052.0,2025-07-13T12:36:20.667301
2025-07-13,53301,2025071305006816,NRN,Malla & Malla Stock Broking Company Pvt. Limited,Naasa Securities Co. Ltd.,69,2292.0,158148.0,2025-07-13T12:38:01.715068
2025-07-13,53300,2025071305006817,NRN,Imperial Securities Company Pvt. Ltd.,Naasa Securities Co. Ltd.,150,2291.3,343695.0,2025-07-13T12:38:01.715173
2025-07-13,53299,2025071305006818,NRN,Imperial Securities Company Pvt. Ltd.,Naasa Securities Co. Ltd.,20,2291.2,45824.0,2025-07-13T12:38:01.715269
2025-07-13,53298,2025071305006819,NRN,Investment Management Nepal Pvt. Ltd.,Naasa Securities Co. Ltd.,30,2291.1,68733.0,2025-07-13T12:38:01.71537
2025-07-13,53297,2025071305006820,NRN,Nabil Stock Dealer Ltd.,Naasa Securities Co. Ltd.,31,2291.0,71021.0,2025-07-13T12:38:01.715445
2025-07-13,52803,2025071305006876,NRN,Nabil Stock Dealer Ltd.,Capital Max Securities Ltd,100,2291.0,229100.0,2025-07-13T12:39:06.93834
2025-07-13,52475,2025071305006929,NRN,Kumari Securities Private Limited,Sumeru Securities Pvt. Ltd.,10,2292.0,22920.0,2025-07-13T12:40:05.573843
2025-07-13,52171,2025071305006976,NRN,Kumari Securities Private Limited,NIMB Stock Markets Limited,36,2292.0,82512.0,2025-07-13T12:40:48.743992
2025-07-13,52066,2025071305006985,NRN,Kumari Securities Private Limited,Naasa Securities Co. Ltd.,254,2292.0,582168.0,2025-07-13T12:40:59.834866
2025-07-13,52065,2025071305006986,NRN,Naasa Securities Co. Ltd.,Naasa Securities Co. Ltd.,46,2292.0,105432.0,2025-07-13T12:40:59.835139
2025-07-13,51939,2025071305006999,NRN,Naasa Securities Co. Ltd.,Sundhara Securities Limited,54,2292.0,123768.0,2025-07-13T12:41:16.959285
2025-07-13,51938,2025071305007000,NRN,Bhrikuti Stock Broking Co. Pvt. Ltd.,Sundhara Securities Limited,100,2291.1,229110.0,2025-07-13T12:41:16.959603
2025-07-13,51937,2025071305007001,NRN,Miyo Securities Pvt Ltd,Sundhara Securities Limited,50,2291.1,114555.0,2025-07-13T12:41:16.959723
2025-07-13,51936,2025071305007002,NRN,Nabil Stock Dealer Ltd.,Sundhara Securities Limited,369,2291.0,845379.0,2025-07-13T12:41:16.959836
2025-07-13,51935,2025071305007003,NRN,Capital Max Securities Ltd,Sundhara Securities Limited,62,2291.0,142042.0,2025-07-13T12:41:16.959934
2025-07-13,51691,2025071305007029,NRN,Capital Max Securities Ltd,Naasa Securities Co. Ltd.,38,2291.0,87058.0,2025-07-13T12:41:59.461238
2025-07-13,51690,2025071305007030,NRN,Himalayan Brokerage Company Limited,Naasa Securities Co. Ltd.,100,2290.2,229020.0,2025-07-13T12:41:59.461529
2025-07-13,51689,2025071305007031,NRN,Miyo Securities Pvt Ltd,Naasa Securities Co. Ltd.,200,2290.1,458020.0,2025-07-13T12:41:59.461997
2025-07-13,51688,2025071305007032,NRN,Miyo Securities Pvt Ltd,Naasa Securities Co. Ltd.,200,2290.1,458020.0,2025-07-13T12:41:59.462287
2025-07-13,51687,2025071305007033,NRN,Aryatara Investment & Securities,Naasa Securities Co. Ltd.,62,2290.1,141986.2,2025-07-13T12:41:59.46261
2025-07-13,51502,2025071305007056,NRN,Aryatara Investment & Securities,Vision Securities Pvt. Ltd,31,2290.1,70993.1,2025-07-13T12:42:29.159924
2025-07-13,51091,2025071305007112,NRN,Sri Hari Securities Pvt. Ltd.,Naasa Securities Co. Ltd.,100,2290.0,229000.0,2025-07-13T12:43:31.976925
2025-07-13,50555,2025071305007183,NRN,Sewa Securities Pvt. Ltd.,Naasa Securities Co. Ltd.,100,2290.1,229010.0,2025-07-13T12:44:58.349374
2025-07-13,50554,2025071305007184,NRN,Sri Hari Securities Pvt. Ltd.,Naasa Securities Co. Ltd.,200,2290.0,458000.0,2025-07-13T12:44:58.349633
2025-07-13,50553,2025071305007185,NRN,Miyo Securities Pvt Ltd,Naasa Securities Co. Ltd.,100,2290.0,229000.0,2025-07-13T12:44:58.349737
2025-07-13,50515,2025071305007187,NRN,Miyo Securities Pvt Ltd,Sundhara Securities Limited,100,2290.0,229000.0,2025-07-13T12:45:04.021349
2025-07-13,50514,2025071305007188,NRN,Capital Max Securities Ltd,Sundhara Securities Limited,50,2290.0,114500.0,2025-07-13T12:45:04.02162
2025-07-13,50513,2025071305007189,NRN,Online Securities Pvt. Ltd.,Sundhara Securities Limited,33,2290.0,75570.0,2025-07-13T12:45:04.021756
2025-07-13,49918,2025071305007248,NRN,Malla & Malla Stock Broking Company Pvt. Limited,Naasa Securities Co. Ltd.,10,2288.0,22880.0,2025-07-13T12:46:38.110389
2025-07-13,49395,2025071305007335,NRN,Vision Securities Pvt. Ltd,Sri Hari Securities Pvt. Ltd.,100,2287.5,228750.0,2025-07-13T12:48:08.987738
2025-07-13,49394,2025071305007336,NRN,Shree Krishna Securities Ltd.,Sri Hari Securities Pvt. Ltd.,200,2287.4,457480.0,2025-07-13T12:48:08.988027
2025-07-13,49393,2025071305007337,NRN,Thrive Brokerage House Pvt. Ltd,Sri Hari Securities Pvt. Ltd.,50,2287.0,114350.0,2025-07-13T12:48:08.988131
2025-07-13,49161,2025071305007385,NRN,Thrive Brokerage House Pvt. Ltd,Sundhara Securities Limited,50,2287.0,114350.0,2025-07-13T12:48:57.391972
2025-07-13,49160,2025071305007386,NRN,Naasa Securities Co. Ltd.,Sundhara Securities Limited,10,2287.0,22870.0,2025-07-13T12:48:57.392458
2025-07-13,49159,2025071305007387,NRN,Oxford Securities Pvt. Ltd.,Sundhara Securities Limited,17,2287.0,38879.0,2025-07-13T12:48:57.392748
2025-07-13,49158,2025071305007388,NRN,Property Wiard Limited,Sundhara Securities Limited,80,2287.0,182960.0,2025-07-13T12:48:57.393038
2025-07-13,49157,2025071305007389,NRN,Elite Stock House Limited,Sundhara Securities Limited,100,2286.6,228660.0,2025-07-13T12:48:57.393342
2025-07-13,49156,2025071305007390,NRN,Naasa Securities Co. Ltd.,Sundhara Securities Limited,86,2286.1,196604.6,2025-07-13T12:48:57.393634
2025-07-13,49155,2025071305007391,NRN,South Asian Bulls Pvt. Ltd.,Sundhara Securities Limited,25,2286.0,57150.0,2025-07-13T12:48:57.39392
2025-07-13,49154,2025071305007392,NRN,Sri Hari Securities Pvt. Ltd.,Sundhara Securities Limited,932,2286.0,2130552.0,2025-07-13T12:48:57.394221
2025-07-13,48884,2025071305007434,NRN,Sri Hari Securities Pvt. Ltd.,Sundhara Securities Limited,68,2286.0,155448.0,2025-07-13T12:49:52.719945
2025-07-13,48883,2025071305007435,NRN,Trishakti Securities Public Limited,Sundhara Securities Limited,82,2285.1,187378.2,2025-07-13T12:49:52.720265
2025-07-13,48882,2025071305007436,NRN,Vision Securities Pvt. Ltd,Sundhara Securities Limited,100,2285.1,228510.0,2025-07-13T12:49:52.720408
2025-07-13,48881,2025071305007437,NRN,Naasa Securities Co. Ltd.,Sundhara Securities Limited,218,2285.0,498130.0,2025-07-13T12:49:52.720505
2025-07-13,48880,2025071305007438,NRN,Neev Securities Pvt. Ltd.,Sundhara Securities Limited,200,2285.0,457000.0,2025-07-13T12:49:52.720602
2025-07-13,48879,2025071305007439,NRN,MILKY WAY SHARE BROKER COMPANY LTD ,Sundhara Securities Limited,500,2285.0,1142500.0,2025-07-13T12:49:52.720698
2025-07-13,48878,2025071305007440,NRN,Sri Hari Securities Pvt. Ltd.,Sundhara Securities Limited,1000,2285.0,2285000.0,2025-07-13T12:49:52.720796
2025-07-13,48877,2025071305007441,NRN,SHUBHAKAMANA SECURITIES PVT. LTD,Sundhara Securities Limited,432,2285.0,987120.0,2025-07-13T12:49:52.720919
2025-07-13,48139,2025071305007576,NRN,SHUBHAKAMANA SECURITIES PVT. LTD,Thrive Brokerage House Pvt. Ltd,11,2285.0,25135.0,2025-07-13T12:51:32.66438
2025-07-13,47890,2025071305007599,NRN,Nepal Stock House (PVT) Ltd.,Trishakti Securities Public Limited,9,2240.0,20160.0,2025-07-13T12:52:18.963721
2025-07-13,47886,2025071305007601,NRN,SHUBHAKAMANA SECURITIES PVT. LTD,Oxford Securities Pvt. Ltd.,11,2285.0,25135.0,2025-07-13T12:52:20.768034
2025-07-13,47616,2025071305007621,NRN,Market Securities & Exchange (PVT) Ltd.,Online Securities Pvt. Ltd.,100,2289.0,228900.0,2025-07-13T12:52:57.337392
2025-07-13,46191,2025071305007854,NRN,Naasa Securities Co. Ltd.,Naasa Securities Co. Ltd.,58,2285.1,132535.8,2025-07-13T12:56:58.950278
2025-07-13,45807,2025071305007925,NRN,SHUBHAKAMANA SECURITIES PVT. LTD,Sani Securities Company Ltd.,15,2285.0,34275.0,2025-07-13T12:58:23.36548
2025-07-13,45655,2025071305007950,NRN,SHUBHAKAMANA SECURITIES PVT. LTD,Linch Stock Market Ltd.,25,2285.0,57125.0,2025-07-13T12:58:49.09254
2025-07-13,45560,2025071305007957,NRN,Kohinoor Investment & Securities Pvt. Ltd.,Vision Securities Pvt. Ltd,50,2285.0,114250.0,2025-07-13T12:59:07.02697
2025-07-13,45559,2025071305007958,NRN,Naasa Securities Co. Ltd.,Vision Securities Pvt. Ltd,10,2285.0,22850.0,2025-07-13T12:59:07.027266
2025-07-13,45558,2025071305007959,NRN,Himalayan Brokerage Company Limited,Vision Securities Pvt. Ltd,160,2285.0,365600.0,2025-07-13T12:59:07.027391
2025-07-13,44160,2025071305008163,NRN,Naasa Securities Co. Ltd.,Online Securities Pvt. Ltd.,11,2285.1,25136.1,2025-07-13T13:03:34.247979
2025-07-13,43765,2025071305008225,NRN,Naasa Securities Co. Ltd.,Nabil Stock Dealer Ltd.,489,2285.1,1117413.9,2025-07-13T13:04:54.22952
2025-07-13,43764,2025071305008226,NRN,Himalayan Brokerage Company Limited,Nabil Stock Dealer Ltd.,40,2285.0,91400.0,2025-07-13T13:04:54.229857
2025-07-13,43763,2025071305008227,NRN,Dynamic Money Managers Securities Pvt. Ltd.,Nabil Stock Dealer Ltd.,215,2285.0,491275.0,2025-07-13T13:04:54.229968
2025-07-13,43682,2025071305008243,NRN,Primo Securities (PVT) Ltd.,Naasa Securities Co. Ltd.,20,2285.1,45702.0,2025-07-13T13:05:09.914437
2025-07-13,43568,2025071305008249,NRN,Primo Securities (PVT) Ltd.,Sri Hari Securities Pvt. Ltd.,425,2285.2,971210.0,2025-07-13T13:05:23.90188
2025-07-13,43095,2025071305008313,NRN,Primo Securities (PVT) Ltd.,Nabil Stock Dealer Ltd.,55,2285.2,125686.0,2025-07-13T13:06:53.784611
2025-07-13,43094,2025071305008314,NRN,Trishakti Securities Public Limited,Nabil Stock Dealer Ltd.,128,2284.1,292364.8,2025-07-13T13:06:53.784925
2025-07-13,43093,2025071305008315,NRN,Bhrikuti Stock Broking Co. Pvt. Ltd.,Nabil Stock Dealer Ltd.,200,2284.0,456800.0,2025-07-13T13:06:53.785036
2025-07-13,43092,2025071305008316,NRN,Agrawal Securities (PVT) Ltd.,Nabil Stock Dealer Ltd.,10,2284.0,22840.0,2025-07-13T13:06:53.78515
2025-07-13,43091,2025071305008317,NRN,Miyo Securities Pvt Ltd,Nabil Stock Dealer Ltd.,10,2283.0,22830.0,2025-07-13T13:06:53.785256
2025-07-13,43090,2025071305008318,NRN,Primo Securities (PVT) Ltd.,Nabil Stock Dealer Ltd.,200,2283.0,456600.0,2025-07-13T13:06:53.785371
2025-07-13,43089,2025071305008319,NRN,Trishakti Securities Public Limited,Nabil Stock Dealer Ltd.,60,2282.2,136932.0,2025-07-13T13:06:53.785482
2025-07-13,43088,2025071305008320,NRN,Miyo Securities Pvt Ltd,Nabil Stock Dealer Ltd.,200,2282.2,456440.0,2025-07-13T13:06:53.785591
2025-07-13,43087,2025071305008321,NRN,INDEX SECURITIES LIMITED,Nabil Stock Dealer Ltd.,100,2282.0,228200.0,2025-07-13T13:06:53.7857
2025-07-13,43086,2025071305008322,NRN,Investment Management Nepal Pvt. Ltd.,Nabil Stock Dealer Ltd.,10,2282.0,22820.0,2025-07-13T13:06:53.785805
2025-07-13,43085,2025071305008323,NRN,Dynamic Money Managers Securities Pvt. Ltd.,Nabil Stock Dealer Ltd.,300,2282.0,684600.0,2025-07-13T13:06:53.785907
2025-07-13,43084,2025071305008324,NRN,Vision Securities Pvt. Ltd,Nabil Stock Dealer Ltd.,50,2281.0,114050.0,2025-07-13T13:06:53.786011
2025-07-13,43083,2025071305008325,NRN,Thrive Brokerage House Pvt. Ltd,Nabil Stock Dealer Ltd.,200,2281.0,456200.0,2025-07-13T13:06:53.78612
2025-07-13,43082,2025071305008326,NRN,Sri Hari Securities Pvt. Ltd.,Nabil Stock Dealer Ltd.,1000,2281.0,2281000.0,2025-07-13T13:06:53.786232
2025-07-13,43081,2025071305008327,NRN,SHUBHAKAMANA SECURITIES PVT. LTD,Nabil Stock Dealer Ltd.,260,2280.3,592878.0,2025-07-13T13:06:53.786341
2025-07-13,43080,2025071305008328,NRN,Dipshikha Dhitopatra Karobar Co. Pvt Ltd.,Nabil Stock Dealer Ltd.,140,2280.2,319228.0,2025-07-13T13:06:53.786444
2025-07-13,43079,2025071305008329,NRN,Nepal Investment And Securities Trading Private Limited,Nabil Stock Dealer Ltd.,50,2280.2,114010.0,2025-07-13T13:06:53.786545
2025-07-13,43078,2025071305008330,NRN,Naasa Securities Co. Ltd.,Nabil Stock Dealer Ltd.,27,2280.0,61560.0,2025-07-13T13:06:53.786648
2025-07-13,43043,2025071305008332,NRN,Naasa Securities Co. Ltd.,Nabil Stock Dealer Ltd.,23,2280.0,52440.0,2025-07-13T13:07:03.815026
2025-07-13,43042,2025071305008333,NRN,Sweta Securities Private Limited,Nabil Stock Dealer Ltd.,20,2280.0,45600.0,2025-07-13T13:07:03.815353
2025-07-13,43041,2025071305008334,NRN,Sri Hari Securities Pvt. Ltd.,Nabil Stock Dealer Ltd.,1000,2280.0,2280000.0,2025-07-13T13:07:03.81548
2025-07-13,43040,2025071305008335,NRN,Bhrikuti Stock Broking Co. Pvt. Ltd.,Nabil Stock Dealer Ltd.,100,2280.0,228000.0,2025-07-13T13:07:03.815608
2025-07-13,43039,2025071305008336,NRN,Naasa Securities Co. Ltd.,Nabil Stock Dealer Ltd.,5000,2280.0,11400000.0,2025-07-13T13:07:03.815748
2025-07-13,43038,2025071305008337,NRN,Investment Management Nepal Pvt. Ltd.,Nabil Stock Dealer Ltd.,10,2280.0,22800.0,2025-07-13T13:07:03.815864
2025-07-13,43037,2025071305008338,NRN,Nepal Stock House (PVT) Ltd.,Nabil Stock Dealer Ltd.,50,2280.0,114000.0,2025-07-13T13:07:03.815966
2025-07-13,43036,2025071305008339,NRN,Nepal Stock House (PVT) Ltd.,Nabil Stock Dealer Ltd.,100,2280.0,228000.0,2025-07-13T13:07:03.816096
2025-07-13,43035,2025071305008340,NRN,Investment Management Nepal Pvt. Ltd.,Nabil Stock Dealer Ltd.,10,2280.0,22800.0,2025-07-13T13:07:03.81621
2025-07-13,43034,2025071305008341,NRN,Neev Securities Pvt. Ltd.,Nabil Stock Dealer Ltd.,200,2280.0,456000.0,2025-07-13T13:07:03.816332
2025-07-13,43033,2025071305008342,NRN,Agrawal Securities (PVT) Ltd.,Nabil Stock Dealer Ltd.,200,2280.0,456000.0,2025-07-13T13:07:03.816473
2025-07-13,43032,2025071305008343,NRN,Sumeru Securities Pvt. Ltd.,Nabil Stock Dealer Ltd.,100,2280.0,228000.0,2025-07-13T13:07:03.816616
2025-07-13,43031,2025071305008344,NRN,Nepal Stock House (PVT) Ltd.,Nabil Stock Dealer Ltd.,50,2280.0,114000.0,2025-07-13T13:07:03.816754
2025-07-13,43030,2025071305008345,NRN,J.F. Securites (PVT) Ltd.,Nabil Stock Dealer Ltd.,561,2280.0,1279080.0,2025-07-13T13:07:03.816905
2025-07-13,43029,2025071305008346,NRN,Naasa Securities Co. Ltd.,Nabil Stock Dealer Ltd.,30,2280.0,68400.0,2025-07-13T13:07:03.817034
2025-07-13,43028,2025071305008347,NRN,Linch Stock Market Ltd.,Nabil Stock Dealer Ltd.,100,2280.0,228000.0,2025-07-13T13:07:03.817159
2025-07-13,43027,2025071305008348,NRN,Miyo Securities Pvt Ltd,Nabil Stock Dealer Ltd.,200,2280.0,456000.0,2025-07-13T13:07:03.817269
2025-07-13,43026,2025071305008349,NRN,Imperial Securities Company Pvt. Ltd.,Nabil Stock Dealer Ltd.,70,2280.0,159600.0,2025-07-13T13:07:03.817371
2025-07-13,43025,2025071305008350,NRN,SHUBHAKAMANA SECURITIES PVT. LTD,Nabil Stock Dealer Ltd.,176,2280.0,401280.0,2025-07-13T13:07:03.817483
2025-07-13,42861,2025071305008370,NRN,Trishakti Securities Public Limited,NIMB Stock Markets Limited,200,2280.1,456020.0,2025-07-13T13:07:40.635814
2025-07-13,42860,2025071305008371,NRN,SHUBHAKAMANA SECURITIES PVT. LTD,NIMB Stock Markets Limited,330,2280.0,752400.0,2025-07-13T13:07:40.636302
2025-07-13,42859,2025071305008372,NRN,Infinity Securities Limited,NIMB Stock Markets Limited,19,2280.0,43320.0,2025-07-13T13:07:40.636618
2025-07-13,42232,2025071305008462,NRN,Infinity Securities Limited,Aryatara Investment & Securities,11,2280.0,25080.0,2025-07-13T13:09:28.021236
2025-07-13,42215,2025071305008464,NRN,Infinity Securities Limited,Prabhu Stock Market Limited,70,2280.0,159600.0,2025-07-13T13:09:29.365803
2025-07-13,42214,2025071305008465,NRN,Sharepro Securities Private Limited,Prabhu Stock Market Limited,30,2280.0,68400.0,2025-07-13T13:09:29.366287
2025-07-13,42047,2025071305008480,NRN,Dakshinkali Investment & Securities Pvt. Ltd.,Prabhu Stock Market Limited,20,2279.0,45580.0,2025-07-13T13:09:56.443873
2025-07-13,41987,2025071305008483,NRN,Online Securities Pvt. Ltd.,Sani Securities Company Ltd.,45,2281.0,102645.0,2025-07-13T13:10:02.0557
2025-07-13,41841,2025071305008502,NRN,Online Securities Pvt. Ltd.,Malla & Malla Stock Broking Company Pvt. Limited,45,2281.0,102645.0,2025-07-13T13:10:21.871539
2025-07-13,41840,2025071305008503,NRN,Nepal Stock House (PVT) Ltd.,Malla & Malla Stock Broking Company Pvt. Limited,16,2280.0,36480.0,2025-07-13T13:10:21.871994
2025-07-13,41695,2025071305008515,NRN,Nepal Stock House (PVT) Ltd.,Sani Securities Company Ltd.,40,2280.0,91200.0,2025-07-13T13:10:50.087159
2025-07-13,41569,2025071305008518,NRN,Nepal Stock House (PVT) Ltd.,Nepal Stock House (PVT) Ltd.,44,2280.0,100320.0,2025-07-13T13:11:08.515258
2025-07-13,41430,2025071305008543,NRN,Dakshinkali Investment & Securities Pvt. Ltd.,Naasa Securities Co. Ltd.,29,2279.0,66091.0,2025-07-13T13:11:34.743606
2025-07-13,41429,2025071305008544,NRN,Dakshinkali Investment & Securities Pvt. Ltd.,Nepal Stock House (PVT) Ltd.,56,2279.0,127624.0,2025-07-13T13:11:34.965338
2025-07-13,41428,2025071305008545,NRN,Dakshinkali Investment & Securities Pvt. Ltd.,Property Wiard Limited,100,2279.0,227900.0,2025-07-13T13:11:35.33826
2025-07-13,40958,2025071305008587,NRN,KALASH STOCK MARKET PVT. LTD.,Siprabi Securities Pvt. Ltd.,50,2280.1,114005.0,2025-07-13T13:13:00.489906
2025-07-13,40957,2025071305008588,NRN,Sharepro Securities Private Limited,Siprabi Securities Pvt. Ltd.,150,2279.0,341850.0,2025-07-13T13:13:00.490164
2025-07-13,39919,2025071305008734,NRN,Kohinoor Investment & Securities Pvt. Ltd.,Kohinoor Investment & Securities Pvt. Ltd.,11,2280.0,25080.0,2025-07-13T13:16:15.817817
2025-07-13,39725,2025071305008755,NRN,Kohinoor Investment & Securities Pvt. Ltd.,Nabil Stock Dealer Ltd.,39,2280.0,88920.0,2025-07-13T13:16:42.482043
2025-07-13,39724,2025071305008756,NRN,NIMB Stock Markets Limited,Nabil Stock Dealer Ltd.,217,2279.3,494608.1,2025-07-13T13:16:42.482328
2025-07-13,39632,2025071305008770,NRN,Primo Securities (PVT) Ltd.,Naasa Securities Co. Ltd.,31,2279.4,70661.4,2025-07-13T13:17:01.542791
2025-07-13,39434,2025071305008801,NRN,NIMB Stock Markets Limited,Arun Securities (PVT) Ltd.,263,2279.5,599508.5,2025-07-13T13:17:45.633371
2025-07-13,39433,2025071305008802,NRN,Sundhara Securities Limited,Arun Securities (PVT) Ltd.,27,2279.5,61546.5,2025-07-13T13:17:45.633888
2025-07-13,39432,2025071305008803,NRN,Primo Securities (PVT) Ltd.,Arun Securities (PVT) Ltd.,200,2279.4,455880.0,2025-07-13T13:17:45.634226
2025-07-13,39285,2025071305008817,NRN,Primo Securities (PVT) Ltd.,Sri Hari Securities Pvt. Ltd.,250,2279.4,569850.0,2025-07-13T13:18:21.214027
2025-07-13,38855,2025071305008902,NRN,Secured Securities Ltd.,Sani Securities Company Ltd.,15,2280.0,34200.0,2025-07-13T13:20:00.537657
2025-07-13,38723,2025071305008914,NRN,Sipla Securities Private Limited,Sani Securities Company Ltd.,30,2280.0,68400.0,2025-07-13T13:20:30.847554
2025-07-13,38722,2025071305008915,NRN,Sipla Securities Private Limited,Nabil Stock Dealer Ltd.,470,2284.0,1073480.0,2025-07-13T13:20:30.848077
2025-07-13,38619,2025071305008946,NRN,Miyo Securities Pvt Ltd,Nepal Stock House (PVT) Ltd.,10,2280.0,22800.0,2025-07-13T13:20:58.374057
2025-07-13,38536,2025071305008960,NRN,Primo Securities (PVT) Ltd.,Nepal Stock House (PVT) Ltd.,190,2280.0,433200.0,2025-07-13T13:21:16.411704
2025-07-13,38288,2025071305009029,NRN,NIMB Stock Markets Limited,Nabil Stock Dealer Ltd.,530,2284.0,1210520.0,2025-07-13T13:21:52.00197
2025-07-13,38287,2025071305009030,NRN,NIMB Stock Markets Limited,Citizens Share Broker Limited,21,2284.0,47964.0,2025-07-13T13:21:52.002492
2025-07-13,36993,2025071305009174,NRN,Sweta Securities Private Limited,ABC Securities Private Limited,100,2280.0,228000.0,2025-07-13T13:25:52.237959
2025-07-13,36992,2025071305009175,NRN,Thrive Brokerage House Pvt. Ltd,ABC Securities Private Limited,50,2279.3,113965.0,2025-07-13T13:25:52.238063
2025-07-13,36991,2025071305009176,NRN,Imperial Securities Company Pvt. Ltd.,ABC Securities Private Limited,50,2279.2,113960.0,2025-07-13T13:25:52.238137
2025-07-13,36536,2025071305009237,NRN,Capital Max Securities Ltd,Nepal Stock House (PVT) Ltd.,50,2280.0,114000.0,2025-07-13T13:27:22.135824
2025-07-13,36535,2025071305009238,NRN,MILKY WAY SHARE BROKER COMPANY LTD ,Nepal Stock House (PVT) Ltd.,50,2280.0,114000.0,2025-07-13T13:27:22.136127
2025-07-13,36015,2025071305009309,NRN,MILKY WAY SHARE BROKER COMPANY LTD ,Vision Securities Pvt. Ltd,20,2280.0,45600.0,2025-07-13T13:28:53.173831
2025-07-13,35466,2025071305009361,NRN,Deevyaa Securities & Stock House Pvt. Ltd,Nepal Stock House (PVT) Ltd.,20,2285.0,45700.0,2025-07-13T13:31:13.786208
2025-07-13,35437,2025071305009364,NRN,Aryatara Investment & Securities,Secured Securities Ltd.,27,2280.1,61562.7,2025-07-13T13:31:16.906509
2025-07-13,35436,2025071305009365,NRN,MILKY WAY SHARE BROKER COMPANY LTD ,Secured Securities Ltd.,130,2280.0,296400.0,2025-07-13T13:31:16.907043
2025-07-13,35435,2025071305009366,NRN,Magnet Securities and Investment Company Private Limited,Secured Securities Ltd.,200,2280.0,456000.0,2025-07-13T13:31:16.907442
2025-07-13,35434,2025071305009367,NRN,Prabhu Stock Market Limited,Secured Securities Ltd.,150,2280.0,342000.0,2025-07-13T13:31:16.907796
2025-07-13,35433,2025071305009368,NRN,Market Securities & Exchange (PVT) Ltd.,Secured Securities Ltd.,50,2280.0,114000.0,2025-07-13T13:31:16.908137
2025-07-13,35432,2025071305009369,NRN,Market Securities & Exchange (PVT) Ltd.,Secured Securities Ltd.,10,2280.0,22800.0,2025-07-13T13:31:16.908478
2025-07-13,35431,2025071305009370,NRN,Dipshikha Dhitopatra Karobar Co. Pvt Ltd.,Secured Securities Ltd.,10,2280.0,22800.0,2025-07-13T13:31:16.908822
2025-07-13,35089,2025071305009420,NRN,Oxford Securities Pvt. Ltd.,Secured Securities Ltd.,93,2280.0,212040.0,2025-07-13T13:32:38.253421
2025-07-13,34844,2025071305009436,NRN,Oxford Securities Pvt. Ltd.,Citizens Share Broker Limited,10,2285.0,22850.0,2025-07-13T13:33:23.589469
2025-07-13,34630,2025071305009468,NRN,Imperial Securities Company Pvt. Ltd.,Citizens Share Broker Limited,200,2280.0,456000.0,2025-07-13T13:34:09.22345
2025-07-13,34441,2025071305009493,NRN,Imperial Securities Company Pvt. Ltd.,Citizens Share Broker Limited,50,2279.2,113960.0,2025-07-13T13:34:48.335689
2025-07-13,34440,2025071305009494,NRN,Primo Securities (PVT) Ltd.,Citizens Share Broker Limited,100,2279.1,227910.0,2025-07-13T13:34:48.336207
2025-07-13,34439,2025071305009495,NRN,Sharepro Securities Private Limited,Citizens Share Broker Limited,66,2279.0,150414.0,2025-07-13T13:34:48.336548
2025-07-13,34376,2025071305009506,NRN,Sharepro Securities Private Limited,Aryatara Investment & Securities,100,2279.0,227900.0,2025-07-13T13:35:05.694937
2025-07-13,34324,2025071305009520,NRN,Sharepro Securities Private Limited,Swarna Laxmi Securities Pvt. Ltd.,184,2279.0,419336.0,2025-07-13T13:35:16.76169
2025-07-13,33881,2025071305009559,NRN,Opal Securities Investment (PVT) Ltd.,Swarna Laxmi Securities Pvt. Ltd.,120,2283.5,274020.0,2025-07-13T13:36:41.228066
2025-07-13,33880,2025071305009560,NRN,Opal Securities Investment (PVT) Ltd.,Swarna Laxmi Securities Pvt. Ltd.,10,2284.0,22840.0,2025-07-13T13:36:41.22863
2025-07-13,33656,2025071305009595,NRN,Miyo Securities Pvt Ltd,Miyo Securities Pvt Ltd,200,2283.4,456680.0,2025-07-13T13:37:15.450746
2025-07-13,33120,2025071305009672,NRN,Premier Securities Company Ltd.,Nepal Stock House (PVT) Ltd.,100,2278.0,227800.0,2025-07-13T13:38:34.849966
2025-07-13,33119,2025071305009673,NRN,Primo Securities (PVT) Ltd.,Nepal Stock House (PVT) Ltd.,200,2277.2,455440.0,2025-07-13T13:38:34.850268
2025-07-13,33118,2025071305009674,NRN,Thrive Brokerage House Pvt. Ltd,Nepal Stock House (PVT) Ltd.,250,2277.1,569275.0,2025-07-13T13:38:34.850393
2025-07-13,33117,2025071305009675,NRN,INDEX SECURITIES LIMITED,Nepal Stock House (PVT) Ltd.,450,2277.0,1024650.0,2025-07-13T13:38:34.850499
2025-07-13,32563,2025071305009739,NRN,Aryatara Investment & Securities,Nepal Stock House (PVT) Ltd.,10,2278.0,22780.0,2025-07-13T13:40:23.934373
2025-07-13,32562,2025071305009740,NRN,INDEX SECURITIES LIMITED,Nepal Stock House (PVT) Ltd.,990,2277.0,2254230.0,2025-07-13T13:40:23.934913
2025-07-13,32140,2025071305009782,NRN,Primo Securities (PVT) Ltd.,Sundhara Securities Limited,200,2277.1,455420.0,2025-07-13T13:41:47.971418
2025-07-13,32139,2025071305009783,NRN,INDEX SECURITIES LIMITED,Sundhara Securities Limited,60,2277.0,136620.0,2025-07-13T13:41:47.971767
2025-07-13,32138,2025071305009784,NRN,Deevyaa Securities & Stock House Pvt. Ltd,Sundhara Securities Limited,20,2277.0,45540.0,2025-07-13T13:41:47.971942
2025-07-13,32103,2025071305009789,NRN,Imperial Securities Company Pvt. Ltd.,Shree Krishna Securities Ltd.,10,2276.1,22761.0,2025-07-13T13:41:57.145496
2025-07-13,31990,2025071305009797,NRN,Naasa Securities Co. Ltd.,Sundhara Securities Limited,97,2277.0,220869.0,2025-07-13T13:42:10.040853
2025-07-13,31484,2025071305009861,NRN,Shree Krishna Securities Ltd.,Sri Hari Securities Pvt. Ltd.,50,2277.2,113860.0,2025-07-13T13:44:18.442492
2025-07-13,31483,2025071305009862,NRN,Nepal Investment And Securities Trading Private Limited,Sri Hari Securities Pvt. Ltd.,50,2277.2,113860.0,2025-07-13T13:44:18.442999
2025-07-13,31360,2025071305009884,NRN,Miyo Securities Pvt Ltd,Sri Hari Securities Pvt. Ltd.,100,2278.0,227800.0,2025-07-13T13:44:43.640045
2025-07-13,31178,2025071305009902,NRN,Premier Securities Company Ltd.,Agrawal Securities (PVT) Ltd.,10,2277.1,22771.0,2025-07-13T13:45:22.211054
2025-07-13,31143,2025071305009904,NRN,Naasa Securities Co. Ltd.,ABC Securities Private Limited,103,2277.0,234531.0,2025-07-13T13:45:32.102294
2025-07-13,31142,2025071305009905,NRN,Sundhara Securities Limited,ABC Securities Private Limited,500,2276.0,1138000.0,2025-07-13T13:45:32.102362
2025-07-13,31141,2025071305009906,NRN,South Asian Bulls Pvt. Ltd.,ABC Securities Private Limited,50,2275.2,113760.0,2025-07-13T13:45:32.102394
2025-07-13,31140,2025071305009907,NRN,Ashutosh Brokerage & Securities (PVT) Ltd.,ABC Securities Private Limited,20,2275.0,45500.0,2025-07-13T13:45:32.102428
2025-07-13,31139,2025071305009908,NRN,Dipshikha Dhitopatra Karobar Co. Pvt Ltd.,ABC Securities Private Limited,50,2275.0,113750.0,2025-07-13T13:45:32.10245
2025-07-13,31138,2025071305009909,NRN,Bhrikuti Stock Broking Co. Pvt. Ltd.,ABC Securities Private Limited,40,2275.0,91000.0,2025-07-13T13:45:32.102483
2025-07-13,31137,2025071305009910,NRN,Kohinoor Investment & Securities Pvt. Ltd.,ABC Securities Private Limited,237,2275.0,539175.0,2025-07-13T13:45:32.102504
2025-07-13,31080,2025071305009929,NRN,Kohinoor Investment & Securities Pvt. Ltd.,ABC Securities Private Limited,500,2275.0,1137500.0,2025-07-13T13:45:43.227479
2025-07-13,30946,2025071305009948,NRN,Kohinoor Investment & Securities Pvt. Ltd.,Dipshikha Dhitopatra Karobar Co. Pvt Ltd.,113,2275.0,257075.0,2025-07-13T13:46:09.618836
2025-07-13,30945,2025071305009949,NRN,Stoxkarts Securities Limited,Dipshikha Dhitopatra Karobar Co. Pvt Ltd.,100,2275.0,227500.0,2025-07-13T13:46:09.618932
2025-07-13,30944,2025071305009950,NRN,Thrive Brokerage House Pvt. Ltd,Dipshikha Dhitopatra Karobar Co. Pvt Ltd.,137,2275.0,311675.0,2025-07-13T13:46:09.618997
2025-07-13,30889,2025071305009956,NRN,Thrive Brokerage House Pvt. Ltd,Dipshikha Dhitopatra Karobar Co. Pvt Ltd.,10,2275.0,22750.0,2025-07-13T13:46:24.778617
2025-07-13,30887,2025071305009957,NRN,Thrive Brokerage House Pvt. Ltd,Dipshikha Dhitopatra Karobar Co. Pvt Ltd.,113,2275.0,257075.0,2025-07-13T13:46:25.788956
2025-07-13,30886,2025071305009958,NRN,Sri Hari Securities Pvt. Ltd.,Dipshikha Dhitopatra Karobar Co. Pvt Ltd.,37,2275.0,84175.0,2025-07-13T13:46:25.789081
2025-07-13,30852,2025071305009962,NRN,Sri Hari Securities Pvt. Ltd.,Siprabi Securities Pvt. Ltd.,11,2275.0,25025.0,2025-07-13T13:46:31.792483
2025-07-13,30783,2025071305009969,NRN,Miyo Securities Pvt Ltd,Miyo Securities Pvt Ltd,200,2275.1,455020.0,2025-07-13T13:46:43.290686
2025-07-13,30621,2025071305009974,NRN,Sri Hari Securities Pvt. Ltd.,Sri Hari Securities Pvt. Ltd.,200,2275.0,455000.0,2025-07-13T13:47:18.376282
2025-07-13,30467,2025071305009983,NRN,J.F. Securites (PVT) Ltd.,Sundhara Securities Limited,10,2276.0,22760.0,2025-07-13T13:47:44.700156
2025-07-13,30466,2025071305009984,NRN,Sri Hari Securities Pvt. Ltd.,Sundhara Securities Limited,752,2275.0,1710800.0,2025-07-13T13:47:44.700667
2025-07-13,30465,2025071305009985,NRN,Oxford Securities Pvt. Ltd.,Sundhara Securities Limited,100,2275.0,227500.0,2025-07-13T13:47:44.700973
2025-07-13,30052,2025071305010012,NRN,Miyo Securities Pvt Ltd,Miyo Securities Pvt Ltd,200,2273.1,454620.0,2025-07-13T13:49:03.813802
2025-07-13,30018,2025071305010019,NRN,Kalika Securities Pvt. Ltd.,Imperial Securities Company Pvt. Ltd.,20,2273.0,45460.0,2025-07-13T13:49:13.509232
2025-07-13,30017,2025071305010020,NRN,J.F. Securites (PVT) Ltd.,Imperial Securities Company Pvt. Ltd.,10,2272.0,22720.0,2025-07-13T13:49:13.509789
2025-07-13,30016,2025071305010021,NRN,Miyo Securities Pvt Ltd,Imperial Securities Company Pvt. Ltd.,150,2272.0,340800.0,2025-07-13T13:49:13.51012
2025-07-13,30015,2025071305010022,NRN,Naasa Securities Co. Ltd.,Imperial Securities Company Pvt. Ltd.,10,2272.0,22720.0,2025-07-13T13:49:13.510453
2025-07-13,30014,2025071305010023,NRN,Kohinoor Investment & Securities Pvt. Ltd.,Imperial Securities Company Pvt. Ltd.,200,2271.1,454220.0,2025-07-13T13:49:13.510775
2025-07-13,30013,2025071305010024,NRN,Kohinoor Investment & Securities Pvt. Ltd.,Imperial Securities Company Pvt. Ltd.,140,2271.0,317940.0,2025-07-13T13:49:13.511082
2025-07-13,29959,2025071305010030,NRN,Kohinoor Investment & Securities Pvt. Ltd.,Sani Securities Company Ltd.,690,2271.0,1566990.0,2025-07-13T13:49:29.836188
2025-07-13,29942,2025071305010031,NRN,Kohinoor Investment & Securities Pvt. Ltd.,Dipshikha Dhitopatra Karobar Co. Pvt Ltd.,45,2271.0,102195.0,2025-07-13T13:49:32.594207
2025-07-13,29913,2025071305010034,NRN,Asian Securities Private Ltd.,Nabil Stock Dealer Ltd.,10,2271.0,22710.0,2025-07-13T13:49:41.906119
2025-07-13,29912,2025071305010035,NRN,J.F. Securites (PVT) Ltd.,Nabil Stock Dealer Ltd.,500,2270.1,1135050.0,2025-07-13T13:49:41.906656
2025-07-13,29911,2025071305010036,NRN,Naasa Securities Co. Ltd.,Nabil Stock Dealer Ltd.,50,2270.0,113500.0,2025-07-13T13:49:41.907137
2025-07-13,29910,2025071305010037,NRN,Imperial Securities Company Pvt. Ltd.,Nabil Stock Dealer Ltd.,20,2270.0,45400.0,2025-07-13T13:49:41.907638
2025-07-13,29909,2025071305010038,NRN,Stoxkarts Securities Limited,Nabil Stock Dealer Ltd.,100,2270.0,227000.0,2025-07-13T13:49:41.908095
2025-07-13,29908,2025071305010039,NRN,Sri Hari Securities Pvt. Ltd.,Nabil Stock Dealer Ltd.,320,2270.0,726400.0,2025-07-13T13:49:41.908591
2025-07-13,29879,2025071305010041,NRN,Sri Hari Securities Pvt. Ltd.,Nabil Stock Dealer Ltd.,680,2270.0,1543600.0,2025-07-13T13:49:49.929932
2025-07-13,29878,2025071305010042,NRN,Sri Hari Securities Pvt. Ltd.,Nabil Stock Dealer Ltd.,50,2270.0,113500.0,2025-07-13T13:49:49.930277
2025-07-13,29877,2025071305010043,NRN,Himalayan Brokerage Company Limited,Nabil Stock Dealer Ltd.,80,2270.0,181600.0,2025-07-13T13:49:49.930414
2025-07-13,29876,2025071305010044,NRN,Siprabi Securities Pvt. Ltd.,Nabil Stock Dealer Ltd.,100,2270.0,227000.0,2025-07-13T13:49:49.930517
2025-07-13,29875,2025071305010045,NRN,Naasa Securities Co. Ltd.,Nabil Stock Dealer Ltd.,90,2270.0,204300.0,2025-07-13T13:49:49.930619
2025-07-13,29675,2025071305010086,NRN,Miyo Securities Pvt Ltd,Miyo Securities Pvt Ltd,200,2270.1,454020.0,2025-07-13T13:50:33.122629
2025-07-13,29595,2025071305010096,NRN,Naasa Securities Co. Ltd.,Vision Securities Pvt. Ltd,40,2270.0,90800.0,2025-07-13T13:50:56.000507
2025-07-13,29516,2025071305010112,NRN,R.B.B. Securities Company Ltd,Sundhara Securities Limited,55,2275.0,125125.0,2025-07-13T13:51:13.835706
2025-07-13,29444,2025071305010133,NRN,Asian Securities Private Ltd.,Miyo Securities Pvt Ltd,200,2270.1,454020.0,2025-07-13T13:51:28.257406
2025-07-13,29348,2025071305010149,NRN,Asian Securities Private Ltd.,Swarna Laxmi Securities Pvt. Ltd.,50,2270.1,113505.0,2025-07-13T13:51:49.029757
2025-07-13,29347,2025071305010150,NRN,Miyo Securities Pvt Ltd,Swarna Laxmi Securities Pvt. Ltd.,10,2270.1,22701.0,2025-07-13T13:51:49.030039
2025-07-13,29346,2025071305010151,NRN,Naasa Securities Co. Ltd.,Swarna Laxmi Securities Pvt. Ltd.,240,2270.0,544800.0,2025-07-13T13:51:49.030146
2025-07-13,29325,2025071305010153,NRN,Naasa Securities Co. Ltd.,Naasa Securities Co. Ltd.,130,2270.0,295100.0,2025-07-13T13:51:58.240373
2025-07-13,29324,2025071305010154,NRN,Aakashbhairab Securities Ltd.,Naasa Securities Co. Ltd.,200,2270.0,454000.0,2025-07-13T13:51:58.240869
2025-07-13,29323,2025071305010155,NRN,Secured Securities Ltd.,Naasa Securities Co. Ltd.,100,2270.0,227000.0,2025-07-13T13:51:58.24118
2025-07-13,29156,2025071305010181,NRN,Miyo Securities Pvt Ltd,Market Securities & Exchange (PVT) Ltd.,100,2269.0,226900.0,2025-07-13T13:52:31.902445
2025-07-13,28821,2025071305010220,NRN,Miyo Securities Pvt Ltd,Sani Securities Company Ltd.,100,2269.0,226900.0,2025-07-13T13:53:47.95129
2025-07-13,28616,2025071305010235,NRN,Kohinoor Investment & Securities Pvt. Ltd.,SHUBHAKAMANA SECURITIES PVT. LTD,200,2266.8,453360.0,2025-07-13T13:54:36.682947
2025-07-13,28615,2025071305010236,NRN,R.B.B. Securities Company Ltd,SHUBHAKAMANA SECURITIES PVT. LTD,15,2266.7,34000.5,2025-07-13T13:54:36.683483
2025-07-13,28614,2025071305010237,NRN,Asian Securities Private Ltd.,SHUBHAKAMANA SECURITIES PVT. LTD,250,2266.7,566675.0,2025-07-13T13:54:36.683815
2025-07-13,28613,2025071305010238,NRN,Miyo Securities Pvt Ltd,SHUBHAKAMANA SECURITIES PVT. LTD,20,2266.6,45332.0,2025-07-13T13:54:36.684115
2025-07-13,28612,2025071305010239,NRN,Linch Stock Market Ltd.,SHUBHAKAMANA SECURITIES PVT. LTD,15,2266.5,33997.5,2025-07-13T13:54:36.68443
2025-07-13,28329,2025071305010280,NRN,Sri Hari Securities Pvt. Ltd.,APPLE SECURITIES PRIVATE LIMITED,200,2266.6,453320.0,2025-07-13T13:55:37.263874
2025-07-13,28328,2025071305010281,NRN,Linch Stock Market Ltd.,APPLE SECURITIES PRIVATE LIMITED,485,2266.5,1099252.5,2025-07-13T13:55:37.264183
2025-07-13,28327,2025071305010282,NRN,Primo Securities (PVT) Ltd.,APPLE SECURITIES PRIVATE LIMITED,315,2266.2,713853.0,2025-07-13T13:55:37.264298
2025-07-13,28312,2025071305010283,NRN,Primo Securities (PVT) Ltd.,Dipshikha Dhitopatra Karobar Co. Pvt Ltd.,185,2266.2,419247.0,2025-07-13T13:55:40.640188
2025-07-13,28311,2025071305010284,NRN,Elite Stock House Limited,Dipshikha Dhitopatra Karobar Co. Pvt Ltd.,180,2266.1,407898.0,2025-07-13T13:55:40.640754
2025-07-13,27977,2025071305010335,NRN,Sri Hari Securities Pvt. Ltd.,Agrawal Securities (PVT) Ltd.,10,2276.0,22760.0,2025-07-13T13:56:47.391477
2025-07-13,27976,2025071305010336,NRN,Sri Hari Securities Pvt. Ltd.,J.F. Securites (PVT) Ltd.,40,2277.0,91080.0,2025-07-13T13:56:47.391808
2025-07-13,27870,2025071305010341,NRN,Sharepro Securities Private Limited,J.F. Securites (PVT) Ltd.,11,2270.0,24970.0,2025-07-13T13:57:14.194271
2025-07-13,27673,2025071305010355,NRN,Sharepro Securities Private Limited,R.B.B. Securities Company Ltd,100,2270.0,227000.0,2025-07-13T13:57:59.954193
2025-07-13,27626,2025071305010372,NRN,Sharepro Securities Private Limited,Indira securities pvt. ltd,89,2270.0,202030.0,2025-07-13T13:58:10.068058
2025-07-13,27625,2025071305010373,NRN,Nabil Stock Dealer Ltd.,Indira securities pvt. ltd,70,2266.3,158641.0,2025-07-13T13:58:10.068189
2025-07-13,27624,2025071305010374,NRN,Kohinoor Investment & Securities Pvt. Ltd.,Indira securities pvt. ltd,100,2266.2,226620.0,2025-07-13T13:58:10.068291
2025-07-13,27623,2025071305010375,NRN,Asian Securities Private Ltd.,Indira securities pvt. ltd,100,2266.2,226620.0,2025-07-13T13:58:10.068387
2025-07-13,27622,2025071305010376,NRN,Aryatara Investment & Securities,Indira securities pvt. ltd,50,2266.2,113310.0,2025-07-13T13:58:10.068451
2025-07-13,27621,2025071305010377,NRN,Elite Stock House Limited,Indira securities pvt. ltd,41,2266.1,92910.1,2025-07-13T13:58:10.068514
2025-07-13,27370,2025071305010404,NRN,Naasa Securities Co. Ltd.,J.F. Securites (PVT) Ltd.,10,2277.0,22770.0,2025-07-13T13:59:12.476574
2025-07-13,27369,2025071305010405,NRN,Naasa Securities Co. Ltd.,ABC Securities Private Limited,15,2277.0,34155.0,2025-07-13T13:59:12.477153
2025-07-13,27339,2025071305010412,NRN,Nepal Stock House (PVT) Ltd.,Sri Hari Securities Pvt. Ltd.,10,2266.3,22663.0,2025-07-13T13:59:20.5071
2025-07-13,27338,2025071305010413,NRN,Elite Stock House Limited,Sri Hari Securities Pvt. Ltd.,179,2266.1,405631.9,2025-07-13T13:59:20.507425
2025-07-13,27337,2025071305010414,NRN,Naasa Securities Co. Ltd.,Sri Hari Securities Pvt. Ltd.,71,2266.1,160893.1,2025-07-13T13:59:20.507532
2025-07-13,27280,2025071305010426,NRN,Naasa Securities Co. Ltd.,Sri Hari Securities Pvt. Ltd.,400,2266.1,906440.0,2025-07-13T13:59:37.653172
2025-07-13,27219,2025071305010433,NRN,Miyo Securities Pvt Ltd,Miyo Securities Pvt Ltd,200,2268.0,453600.0,2025-07-13T13:59:57.020616
2025-07-13,27188,2025071305010442,NRN,Naasa Securities Co. Ltd.,Sri Hari Securities Pvt. Ltd.,29,2266.1,65716.9,2025-07-13T14:00:02.89155
2025-07-13,27187,2025071305010443,NRN,Deevyaa Securities & Stock House Pvt. Ltd,Sri Hari Securities Pvt. Ltd.,20,2266.0,45320.0,2025-07-13T14:00:02.891831
2025-07-13,27186,2025071305010444,NRN,Miyo Securities Pvt Ltd,Sri Hari Securities Pvt. Ltd.,20,2265.5,45310.0,2025-07-13T14:00:02.891939
2025-07-13,27185,2025071305010445,NRN,Elite Stock House Limited,Sri Hari Securities Pvt. Ltd.,30,2265.1,67953.0,2025-07-13T14:00:02.892045
2025-07-13,27184,2025071305010446,NRN,Sri Hari Securities Pvt. Ltd.,Sri Hari Securities Pvt. Ltd.,1000,2265.0,2265000.0,2025-07-13T14:00:02.892153
2025-07-13,27183,2025071305010447,NRN,Sumeru Securities Pvt. Ltd.,Sri Hari Securities Pvt. Ltd.,100,2265.0,226500.0,2025-07-13T14:00:02.892322
2025-07-13,27182,2025071305010448,NRN,Siprabi Securities Pvt. Ltd.,Sri Hari Securities Pvt. Ltd.,400,2265.0,906000.0,2025-07-13T14:00:02.892428
2025-07-13,26540,2025071305010553,NRN,Aryatara Investment & Securities,KALASH STOCK MARKET PVT. LTD.,40,2268.0,90720.0,2025-07-13T14:02:33.561947
2025-07-13,26328,2025071305010575,NRN,Dipshikha Dhitopatra Karobar Co. Pvt Ltd.,Neev Securities Pvt. Ltd.,11,2272.0,24992.0,2025-07-13T14:03:21.557557
2025-07-13,26327,2025071305010576,NRN,Dipshikha Dhitopatra Karobar Co. Pvt Ltd.,Investment Management Nepal Pvt. Ltd.,11,2272.0,24992.0,2025-07-13T14:03:21.557849
2025-07-13,26254,2025071305010585,NRN,Aryatara Investment & Securities,Naasa Securities Co. Ltd.,10,2268.0,22680.0,2025-07-13T14:03:44.0966
2025-07-13,26253,2025071305010586,NRN,Oxford Securities Pvt. Ltd.,Naasa Securities Co. Ltd.,146,2268.0,331128.0,2025-07-13T14:03:44.096892
2025-07-13,26027,2025071305010606,NRN,INDEX SECURITIES LIMITED,South Asian Bulls Pvt. Ltd.,50,2268.3,113415.0,2025-07-13T14:04:28.626346
2025-07-13,25889,2025071305010614,NRN,Shree Krishna Securities Ltd.,R.B.B. Securities Company Ltd,25,2268.2,56705.0,2025-07-13T14:04:53.082818
2025-07-13,25888,2025071305010615,NRN,Dipshikha Dhitopatra Karobar Co. Pvt Ltd.,R.B.B. Securities Company Ltd,13,2268.1,29485.3,2025-07-13T14:04:53.083106
2025-07-13,25887,2025071305010616,NRN,Oxford Securities Pvt. Ltd.,R.B.B. Securities Company Ltd,62,2268.1,140622.2,2025-07-13T14:04:53.083224
2025-07-13,25521,2025071305010662,NRN,Nagarik Stock Dealer ,Neev Securities Pvt. Ltd.,10,2270.0,22700.0,2025-07-13T14:05:58.00297
2025-07-13,25520,2025071305010663,NRN,Nagarik Stock Dealer ,Nepal Stock House (PVT) Ltd.,90,2270.0,204300.0,2025-07-13T14:05:58.003302
2025-07-13,25389,2025071305010677,NRN,Oxford Securities Pvt. Ltd.,Nepal Stock House (PVT) Ltd.,42,2270.0,95340.0,2025-07-13T14:06:26.586391
2025-07-13,25320,2025071305010686,NRN,Market Securities & Exchange (PVT) Ltd.,Nepal Stock House (PVT) Ltd.,100,2270.0,227000.0,2025-07-13T14:06:40.146832
2025-07-13,25007,2025071305010732,NRN,Miyo Securities Pvt Ltd,Agrawal Securities (PVT) Ltd.,11,2269.0,24959.0,2025-07-13T14:07:38.532797
2025-07-13,24954,2025071305010736,NRN,Sani Securities Company Ltd.,Nepal Stock House (PVT) Ltd.,68,2270.0,154360.0,2025-07-13T14:07:50.642092
2025-07-13,24953,2025071305010737,NRN,Sani Securities Company Ltd.,Neev Securities Pvt. Ltd.,500,2270.0,1135000.0,2025-07-13T14:07:50.642644
2025-07-13,24818,2025071305010778,NRN,Trishakti Securities Public Limited,Miyo Securities Pvt Ltd,200,2271.0,454200.0,2025-07-13T14:08:19.948373
2025-07-13,22885,2025071305011044,NRN,Vision Securities Pvt. Ltd,Trishakti Securities Public Limited,10,2275.0,22750.0,2025-07-13T14:14:12.174013
2025-07-13,22676,2025071305011083,NRN,Bhrikuti Stock Broking Co. Pvt. Ltd.,Trishakti Securities Public Limited,20,2275.0,45500.0,2025-07-13T14:14:51.863224
2025-07-13,22309,2025071305011138,NRN,Nepal Investment And Securities Trading Private Limited,Trishakti Securities Public Limited,100,2275.0,227500.0,2025-07-13T14:16:02.886929
2025-07-13,22273,2025071305011148,NRN,Trishakti Securities Public Limited,Trishakti Securities Public Limited,1101,2275.0,2504775.0,2025-07-13T14:16:11.946331
2025-07-13,22272,2025071305011149,NRN,Trishakti Securities Public Limited,Trisul Securities & Invt. Ltd.,399,2275.0,907725.0,2025-07-13T14:16:11.94665
2025-07-13,21634,2025071305011246,NRN,Naasa Securities Co. Ltd.,Trisul Securities & Invt. Ltd.,25,2272.3,56807.5,2025-07-13T14:18:17.693782
2025-07-13,21633,2025071305011247,NRN,Elite Stock House Limited,Trisul Securities & Invt. Ltd.,31,2272.3,70441.3,2025-07-13T14:18:17.693831
2025-07-13,20619,2025071305011443,NRN,Creative Securities Pvt Ltd,Deevyaa Securities & Stock House Pvt. Ltd,40,2273.0,90920.0,2025-07-13T14:21:35.053247
2025-07-13,20559,2025071305011461,NRN,Sweta Securities Private Limited,Deevyaa Securities & Stock House Pvt. Ltd,16,2273.0,36368.0,2025-07-13T14:21:45.135874
2025-07-13,20558,2025071305011462,NRN,South Asian Bulls Pvt. Ltd.,Deevyaa Securities & Stock House Pvt. Ltd,34,2272.5,77265.0,2025-07-13T14:21:45.136002
2025-07-13,20525,2025071305011467,NRN,South Asian Bulls Pvt. Ltd.,Deevyaa Securities & Stock House Pvt. Ltd,16,2272.5,36360.0,2025-07-13T14:21:51.171776
2025-07-13,20524,2025071305011468,NRN,Elite Stock House Limited,Deevyaa Securities & Stock House Pvt. Ltd,19,2272.3,43173.7,2025-07-13T14:21:51.171967
2025-07-13,20523,2025071305011469,NRN,Premier Securities Company Ltd.,Deevyaa Securities & Stock House Pvt. Ltd,65,2272.1,147686.5,2025-07-13T14:21:51.17204
2025-07-13,20469,2025071305011472,NRN,Premier Securities Company Ltd.,J.F. Securites (PVT) Ltd.,13,2272.1,29537.3,2025-07-13T14:21:57.543135
2025-07-13,20230,2025071305011527,NRN,Premier Securities Company Ltd.,Trishakti Securities Public Limited,100,2272.1,227210.0,2025-07-13T14:22:39.464062
2025-07-13,20178,2025071305011533,NRN,Premier Securities Company Ltd.,Trishakti Securities Public Limited,10,2272.1,22721.0,2025-07-13T14:22:51.581591
2025-07-13,20043,2025071305011549,NRN,Premier Securities Company Ltd.,J.F. Securites (PVT) Ltd.,50,2272.1,113605.0,2025-07-13T14:23:17.023107
2025-07-13,20029,2025071305011554,NRN,Premier Securities Company Ltd.,Elite Stock House Limited,11,2272.1,24993.1,2025-07-13T14:23:17.756327
2025-07-13,19955,2025071305011564,NRN,Neev Securities Pvt. Ltd.,Naasa Securities Co. Ltd.,17,2272.0,38624.0,2025-07-13T14:23:27.740181
2025-07-13,19896,2025071305011568,NRN,Neev Securities Pvt. Ltd.,Naasa Securities Co. Ltd.,94,2272.0,213568.0,2025-07-13T14:23:32.979041
2025-07-13,19895,2025071305011569,NRN,Primo Securities (PVT) Ltd.,Naasa Securities Co. Ltd.,406,2271.5,922229.0,2025-07-13T14:23:32.979621
2025-07-13,19664,2025071305011611,NRN,Primo Securities (PVT) Ltd.,ABC Securities Private Limited,94,2271.5,213521.0,2025-07-13T14:24:11.065911
2025-07-13,19663,2025071305011612,NRN,Premier Securities Company Ltd.,ABC Securities Private Limited,20,2271.1,45422.0,2025-07-13T14:24:11.066021
2025-07-13,19662,2025071305011613,NRN,Miyo Securities Pvt Ltd,ABC Securities Private Limited,200,2270.1,454020.0,2025-07-13T14:24:11.066095
2025-07-13,19661,2025071305011614,NRN,Aryatara Investment & Securities,ABC Securities Private Limited,50,2270.1,113505.0,2025-07-13T14:24:11.066163
2025-07-13,19660,2025071305011615,NRN,Sani Securities Company Ltd.,ABC Securities Private Limited,32,2270.0,72640.0,2025-07-13T14:24:11.06622
2025-07-13,19659,2025071305011616,NRN,Arun Securities (PVT) Ltd.,ABC Securities Private Limited,104,2270.0,236080.0,2025-07-13T14:24:11.066311
2025-07-13,19646,2025071305011617,NRN,Miyo Securities Pvt Ltd,Miyo Securities Pvt Ltd,200,2272.0,454400.0,2025-07-13T14:24:12.852005
2025-07-13,19346,2025071305011654,NRN,Opal Securities Investment (PVT) Ltd.,Thrive Brokerage House Pvt. Ltd,15,2271.6,34074.0,2025-07-13T14:24:53.885567
2025-07-13,19345,2025071305011655,NRN,Arun Securities (PVT) Ltd.,Thrive Brokerage House Pvt. Ltd,146,2270.0,331420.0,2025-07-13T14:24:53.885618
2025-07-13,19344,2025071305011656,NRN,Nepal Stock House (PVT) Ltd.,Thrive Brokerage House Pvt. Ltd,100,2270.0,227000.0,2025-07-13T14:24:53.885648
2025-07-13,19343,2025071305011657,NRN,South Asian Bulls Pvt. Ltd.,Thrive Brokerage House Pvt. Ltd,10,2270.0,22700.0,2025-07-13T14:24:53.885675
2025-07-13,19342,2025071305011658,NRN,Vision Securities Pvt. Ltd,Thrive Brokerage House Pvt. Ltd,500,2268.0,1134000.0,2025-07-13T14:24:53.885702
2025-07-13,19341,2025071305011659,NRN,Market Securities & Exchange (PVT) Ltd.,Thrive Brokerage House Pvt. Ltd,60,2268.0,136080.0,2025-07-13T14:24:53.885729
2025-07-13,19340,2025071305011660,NRN,Shree Krishna Securities Ltd.,Thrive Brokerage House Pvt. Ltd,15,2268.0,34020.0,2025-07-13T14:24:53.885782
2025-07-13,19339,2025071305011661,NRN,Infinity Securities Limited,Thrive Brokerage House Pvt. Ltd,50,2267.0,113350.0,2025-07-13T14:24:53.885828
2025-07-13,19338,2025071305011662,NRN,Naasa Securities Co. Ltd.,Thrive Brokerage House Pvt. Ltd,104,2266.0,235664.0,2025-07-13T14:24:53.885854
2025-07-13,19125,2025071305011700,NRN,Naasa Securities Co. Ltd.,Thrive Brokerage House Pvt. Ltd,46,2266.0,104236.0,2025-07-13T14:25:34.164522
2025-07-13,19124,2025071305011701,NRN,Sri Hari Securities Pvt. Ltd.,Thrive Brokerage House Pvt. Ltd,55,2265.0,124575.0,2025-07-13T14:25:34.164658
2025-07-13,19123,2025071305011702,NRN,Imperial Securities Company Pvt. Ltd.,Thrive Brokerage House Pvt. Ltd,20,2265.0,45300.0,2025-07-13T14:25:34.164775
2025-07-13,19122,2025071305011703,NRN,Bhrikuti Stock Broking Co. Pvt. Ltd.,Thrive Brokerage House Pvt. Ltd,100,2265.0,226500.0,2025-07-13T14:25:34.164846
2025-07-13,19121,2025071305011704,NRN,Miyo Securities Pvt Ltd,Thrive Brokerage House Pvt. Ltd,20,2265.0,45300.0,2025-07-13T14:25:34.164943
2025-07-13,19120,2025071305011705,NRN,Shree Krishna Securities Ltd.,Thrive Brokerage House Pvt. Ltd,40,2265.0,90600.0,2025-07-13T14:25:34.165011
2025-07-13,19119,2025071305011706,NRN,Himalayan Brokerage Company Limited,Thrive Brokerage House Pvt. Ltd,200,2265.0,453000.0,2025-07-13T14:25:34.165073
2025-07-13,19118,2025071305011707,NRN,Neev Securities Pvt. Ltd.,Thrive Brokerage House Pvt. Ltd,200,2265.0,453000.0,2025-07-13T14:25:34.16515
2025-07-13,19117,2025071305011708,NRN,SHUBHAKAMANA SECURITIES PVT. LTD,Thrive Brokerage House Pvt. Ltd,100,2264.2,226420.0,2025-07-13T14:25:34.165256
2025-07-13,19116,2025071305011709,NRN,Miyo Securities Pvt Ltd,Thrive Brokerage House Pvt. Ltd,500,2263.4,1131700.0,2025-07-13T14:25:34.165376
2025-07-13,19115,2025071305011710,NRN,Opal Securities Investment (PVT) Ltd.,Thrive Brokerage House Pvt. Ltd,300,2263.0,678900.0,2025-07-13T14:25:34.165478
2025-07-13,19114,2025071305011711,NRN,Imperial Securities Company Pvt. Ltd.,Thrive Brokerage House Pvt. Ltd,30,2262.0,67860.0,2025-07-13T14:25:34.165593
2025-07-13,19113,2025071305011712,NRN,Miyo Securities Pvt Ltd,Thrive Brokerage House Pvt. Ltd,20,2262.0,45240.0,2025-07-13T14:25:34.165708
2025-07-13,19112,2025071305011713,NRN,Asian Securities Private Ltd.,Thrive Brokerage House Pvt. Ltd,69,2260.3,155960.7,2025-07-13T14:25:34.165781
2025-07-13,18642,2025071305011808,NRN,Asian Securities Private Ltd.,Sri Hari Securities Pvt. Ltd.,19,2260.3,42945.7,2025-07-13T14:26:53.927722
2025-07-13,18428,2025071305011828,NRN,Premier Securities Company Ltd.,Sri Hari Securities Pvt. Ltd.,10,2260.5,22605.0,2025-07-13T14:27:32.288873
2025-07-13,18427,2025071305011829,NRN,Dipshikha Dhitopatra Karobar Co. Pvt Ltd.,Sri Hari Securities Pvt. Ltd.,10,2260.4,22604.0,2025-07-13T14:27:32.289449
2025-07-13,18426,2025071305011830,NRN,Asian Securities Private Ltd.,Sri Hari Securities Pvt. Ltd.,162,2260.3,366168.6,2025-07-13T14:27:32.289811
2025-07-13,18425,2025071305011831,NRN,Sweta Securities Private Limited,Sri Hari Securities Pvt. Ltd.,300,2260.1,678030.0,2025-07-13T14:27:32.290152
2025-07-13,18131,2025071305011904,NRN,Sweta Securities Private Limited,Nagarik Stock Dealer ,130,2260.1,293813.0,2025-07-13T14:28:13.173191
2025-07-13,18130,2025071305011905,NRN,Aakashbhairab Securities Ltd.,Nagarik Stock Dealer ,300,2260.1,678030.0,2025-07-13T14:28:13.173736
2025-07-13,18129,2025071305011906,NRN,Global IME Securities Limited,Nagarik Stock Dealer ,200,2260.0,452000.0,2025-07-13T14:28:13.174098
2025-07-13,18128,2025071305011907,NRN,Naasa Securities Co. Ltd.,Nagarik Stock Dealer ,70,2260.0,158200.0,2025-07-13T14:28:13.174452
2025-07-13,18127,2025071305011908,NRN,Neev Securities Pvt. Ltd.,Nagarik Stock Dealer ,20,2260.0,45200.0,2025-07-13T14:28:13.174789
2025-07-13,18126,2025071305011909,NRN,Sumeru Securities Pvt. Ltd.,Nagarik Stock Dealer ,30,2260.0,67800.0,2025-07-13T14:28:13.175155
2025-07-13,18125,2025071305011910,NRN,Imperial Securities Company Pvt. Ltd.,Nagarik Stock Dealer ,50,2260.0,113000.0,2025-07-13T14:28:13.175557
2025-07-13,18124,2025071305011911,NRN,SHUBHAKAMANA SECURITIES PVT. LTD,Nagarik Stock Dealer ,200,2260.0,452000.0,2025-07-13T14:28:13.175926
2025-07-13,17999,2025071305011918,NRN,Naasa Securities Co. Ltd.,Oxford Securities Pvt. Ltd.,140,2261.0,316540.0,2025-07-13T14:28:35.460542
2025-07-13,17605,2025071305012002,NRN,Aryatara Investment & Securities,Bhrikuti Stock Broking Co. Pvt. Ltd.,20,2262.0,45240.0,2025-07-13T14:29:28.530938
2025-07-13,17486,2025071305012024,NRN,Naasa Securities Co. Ltd.,Miyo Securities Pvt Ltd,11,2262.1,24883.1,2025-07-13T14:29:45.028889
2025-07-13,17096,2025071305012069,NRN,APPLE SECURITIES PRIVATE LIMITED,Miyo Securities Pvt Ltd,150,2263.0,339450.0,2025-07-13T14:30:39.649867
2025-07-13,17095,2025071305012070,NRN,APPLE SECURITIES PRIVATE LIMITED,Vision Securities Pvt. Ltd,500,2265.0,1132500.0,2025-07-13T14:30:39.650152
2025-07-13,16880,2025071305012097,NRN,APPLE SECURITIES PRIVATE LIMITED,Aryatara Investment & Securities,40,2266.0,90640.0,2025-07-13T14:31:10.946098
2025-07-13,16804,2025071305012115,NRN,Miyo Securities Pvt Ltd,J.F. Securites (PVT) Ltd.,82,2270.9,186213.8,2025-07-13T14:31:24.402892
2025-07-13,16803,2025071305012116,NRN,Miyo Securities Pvt Ltd,Trishakti Securities Public Limited,20,2271.0,45420.0,2025-07-13T14:31:24.403511
2025-07-13,16802,2025071305012117,NRN,Miyo Securities Pvt Ltd,Trishakti Securities Public Limited,48,2271.0,109008.0,2025-07-13T14:31:24.403871
2025-07-13,16592,2025071305012143,NRN,Naasa Securities Co. Ltd.,Trishakti Securities Public Limited,152,2271.0,345192.0,2025-07-13T14:31:58.469349
2025-07-13,16591,2025071305012144,NRN,Naasa Securities Co. Ltd.,Himalayan Securities Limited,29,2271.4,65870.6,2025-07-13T14:31:58.46944
2025-07-13,16590,2025071305012145,NRN,Naasa Securities Co. Ltd.,Dipshikha Dhitopatra Karobar Co. Pvt Ltd.,25,2271.8,56795.0,2025-07-13T14:31:58.469469
2025-07-13,16589,2025071305012146,NRN,Naasa Securities Co. Ltd.,Nagarik Stock Dealer ,154,2272.0,349888.0,2025-07-13T14:31:58.469494
2025-07-13,16398,2025071305012179,NRN,Malla & Malla Stock Broking Company Pvt. Limited,Nagarik Stock Dealer ,100,2272.0,227200.0,2025-07-13T14:32:36.167426
2025-07-13,16381,2025071305012182,NRN,Ashutosh Brokerage & Securities (PVT) Ltd.,Nagarik Stock Dealer ,200,2272.0,454400.0,2025-07-13T14:32:39.03706
2025-07-13,16081,2025071305012228,NRN,Naasa Securities Co. Ltd.,Nagarik Stock Dealer ,46,2272.0,104512.0,2025-07-13T14:33:25.000301
2025-07-13,16080,2025071305012229,NRN,Naasa Securities Co. Ltd.,Imperial Securities Company Pvt. Ltd.,50,2273.0,113650.0,2025-07-13T14:33:25.000368
2025-07-13,15547,2025071305012274,NRN,Nepal Stock House (PVT) Ltd.,Trademow Securities Private Limited,100,2270.9,227090.0,2025-07-13T14:34:11.215456
2025-07-13,15546,2025071305012275,NRN,Sani Securities Company Ltd.,Trademow Securities Private Limited,490,2270.0,1112300.0,2025-07-13T14:34:11.215762
2025-07-13,15428,2025071305012326,NRN,Sani Securities Company Ltd.,Primo Securities (PVT) Ltd.,160,2270.0,363200.0,2025-07-13T14:34:29.109075
2025-07-13,14284,2025071305012457,NRN,Vision Securities Pvt. Ltd,K.B.L. Securities Limited ,20,2266.3,45326.0,2025-07-13T14:37:28.605416
2025-07-13,14141,2025071305012478,NRN,Naasa Securities Co. Ltd.,Primo Securities (PVT) Ltd.,660,2267.0,1496220.0,2025-07-13T14:37:57.538616
2025-07-13,14074,2025071305012485,NRN,Ashutosh Brokerage & Securities (PVT) Ltd.,Imperial Securities Company Pvt. Ltd.,1,2225.0,2225.0,2025-07-13T14:38:08.022584
2025-07-13,13800,2025071305012541,NRN,Online Securities Pvt. Ltd.,Primo Securities (PVT) Ltd.,100,2267.0,226700.0,2025-07-13T14:38:47.797438
2025-07-13,13688,2025071305012550,NRN,Vision Securities Pvt. Ltd,Sani Securities Company Ltd.,11,2266.3,24929.3,2025-07-13T14:39:00.684431
2025-07-13,12973,2025071305012656,NRN,Miyo Securities Pvt Ltd,Thrive Brokerage House Pvt. Ltd,150,2267.5,340125.0,2025-07-13T14:40:33.779249
2025-07-13,12880,2025071305012682,NRN,Miyo Securities Pvt Ltd,Primo Securities (PVT) Ltd.,12,2267.5,27210.0,2025-07-13T14:40:48.439772
2025-07-13,12879,2025071305012683,NRN,Imperial Securities Company Pvt. Ltd.,Primo Securities (PVT) Ltd.,92,2267.0,208564.0,2025-07-13T14:40:48.440091
2025-07-13,12727,2025071305012702,NRN,Vision Securities Pvt. Ltd,Primo Securities (PVT) Ltd.,39,2266.3,88385.7,2025-07-13T14:41:12.593006
2025-07-13,12726,2025071305012703,NRN,Neev Securities Pvt. Ltd.,Primo Securities (PVT) Ltd.,261,2266.1,591452.1,2025-07-13T14:41:12.59365
2025-07-13,12623,2025071305012717,NRN,Neev Securities Pvt. Ltd.,Nagarik Stock Dealer ,39,2266.1,88377.9,2025-07-13T14:41:34.388714
2025-07-13,12622,2025071305012718,NRN,APPLE SECURITIES PRIVATE LIMITED,Nagarik Stock Dealer ,310,2266.0,702460.0,2025-07-13T14:41:34.389381
2025-07-13,12621,2025071305012719,NRN,Nabil Stock Dealer Ltd.,Nagarik Stock Dealer ,100,2266.0,226600.0,2025-07-13T14:41:34.389828
2025-07-13,12620,2025071305012720,NRN,Prabhu Stock Market Limited,Nagarik Stock Dealer ,20,2266.0,45320.0,2025-07-13T14:41:34.390291
2025-07-13,12343,2025071305012743,NRN,Secured Securities Ltd.,Sumeru Securities Pvt. Ltd.,20,2267.5,45350.0,2025-07-13T14:42:14.803006
2025-07-13,11758,2025071305012789,NRN,Naasa Securities Co. Ltd.,Nagarik Stock Dealer ,500,2268.0,1134000.0,2025-07-13T14:43:42.14387
2025-07-13,11727,2025071305012793,NRN,Siprabi Securities Pvt. Ltd.,Sri Hari Securities Pvt. Ltd.,22,2267.5,49885.0,2025-07-13T14:43:46.768013
2025-07-13,11726,2025071305012794,NRN,Imperial Securities Company Pvt. Ltd.,Sri Hari Securities Pvt. Ltd.,99,2267.0,224433.0,2025-07-13T14:43:46.768351
