Date,S.N.,Contract ID,Symbol,Buyer Broker,Seller Broker,quantity,rate,amount,transaction_time
2025-07-13,104925,2025071304000168,PPCL,Dynamic Money Managers Securities Pvt. Ltd.,Imperial Securities Company Pvt. Ltd.,500,379.9,189950.0,2025-07-13T10:46:00.098994
2025-07-13,103151,2025071304000561,PPCL,Capital Max Securities Ltd,Naasa Securities Co. Ltd.,14,380.0,5320.0,2025-07-13T11:01:40.420992
2025-07-13,103150,2025071304000562,PPCL,Sweta Securities Private Limited,Naasa Securities Co. Ltd.,14,380.0,5320.0,2025-07-13T11:01:40.421072
2025-07-13,101235,2025071304001035,PPCL,Naasa Securities Co. Ltd.,Sri Hari Securities Pvt. Ltd.,150,381.0,57150.0,2025-07-13T11:02:57.616817
2025-07-13,101234,2025071304001036,PPCL,Sweta Securities Private Limited,Sri Hari Securities Pvt. Ltd.,86,380.0,32680.0,2025-07-13T11:02:57.616858
2025-07-13,101233,2025071304001037,PPCL,Aryatara Investment & Securities,Sri Hari Securities Pvt. Ltd.,50,380.0,19000.0,2025-07-13T11:02:57.61689
2025-07-13,100458,2025071304001254,PPCL,South Asian Bulls Pvt. Ltd.,Sri Hari Securities Pvt. Ltd.,50,380.0,19000.0,2025-07-13T11:03:24.67622
2025-07-13,98463,2025071304001658,PPCL,Deevyaa Securities & Stock House Pvt. Ltd,Magnet Securities and Investment Company Private Limited,50,375.1,18755.0,2025-07-13T11:04:47.222906
2025-07-13,96574,2025071304002035,PPCL,Deevyaa Securities & Stock House Pvt. Ltd,BHOLE GANESH SECURITIES LTD,20,375.1,7502.0,2025-07-13T11:06:27.852622
2025-07-13,96392,2025071304002074,PPCL,Deevyaa Securities & Stock House Pvt. Ltd,Miyo Securities Pvt Ltd,30,375.1,11253.0,2025-07-13T11:06:38.16737
2025-07-13,96391,2025071304002075,PPCL,Vision Securities Pvt. Ltd,Miyo Securities Pvt Ltd,470,375.0,176250.0,2025-07-13T11:06:38.167507
2025-07-13,95146,2025071304002269,PPCL,Imperial Securities Company Pvt. Ltd.,Sani Securities Company Ltd.,30,376.0,11280.0,2025-07-13T11:08:06.782049
2025-07-13,93602,2025071304002605,PPCL,Imperial Securities Company Pvt. Ltd.,Kohinoor Investment & Securities Pvt. Ltd.,20,376.0,7520.0,2025-07-13T11:10:12.80977
2025-07-13,92466,2025071304002854,PPCL,Imperial Securities Company Pvt. Ltd.,Investment Management Nepal Pvt. Ltd.,200,376.0,75200.0,2025-07-13T11:11:57.83525
2025-07-13,90740,2025071304003269,PPCL,Dynamic Money Managers Securities Pvt. Ltd.,Sri Hari Securities Pvt. Ltd.,500,377.0,188500.0,2025-07-13T11:14:33.242952
2025-07-13,90739,2025071304003270,PPCL,Dynamic Money Managers Securities Pvt. Ltd.,Premier Securities Company Ltd.,250,377.0,94250.0,2025-07-13T11:14:33.243027
2025-07-13,90172,2025071304003426,PPCL,Imperial Securities Company Pvt. Ltd.,Linch Stock Market Ltd.,15,376.0,5640.0,2025-07-13T11:15:31.496211
2025-07-13,89657,2025071304003528,PPCL,Deevyaa Securities & Stock House Pvt. Ltd,Linch Stock Market Ltd.,70,375.6,26292.0,2025-07-13T11:16:24.364153
2025-07-13,89656,2025071304003529,PPCL,Vision Securities Pvt. Ltd,Linch Stock Market Ltd.,95,375.5,35672.5,2025-07-13T11:16:24.364233
2025-07-13,86881,2025071304004028,PPCL,Sundhara Securities Limited,Sani Securities Company Ltd.,250,375.1,93775.0,2025-07-13T11:20:39.910097
2025-07-13,86880,2025071304004029,PPCL,Vision Securities Pvt. Ltd,Sani Securities Company Ltd.,30,375.0,11250.0,2025-07-13T11:20:39.91017
2025-07-13,86879,2025071304004030,PPCL,Primo Securities (PVT) Ltd.,Sani Securities Company Ltd.,100,375.0,37500.0,2025-07-13T11:20:39.910245
2025-07-13,86878,2025071304004031,PPCL,Himalayan Brokerage Company Limited,Sani Securities Company Ltd.,500,375.0,187500.0,2025-07-13T11:20:39.910363
2025-07-13,86877,2025071304004032,PPCL,Vision Securities Pvt. Ltd,Sani Securities Company Ltd.,100,374.0,37400.0,2025-07-13T11:20:39.910428
2025-07-13,86876,2025071304004033,PPCL,Vision Securities Pvt. Ltd,Sani Securities Company Ltd.,20,372.0,7440.0,2025-07-13T11:20:39.910502
2025-07-13,79116,2025071304005732,PPCL,Bhrikuti Stock Broking Co. Pvt. Ltd.,Cristal Kanchanjanga Securites Pvt. Ltd.,100,373.1,37310.0,2025-07-13T11:33:18.739886
2025-07-13,79115,2025071304005733,PPCL,Deevyaa Securities & Stock House Pvt. Ltd,Cristal Kanchanjanga Securites Pvt. Ltd.,770,373.0,287210.0,2025-07-13T11:33:18.740053
2025-07-13,78991,2025071304005772,PPCL,Deevyaa Securities & Stock House Pvt. Ltd,Magnet Securities and Investment Company Private Limited,100,373.0,37300.0,2025-07-13T11:33:30.75889
2025-07-13,78239,2025071304005963,PPCL,Deevyaa Securities & Stock House Pvt. Ltd,Secured Securities Ltd.,130,373.0,48490.0,2025-07-13T11:34:39.487065
2025-07-13,78238,2025071304005964,PPCL,Capital Max Securities Ltd,Secured Securities Ltd.,100,373.0,37300.0,2025-07-13T11:34:39.4872
2025-07-13,78237,2025071304005965,PPCL,Sundhara Securities Limited,Secured Securities Ltd.,70,373.0,26110.0,2025-07-13T11:34:39.487277
2025-07-13,78112,2025071304005991,PPCL,Sundhara Securities Limited,Vision Securities Pvt. Ltd,10,373.0,3730.0,2025-07-13T11:34:50.08824
2025-07-13,75455,2025071304006592,PPCL,Sundhara Securities Limited,K.B.L. Securities Limited ,16,373.0,5968.0,2025-07-13T11:39:53.023305
2025-07-13,74980,2025071304006684,PPCL,Sundhara Securities Limited,Naasa Securities Co. Ltd.,115,373.0,42895.0,2025-07-13T11:40:53.665068
2025-07-13,73754,2025071304006940,PPCL,Sundhara Securities Limited,Cristal Kanchanjanga Securites Pvt. Ltd.,39,373.0,14547.0,2025-07-13T11:43:50.588405
2025-07-13,73753,2025071304006941,PPCL,Oxford Securities Pvt. Ltd.,Cristal Kanchanjanga Securites Pvt. Ltd.,13,373.0,4849.0,2025-07-13T11:43:50.588627
2025-07-13,73637,2025071304006963,PPCL,Vision Securities Pvt. Ltd,Cristal Kanchanjanga Securites Pvt. Ltd.,80,372.0,29760.0,2025-07-13T11:44:05.658442
2025-07-13,73636,2025071304006964,PPCL,Agrawal Securities (PVT) Ltd.,Cristal Kanchanjanga Securites Pvt. Ltd.,438,372.0,162936.0,2025-07-13T11:44:05.658606
2025-07-13,73154,2025071304007085,PPCL,Agrawal Securities (PVT) Ltd.,Miyo Securities Pvt Ltd,62,372.0,23064.0,2025-07-13T11:45:08.196839
2025-07-13,73153,2025071304007086,PPCL,Capital Max Securities Ltd,Miyo Securities Pvt Ltd,100,372.0,37200.0,2025-07-13T11:45:08.196967
2025-07-13,73152,2025071304007087,PPCL,Deevyaa Securities & Stock House Pvt. Ltd,Miyo Securities Pvt Ltd,25,372.0,9300.0,2025-07-13T11:45:08.197017
2025-07-13,71800,2025071304007366,PPCL,Sani Securities Company Ltd.,Vision Securities Pvt. Ltd,20,371.0,7420.0,2025-07-13T11:48:43.912552
2025-07-13,71799,2025071304007367,PPCL,Naasa Securities Co. Ltd.,Vision Securities Pvt. Ltd,106,371.0,39326.0,2025-07-13T11:48:43.91275
2025-07-13,71798,2025071304007368,PPCL,Sri Hari Securities Pvt. Ltd.,Vision Securities Pvt. Ltd,374,370.2,138454.8,2025-07-13T11:48:43.912885
2025-07-13,71197,2025071304007497,PPCL,Sharepro Securities Private Limited,Miyo Securities Pvt Ltd,13,372.0,4836.0,2025-07-13T11:50:29.747568
2025-07-13,71135,2025071304007512,PPCL,Sri Hari Securities Pvt. Ltd.,Linch Stock Market Ltd.,126,370.2,46645.2,2025-07-13T11:50:40.292123
2025-07-13,71134,2025071304007513,PPCL,Nepal Investment And Securities Trading Private Limited,Linch Stock Market Ltd.,500,370.1,185050.0,2025-07-13T11:50:40.292264
2025-07-13,71133,2025071304007514,PPCL,Siprabi Securities Pvt. Ltd.,Linch Stock Market Ltd.,200,370.0,74000.0,2025-07-13T11:50:40.292319
2025-07-13,71132,2025071304007515,PPCL,Oxford Securities Pvt. Ltd.,Linch Stock Market Ltd.,35,370.0,12950.0,2025-07-13T11:50:40.292385
2025-07-13,71131,2025071304007516,PPCL,Creative Securities Pvt Ltd,Linch Stock Market Ltd.,100,370.0,37000.0,2025-07-13T11:50:40.292439
2025-07-13,71130,2025071304007517,PPCL,Sumeru Securities Pvt. Ltd.,Linch Stock Market Ltd.,39,370.0,14430.0,2025-07-13T11:50:40.292495
2025-07-13,70177,2025071304007762,PPCL,Sumeru Securities Pvt. Ltd.,Dipshikha Dhitopatra Karobar Co. Pvt Ltd.,20,370.0,7400.0,2025-07-13T11:53:25.28542
2025-07-13,69670,2025071304007879,PPCL,Sani Securities Company Ltd.,Online Securities Pvt. Ltd.,350,370.1,129535.0,2025-07-13T11:55:03.094804
2025-07-13,69461,2025071304007914,PPCL,Aryatara Investment & Securities,Stoxkarts Securities Limited,500,370.2,185100.0,2025-07-13T11:55:44.199308
2025-07-13,69460,2025071304007915,PPCL,Sani Securities Company Ltd.,Stoxkarts Securities Limited,650,370.1,240565.0,2025-07-13T11:55:44.199389
2025-07-13,69459,2025071304007916,PPCL,Sumeru Securities Pvt. Ltd.,Stoxkarts Securities Limited,41,370.0,15170.0,2025-07-13T11:55:44.19942
2025-07-13,69458,2025071304007917,PPCL,Dynamic Money Managers Securities Pvt. Ltd.,Stoxkarts Securities Limited,1029,370.0,380730.0,2025-07-13T11:55:44.199447
2025-07-13,69150,2025071304007978,PPCL,Dynamic Money Managers Securities Pvt. Ltd.,Hatemalo Financial Services Private Limited,971,370.0,359270.0,2025-07-13T11:56:38.631973
2025-07-13,69149,2025071304007979,PPCL,Capital Max Securities Ltd,Hatemalo Financial Services Private Limited,29,370.0,10730.0,2025-07-13T11:56:38.632091
2025-07-13,68969,2025071304008015,PPCL,Aryatara Investment & Securities,Sundhara Securities Limited,200,370.1,74020.0,2025-07-13T11:57:04.407822
2025-07-13,68968,2025071304008016,PPCL,Capital Max Securities Ltd,Sundhara Securities Limited,71,370.0,26270.0,2025-07-13T11:57:04.407948
2025-07-13,68967,2025071304008017,PPCL,Oxford Securities Pvt. Ltd.,Sundhara Securities Limited,13,370.0,4810.0,2025-07-13T11:57:04.408024
2025-07-13,68966,2025071304008018,PPCL,Himalayan Brokerage Company Limited,Sundhara Securities Limited,216,370.0,79920.0,2025-07-13T11:57:04.408067
2025-07-13,66427,2025071304008542,PPCL,Himalayan Brokerage Company Limited,Aryatara Investment & Securities,20,370.0,7400.0,2025-07-13T12:03:58.468632
2025-07-13,66206,2025071304008577,PPCL,Oxford Securities Pvt. Ltd.,Nagarik Stock Dealer ,66,371.0,24486.0,2025-07-13T12:04:52.956513
2025-07-13,66153,2025071304008586,PPCL,Oxford Securities Pvt. Ltd.,Aryatara Investment & Securities,20,371.0,7420.0,2025-07-13T12:05:02.184748
2025-07-13,65561,2025071304008720,PPCL,Oxford Securities Pvt. Ltd.,Sani Securities Company Ltd.,10,371.0,3710.0,2025-07-13T12:06:47.634174
2025-07-13,65047,2025071304008843,PPCL,Sani Securities Company Ltd.,Online Securities Pvt. Ltd.,10,373.0,3730.0,2025-07-13T12:08:25.498365
2025-07-13,64190,2025071304008959,PPCL,Sani Securities Company Ltd.,Nagarik Stock Dealer ,10,372.9,3729.0,2025-07-13T12:10:41.725399
2025-07-13,63968,2025071304008998,PPCL,Investment Management Nepal Pvt. Ltd.,Secured Securities Ltd.,30,371.1,11133.0,2025-07-13T12:11:29.25597
2025-07-13,63785,2025071304009028,PPCL,Investment Management Nepal Pvt. Ltd.,Linch Stock Market Ltd.,30,371.1,11133.0,2025-07-13T12:12:13.916123
2025-07-13,63082,2025071304009157,PPCL,Oxford Securities Pvt. Ltd.,Nagarik Stock Dealer ,90,372.9,33561.0,2025-07-13T12:14:17.494506
2025-07-13,63081,2025071304009158,PPCL,Oxford Securities Pvt. Ltd.,Online Securities Pvt. Ltd.,90,373.0,33570.0,2025-07-13T12:14:17.494654
2025-07-13,63080,2025071304009159,PPCL,Oxford Securities Pvt. Ltd.,Capital Max Securities Ltd,24,373.0,8952.0,2025-07-13T12:14:17.494718
2025-07-13,62464,2025071304009262,PPCL,Investment Management Nepal Pvt. Ltd.,Sewa Securities Pvt. Ltd.,30,371.1,11133.0,2025-07-13T12:15:36.938519
2025-07-13,61482,2025071304009478,PPCL,Neev Securities Pvt. Ltd.,Sri Hari Securities Pvt. Ltd.,50,372.0,18600.0,2025-07-13T12:18:43.590639
2025-07-13,61456,2025071304009482,PPCL,Sani Securities Company Ltd.,Vision Securities Pvt. Ltd,300,371.2,111360.0,2025-07-13T12:18:50.205336
2025-07-13,61041,2025071304009529,PPCL,Sani Securities Company Ltd.,Malla & Malla Stock Broking Company Pvt. Limited,50,371.2,18560.0,2025-07-13T12:19:53.788169
2025-07-13,60363,2025071304009661,PPCL,Market Securities & Exchange (PVT) Ltd.,Sri Hari Securities Pvt. Ltd.,22,372.0,8184.0,2025-07-13T12:21:25.968978
2025-07-13,59821,2025071304009777,PPCL,Thrive Brokerage House Pvt. Ltd,Sri Hari Securities Pvt. Ltd.,38,372.0,14136.0,2025-07-13T12:23:03.452155
2025-07-13,59515,2025071304009839,PPCL,MILKY WAY SHARE BROKER COMPANY LTD ,Infinity Securities Limited,16,371.5,5944.0,2025-07-13T12:23:41.416383
2025-07-13,58489,2025071304010039,PPCL,Siprabi Securities Pvt. Ltd.,Neev Securities Pvt. Ltd.,10,372.9,3729.0,2025-07-13T12:26:14.21569
2025-07-13,56902,2025071304010326,PPCL,Deevyaa Securities & Stock House Pvt. Ltd,Sundhara Securities Limited,10,371.6,3716.0,2025-07-13T12:29:45.381391
2025-07-13,56901,2025071304010327,PPCL,Blue Chip Securities Ltd,Sundhara Securities Limited,55,371.6,20438.0,2025-07-13T12:29:45.3815
2025-07-13,56900,2025071304010328,PPCL,MILKY WAY SHARE BROKER COMPANY LTD ,Sundhara Securities Limited,84,371.5,31206.0,2025-07-13T12:29:45.381552
2025-07-13,56899,2025071304010329,PPCL,Sani Securities Company Ltd.,Sundhara Securities Limited,650,371.2,241280.0,2025-07-13T12:29:45.3816
2025-07-13,56898,2025071304010330,PPCL,Investment Management Nepal Pvt. Ltd.,Sundhara Securities Limited,201,371.1,74591.1,2025-07-13T12:29:45.381643
2025-07-13,55645,2025071304010547,PPCL,Investment Management Nepal Pvt. Ltd.,Kohinoor Investment & Securities Pvt. Ltd.,20,371.1,7422.0,2025-07-13T12:32:49.363143
2025-07-13,55169,2025071304010599,PPCL,Investment Management Nepal Pvt. Ltd.,Dipshikha Dhitopatra Karobar Co. Pvt Ltd.,669,371.1,248265.9,2025-07-13T12:33:49.626766
2025-07-13,54962,2025071304010633,PPCL,Sani Securities Company Ltd.,Sani Securities Company Ltd.,1000,370.1,370100.0,2025-07-13T12:34:16.079244
2025-07-13,54750,2025071304010680,PPCL,Trishakti Securities Public Limited,Dipshikha Dhitopatra Karobar Co. Pvt Ltd.,300,371.1,111330.0,2025-07-13T12:34:42.533041
2025-07-13,53730,2025071304010827,PPCL,Agrawal Securities (PVT) Ltd.,Dipshikha Dhitopatra Karobar Co. Pvt Ltd.,31,371.1,11504.1,2025-07-13T12:36:53.859511
2025-07-13,53729,2025071304010828,PPCL,Agrawal Securities (PVT) Ltd.,Sumeru Securities Pvt. Ltd.,200,372.0,74400.0,2025-07-13T12:36:53.859639
2025-07-13,53728,2025071304010829,PPCL,Agrawal Securities (PVT) Ltd.,Premier Securities Company Ltd.,1200,372.0,446400.0,2025-07-13T12:36:53.859694
2025-07-13,53727,2025071304010830,PPCL,Agrawal Securities (PVT) Ltd.,Premier Securities Company Ltd.,1000,372.0,372000.0,2025-07-13T12:36:53.859744
2025-07-13,53726,2025071304010831,PPCL,Agrawal Securities (PVT) Ltd.,Vision Securities Pvt. Ltd,169,372.0,62868.0,2025-07-13T12:36:53.859791
2025-07-13,51090,2025071304011360,PPCL,Creative Securities Pvt Ltd,Dynamic Money Managers Securities Pvt. Ltd.,33,370.1,12213.3,2025-07-13T12:43:32.014778
2025-07-13,49825,2025071304011710,PPCL,Sani Securities Company Ltd.,Trishakti Securities Public Limited,250,370.2,92550.0,2025-07-13T12:46:53.873685
2025-07-13,49019,2025071304011913,PPCL,Thrive Brokerage House Pvt. Ltd,Pragyan Securities (PVT) Ltd.,80,370.3,29624.0,2025-07-13T12:49:25.032361
2025-07-13,48597,2025071304012003,PPCL,Thrive Brokerage House Pvt. Ltd,Vision Securities Pvt. Ltd,20,370.3,7406.0,2025-07-13T12:50:30.498167
2025-07-13,48596,2025071304012004,PPCL,Sani Securities Company Ltd.,Vision Securities Pvt. Ltd,680,370.2,251736.0,2025-07-13T12:50:30.498323
2025-07-13,47118,2025071304012379,PPCL,Sani Securities Company Ltd.,Sri Hari Securities Pvt. Ltd.,70,370.2,25914.0,2025-07-13T12:54:19.681748
2025-07-13,47117,2025071304012380,PPCL,Creative Securities Pvt Ltd,Sri Hari Securities Pvt. Ltd.,57,370.1,21095.7,2025-07-13T12:54:19.682012
2025-07-13,47116,2025071304012381,PPCL,Himalayan Brokerage Company Limited,Sri Hari Securities Pvt. Ltd.,264,370.0,97680.0,2025-07-13T12:54:19.682163
2025-07-13,46739,2025071304012461,PPCL,Nabil Stock Dealer Ltd.,Capital Max Securities Ltd,20,371.0,7420.0,2025-07-13T12:55:17.483512
2025-07-13,46637,2025071304012483,PPCL,Kohinoor Investment & Securities Pvt. Ltd.,Sri Hari Securities Pvt. Ltd.,19,370.1,7031.9,2025-07-13T12:55:40.491506
2025-07-13,46287,2025071304012569,PPCL,Kohinoor Investment & Securities Pvt. Ltd.,Sundhara Securities Limited,31,370.1,11473.1,2025-07-13T12:56:45.911018
2025-07-13,46286,2025071304012570,PPCL,Online Securities Pvt. Ltd.,Sundhara Securities Limited,59,370.0,21830.0,2025-07-13T12:56:45.91125
2025-07-13,46040,2025071304012652,PPCL,Online Securities Pvt. Ltd.,Online Securities Pvt. Ltd.,63,370.0,23310.0,2025-07-13T12:57:28.648189
2025-07-13,46039,2025071304012653,PPCL,Online Securities Pvt. Ltd.,Sri Hari Securities Pvt. Ltd.,40,370.0,14800.0,2025-07-13T12:57:28.735994
2025-07-13,45260,2025071304012834,PPCL,Online Securities Pvt. Ltd.,Sundhara Securities Limited,88,370.0,32560.0,2025-07-13T13:00:01.968579
2025-07-13,44945,2025071304012907,PPCL,Naasa Securities Co. Ltd.,Sundhara Securities Limited,20,370.0,7400.0,2025-07-13T13:01:03.888965
2025-07-13,44631,2025071304012984,PPCL,Deevyaa Securities & Stock House Pvt. Ltd,Sri Hari Securities Pvt. Ltd.,10,369.6,3696.0,2025-07-13T13:01:52.247364
2025-07-13,44630,2025071304012985,PPCL,Property Wiard Limited,Sri Hari Securities Pvt. Ltd.,500,369.5,184750.0,2025-07-13T13:01:52.24744
2025-07-13,44629,2025071304012986,PPCL,Vision Securities Pvt. Ltd,Sri Hari Securities Pvt. Ltd.,500,369.0,184500.0,2025-07-13T13:01:52.247472
2025-07-13,44628,2025071304012987,PPCL,Naasa Securities Co. Ltd.,Sri Hari Securities Pvt. Ltd.,500,369.0,184500.0,2025-07-13T13:01:52.247496
2025-07-13,44627,2025071304012988,PPCL,Capital Max Securities Ltd,Sri Hari Securities Pvt. Ltd.,100,369.0,36900.0,2025-07-13T13:01:52.247524
2025-07-13,44626,2025071304012989,PPCL,Nabil Stock Dealer Ltd.,Sri Hari Securities Pvt. Ltd.,20,369.0,7380.0,2025-07-13T13:01:52.247544
2025-07-13,44625,2025071304012990,PPCL,Siprabi Securities Pvt. Ltd.,Sri Hari Securities Pvt. Ltd.,150,368.5,55275.0,2025-07-13T13:01:52.247565
2025-07-13,44624,2025071304012991,PPCL,Nepal Investment And Securities Trading Private Limited,Sri Hari Securities Pvt. Ltd.,200,368.5,73700.0,2025-07-13T13:01:52.247589
2025-07-13,44623,2025071304012992,PPCL,Sri Hari Securities Pvt. Ltd.,Sri Hari Securities Pvt. Ltd.,14,368.5,5159.0,2025-07-13T13:01:52.24761
2025-07-13,44528,2025071304013005,PPCL,Sri Hari Securities Pvt. Ltd.,Sundhara Securities Limited,11,368.5,4053.5,2025-07-13T13:02:20.72804
2025-07-13,44527,2025071304013006,PPCL,Sundhara Securities Limited,Sundhara Securities Limited,40,368.5,14740.0,2025-07-13T13:02:20.728166
2025-07-13,44526,2025071304013007,PPCL,Nepal Investment And Securities Trading Private Limited,Sundhara Securities Limited,500,368.2,184100.0,2025-07-13T13:02:20.728223
2025-07-13,44525,2025071304013008,PPCL,Linch Stock Market Ltd.,Sundhara Securities Limited,100,368.0,36800.0,2025-07-13T13:02:20.728273
2025-07-13,44524,2025071304013009,PPCL,Dynamic Money Managers Securities Pvt. Ltd.,Sundhara Securities Limited,41,368.0,15088.0,2025-07-13T13:02:20.728332
2025-07-13,44039,2025071304013097,PPCL,Hatemalo Financial Services Private Limited,Sanima Securities Limited,250,370.0,92500.0,2025-07-13T13:04:03.446143
2025-07-13,43849,2025071304013147,PPCL,Dynamic Money Managers Securities Pvt. Ltd.,Aryatara Investment & Securities,200,368.0,73600.0,2025-07-13T13:04:37.624435
2025-07-13,43690,2025071304013184,PPCL,Online Securities Pvt. Ltd.,Vision Securities Pvt. Ltd,20,368.1,7362.0,2025-07-13T13:05:07.570647
2025-07-13,43689,2025071304013185,PPCL,Dynamic Money Managers Securities Pvt. Ltd.,Vision Securities Pvt. Ltd,759,368.0,279312.0,2025-07-13T13:05:07.570803
2025-07-13,43392,2025071304013232,PPCL,Deevyaa Securities & Stock House Pvt. Ltd,Online Securities Pvt. Ltd.,10,368.1,3681.0,2025-07-13T13:05:49.843078
2025-07-13,42747,2025071304013392,PPCL,Kohinoor Investment & Securities Pvt. Ltd.,Sweta Securities Private Limited,20,368.1,7362.0,2025-07-13T13:07:59.12092
2025-07-13,42474,2025071304013489,PPCL,Kumari Securities Private Limited,Vision Securities Pvt. Ltd,300,367.1,110130.0,2025-07-13T13:08:45.333039
2025-07-13,42473,2025071304013490,PPCL,Siprabi Securities Pvt. Ltd.,Vision Securities Pvt. Ltd,200,367.0,73400.0,2025-07-13T13:08:45.333164
2025-07-13,42449,2025071304013501,PPCL,Siprabi Securities Pvt. Ltd.,Premier Securities Company Ltd.,140,367.0,51380.0,2025-07-13T13:08:49.851641
2025-07-13,42448,2025071304013502,PPCL,Nepal Investment And Securities Trading Private Limited,Premier Securities Company Ltd.,500,367.0,183500.0,2025-07-13T13:08:49.851744
2025-07-13,42447,2025071304013503,PPCL,Kumari Securities Private Limited,Premier Securities Company Ltd.,50,366.0,18300.0,2025-07-13T13:08:49.851822
2025-07-13,42446,2025071304013504,PPCL,Neev Securities Pvt. Ltd.,Premier Securities Company Ltd.,50,366.0,18300.0,2025-07-13T13:08:49.851878
2025-07-13,42445,2025071304013505,PPCL,Oxford Securities Pvt. Ltd.,Premier Securities Company Ltd.,50,366.0,18300.0,2025-07-13T13:08:49.851943
2025-07-13,42444,2025071304013506,PPCL,Online Securities Pvt. Ltd.,Premier Securities Company Ltd.,20,365.6,7312.0,2025-07-13T13:08:49.852016
2025-07-13,42443,2025071304013507,PPCL,Agrawal Securities (PVT) Ltd.,Premier Securities Company Ltd.,430,365.0,156950.0,2025-07-13T13:08:49.85209
2025-07-13,41815,2025071304013691,PPCL,Sumeru Securities Pvt. Ltd.,Dynamic Money Managers Securities Pvt. Ltd.,10,365.2,3652.0,2025-07-13T13:10:27.471281
2025-07-13,41814,2025071304013692,PPCL,Kohinoor Investment & Securities Pvt. Ltd.,Dynamic Money Managers Securities Pvt. Ltd.,20,365.2,7304.0,2025-07-13T13:10:27.47143
2025-07-13,41813,2025071304013693,PPCL,Nabil Stock Dealer Ltd.,Dynamic Money Managers Securities Pvt. Ltd.,500,365.1,182550.0,2025-07-13T13:10:27.471483
2025-07-13,41812,2025071304013694,PPCL,Kumari Securities Private Limited,Dynamic Money Managers Securities Pvt. Ltd.,100,365.1,36510.0,2025-07-13T13:10:27.471531
2025-07-13,41811,2025071304013695,PPCL,Agrawal Securities (PVT) Ltd.,Dynamic Money Managers Securities Pvt. Ltd.,170,365.0,62050.0,2025-07-13T13:10:27.471578
2025-07-13,41685,2025071304013719,PPCL,Agrawal Securities (PVT) Ltd.,Dynamic Money Managers Securities Pvt. Ltd.,400,365.0,146000.0,2025-07-13T13:10:55.081049
2025-07-13,41684,2025071304013720,PPCL,Ashutosh Brokerage & Securities (PVT) Ltd.,Dynamic Money Managers Securities Pvt. Ltd.,100,365.0,36500.0,2025-07-13T13:10:55.081231
2025-07-13,41559,2025071304013740,PPCL,Ashutosh Brokerage & Securities (PVT) Ltd.,Secured Securities Ltd.,500,365.0,182500.0,2025-07-13T13:11:11.34425
2025-07-13,41421,2025071304013791,PPCL,Online Securities Pvt. Ltd.,Sweta Securities Private Limited,12,368.1,4417.2,2025-07-13T13:11:36.674615
2025-07-13,41334,2025071304013805,PPCL,Thrive Brokerage House Pvt. Ltd,Online Securities Pvt. Ltd.,60,365.1,21906.0,2025-07-13T13:11:54.938274
2025-07-13,41094,2025071304013850,PPCL,Oxford Securities Pvt. Ltd.,Dynamic Money Managers Securities Pvt. Ltd.,1000,366.0,366000.0,2025-07-13T13:12:35.478059
2025-07-13,40511,2025071304014000,PPCL,Thrive Brokerage House Pvt. Ltd,Naasa Securities Co. Ltd.,90,365.1,32859.0,2025-07-13T13:14:20.351309
2025-07-13,40510,2025071304014001,PPCL,J.F. Securites (PVT) Ltd.,Naasa Securities Co. Ltd.,100,365.1,36510.0,2025-07-13T13:14:20.351497
2025-07-13,40509,2025071304014002,PPCL,Aryatara Investment & Securities,Naasa Securities Co. Ltd.,500,365.1,182550.0,2025-07-13T13:14:20.351554
2025-07-13,40508,2025071304014003,PPCL,Ashutosh Brokerage & Securities (PVT) Ltd.,Naasa Securities Co. Ltd.,310,365.0,113150.0,2025-07-13T13:14:20.351605
2025-07-13,40190,2025071304014064,PPCL,ABC Securities Private Limited,ABC Securities Private Limited,10,368.0,3680.0,2025-07-13T13:15:30.99723
2025-07-13,39858,2025071304014142,PPCL,Midas Stock Broking Company Private Limited,Sewa Securities Pvt. Ltd.,20,365.1,7302.0,2025-07-13T13:16:24.74128
2025-07-13,39857,2025071304014143,PPCL,Ashutosh Brokerage & Securities (PVT) Ltd.,Sewa Securities Pvt. Ltd.,90,365.0,32850.0,2025-07-13T13:16:24.741371
2025-07-13,39856,2025071304014144,PPCL,Ashutosh Brokerage & Securities (PVT) Ltd.,Sewa Securities Pvt. Ltd.,140,365.0,51100.0,2025-07-13T13:16:24.7414
2025-07-13,39535,2025071304014200,PPCL,Ashutosh Brokerage & Securities (PVT) Ltd.,ABC Securities Private Limited,860,365.0,313900.0,2025-07-13T13:17:21.229255
2025-07-13,39534,2025071304014201,PPCL,Imperial Securities Company Pvt. Ltd.,ABC Securities Private Limited,130,365.0,47450.0,2025-07-13T13:17:21.229418
2025-07-13,39533,2025071304014202,PPCL,Linch Stock Market Ltd.,ABC Securities Private Limited,220,365.0,80300.0,2025-07-13T13:17:21.229474
2025-07-13,39439,2025071304014229,PPCL,Linch Stock Market Ltd.,ABC Securities Private Limited,380,365.0,138700.0,2025-07-13T13:17:45.541214
2025-07-13,39438,2025071304014230,PPCL,Kumari Securities Private Limited,ABC Securities Private Limited,200,365.0,73000.0,2025-07-13T13:17:45.541369
2025-07-13,39437,2025071304014231,PPCL,Online Securities Pvt. Ltd.,ABC Securities Private Limited,265,365.0,96725.0,2025-07-13T13:17:45.541426
2025-07-13,39436,2025071304014232,PPCL,Online Securities Pvt. Ltd.,ABC Securities Private Limited,20,365.0,7300.0,2025-07-13T13:17:45.541478
2025-07-13,39435,2025071304014233,PPCL,Dynamic Money Managers Securities Pvt. Ltd.,ABC Securities Private Limited,335,365.0,122275.0,2025-07-13T13:17:45.541527
2025-07-13,39354,2025071304014250,PPCL,Dynamic Money Managers Securities Pvt. Ltd.,ABC Securities Private Limited,665,365.0,242725.0,2025-07-13T13:18:06.935793
2025-07-13,39353,2025071304014251,PPCL,Trishakti Securities Public Limited,ABC Securities Private Limited,535,364.6,195061.0,2025-07-13T13:18:06.935925
2025-07-13,39216,2025071304014279,PPCL,Trishakti Securities Public Limited,ABC Securities Private Limited,1190,364.6,433874.0,2025-07-13T13:18:37.313571
2025-07-13,39044,2025071304014353,PPCL,Sri Hari Securities Pvt. Ltd.,Naasa Securities Co. Ltd.,78,365.0,28470.0,2025-07-13T13:19:14.800411
2025-07-13,37588,2025071304014632,PPCL,Sri Hari Securities Pvt. Ltd.,J.F. Securites (PVT) Ltd.,22,365.0,8030.0,2025-07-13T13:23:59.064379
2025-07-13,37587,2025071304014633,PPCL,Dynamic Money Managers Securities Pvt. Ltd.,J.F. Securites (PVT) Ltd.,478,365.0,174470.0,2025-07-13T13:23:59.064519
2025-07-13,37178,2025071304014710,PPCL,Dynamic Money Managers Securities Pvt. Ltd.,Linch Stock Market Ltd.,522,365.0,190530.0,2025-07-13T13:25:19.085647
2025-07-13,37177,2025071304014711,PPCL,Beni Securities Pvt.Ltd.,Linch Stock Market Ltd.,10,365.0,3650.0,2025-07-13T13:25:19.085948
2025-07-13,37176,2025071304014712,PPCL,Capital Max Securities Ltd,Linch Stock Market Ltd.,100,365.0,36500.0,2025-07-13T13:25:19.086118
2025-07-13,37042,2025071304014748,PPCL,Trishakti Securities Public Limited,Linch Stock Market Ltd.,768,364.6,280012.8,2025-07-13T13:25:44.377155
2025-07-13,36692,2025071304014869,PPCL,Trishakti Securities Public Limited,Sani Securities Company Ltd.,150,364.6,54690.0,2025-07-13T13:26:42.406985
2025-07-13,36524,2025071304014918,PPCL,Trishakti Securities Public Limited,Vision Securities Pvt. Ltd,357,364.6,130162.2,2025-07-13T13:27:23.344932
2025-07-13,36523,2025071304014919,PPCL,Sundhara Securities Limited,Vision Securities Pvt. Ltd,82,364.0,29848.0,2025-07-13T13:27:23.344997
2025-07-13,36522,2025071304014920,PPCL,Nepal Investment And Securities Trading Private Limited,Vision Securities Pvt. Ltd,50,363.0,18150.0,2025-07-13T13:27:23.345023
2025-07-13,36521,2025071304014921,PPCL,Asian Securities Private Ltd.,Vision Securities Pvt. Ltd,100,363.0,36300.0,2025-07-13T13:27:23.345045
2025-07-13,36520,2025071304014922,PPCL,Cristal Kanchanjanga Securites Pvt. Ltd.,Vision Securities Pvt. Ltd,200,363.0,72600.0,2025-07-13T13:27:23.34507
2025-07-13,36519,2025071304014923,PPCL,Dipshikha Dhitopatra Karobar Co. Pvt Ltd.,Vision Securities Pvt. Ltd,130,363.0,47190.0,2025-07-13T13:27:23.345115
2025-07-13,36518,2025071304014924,PPCL,ABC Securities Private Limited,Vision Securities Pvt. Ltd,50,362.7,18135.0,2025-07-13T13:27:23.345143
2025-07-13,36517,2025071304014925,PPCL,Primo Securities (PVT) Ltd.,Vision Securities Pvt. Ltd,50,361.0,18050.0,2025-07-13T13:27:23.345168
2025-07-13,36516,2025071304014926,PPCL,Investment Management Nepal Pvt. Ltd.,Vision Securities Pvt. Ltd,100,361.0,36100.0,2025-07-13T13:27:23.345202
2025-07-13,36515,2025071304014927,PPCL,Nepal Investment And Securities Trading Private Limited,Vision Securities Pvt. Ltd,100,360.8,36080.0,2025-07-13T13:27:23.345273
2025-07-13,36514,2025071304014928,PPCL,Secured Securities Ltd.,Vision Securities Pvt. Ltd,1000,360.0,360000.0,2025-07-13T13:27:23.345325
2025-07-13,36513,2025071304014929,PPCL,Beni Securities Pvt.Ltd.,Vision Securities Pvt. Ltd,10,360.0,3600.0,2025-07-13T13:27:23.345351
2025-07-13,36512,2025071304014930,PPCL,Kohinoor Investment & Securities Pvt. Ltd.,Vision Securities Pvt. Ltd,1000,360.0,360000.0,2025-07-13T13:27:23.345372
2025-07-13,36511,2025071304014931,PPCL,Naasa Securities Co. Ltd.,Vision Securities Pvt. Ltd,500,360.0,180000.0,2025-07-13T13:27:23.345392
2025-07-13,36510,2025071304014932,PPCL,J.F. Securites (PVT) Ltd.,Vision Securities Pvt. Ltd,200,360.0,72000.0,2025-07-13T13:27:23.345413
2025-07-13,36509,2025071304014933,PPCL,Premier Securities Company Ltd.,Vision Securities Pvt. Ltd,981,360.0,353160.0,2025-07-13T13:27:23.345437
2025-07-13,36456,2025071304014940,PPCL,Premier Securities Company Ltd.,Midas Stock Broking Company Private Limited,19,360.0,6840.0,2025-07-13T13:27:33.553027
2025-07-13,36455,2025071304014941,PPCL,Dynamic Money Managers Securities Pvt. Ltd.,Midas Stock Broking Company Private Limited,481,360.0,173160.0,2025-07-13T13:27:33.553095
2025-07-13,36222,2025071304015024,PPCL,SUN SECURITIES PVT LTD,Citizens Share Broker Limited,300,360.2,108060.0,2025-07-13T13:28:13.223384
2025-07-13,35624,2025071304015164,PPCL,Dakshinkali Investment & Securities Pvt. Ltd.,Nepal Stock House (PVT) Ltd.,300,361.1,108330.0,2025-07-13T13:30:36.118601
2025-07-13,35412,2025071304015206,PPCL,Aryatara Investment & Securities,Nagarik Stock Dealer ,1000,361.3,361300.0,2025-07-13T13:31:20.667234
2025-07-13,35411,2025071304015207,PPCL,Nepal Investment And Securities Trading Private Limited,Nagarik Stock Dealer ,500,361.2,180600.0,2025-07-13T13:31:20.667433
2025-07-13,35410,2025071304015208,PPCL,Dakshinkali Investment & Securities Pvt. Ltd.,Nagarik Stock Dealer ,500,361.1,180550.0,2025-07-13T13:31:20.667511
2025-07-13,35292,2025071304015242,PPCL,Pragyan Securities (PVT) Ltd.,Vision Securities Pvt. Ltd,200,362.0,72400.0,2025-07-13T13:31:54.525661
2025-07-13,35262,2025071304015248,PPCL,Sani Securities Company Ltd.,Vision Securities Pvt. Ltd,31,362.0,11222.0,2025-07-13T13:32:04.523801
2025-07-13,35261,2025071304015249,PPCL,Sani Securities Company Ltd.,Imperial Securities Company Pvt. Ltd.,100,362.0,36200.0,2025-07-13T13:32:04.523951
2025-07-13,34732,2025071304015378,PPCL,Dakshinkali Investment & Securities Pvt. Ltd.,Sajilo Broker Limited,200,362.0,72400.0,2025-07-13T13:33:50.692732
2025-07-13,34437,2025071304015469,PPCL,Dipshikha Dhitopatra Karobar Co. Pvt Ltd.,Global IME Securities Limited,25,366.0,9150.0,2025-07-13T13:34:49.218106
2025-07-13,33071,2025071304015801,PPCL,Dipshikha Dhitopatra Karobar Co. Pvt Ltd.,J.F. Securites (PVT) Ltd.,25,364.0,9100.0,2025-07-13T13:38:47.957994
2025-07-13,32350,2025071304015986,PPCL,Dakshinkali Investment & Securities Pvt. Ltd.,Vision Securities Pvt. Ltd,390,363.4,141726.0,2025-07-13T13:41:21.785553
2025-07-13,32186,2025071304016094,PPCL,Dakshinkali Investment & Securities Pvt. Ltd.,Vision Securities Pvt. Ltd,10,363.4,3634.0,2025-07-13T13:41:39.985751
2025-07-13,31745,2025071304016179,PPCL,Dakshinkali Investment & Securities Pvt. Ltd.,Creative Securities Pvt Ltd,30,363.4,10902.0,2025-07-13T13:43:21.83721
2025-07-13,31338,2025071304016258,PPCL,Dynamic Money Managers Securities Pvt. Ltd.,Imperial Securities Company Pvt. Ltd.,300,365.0,109500.0,2025-07-13T13:44:50.566811
2025-07-13,31153,2025071304016286,PPCL,Dakshinkali Investment & Securities Pvt. Ltd.,Capital Max Securities Ltd,1570,363.4,570538.0,2025-07-13T13:45:28.038672
2025-07-13,30646,2025071304016430,PPCL,Premier Securities Company Ltd.,Kumari Securities Private Limited,30,363.4,10902.0,2025-07-13T13:47:14.644214
2025-07-13,30645,2025071304016431,PPCL,Nabil Stock Dealer Ltd.,Kumari Securities Private Limited,20,363.3,7266.0,2025-07-13T13:47:14.644548
2025-07-13,30644,2025071304016432,PPCL,Elite Stock House Limited,Kumari Securities Private Limited,50,363.3,18165.0,2025-07-13T13:47:14.644728
2025-07-13,29831,2025071304016583,PPCL,Vision Securities Pvt. Ltd,South Asian Bulls Pvt. Ltd.,70,363.5,25445.0,2025-07-13T13:49:59.038635
2025-07-13,29830,2025071304016584,PPCL,Naasa Securities Co. Ltd.,South Asian Bulls Pvt. Ltd.,60,363.5,21810.0,2025-07-13T13:49:59.038807
2025-07-13,29657,2025071304016628,PPCL,Elite Stock House Limited,Imperial Securities Company Pvt. Ltd.,20,363.3,7266.0,2025-07-13T13:50:37.686519
2025-07-13,27820,2025071304017162,PPCL,Sharepro Securities Private Limited,Siprabi Securities Pvt. Ltd.,11,364.6,4010.6,2025-07-13T13:57:24.540492
2025-07-13,27819,2025071304017163,PPCL,Sharepro Securities Private Limited,Siprabi Securities Pvt. Ltd.,10,364.7,3647.0,2025-07-13T13:57:24.540543
2025-07-13,27818,2025071304017164,PPCL,Sharepro Securities Private Limited,Siprabi Securities Pvt. Ltd.,10,364.8,3648.0,2025-07-13T13:57:24.540597
2025-07-13,27817,2025071304017165,PPCL,Sharepro Securities Private Limited,Siprabi Securities Pvt. Ltd.,10,364.9,3649.0,2025-07-13T13:57:24.540622
2025-07-13,27450,2025071304017247,PPCL,Trishakti Securities Public Limited,Siprabi Securities Pvt. Ltd.,25,364.8,9120.0,2025-07-13T13:58:55.861624
2025-07-13,27449,2025071304017248,PPCL,Trishakti Securities Public Limited,Siprabi Securities Pvt. Ltd.,25,364.9,9122.5,2025-07-13T13:58:55.861977
2025-07-13,27448,2025071304017249,PPCL,Trishakti Securities Public Limited,Imperial Securities Company Pvt. Ltd.,150,365.0,54750.0,2025-07-13T13:58:55.862182
2025-07-13,27033,2025071304017330,PPCL,Bhrikuti Stock Broking Co. Pvt. Ltd.,Siprabi Securities Pvt. Ltd.,25,364.6,9115.0,2025-07-13T14:00:39.505055
2025-07-13,27032,2025071304017331,PPCL,Bhrikuti Stock Broking Co. Pvt. Ltd.,Siprabi Securities Pvt. Ltd.,25,364.7,9117.5,2025-07-13T14:00:39.505465
2025-07-13,27031,2025071304017332,PPCL,Bhrikuti Stock Broking Co. Pvt. Ltd.,Siprabi Securities Pvt. Ltd.,25,364.8,9120.0,2025-07-13T14:00:39.505726
2025-07-13,27030,2025071304017333,PPCL,Bhrikuti Stock Broking Co. Pvt. Ltd.,Siprabi Securities Pvt. Ltd.,25,364.9,9122.5,2025-07-13T14:00:39.505927
2025-07-13,27029,2025071304017334,PPCL,Bhrikuti Stock Broking Co. Pvt. Ltd.,Imperial Securities Company Pvt. Ltd.,265,365.0,96725.0,2025-07-13T14:00:39.506122
2025-07-13,27028,2025071304017335,PPCL,Bhrikuti Stock Broking Co. Pvt. Ltd.,Naasa Securities Co. Ltd.,35,365.0,12775.0,2025-07-13T14:00:39.506357
2025-07-13,27027,2025071304017336,PPCL,Bhrikuti Stock Broking Co. Pvt. Ltd.,Siprabi Securities Pvt. Ltd.,300,365.0,109500.0,2025-07-13T14:00:39.506607
2025-07-13,27026,2025071304017337,PPCL,Bhrikuti Stock Broking Co. Pvt. Ltd.,Deevyaa Securities & Stock House Pvt. Ltd,40,365.0,14600.0,2025-07-13T14:00:39.506793
2025-07-13,27025,2025071304017338,PPCL,Bhrikuti Stock Broking Co. Pvt. Ltd.,Sundhara Securities Limited,260,365.0,94900.0,2025-07-13T14:00:39.506972
2025-07-13,26958,2025071304017357,PPCL,Bhrikuti Stock Broking Co. Pvt. Ltd.,Sundhara Securities Limited,740,365.0,270100.0,2025-07-13T14:00:55.680263
2025-07-13,26957,2025071304017358,PPCL,Bhrikuti Stock Broking Co. Pvt. Ltd.,Sundhara Securities Limited,260,365.0,94900.0,2025-07-13T14:00:55.680478
2025-07-13,26599,2025071304017444,PPCL,Bhrikuti Stock Broking Co. Pvt. Ltd.,Sundhara Securities Limited,135,363.5,49072.5,2025-07-13T14:02:20.200453
2025-07-13,26340,2025071304017531,PPCL,Naasa Securities Co. Ltd.,Linch Stock Market Ltd.,100,364.5,36450.0,2025-07-13T14:03:16.241339
2025-07-13,26064,2025071304017637,PPCL,Sharepro Securities Private Limited,Linch Stock Market Ltd.,100,364.5,36450.0,2025-07-13T14:04:21.378613
2025-07-13,25853,2025071304017688,PPCL,Deevyaa Securities & Stock House Pvt. Ltd,J.F. Securites (PVT) Ltd.,10,363.6,3636.0,2025-07-13T14:05:01.776675
2025-07-13,25587,2025071304017743,PPCL,Deevyaa Securities & Stock House Pvt. Ltd,Bhrikuti Stock Broking Co. Pvt. Ltd.,90,363.6,32724.0,2025-07-13T14:05:44.718508
2025-07-13,25586,2025071304017744,PPCL,Bhrikuti Stock Broking Co. Pvt. Ltd.,Bhrikuti Stock Broking Co. Pvt. Ltd.,865,363.5,314427.5,2025-07-13T14:05:44.718878
2025-07-13,25585,2025071304017745,PPCL,Naasa Securities Co. Ltd.,Bhrikuti Stock Broking Co. Pvt. Ltd.,150,363.4,54510.0,2025-07-13T14:05:44.719091
2025-07-13,25324,2025071304017834,PPCL,Naasa Securities Co. Ltd.,Bhrikuti Stock Broking Co. Pvt. Ltd.,40,363.0,14520.0,2025-07-13T14:06:37.379956
2025-07-13,24666,2025071304017953,PPCL,Online Securities Pvt. Ltd.,Siprabi Securities Pvt. Ltd.,20,364.8,7296.0,2025-07-13T14:08:46.589
2025-07-13,24665,2025071304017954,PPCL,Naasa Securities Co. Ltd.,Naasa Securities Co. Ltd.,107,363.5,38894.5,2025-07-13T14:08:46.650218
2025-07-13,24649,2025071304017957,PPCL,Naasa Securities Co. Ltd.,Capital Max Securities Ltd,168,363.5,61068.0,2025-07-13T14:08:51.256331
2025-07-13,24641,2025071304017964,PPCL,J.F. Securites (PVT) Ltd.,Creative Securities Pvt Ltd,20,363.0,7260.0,2025-07-13T14:08:52.647771
2025-07-13,24594,2025071304017969,PPCL,Aryatara Investment & Securities,Capital Max Securities Ltd,107,363.5,38894.5,2025-07-13T14:09:00.364346
2025-07-13,24333,2025071304018061,PPCL,Aryatara Investment & Securities,Opal Securities Investment (PVT) Ltd.,90,363.2,32688.0,2025-07-13T14:09:50.334717
2025-07-13,24271,2025071304018073,PPCL,Aryatara Investment & Securities,Capital Max Securities Ltd,103,363.2,37409.6,2025-07-13T14:10:02.582111
2025-07-13,24270,2025071304018074,PPCL,Hatemalo Financial Services Private Limited,Capital Max Securities Ltd,100,363.0,36300.0,2025-07-13T14:10:02.582348
2025-07-13,24226,2025071304018090,PPCL,Naasa Securities Co. Ltd.,Capital Max Securities Ltd,60,363.0,21780.0,2025-07-13T14:10:08.579141
2025-07-13,23879,2025071304018165,PPCL,Garima Securities Limited,K.B.L. Securities Limited ,40,362.6,14504.0,2025-07-13T14:11:14.209539
2025-07-13,23878,2025071304018166,PPCL,J.F. Securites (PVT) Ltd.,K.B.L. Securities Limited ,300,362.6,108780.0,2025-07-13T14:11:14.20991
2025-07-13,23877,2025071304018167,PPCL,Siprabi Securities Pvt. Ltd.,K.B.L. Securities Limited ,150,362.5,54375.0,2025-07-13T14:11:14.210128
2025-07-13,23871,2025071304018169,PPCL,Sani Securities Company Ltd.,Capital Max Securities Ltd,30,363.0,10890.0,2025-07-13T14:11:15.929083
2025-07-13,23870,2025071304018170,PPCL,Sani Securities Company Ltd.,Sanima Securities Limited,70,363.0,25410.0,2025-07-13T14:11:15.92946
2025-07-13,23855,2025071304018174,PPCL,Siprabi Securities Pvt. Ltd.,Premier Securities Company Ltd.,400,362.5,145000.0,2025-07-13T14:11:18.64348
2025-07-13,23854,2025071304018175,PPCL,Online Securities Pvt. Ltd.,Premier Securities Company Ltd.,30,362.5,10875.0,2025-07-13T14:11:18.643669
2025-07-13,23853,2025071304018176,PPCL,Dakshinkali Investment & Securities Pvt. Ltd.,Premier Securities Company Ltd.,70,362.3,25361.0,2025-07-13T14:11:18.643754
2025-07-13,23588,2025071304018272,PPCL,Dakshinkali Investment & Securities Pvt. Ltd.,K.B.L. Securities Limited ,10,362.3,3623.0,2025-07-13T14:12:02.350668
2025-07-13,23533,2025071304018308,PPCL,Miyo Securities Pvt Ltd,Sri Hari Securities Pvt. Ltd.,10,362.5,3625.0,2025-07-13T14:12:10.407682
2025-07-13,23482,2025071304018338,PPCL,Vision Securities Pvt. Ltd,Sri Hari Securities Pvt. Ltd.,20,362.5,7250.0,2025-07-13T14:12:19.815463
2025-07-13,23469,2025071304018344,PPCL,Imperial Securities Company Pvt. Ltd.,Sri Hari Securities Pvt. Ltd.,70,362.5,25375.0,2025-07-13T14:12:23.310703
2025-07-13,23119,2025071304018443,PPCL,Hatemalo Financial Services Private Limited,Linch Stock Market Ltd.,25,362.6,9065.0,2025-07-13T14:13:28.048829
2025-07-13,23118,2025071304018444,PPCL,Hatemalo Financial Services Private Limited,Sanima Securities Limited,10,363.0,3630.0,2025-07-13T14:13:28.049052
2025-07-13,23117,2025071304018445,PPCL,Hatemalo Financial Services Private Limited,Naasa Securities Co. Ltd.,65,363.0,23595.0,2025-07-13T14:13:28.049127
2025-07-13,22851,2025071304018517,PPCL,Imperial Securities Company Pvt. Ltd.,Trishakti Securities Public Limited,30,362.5,10875.0,2025-07-13T14:14:21.153554
2025-07-13,22850,2025071304018518,PPCL,Dakshinkali Investment & Securities Pvt. Ltd.,Trishakti Securities Public Limited,1920,362.3,695616.0,2025-07-13T14:14:21.153799
2025-07-13,22818,2025071304018519,PPCL,Siprabi Securities Pvt. Ltd.,Trishakti Securities Public Limited,50,362.3,18115.0,2025-07-13T14:14:21.831516
2025-07-13,22694,2025071304018562,PPCL,Nepal Investment And Securities Trading Private Limited,Trishakti Securities Public Limited,60,362.3,21738.0,2025-07-13T14:14:48.299383
2025-07-13,22596,2025071304018591,PPCL,Deevyaa Securities & Stock House Pvt. Ltd,Trishakti Securities Public Limited,400,362.3,144920.0,2025-07-13T14:15:05.388844
2025-07-13,22548,2025071304018599,PPCL,Naasa Securities Co. Ltd.,Trishakti Securities Public Limited,22,362.3,7970.6,2025-07-13T14:15:09.639484
2025-07-13,22475,2025071304018606,PPCL,Imperial Securities Company Pvt. Ltd.,Trishakti Securities Public Limited,18,362.3,6521.4,2025-07-13T14:15:27.300799
2025-07-13,22347,2025071304018637,PPCL,Imperial Securities Company Pvt. Ltd.,Sumeru Securities Pvt. Ltd.,40,362.3,14492.0,2025-07-13T14:15:54.659723
2025-07-13,22138,2025071304018701,PPCL,Imperial Securities Company Pvt. Ltd.,Capital Max Securities Ltd,100,362.3,36230.0,2025-07-13T14:16:38.328468
2025-07-13,22080,2025071304018725,PPCL,Deevyaa Securities & Stock House Pvt. Ltd,Naasa Securities Co. Ltd.,100,363.0,36300.0,2025-07-13T14:16:49.324452
2025-07-13,21861,2025071304018781,PPCL,Pragyan Securities (PVT) Ltd.,Naasa Securities Co. Ltd.,85,363.0,30855.0,2025-07-13T14:17:36.369433
2025-07-13,21860,2025071304018782,PPCL,Pragyan Securities (PVT) Ltd.,Imperial Securities Company Pvt. Ltd.,100,363.0,36300.0,2025-07-13T14:17:36.369657
2025-07-13,21450,2025071304018865,PPCL,Pragyan Securities (PVT) Ltd.,J.F. Securites (PVT) Ltd.,10,363.0,3630.0,2025-07-13T14:18:46.514684
2025-07-13,20790,2025071304019048,PPCL,Creative Securities Pvt Ltd,Hatemalo Financial Services Private Limited,40,363.0,14520.0,2025-07-13T14:20:59.156269
2025-07-13,20789,2025071304019049,PPCL,J.F. Securites (PVT) Ltd.,Hatemalo Financial Services Private Limited,400,363.0,145200.0,2025-07-13T14:20:59.15665
2025-07-13,20788,2025071304019050,PPCL,Premier Securities Company Ltd.,Hatemalo Financial Services Private Limited,500,362.5,181250.0,2025-07-13T14:20:59.156859
2025-07-13,20787,2025071304019051,PPCL,Imperial Securities Company Pvt. Ltd.,Hatemalo Financial Services Private Limited,342,362.3,123906.6,2025-07-13T14:20:59.157069
2025-07-13,20786,2025071304019052,PPCL,Bhrikuti Stock Broking Co. Pvt. Ltd.,Hatemalo Financial Services Private Limited,1000,362.3,362300.0,2025-07-13T14:20:59.157262
2025-07-13,20785,2025071304019053,PPCL,Kohinoor Investment & Securities Pvt. Ltd.,Hatemalo Financial Services Private Limited,628,362.2,227461.6,2025-07-13T14:20:59.157479
2025-07-13,20621,2025071304019075,PPCL,Online Securities Pvt. Ltd.,Siprabi Securities Pvt. Ltd.,100,362.3,36230.0,2025-07-13T14:21:34.4185
2025-07-13,20579,2025071304019088,PPCL,Kohinoor Investment & Securities Pvt. Ltd.,Investment Management Nepal Pvt. Ltd.,372,362.2,134738.4,2025-07-13T14:21:42.145292
2025-07-13,20578,2025071304019089,PPCL,Premier Securities Company Ltd.,Investment Management Nepal Pvt. Ltd.,50,362.1,18105.0,2025-07-13T14:21:42.145676
2025-07-13,20577,2025071304019090,PPCL,Linch Stock Market Ltd.,Investment Management Nepal Pvt. Ltd.,78,362.1,28243.8,2025-07-13T14:21:42.1459
2025-07-13,19628,2025071304019265,PPCL,Trishakti Securities Public Limited,Global IME Securities Limited,75,362.3,27172.5,2025-07-13T14:24:15.222849
2025-07-13,19095,2025071304019399,PPCL,Imperial Securities Company Pvt. Ltd.,Siprabi Securities Pvt. Ltd.,200,362.8,72560.0,2025-07-13T14:25:38.914776
2025-07-13,19094,2025071304019400,PPCL,Imperial Securities Company Pvt. Ltd.,Siprabi Securities Pvt. Ltd.,10,362.9,3629.0,2025-07-13T14:25:38.915122
2025-07-13,19093,2025071304019401,PPCL,Imperial Securities Company Pvt. Ltd.,Sweta Securities Private Limited,10,363.0,3630.0,2025-07-13T14:25:38.915431
2025-07-13,18640,2025071304019538,PPCL,Imperial Securities Company Pvt. Ltd.,Aryatara Investment & Securities,430,363.4,156262.0,2025-07-13T14:26:54.406309
2025-07-13,18639,2025071304019539,PPCL,Naasa Securities Co. Ltd.,Aryatara Investment & Securities,50,362.4,18120.0,2025-07-13T14:26:54.406539
2025-07-13,18638,2025071304019540,PPCL,Cristal Kanchanjanga Securites Pvt. Ltd.,Aryatara Investment & Securities,30,362.4,10872.0,2025-07-13T14:26:54.406613
2025-07-13,18637,2025071304019541,PPCL,Imperial Securities Company Pvt. Ltd.,Aryatara Investment & Securities,490,362.4,177576.0,2025-07-13T14:26:54.406679
2025-07-13,18564,2025071304019565,PPCL,Imperial Securities Company Pvt. Ltd.,Imperial Securities Company Pvt. Ltd.,510,362.4,184824.0,2025-07-13T14:27:07.380097
2025-07-13,18563,2025071304019566,PPCL,Malla & Malla Stock Broking Company Pvt. Limited,Imperial Securities Company Pvt. Ltd.,250,362.4,90600.0,2025-07-13T14:27:07.380494
2025-07-13,18562,2025071304019567,PPCL,Trishakti Securities Public Limited,Imperial Securities Company Pvt. Ltd.,15,362.3,5434.5,2025-07-13T14:27:07.380719
2025-07-13,18561,2025071304019568,PPCL,Linch Stock Market Ltd.,Imperial Securities Company Pvt. Ltd.,425,362.3,153977.5,2025-07-13T14:27:07.380929
2025-07-13,17565,2025071304019793,PPCL,Sharepro Securities Private Limited,Siprabi Securities Pvt. Ltd.,10,363.9,3639.0,2025-07-13T14:29:34.766118
2025-07-13,17564,2025071304019794,PPCL,Sharepro Securities Private Limited,Imperial Securities Company Pvt. Ltd.,100,364.4,36440.0,2025-07-13T14:29:34.766261
2025-07-13,17467,2025071304019824,PPCL,Opal Securities Investment (PVT) Ltd.,Dipshikha Dhitopatra Karobar Co. Pvt Ltd.,200,363.0,72600.0,2025-07-13T14:29:47.523689
2025-07-13,17313,2025071304019869,PPCL,Sharepro Securities Private Limited,Siprabi Securities Pvt. Ltd.,10,364.5,3645.0,2025-07-13T14:30:10.911338
2025-07-13,17312,2025071304019870,PPCL,Sharepro Securities Private Limited,Siprabi Securities Pvt. Ltd.,100,364.6,36460.0,2025-07-13T14:30:10.911435
2025-07-13,17152,2025071304019926,PPCL,Dynamic Money Managers Securities Pvt. Ltd.,Siprabi Securities Pvt. Ltd.,40,364.7,14588.0,2025-07-13T14:30:31.002632
2025-07-13,17151,2025071304019927,PPCL,Dynamic Money Managers Securities Pvt. Ltd.,Siprabi Securities Pvt. Ltd.,10,364.7,3647.0,2025-07-13T14:30:31.002827
2025-07-13,17150,2025071304019928,PPCL,Dynamic Money Managers Securities Pvt. Ltd.,Siprabi Securities Pvt. Ltd.,10,364.8,3648.0,2025-07-13T14:30:31.002918
2025-07-13,17149,2025071304019929,PPCL,Dynamic Money Managers Securities Pvt. Ltd.,Siprabi Securities Pvt. Ltd.,30,364.9,10947.0,2025-07-13T14:30:31.002988
2025-07-13,17148,2025071304019930,PPCL,Dynamic Money Managers Securities Pvt. Ltd.,Imperial Securities Company Pvt. Ltd.,640,364.9,233536.0,2025-07-13T14:30:31.003055
2025-07-13,17065,2025071304019977,PPCL,Vision Securities Pvt. Ltd,Siprabi Securities Pvt. Ltd.,100,364.0,36400.0,2025-07-13T14:30:43.499173
2025-07-13,16976,2025071304019991,PPCL,Opal Securities Investment (PVT) Ltd.,J.F. Securites (PVT) Ltd.,25,363.0,9075.0,2025-07-13T14:30:56.662944
2025-07-13,16972,2025071304019995,PPCL,Linch Stock Market Ltd.,Siprabi Securities Pvt. Ltd.,174,363.3,63214.2,2025-07-13T14:30:57.395058
2025-07-13,16766,2025071304020063,PPCL,Opal Securities Investment (PVT) Ltd.,Naasa Securities Co. Ltd.,775,363.0,281325.0,2025-07-13T14:31:30.595106
2025-07-13,16765,2025071304020064,PPCL,Dynamic Money Managers Securities Pvt. Ltd.,Naasa Securities Co. Ltd.,1725,362.2,624795.0,2025-07-13T14:31:30.595201
2025-07-13,15486,2025071304020402,PPCL,Dipshikha Dhitopatra Karobar Co. Pvt Ltd.,Dynamic Money Managers Securities Pvt. Ltd.,50,362.3,18115.0,2025-07-13T14:34:16.608432
2025-07-13,14767,2025071304020642,PPCL,Online Securities Pvt. Ltd.,Imperial Securities Company Pvt. Ltd.,11,363.0,3993.0,2025-07-13T14:36:06.896678
2025-07-13,14103,2025071304020829,PPCL,Bhrikuti Stock Broking Co. Pvt. Ltd.,Imperial Securities Company Pvt. Ltd.,49,363.0,17787.0,2025-07-13T14:38:04.17418
2025-07-13,14102,2025071304020830,PPCL,Bhrikuti Stock Broking Co. Pvt. Ltd.,Deevyaa Securities & Stock House Pvt. Ltd,50,363.0,18150.0,2025-07-13T14:38:04.174575
2025-07-13,14101,2025071304020831,PPCL,Bhrikuti Stock Broking Co. Pvt. Ltd.,Siprabi Securities Pvt. Ltd.,10,363.2,3632.0,2025-07-13T14:38:04.174793
2025-07-13,14100,2025071304020832,PPCL,Bhrikuti Stock Broking Co. Pvt. Ltd.,Siprabi Securities Pvt. Ltd.,226,363.3,82105.8,2025-07-13T14:38:04.175074
2025-07-13,14099,2025071304020833,PPCL,Bhrikuti Stock Broking Co. Pvt. Ltd.,Kumari Securities Private Limited,50,364.9,18245.0,2025-07-13T14:38:04.175305
2025-07-13,14098,2025071304020834,PPCL,Bhrikuti Stock Broking Co. Pvt. Ltd.,Siprabi Securities Pvt. Ltd.,300,364.9,109470.0,2025-07-13T14:38:04.175589
2025-07-13,14097,2025071304020835,PPCL,Bhrikuti Stock Broking Co. Pvt. Ltd.,Trishakti Securities Public Limited,1000,365.0,365000.0,2025-07-13T14:38:04.175803
2025-07-13,14096,2025071304020836,PPCL,Bhrikuti Stock Broking Co. Pvt. Ltd.,Vision Securities Pvt. Ltd,315,365.0,114975.0,2025-07-13T14:38:04.176077
2025-07-13,13453,2025071304020986,PPCL,J.F. Securites (PVT) Ltd.,ABC Securities Private Limited,50,362.5,18125.0,2025-07-13T14:39:37.976563
2025-07-13,12420,2025071304021224,PPCL,Opal Securities Investment (PVT) Ltd.,Infinity Securities Limited,55,363.0,19965.0,2025-07-13T14:42:04.473939
2025-07-13,12419,2025071304021225,PPCL,Deevyaa Securities & Stock House Pvt. Ltd,Infinity Securities Limited,10,362.8,3628.0,2025-07-13T14:42:04.474206
2025-07-13,12418,2025071304021226,PPCL,Naasa Securities Co. Ltd.,Infinity Securities Limited,50,362.8,18140.0,2025-07-13T14:42:04.474377
2025-07-13,12417,2025071304021227,PPCL,Elite Stock House Limited,Infinity Securities Limited,35,362.7,12694.5,2025-07-13T14:42:04.474493
2025-07-13,11397,2025071304021538,PPCL,Deevyaa Securities & Stock House Pvt. Ltd,Vision Securities Pvt. Ltd,10,362.8,3628.0,2025-07-13T14:44:29.818664
2025-07-13,11396,2025071304021539,PPCL,Elite Stock House Limited,Vision Securities Pvt. Ltd,465,362.7,168655.5,2025-07-13T14:44:29.818707
2025-07-13,11395,2025071304021540,PPCL,Elite Stock House Limited,Vision Securities Pvt. Ltd,500,362.6,181300.0,2025-07-13T14:44:29.818741
2025-07-13,11394,2025071304021541,PPCL,Aryatara Investment & Securities,Vision Securities Pvt. Ltd,125,362.5,45312.5,2025-07-13T14:44:29.818769
2025-07-13,10252,2025071304021874,PPCL,Deevyaa Securities & Stock House Pvt. Ltd,Trishakti Securities Public Limited,10,362.6,3626.0,2025-07-13T14:46:57.720024
2025-07-13,10251,2025071304021875,PPCL,Elite Stock House Limited,Trishakti Securities Public Limited,464,362.6,168246.4,2025-07-13T14:46:57.720224
2025-07-13,10045,2025071304021910,PPCL,Elite Stock House Limited,Trishakti Securities Public Limited,36,362.6,13053.6,2025-07-13T14:47:17.895795
2025-07-13,10044,2025071304021911,PPCL,Elite Stock House Limited,Trishakti Securities Public Limited,1000,362.6,362600.0,2025-07-13T14:47:17.895858
2025-07-13,10043,2025071304021912,PPCL,J.F. Securites (PVT) Ltd.,Trishakti Securities Public Limited,50,362.5,18125.0,2025-07-13T14:47:17.895887
2025-07-13,10042,2025071304021913,PPCL,Dynamic Money Managers Securities Pvt. Ltd.,Trishakti Securities Public Limited,3275,362.2,1186205.0,2025-07-13T14:47:17.895918
2025-07-13,10041,2025071304021914,PPCL,Malla & Malla Stock Broking Company Pvt. Limited,Trishakti Securities Public Limited,100,362.2,36220.0,2025-07-13T14:47:17.895943
2025-07-13,10040,2025071304021915,PPCL,Himalayan Brokerage Company Limited,Trishakti Securities Public Limited,1000,362.0,362000.0,2025-07-13T14:47:17.895983
2025-07-13,10039,2025071304021916,PPCL,Linch Stock Market Ltd.,Trishakti Securities Public Limited,300,362.0,108600.0,2025-07-13T14:47:17.896009
2025-07-13,10038,2025071304021917,PPCL,Dipshikha Dhitopatra Karobar Co. Pvt Ltd.,Trishakti Securities Public Limited,30,362.0,10860.0,2025-07-13T14:47:17.896033
2025-07-13,10037,2025071304021918,PPCL,Himalayan Brokerage Company Limited,Trishakti Securities Public Limited,500,362.0,181000.0,2025-07-13T14:47:17.896079
2025-07-13,10036,2025071304021919,PPCL,Sani Securities Company Ltd.,Trishakti Securities Public Limited,209,361.0,75449.0,2025-07-13T14:47:17.896108
2025-07-13,9503,2025071304022045,PPCL,Online Securities Pvt. Ltd.,Sagarmatha Securities Private Limited,20,362.0,7240.0,2025-07-13T14:48:24.444767
2025-07-13,9469,2025071304022049,PPCL,J.F. Securites (PVT) Ltd.,Sagarmatha Securities Private Limited,10,362.0,3620.0,2025-07-13T14:48:27.385483
2025-07-13,9390,2025071304022074,PPCL,Sharepro Securities Private Limited,Sagarmatha Securities Private Limited,20,362.0,7240.0,2025-07-13T14:48:36.596068
2025-07-13,8709,2025071304022296,PPCL,Deevyaa Securities & Stock House Pvt. Ltd,Siprabi Securities Pvt. Ltd.,10,361.2,3612.0,2025-07-13T14:50:02.063401
2025-07-13,8708,2025071304022297,PPCL,Garima Securities Limited,Siprabi Securities Pvt. Ltd.,15,361.1,5416.5,2025-07-13T14:50:02.063626
2025-07-13,8685,2025071304022305,PPCL,Garima Securities Limited,Vision Securities Pvt. Ltd,100,361.1,36110.0,2025-07-13T14:50:03.78788
2025-07-13,8501,2025071304022401,PPCL,ABC Securities Private Limited,Siprabi Securities Pvt. Ltd.,25,362.0,9050.0,2025-07-13T14:50:20.285463
2025-07-13,8304,2025071304022461,PPCL,ABC Securities Private Limited,Siprabi Securities Pvt. Ltd.,25,362.0,9050.0,2025-07-13T14:50:39.502372
2025-07-13,8196,2025071304022490,PPCL,ABC Securities Private Limited,Imperial Securities Company Pvt. Ltd.,10,362.0,3620.0,2025-07-13T14:50:51.535276
2025-07-13,8118,2025071304022514,PPCL,Deevyaa Securities & Stock House Pvt. Ltd,Siprabi Securities Pvt. Ltd.,10,361.2,3612.0,2025-07-13T14:51:00.760242
2025-07-13,8117,2025071304022515,PPCL,Garima Securities Limited,Siprabi Securities Pvt. Ltd.,15,361.1,5416.5,2025-07-13T14:51:00.760486
2025-07-13,8094,2025071304022518,PPCL,Naasa Securities Co. Ltd.,Imperial Securities Company Pvt. Ltd.,25,362.0,9050.0,2025-07-13T14:51:03.424276
2025-07-13,7597,2025071304022669,PPCL,Naasa Securities Co. Ltd.,Nepal Stock House (PVT) Ltd.,125,362.0,45250.0,2025-07-13T14:51:55.748895
2025-07-13,7450,2025071304022717,PPCL,Himalayan Brokerage Company Limited,Nepal Stock House (PVT) Ltd.,10,362.0,3620.0,2025-07-13T14:52:11.143653
2025-07-13,7235,2025071304022792,PPCL,Sani Securities Company Ltd.,Nepal Stock House (PVT) Ltd.,215,362.0,77830.0,2025-07-13T14:52:33.287161
2025-07-13,7234,2025071304022793,PPCL,Sani Securities Company Ltd.,Nepal Stock House (PVT) Ltd.,100,364.0,36400.0,2025-07-13T14:52:33.287336
2025-07-13,7233,2025071304022794,PPCL,Sani Securities Company Ltd.,Deevyaa Securities & Stock House Pvt. Ltd,50,364.0,18200.0,2025-07-13T14:52:33.287407
2025-07-13,7232,2025071304022795,PPCL,Sani Securities Company Ltd.,Kalika Securities Pvt. Ltd.,36,364.0,13104.0,2025-07-13T14:52:33.287503
2025-07-13,5637,2025071304023270,PPCL,Kohinoor Investment & Securities Pvt. Ltd.,Nepal Stock House (PVT) Ltd.,50,362.0,18100.0,2025-07-13T14:55:07.368076
2025-07-13,5417,2025071304023354,PPCL,Nepal Investment And Securities Trading Private Limited,Linch Stock Market Ltd.,100,362.0,36200.0,2025-07-13T14:55:27.192901
2025-07-13,5416,2025071304023355,PPCL,Deevyaa Securities & Stock House Pvt. Ltd,Linch Stock Market Ltd.,10,361.4,3614.0,2025-07-13T14:55:27.193045
2025-07-13,5415,2025071304023356,PPCL,Aryatara Investment & Securities,Linch Stock Market Ltd.,200,361.3,72260.0,2025-07-13T14:55:27.193128
2025-07-13,5414,2025071304023357,PPCL,Secured Securities Ltd.,Linch Stock Market Ltd.,100,361.2,36120.0,2025-07-13T14:55:27.193159
2025-07-13,4756,2025071304023610,PPCL,Deevyaa Securities & Stock House Pvt. Ltd,Trishakti Securities Public Limited,10,361.3,3613.0,2025-07-13T14:56:14.947172
2025-07-13,4755,2025071304023611,PPCL,Secured Securities Ltd.,Trishakti Securities Public Limited,100,361.2,36120.0,2025-07-13T14:56:14.947391
2025-07-13,4754,2025071304023612,PPCL,Premier Securities Company Ltd.,Trishakti Securities Public Limited,400,361.2,144480.0,2025-07-13T14:56:14.94746
2025-07-13,4753,2025071304023613,PPCL,Secured Securities Ltd.,Trishakti Securities Public Limited,190,361.2,68628.0,2025-07-13T14:56:14.947527
2025-07-13,2993,2025071304024045,PPCL,Nagarik Stock Dealer ,Sewa Securities Pvt. Ltd.,50,363.0,18150.0,2025-07-13T14:58:08.873406
2025-07-13,2992,2025071304024046,PPCL,Nagarik Stock Dealer ,Imperial Securities Company Pvt. Ltd.,50,363.0,18150.0,2025-07-13T14:58:08.873556
2025-07-13,2963,2025071304024049,PPCL,Nepal Stock House (PVT) Ltd.,Imperial Securities Company Pvt. Ltd.,100,363.0,36300.0,2025-07-13T14:58:10.795199
2025-07-13,1989,2025071304024358,PPCL,Aryatara Investment & Securities,Imperial Securities Company Pvt. Ltd.,15,363.3,5449.5,2025-07-13T14:58:53.994228
2025-07-13,1941,2025071304024367,PPCL,Kumari Securities Private Limited,Siprabi Securities Pvt. Ltd.,30,363.8,10914.0,2025-07-13T14:58:57.327409
2025-07-13,1689,2025071304024443,PPCL,Aryatara Investment & Securities,NIMB Stock Markets Limited,185,363.3,67210.5,2025-07-13T14:59:08.585897
2025-07-13,1688,2025071304024444,PPCL,Sri Hari Securities Pvt. Ltd.,NIMB Stock Markets Limited,200,363.2,72640.0,2025-07-13T14:59:08.586077
2025-07-13,1687,2025071304024445,PPCL,Nepal Stock House (PVT) Ltd.,NIMB Stock Markets Limited,300,363.0,108900.0,2025-07-13T14:59:08.586143
2025-07-13,1389,2025071304024536,PPCL,Secured Securities Ltd.,Nepal Investment And Securities Trading Private Limited,200,362.1,72420.0,2025-07-13T14:59:20.786639
2025-07-13,999,2025071304024661,PPCL,Secured Securities Ltd.,Sumeru Securities Pvt. Ltd.,10,362.1,3621.0,2025-07-13T14:59:33.570545
2025-07-13,865,2025071304024708,PPCL,Opal Securities Investment (PVT) Ltd.,NIMB Stock Markets Limited,200,363.0,72600.0,2025-07-13T14:59:38.370531
2025-07-13,291,2025071304024888,PPCL,Naasa Securities Co. Ltd.,Sani Securities Company Ltd.,145,362.5,52562.5,2025-07-13T14:59:54.951357
2025-07-13,290,2025071304024889,PPCL,J.F. Securites (PVT) Ltd.,Sani Securities Company Ltd.,550,362.2,199210.0,2025-07-13T14:59:54.951546
2025-07-13,289,2025071304024890,PPCL,Deevyaa Securities & Stock House Pvt. Ltd,Sani Securities Company Ltd.,10,362.1,3621.0,2025-07-13T14:59:54.951625
2025-07-13,288,2025071304024891,PPCL,Kumari Securities Private Limited,Sani Securities Company Ltd.,100,362.1,36210.0,2025-07-13T14:59:54.951702
2025-07-13,287,2025071304024892,PPCL,Garima Securities Limited,Sani Securities Company Ltd.,195,362.1,70609.5,2025-07-13T14:59:54.951827
2025-07-13,186,2025071304024923,PPCL,Garima Securities Limited,Aryatara Investment & Securities,705,362.1,255280.5,2025-07-13T14:59:57.000559
2025-07-13,185,2025071304024924,PPCL,Garima Securities Limited,Aryatara Investment & Securities,15,362.0,5430.0,2025-07-13T14:59:57.000614
2025-07-13,111,2025071304024946,PPCL,Garima Securities Limited,Sharepro Securities Private Limited,30,362.0,10860.0,2025-07-13T14:59:57.673349
