Date,S.N.,contract_id,symbol,buyer_broker,seller_broker,volume,price,amount,transaction_time
2025-07-13,104917,2025071303000113,SINDU,Magnet Securities and Investment Company Private Limited,Aryatara Investment & Securities,20,900.3,18006.0,2025-07-13T10:46:00.100968
2025-07-13,104916,2025071303000114,SINDU,Magnet Securities and Investment Company Private Limited,Aryatara Investment & Securities,20,900.3,18006.0,2025-07-13T10:46:00.101019
2025-07-13,104915,2025071303000115,SINDU,Magnet Securities and Investment Company Private Limited,Imperial Securities Company Pvt. Ltd.,260,900.3,234078.0,2025-07-13T10:46:00.101052
2025-07-13,104914,2025071303000116,SINDU,Malla & Malla Stock Broking Company Pvt. Limited,Imperial Securities Company Pvt. Ltd.,40,900.3,36012.0,2025-07-13T10:46:00.101094
2025-07-13,104913,2025071303000117,SINDU,Malla & Malla Stock Broking Company Pvt. Limited,Aryatara Investment & Securities,20,900.3,18006.0,2025-07-13T10:46:00.101139
2025-07-13,104912,2025071303000118,SINDU,Malla & Malla Stock Broking Company Pvt. Limited,Capital Max Securities Ltd,55,900.3,49516.5,2025-07-13T10:46:00.101165
2025-07-13,104911,2025071303000119,SINDU,Malla & Malla Stock Broking Company Pvt. Limited,Naasa Securities Co. Ltd.,115,900.3,103534.5,2025-07-13T10:46:00.101197
2025-07-13,104910,2025071303000120,SINDU,Malla & Malla Stock Broking Company Pvt. Limited,Hatemalo Financial Services Private Limited,10,900.3,9003.0,2025-07-13T10:46:00.101232
2025-07-13,104909,2025071303000121,SINDU,Malla & Malla Stock Broking Company Pvt. Limited,Capital Hub P. Ltd,200,900.3,180060.0,2025-07-13T10:46:00.101271
2025-07-13,104908,2025071303000122,SINDU,Malla & Malla Stock Broking Company Pvt. Limited,SHUBHAKAMANA SECURITIES PVT. LTD,150,900.3,135045.0,2025-07-13T10:46:00.101309
2025-07-13,104907,2025071303000123,SINDU,Malla & Malla Stock Broking Company Pvt. Limited,ABC Securities Private Limited,76,900.3,68422.8,2025-07-13T10:46:00.101335
2025-07-13,104445,2025071303000269,SINDU,Dakshinkali Investment & Securities Pvt. Ltd.,J.F. Securites (PVT) Ltd.,50,915.0,45750.0,2025-07-13T11:00:32.143843
2025-07-13,104444,2025071303000270,SINDU,Dakshinkali Investment & Securities Pvt. Ltd.,Capital Hub P. Ltd,150,918.0,137700.0,2025-07-13T11:00:32.143943
2025-07-13,104395,2025071303000277,SINDU,Neev Securities Pvt. Ltd.,Capital Hub P. Ltd,50,918.0,45900.0,2025-07-13T11:00:36.033887
2025-07-13,104394,2025071303000278,SINDU,Neev Securities Pvt. Ltd.,Kalika Securities Pvt. Ltd.,100,918.0,91800.0,2025-07-13T11:00:36.033927
2025-07-13,104361,2025071303000286,SINDU,Neev Securities Pvt. Ltd.,Imperial Securities Company Pvt. Ltd.,50,918.0,45900.0,2025-07-13T11:00:39.131231
2025-07-13,104360,2025071303000287,SINDU,Thrive Brokerage House Pvt. Ltd,Imperial Securities Company Pvt. Ltd.,150,918.0,137700.0,2025-07-13T11:00:39.131276
2025-07-13,104295,2025071303000305,SINDU,Thrive Brokerage House Pvt. Ltd,Nepal Stock House (PVT) Ltd.,50,918.0,45900.0,2025-07-13T11:00:43.56606
2025-07-13,104192,2025071303000333,SINDU,Malla & Malla Stock Broking Company Pvt. Limited,Trishakti Securities Public Limited,334,900.3,300700.2,2025-07-13T11:00:50.320672
2025-07-13,104191,2025071303000334,SINDU,Bhrikuti Stock Broking Co. Pvt. Ltd.,Trishakti Securities Public Limited,100,900.3,90030.0,2025-07-13T11:00:50.32074
2025-07-13,104190,2025071303000335,SINDU,Blue Chip Securities Ltd,Trishakti Securities Public Limited,10,900.3,9003.0,2025-07-13T11:00:50.320768
2025-07-13,104189,2025071303000336,SINDU,Linch Stock Market Ltd.,Trishakti Securities Public Limited,10,900.3,9003.0,2025-07-13T11:00:50.320794
2025-07-13,104188,2025071303000337,SINDU,Premier Securities Company Ltd.,Trishakti Securities Public Limited,500,900.3,450150.0,2025-07-13T11:00:50.320822
2025-07-13,104187,2025071303000338,SINDU,Kohinoor Investment & Securities Pvt. Ltd.,Trishakti Securities Public Limited,246,900.3,221473.8,2025-07-13T11:00:50.320851
2025-07-13,103839,2025071303000403,SINDU,Sani Securities Company Ltd.,Linch Stock Market Ltd.,100,918.0,91800.0,2025-07-13T11:01:07.804104
2025-07-13,103838,2025071303000404,SINDU,Sani Securities Company Ltd.,Capital Hub P. Ltd,100,918.0,91800.0,2025-07-13T11:01:07.80415
2025-07-13,103672,2025071303000424,SINDU,Dakshinkali Investment & Securities Pvt. Ltd.,Midas Stock Broking Company Private Limited,100,916.0,91600.0,2025-07-13T11:01:15.932385
2025-07-13,103424,2025071303000470,SINDU,Aryatara Investment & Securities,ABC Securities Private Limited,390,915.0,356850.0,2025-07-13T11:01:28.174776
2025-07-13,103389,2025071303000476,SINDU,Aryatara Investment & Securities,Trishakti Securities Public Limited,10,915.0,9150.0,2025-07-13T11:01:29.744821
2025-07-13,103333,2025071303000478,SINDU,Deevyaa Securities & Stock House Pvt. Ltd,Trishakti Securities Public Limited,490,915.0,448350.0,2025-07-13T11:01:31.130472
2025-07-13,103332,2025071303000479,SINDU,Deevyaa Securities & Stock House Pvt. Ltd,Midas Stock Broking Company Private Limited,10,916.0,9160.0,2025-07-13T11:01:31.130542
2025-07-13,103326,2025071303000480,SINDU,Dipshikha Dhitopatra Karobar Co. Pvt Ltd.,Midas Stock Broking Company Private Limited,40,916.0,36640.0,2025-07-13T11:01:31.697798
2025-07-13,103247,2025071303000494,SINDU,Linch Stock Market Ltd.,Midas Stock Broking Company Private Limited,70,916.0,64120.0,2025-07-13T11:01:35.218321
2025-07-13,102731,2025071303000611,SINDU,Opal Securities Investment (PVT) Ltd.,Dipshikha Dhitopatra Karobar Co. Pvt Ltd.,150,915.9,137385.0,2025-07-13T11:01:57.284613
2025-07-13,101760,2025071303000817,SINDU,Siprabi Securities Pvt. Ltd.,Agrawal Securities (PVT) Ltd.,50,904.0,45200.0,2025-07-13T11:02:38.667095
2025-07-13,101759,2025071303000818,SINDU,Imperial Securities Company Pvt. Ltd.,Agrawal Securities (PVT) Ltd.,50,903.0,45150.0,2025-07-13T11:02:38.66714
2025-07-13,101758,2025071303000819,SINDU,Kohinoor Investment & Securities Pvt. Ltd.,Agrawal Securities (PVT) Ltd.,340,903.0,307020.0,2025-07-13T11:02:38.667165
2025-07-13,101757,2025071303000820,SINDU,Sewa Securities Pvt. Ltd.,Agrawal Securities (PVT) Ltd.,60,902.0,54120.0,2025-07-13T11:02:38.667199
2025-07-13,101656,2025071303000839,SINDU,Sewa Securities Pvt. Ltd.,Dipshikha Dhitopatra Karobar Co. Pvt Ltd.,40,912.0,36480.0,2025-07-13T11:02:43.417841
2025-07-13,101355,2025071303000894,SINDU,Linch Stock Market Ltd.,Online Securities Pvt. Ltd.,65,910.0,59150.0,2025-07-13T11:02:54.317646
2025-07-13,101354,2025071303000895,SINDU,Linch Stock Market Ltd.,Dipshikha Dhitopatra Karobar Co. Pvt Ltd.,32,912.0,29184.0,2025-07-13T11:02:54.317731
2025-07-13,101353,2025071303000896,SINDU,Linch Stock Market Ltd.,J.F. Securites (PVT) Ltd.,50,912.0,45600.0,2025-07-13T11:02:54.317773
2025-07-13,101352,2025071303000897,SINDU,Linch Stock Market Ltd.,Capital Hub P. Ltd,86,912.0,78432.0,2025-07-13T11:02:54.317812
2025-07-13,100828,2025071303001012,SINDU,Primo Securities (PVT) Ltd.,Trisul Securities & Invt. Ltd.,50,910.0,45500.0,2025-07-13T11:03:13.410813
2025-07-13,100402,2025071303001109,SINDU,Naasa Securities Co. Ltd.,Vision Securities Pvt. Ltd,20,905.0,18100.0,2025-07-13T11:03:26.143221
2025-07-13,100401,2025071303001110,SINDU,Imperial Securities Company Pvt. Ltd.,Vision Securities Pvt. Ltd,10,904.0,9040.0,2025-07-13T11:03:26.143265
2025-07-13,100400,2025071303001111,SINDU,Magnet Securities and Investment Company Private Limited,Vision Securities Pvt. Ltd,70,904.0,63280.0,2025-07-13T11:03:26.143294
2025-07-13,100396,2025071303001112,SINDU,Magnet Securities and Investment Company Private Limited,Capital Hub P. Ltd,30,904.0,27120.0,2025-07-13T11:03:26.360685
2025-07-13,100395,2025071303001113,SINDU,Sewa Securities Pvt. Ltd.,Capital Hub P. Ltd,40,902.0,36080.0,2025-07-13T11:03:26.36078
2025-07-13,100394,2025071303001114,SINDU,Linch Stock Market Ltd.,Capital Hub P. Ltd,130,901.0,117130.0,2025-07-13T11:03:26.360827
2025-07-13,100309,2025071303001136,SINDU,Linch Stock Market Ltd.,Naasa Securities Co. Ltd.,95,901.0,85595.0,2025-07-13T11:03:29.697156
2025-07-13,100308,2025071303001137,SINDU,Kohinoor Investment & Securities Pvt. Ltd.,Naasa Securities Co. Ltd.,154,900.3,138646.2,2025-07-13T11:03:29.697198
2025-07-13,100307,2025071303001138,SINDU,Online Securities Pvt. Ltd.,Naasa Securities Co. Ltd.,20,900.3,18006.0,2025-07-13T11:03:29.697226
2025-07-13,100306,2025071303001139,SINDU,Secured Securities Ltd.,Naasa Securities Co. Ltd.,61,900.3,54918.3,2025-07-13T11:03:29.697267
2025-07-13,100055,2025071303001203,SINDU,Secured Securities Ltd.,Market Securities & Exchange (PVT) Ltd.,39,900.3,35111.7,2025-07-13T11:03:39.263966
2025-07-13,100054,2025071303001204,SINDU,Bhrikuti Stock Broking Co. Pvt. Ltd.,Market Securities & Exchange (PVT) Ltd.,61,900.0,54900.0,2025-07-13T11:03:39.26406
2025-07-13,99988,2025071303001220,SINDU,Bhrikuti Stock Broking Co. Pvt. Ltd.,Imperial Securities Company Pvt. Ltd.,100,900.0,90000.0,2025-07-13T11:03:40.721242
2025-07-13,99963,2025071303001230,SINDU,Bhrikuti Stock Broking Co. Pvt. Ltd.,Capital Hub P. Ltd,39,900.0,35100.0,2025-07-13T11:03:41.638561
2025-07-13,99962,2025071303001231,SINDU,Agrawal Securities (PVT) Ltd.,Capital Hub P. Ltd,61,900.0,54900.0,2025-07-13T11:03:41.638656
2025-07-13,99947,2025071303001236,SINDU,Agrawal Securities (PVT) Ltd.,Naasa Securities Co. Ltd.,39,900.0,35100.0,2025-07-13T11:03:42.534348
2025-07-13,99946,2025071303001237,SINDU,Opal Securities Investment (PVT) Ltd.,Naasa Securities Co. Ltd.,100,900.0,90000.0,2025-07-13T11:03:42.534425
2025-07-13,99945,2025071303001238,SINDU,Siprabi Securities Pvt. Ltd.,Naasa Securities Co. Ltd.,15,900.0,13500.0,2025-07-13T11:03:42.534472
2025-07-13,99944,2025071303001239,SINDU,Nagarik Stock Dealer ,Naasa Securities Co. Ltd.,39,900.0,35100.0,2025-07-13T11:03:42.534507
2025-07-13,99745,2025071303001287,SINDU,Nagarik Stock Dealer ,Capital Hub P. Ltd,114,900.0,102600.0,2025-07-13T11:03:49.876534
2025-07-13,99638,2025071303001315,SINDU,Nagarik Stock Dealer ,Dipshikha Dhitopatra Karobar Co. Pvt Ltd.,347,900.0,312300.0,2025-07-13T11:03:53.76355
2025-07-13,99637,2025071303001316,SINDU,Aryatara Investment & Securities,Dipshikha Dhitopatra Karobar Co. Pvt Ltd.,153,900.0,137700.0,2025-07-13T11:03:53.763635
2025-07-13,99509,2025071303001346,SINDU,Aryatara Investment & Securities,Investment Management Nepal Pvt. Ltd.,47,900.0,42300.0,2025-07-13T11:03:58.313223
2025-07-13,99078,2025071303001470,SINDU,Malla & Malla Stock Broking Company Pvt. Limited,Naasa Securities Co. Ltd.,10,897.7,8977.0,2025-07-13T11:04:16.747364
2025-07-13,98999,2025071303001494,SINDU,Malla & Malla Stock Broking Company Pvt. Limited,Investment Management Nepal Pvt. Ltd.,90,897.7,80793.0,2025-07-13T11:04:20.675856
2025-07-13,98984,2025071303001499,SINDU,Imperial Securities Company Pvt. Ltd.,Investment Management Nepal Pvt. Ltd.,50,897.0,44850.0,2025-07-13T11:04:21.527635
2025-07-13,98891,2025071303001525,SINDU,Magnet Securities and Investment Company Private Limited,Blue Chip Securities Ltd,10,890.0,8900.0,2025-07-13T11:04:27.25097
2025-07-13,98699,2025071303001576,SINDU,Magnet Securities and Investment Company Private Limited,Premier Securities Company Ltd.,140,890.0,124600.0,2025-07-13T11:04:36.712578
2025-07-13,98698,2025071303001577,SINDU,Bhrikuti Stock Broking Co. Pvt. Ltd.,Premier Securities Company Ltd.,60,890.0,53400.0,2025-07-13T11:04:36.712717
2025-07-13,98491,2025071303001632,SINDU,Bhrikuti Stock Broking Co. Pvt. Ltd.,Trisul Securities & Invt. Ltd.,100,890.0,89000.0,2025-07-13T11:04:46.223228
2025-07-13,98361,2025071303001677,SINDU,Bhrikuti Stock Broking Co. Pvt. Ltd.,Premier Securities Company Ltd.,40,890.0,35600.0,2025-07-13T11:04:51.85078
2025-07-13,98360,2025071303001678,SINDU,Secured Securities Ltd.,Premier Securities Company Ltd.,48,890.0,42720.0,2025-07-13T11:04:51.850857
2025-07-13,98319,2025071303001685,SINDU,Secured Securities Ltd.,Trisul Securities & Invt. Ltd.,945,890.0,841050.0,2025-07-13T11:04:53.396321
2025-07-13,98046,2025071303001763,SINDU,Aryatara Investment & Securities,Agrawal Securities (PVT) Ltd.,100,890.0,89000.0,2025-07-13T11:05:06.536791
2025-07-13,97927,2025071303001794,SINDU,Shree Krishna Securities Ltd.,Sewa Securities Pvt. Ltd.,30,890.0,26700.0,2025-07-13T11:05:12.603178
2025-07-13,97128,2025071303001995,SINDU,Himalayan Brokerage Company Limited,Trisul Securities & Invt. Ltd.,95,885.1,84084.5,2025-07-13T11:05:56.468803
2025-07-13,97089,2025071303002000,SINDU,Sewa Securities Pvt. Ltd.,Nabil Stock Dealer Ltd.,10,889.0,8890.0,2025-07-13T11:05:58.472397
2025-07-13,97062,2025071303002005,SINDU,Bhrikuti Stock Broking Co. Pvt. Ltd.,Nabil Stock Dealer Ltd.,129,889.0,114681.0,2025-07-13T11:06:00.296734
2025-07-13,97061,2025071303002006,SINDU,Bhrikuti Stock Broking Co. Pvt. Ltd.,Sewa Securities Pvt. Ltd.,70,890.0,62300.0,2025-07-13T11:06:00.296769
2025-07-13,97060,2025071303002007,SINDU,Bhrikuti Stock Broking Co. Pvt. Ltd.,Trisul Securities & Invt. Ltd.,301,890.0,267890.0,2025-07-13T11:06:00.296793
2025-07-13,96628,2025071303002141,SINDU,Shree Krishna Securities Ltd.,Trisul Securities & Invt. Ltd.,20,890.0,17800.0,2025-07-13T11:06:24.205447
2025-07-13,96546,2025071303002157,SINDU,Kohinoor Investment & Securities Pvt. Ltd.,Trisul Securities & Invt. Ltd.,10,890.0,8900.0,2025-07-13T11:06:28.934235
2025-07-13,96534,2025071303002165,SINDU,Himalayan Brokerage Company Limited,Blue Chip Securities Ltd,10,885.1,8851.0,2025-07-13T11:06:30.605211
2025-07-13,96365,2025071303002211,SINDU,Himalayan Brokerage Company Limited,Trisul Securities & Invt. Ltd.,100,885.1,88510.0,2025-07-13T11:06:40.277443
2025-07-13,96353,2025071303002213,SINDU,Naasa Securities Co. Ltd.,Trisul Securities & Invt. Ltd.,30,890.0,26700.0,2025-07-13T11:06:41.136888
2025-07-13,96272,2025071303002239,SINDU,Himalayan Brokerage Company Limited,Oxford Securities Pvt. Ltd.,99,885.1,87624.9,2025-07-13T11:06:46.950491
2025-07-13,96069,2025071303002298,SINDU,Himalayan Brokerage Company Limited,Kohinoor Investment & Securities Pvt. Ltd.,196,885.1,173479.6,2025-07-13T11:06:59.37998
2025-07-13,96068,2025071303002299,SINDU,Sewa Securities Pvt. Ltd.,Kohinoor Investment & Securities Pvt. Ltd.,50,885.0,44250.0,2025-07-13T11:06:59.380097
2025-07-13,96067,2025071303002300,SINDU,Himalayan Brokerage Company Limited,Kohinoor Investment & Securities Pvt. Ltd.,54,885.0,47790.0,2025-07-13T11:06:59.380139
2025-07-13,95944,2025071303002330,SINDU,Imperial Securities Company Pvt. Ltd.,Naasa Securities Co. Ltd.,40,885.3,35412.0,2025-07-13T11:07:10.179196
2025-07-13,95934,2025071303002333,SINDU,Imperial Securities Company Pvt. Ltd.,Kalika Securities Pvt. Ltd.,322,885.3,285066.6,2025-07-13T11:07:11.889065
2025-07-13,95724,2025071303002400,SINDU,Imperial Securities Company Pvt. Ltd.,Online Securities Pvt. Ltd.,95,885.3,84103.5,2025-07-13T11:07:27.384224
2025-07-13,95396,2025071303002479,SINDU,Imperial Securities Company Pvt. Ltd.,Vision Securities Pvt. Ltd,43,885.3,38067.9,2025-07-13T11:07:47.565341
2025-07-13,95395,2025071303002480,SINDU,Aryatara Investment & Securities,Vision Securities Pvt. Ltd,10,885.3,8853.0,2025-07-13T11:07:47.565428
2025-07-13,95394,2025071303002481,SINDU,Hatemalo Financial Services Private Limited,Vision Securities Pvt. Ltd,280,885.0,247800.0,2025-07-13T11:07:47.565469
2025-07-13,95393,2025071303002482,SINDU,Imperial Securities Company Pvt. Ltd.,Vision Securities Pvt. Ltd,72,885.0,63720.0,2025-07-13T11:07:47.565507
2025-07-13,95282,2025071303002516,SINDU,Imperial Securities Company Pvt. Ltd.,Trisul Securities & Invt. Ltd.,138,885.0,122130.0,2025-07-13T11:07:56.33775
2025-07-13,95281,2025071303002517,SINDU,Himalayan Brokerage Company Limited,Trisul Securities & Invt. Ltd.,446,883.1,393862.6,2025-07-13T11:07:56.337835
2025-07-13,95181,2025071303002551,SINDU,Capital Max Securities Ltd,Blue Chip Securities Ltd,10,873.0,8730.0,2025-07-13T11:08:03.877031
2025-07-13,93780,2025071303002904,SINDU,Sani Securities Company Ltd.,ABC Securities Private Limited,10,878.0,8780.0,2025-07-13T11:09:56.112492
2025-07-13,93620,2025071303002947,SINDU,Dipshikha Dhitopatra Karobar Co. Pvt Ltd.,ABC Securities Private Limited,76,878.0,66728.0,2025-07-13T11:10:10.361627
2025-07-13,93537,2025071303002970,SINDU,Asian Securities Private Ltd.,Trisul Securities & Invt. Ltd.,100,883.0,88300.0,2025-07-13T11:10:19.17564
2025-07-13,93478,2025071303002993,SINDU,Dipshikha Dhitopatra Karobar Co. Pvt Ltd.,Trisul Securities & Invt. Ltd.,116,883.0,102428.0,2025-07-13T11:10:23.575384
2025-07-13,93477,2025071303002994,SINDU,Dipshikha Dhitopatra Karobar Co. Pvt Ltd.,Nepal Stock House (PVT) Ltd.,43,885.0,38055.0,2025-07-13T11:10:23.575507
2025-07-13,92899,2025071303003116,SINDU,Aryatara Investment & Securities,Sewa Securities Pvt. Ltd.,20,888.8,17776.0,2025-07-13T11:11:18.20168
2025-07-13,92885,2025071303003120,SINDU,Asian Securities Private Ltd.,Sewa Securities Pvt. Ltd.,10,888.8,8888.0,2025-07-13T11:11:19.155954
2025-07-13,92694,2025071303003173,SINDU,Deevyaa Securities & Stock House Pvt. Ltd,Trisul Securities & Invt. Ltd.,44,890.0,39160.0,2025-07-13T11:11:38.211422
2025-07-13,92365,2025071303003238,SINDU,Sani Securities Company Ltd.,Trisul Securities & Invt. Ltd.,50,890.0,44500.0,2025-07-13T11:12:06.592206
2025-07-13,92279,2025071303003261,SINDU,Asian Securities Private Ltd.,Trisul Securities & Invt. Ltd.,100,890.0,89000.0,2025-07-13T11:12:12.655176
2025-07-13,92272,2025071303003262,SINDU,Aryatara Investment & Securities,Trisul Securities & Invt. Ltd.,445,890.0,396050.0,2025-07-13T11:12:13.332701
2025-07-13,91814,2025071303003365,SINDU,Asian Securities Private Ltd.,Investment Management Nepal Pvt. Ltd.,13,897.0,11661.0,2025-07-13T11:12:50.193157
2025-07-13,91714,2025071303003380,SINDU,Aryatara Investment & Securities,Blue Chip Securities Ltd,10,890.0,8900.0,2025-07-13T11:12:58.677245
2025-07-13,91125,2025071303003500,SINDU,Bhrikuti Stock Broking Co. Pvt. Ltd.,Premier Securities Company Ltd.,40,898.0,35920.0,2025-07-13T11:13:58.970316
2025-07-13,90860,2025071303003547,SINDU,Bhrikuti Stock Broking Co. Pvt. Ltd.,Premier Securities Company Ltd.,125,898.0,112250.0,2025-07-13T11:14:23.299142
2025-07-13,90568,2025071303003627,SINDU,Online Securities Pvt. Ltd.,Blue Chip Securities Ltd,10,891.1,8911.0,2025-07-13T11:14:50.950715
2025-07-13,90366,2025071303003671,SINDU,Imperial Securities Company Pvt. Ltd.,Nabil Stock Dealer Ltd.,45,896.0,40320.0,2025-07-13T11:15:14.349447
2025-07-13,90247,2025071303003697,SINDU,Aryatara Investment & Securities,Naasa Securities Co. Ltd.,115,892.0,102580.0,2025-07-13T11:15:26.357383
2025-07-13,89990,2025071303003768,SINDU,Aryatara Investment & Securities,Market Securities & Exchange (PVT) Ltd.,100,892.0,89200.0,2025-07-13T11:15:52.277681
2025-07-13,89670,2025071303003816,SINDU,Bhrikuti Stock Broking Co. Pvt. Ltd.,Naasa Securities Co. Ltd.,200,893.0,178600.0,2025-07-13T11:16:24.305695
2025-07-13,89519,2025071303003843,SINDU,Bhrikuti Stock Broking Co. Pvt. Ltd.,Naasa Securities Co. Ltd.,120,893.0,107160.0,2025-07-13T11:16:37.801991
2025-07-13,89122,2025071303003928,SINDU,Premier Securities Company Ltd.,Market Securities & Exchange (PVT) Ltd.,100,893.0,89300.0,2025-07-13T11:17:17.021954
2025-07-13,88768,2025071303004020,SINDU,Aryatara Investment & Securities,Online Securities Pvt. Ltd.,40,893.1,35724.0,2025-07-13T11:17:51.431927
2025-07-13,88520,2025071303004103,SINDU,Aryatara Investment & Securities,Linch Stock Market Ltd.,10,893.1,8931.0,2025-07-13T11:18:09.702281
2025-07-13,88472,2025071303004110,SINDU,Shree Krishna Securities Ltd.,Nabil Stock Dealer Ltd.,50,896.0,44800.0,2025-07-13T11:18:14.26794
2025-07-13,88471,2025071303004111,SINDU,Aryatara Investment & Securities,Imperial Securities Company Pvt. Ltd.,300,893.1,267930.0,2025-07-13T11:18:14.325896
2025-07-13,88321,2025071303004144,SINDU,Online Securities Pvt. Ltd.,Market Securities & Exchange (PVT) Ltd.,20,896.0,17920.0,2025-07-13T11:18:30.579999
2025-07-13,87147,2025071303004424,SINDU,Trishakti Securities Public Limited,Trishakti Securities Public Limited,20,893.2,17864.0,2025-07-13T11:20:17.223442
2025-07-13,87049,2025071303004445,SINDU,Trishakti Securities Public Limited,Naasa Securities Co. Ltd.,62,893.2,55378.4,2025-07-13T11:20:25.461542
2025-07-13,85812,2025071303004714,SINDU,Sewa Securities Pvt. Ltd.,Sweta Securities Private Limited,30,893.3,26799.0,2025-07-13T11:22:23.308595
2025-07-13,85811,2025071303004715,SINDU,Imperial Securities Company Pvt. Ltd.,Sweta Securities Private Limited,100,893.3,89330.0,2025-07-13T11:22:23.308899
2025-07-13,85810,2025071303004716,SINDU,Trishakti Securities Public Limited,Sweta Securities Private Limited,218,893.2,194717.6,2025-07-13T11:22:23.309099
2025-07-13,85809,2025071303004717,SINDU,Agrawal Securities (PVT) Ltd.,Sweta Securities Private Limited,50,893.2,44660.0,2025-07-13T11:22:23.309256
2025-07-13,85808,2025071303004718,SINDU,Aryatara Investment & Securities,Sweta Securities Private Limited,150,893.1,133965.0,2025-07-13T11:22:23.309415
2025-07-13,85807,2025071303004719,SINDU,Premier Securities Company Ltd.,Sweta Securities Private Limited,20,893.0,17860.0,2025-07-13T11:22:23.309573
2025-07-13,85806,2025071303004720,SINDU,Sani Securities Company Ltd.,Sweta Securities Private Limited,35,893.0,31255.0,2025-07-13T11:22:23.309724
2025-07-13,85805,2025071303004721,SINDU,Agrawal Securities (PVT) Ltd.,Sweta Securities Private Limited,50,893.0,44650.0,2025-07-13T11:22:23.309868
2025-07-13,85804,2025071303004722,SINDU,Aryatara Investment & Securities,Sweta Securities Private Limited,285,892.0,254220.0,2025-07-13T11:22:23.310019
2025-07-13,85803,2025071303004723,SINDU,Secured Securities Ltd.,Sweta Securities Private Limited,50,892.0,44600.0,2025-07-13T11:22:23.310187
2025-07-13,85802,2025071303004724,SINDU,Agrawal Securities (PVT) Ltd.,Sweta Securities Private Limited,12,892.0,10704.0,2025-07-13T11:22:23.310336
2025-07-13,85664,2025071303004745,SINDU,Agrawal Securities (PVT) Ltd.,Naasa Securities Co. Ltd.,25,892.0,22300.0,2025-07-13T11:22:41.695569
2025-07-13,84066,2025071303005114,SINDU,Agrawal Securities (PVT) Ltd.,Sweta Securities Private Limited,63,892.0,56196.0,2025-07-13T11:25:09.075359
2025-07-13,84065,2025071303005115,SINDU,Online Securities Pvt. Ltd.,Sweta Securities Private Limited,10,892.0,8920.0,2025-07-13T11:25:09.075536
2025-07-13,84064,2025071303005116,SINDU,Online Securities Pvt. Ltd.,Sweta Securities Private Limited,77,891.5,68645.5,2025-07-13T11:25:09.0756
2025-07-13,84063,2025071303005117,SINDU,Primo Securities (PVT) Ltd.,Sweta Securities Private Limited,30,891.2,26736.0,2025-07-13T11:25:09.075687
2025-07-13,84062,2025071303005118,SINDU,Sewa Securities Pvt. Ltd.,Sweta Securities Private Limited,50,891.0,44550.0,2025-07-13T11:25:09.075743
2025-07-13,84061,2025071303005119,SINDU,Aryatara Investment & Securities,Sweta Securities Private Limited,45,890.0,40050.0,2025-07-13T11:25:09.075813
2025-07-13,84060,2025071303005120,SINDU,Capital Hub P. Ltd,Sweta Securities Private Limited,350,890.0,311500.0,2025-07-13T11:25:09.075891
2025-07-13,84059,2025071303005121,SINDU,Online Securities Pvt. Ltd.,Sweta Securities Private Limited,15,890.0,13350.0,2025-07-13T11:25:09.07597
2025-07-13,82130,2025071303005562,SINDU,Online Securities Pvt. Ltd.,Imperial Securities Company Pvt. Ltd.,35,890.0,31150.0,2025-07-13T11:28:04.858679
2025-07-13,82129,2025071303005563,SINDU,Online Securities Pvt. Ltd.,Imperial Securities Company Pvt. Ltd.,15,890.0,13350.0,2025-07-13T11:28:04.858845
2025-07-13,81766,2025071303005662,SINDU,Aryatara Investment & Securities,Sani Securities Company Ltd.,19,892.0,16948.0,2025-07-13T11:28:34.291133
2025-07-13,80681,2025071303005903,SINDU,Opal Securities Investment (PVT) Ltd.,Blue Chip Securities Ltd,10,886.0,8860.0,2025-07-13T11:30:27.900038
2025-07-13,78751,2025071303006365,SINDU,Aryatara Investment & Securities,Imperial Securities Company Pvt. Ltd.,200,885.1,177020.0,2025-07-13T11:33:54.702304
2025-07-13,77884,2025071303006611,SINDU,Aryatara Investment & Securities,Market Securities & Exchange (PVT) Ltd.,10,891.1,8911.0,2025-07-13T11:35:14.806579
2025-07-13,77005,2025071303006800,SINDU,Aryatara Investment & Securities,Online Securities Pvt. Ltd.,1,891.1,891.1,2025-07-13T11:36:44.871084
2025-07-13,76879,2025071303006820,SINDU,Aryatara Investment & Securities,SUN SECURITIES PVT LTD,43,891.0,38313.0,2025-07-13T11:37:00.624236
2025-07-13,76878,2025071303006821,SINDU,Aryatara Investment & Securities,Oxford Securities Pvt. Ltd.,157,891.1,139902.7,2025-07-13T11:37:00.624414
2025-07-13,76728,2025071303006851,SINDU,Aryatara Investment & Securities,Investment Management Nepal Pvt. Ltd.,11,886.0,9746.0,2025-07-13T11:37:16.940395
2025-07-13,76727,2025071303006852,SINDU,Aryatara Investment & Securities,Investment Management Nepal Pvt. Ltd.,50,885.1,44255.0,2025-07-13T11:37:16.940456
2025-07-13,76726,2025071303006853,SINDU,Market Securities & Exchange (PVT) Ltd.,Investment Management Nepal Pvt. Ltd.,39,885.1,34518.9,2025-07-13T11:37:16.940498
2025-07-13,76322,2025071303006949,SINDU,Aryatara Investment & Securities,Arun Securities (PVT) Ltd.,200,890.0,178000.0,2025-07-13T11:38:07.158799
2025-07-13,75968,2025071303007029,SINDU,Aryatara Investment & Securities,Pragyan Securities (PVT) Ltd.,150,886.0,132900.0,2025-07-13T11:38:51.239271
2025-07-13,75892,2025071303007038,SINDU,Asian Securities Private Ltd.,Vision Securities Pvt. Ltd,25,890.0,22250.0,2025-07-13T11:39:01.812843
2025-07-13,75786,2025071303007063,SINDU,Asian Securities Private Ltd.,Sani Securities Company Ltd.,75,890.0,66750.0,2025-07-13T11:39:18.040602
2025-07-13,75258,2025071303007177,SINDU,Aryatara Investment & Securities,Pragyan Securities (PVT) Ltd.,50,886.0,44300.0,2025-07-13T11:40:18.184322
2025-07-13,74256,2025071303007415,SINDU,Deevyaa Securities & Stock House Pvt. Ltd,Pragyan Securities (PVT) Ltd.,200,885.2,177040.0,2025-07-13T11:42:29.549456
2025-07-13,73909,2025071303007515,SINDU,Online Securities Pvt. Ltd.,Siprabi Securities Pvt. Ltd.,23,889.0,20447.0,2025-07-13T11:43:25.702579
2025-07-13,73893,2025071303007519,SINDU,Aryatara Investment & Securities,SUN SECURITIES PVT LTD,10,885.2,8852.0,2025-07-13T11:43:28.151854
2025-07-13,72997,2025071303007697,SINDU,Dipshikha Dhitopatra Karobar Co. Pvt Ltd.,Sani Securities Company Ltd.,55,890.0,48950.0,2025-07-13T11:45:30.285608
2025-07-13,71375,2025071303007966,SINDU,Primo Securities (PVT) Ltd.,Sani Securities Company Ltd.,51,890.0,45390.0,2025-07-13T11:49:55.184692
2025-07-13,71374,2025071303007967,SINDU,Primo Securities (PVT) Ltd.,Arun Securities (PVT) Ltd.,20,890.0,17800.0,2025-07-13T11:49:55.185095
2025-07-13,71373,2025071303007968,SINDU,Primo Securities (PVT) Ltd.,Creative Securities Pvt Ltd,40,890.0,35600.0,2025-07-13T11:49:55.185382
2025-07-13,71016,2025071303008030,SINDU,Imperial Securities Company Pvt. Ltd.,Creative Securities Pvt Ltd,10,890.0,8900.0,2025-07-13T11:50:56.193339
2025-07-13,70735,2025071303008088,SINDU,Siprabi Securities Pvt. Ltd.,Creative Securities Pvt Ltd,50,890.0,44500.0,2025-07-13T11:51:42.3634
2025-07-13,70734,2025071303008089,SINDU,Siprabi Securities Pvt. Ltd.,Sani Securities Company Ltd.,10,890.0,8900.0,2025-07-13T11:51:42.363566
2025-07-13,70733,2025071303008090,SINDU,Siprabi Securities Pvt. Ltd.,Siprabi Securities Pvt. Ltd.,11,890.0,9790.0,2025-07-13T11:51:42.363637
2025-07-13,70732,2025071303008091,SINDU,Siprabi Securities Pvt. Ltd.,SUN SECURITIES PVT LTD,10,890.0,8900.0,2025-07-13T11:51:42.363731
2025-07-13,70731,2025071303008092,SINDU,Siprabi Securities Pvt. Ltd.,Aryatara Investment & Securities,30,890.0,26700.0,2025-07-13T11:51:42.363799
2025-07-13,70667,2025071303008101,SINDU,Deevyaa Securities & Stock House Pvt. Ltd,Online Securities Pvt. Ltd.,10,893.0,8930.0,2025-07-13T11:51:53.564689
2025-07-13,70666,2025071303008102,SINDU,Deevyaa Securities & Stock House Pvt. Ltd,Dipshikha Dhitopatra Karobar Co. Pvt Ltd.,100,895.0,89500.0,2025-07-13T11:51:53.564747
2025-07-13,70665,2025071303008103,SINDU,Deevyaa Securities & Stock House Pvt. Ltd,Vision Securities Pvt. Ltd,50,895.0,44750.0,2025-07-13T11:51:53.564777
2025-07-13,70664,2025071303008104,SINDU,Deevyaa Securities & Stock House Pvt. Ltd,Asian Securities Private Ltd.,33,896.0,29568.0,2025-07-13T11:51:53.564805
2025-07-13,70663,2025071303008105,SINDU,Deevyaa Securities & Stock House Pvt. Ltd,Aryatara Investment & Securities,807,897.9,724605.3,2025-07-13T11:51:53.564853
2025-07-13,70455,2025071303008134,SINDU,Asian Securities Private Ltd.,Aryatara Investment & Securities,193,897.9,173294.7,2025-07-13T11:52:25.711678
2025-07-13,69548,2025071303008309,SINDU,Vision Securities Pvt. Ltd,Deevyaa Securities & Stock House Pvt. Ltd,200,897.0,179400.0,2025-07-13T11:55:29.574713
2025-07-13,69472,2025071303008315,SINDU,Vision Securities Pvt. Ltd,Imperial Securities Company Pvt. Ltd.,300,897.0,269100.0,2025-07-13T11:55:41.198804
2025-07-13,69372,2025071303008341,SINDU,Sweta Securities Private Limited,Dipshikha Dhitopatra Karobar Co. Pvt Ltd.,100,897.9,89790.0,2025-07-13T11:56:00.868981
2025-07-13,69210,2025071303008377,SINDU,Sumeru Securities Pvt. Ltd.,Sumeru Securities Pvt. Ltd.,200,897.0,179400.0,2025-07-13T11:56:30.763358
2025-07-13,68812,2025071303008465,SINDU,Asian Securities Private Ltd.,Sumeru Securities Pvt. Ltd.,10,897.0,8970.0,2025-07-13T11:57:23.347614
2025-07-13,68357,2025071303008547,SINDU,Imperial Securities Company Pvt. Ltd.,Sumeru Securities Pvt. Ltd.,60,892.1,53526.0,2025-07-13T11:58:39.222645
2025-07-13,68356,2025071303008548,SINDU,Aryatara Investment & Securities,Sumeru Securities Pvt. Ltd.,80,892.0,71360.0,2025-07-13T11:58:39.22282
2025-07-13,68129,2025071303008596,SINDU,Hatemalo Financial Services Private Limited,SUN SECURITIES PVT LTD,10,897.0,8970.0,2025-07-13T11:59:22.0008
2025-07-13,67575,2025071303008705,SINDU,Sipla Securities Private Limited,Trishakti Securities Public Limited,30,897.0,26910.0,2025-07-13T12:00:47.735927
2025-07-13,66311,2025071303008991,SINDU,Ashutosh Brokerage & Securities (PVT) Ltd.,Vision Securities Pvt. Ltd,20,895.0,17900.0,2025-07-13T12:04:31.482892
2025-07-13,65276,2025071303009199,SINDU,Bhrikuti Stock Broking Co. Pvt. Ltd.,Deevyaa Securities & Stock House Pvt. Ltd,20,895.0,17900.0,2025-07-13T12:07:45.194311
2025-07-13,65115,2025071303009230,SINDU,Agrawal Securities (PVT) Ltd.,Deevyaa Securities & Stock House Pvt. Ltd,490,895.0,438550.0,2025-07-13T12:08:12.389187
2025-07-13,64943,2025071303009263,SINDU,Agrawal Securities (PVT) Ltd.,Vision Securities Pvt. Ltd,60,895.0,53700.0,2025-07-13T12:08:44.240666
2025-07-13,64523,2025071303009315,SINDU,J.F. Securites (PVT) Ltd.,Vision Securities Pvt. Ltd,22,895.0,19690.0,2025-07-13T12:09:39.749666
2025-07-13,64522,2025071303009316,SINDU,J.F. Securites (PVT) Ltd.,Oxford Securities Pvt. Ltd.,10,896.5,8965.0,2025-07-13T12:09:39.749871
2025-07-13,64521,2025071303009317,SINDU,J.F. Securites (PVT) Ltd.,Oxford Securities Pvt. Ltd.,10,896.6,8966.0,2025-07-13T12:09:39.749949
2025-07-13,64520,2025071303009318,SINDU,J.F. Securites (PVT) Ltd.,Oxford Securities Pvt. Ltd.,10,896.7,8967.0,2025-07-13T12:09:39.750031
2025-07-13,64519,2025071303009319,SINDU,J.F. Securites (PVT) Ltd.,Oxford Securities Pvt. Ltd.,10,896.8,8968.0,2025-07-13T12:09:39.750106
2025-07-13,64518,2025071303009320,SINDU,J.F. Securites (PVT) Ltd.,Oxford Securities Pvt. Ltd.,10,896.9,8969.0,2025-07-13T12:09:39.750178
2025-07-13,64517,2025071303009321,SINDU,J.F. Securites (PVT) Ltd.,Vision Securities Pvt. Ltd,25,897.0,22425.0,2025-07-13T12:09:39.750254
2025-07-13,64516,2025071303009322,SINDU,J.F. Securites (PVT) Ltd.,Siprabi Securities Pvt. Ltd.,20,897.0,17940.0,2025-07-13T12:09:39.750329
2025-07-13,64515,2025071303009323,SINDU,J.F. Securites (PVT) Ltd.,Imperial Securities Company Pvt. Ltd.,183,897.0,164151.0,2025-07-13T12:09:39.750409
2025-07-13,64435,2025071303009341,SINDU,Vision Securities Pvt. Ltd,Imperial Securities Company Pvt. Ltd.,400,893.0,357200.0,2025-07-13T12:09:55.313807
2025-07-13,64009,2025071303009433,SINDU,Vision Securities Pvt. Ltd,Sumeru Securities Pvt. Ltd.,100,893.0,89300.0,2025-07-13T12:11:21.999814
2025-07-13,63973,2025071303009444,SINDU,Stoxkarts Securities Limited,Kohinoor Investment & Securities Pvt. Ltd.,20,892.1,17842.0,2025-07-13T12:11:29.214684
2025-07-13,63972,2025071303009445,SINDU,Aryatara Investment & Securities,Kohinoor Investment & Securities Pvt. Ltd.,50,892.1,44605.0,2025-07-13T12:11:29.214911
2025-07-13,63971,2025071303009446,SINDU,Aryatara Investment & Securities,Kohinoor Investment & Securities Pvt. Ltd.,220,892.0,196240.0,2025-07-13T12:11:29.215052
2025-07-13,63970,2025071303009447,SINDU,Hatemalo Financial Services Private Limited,Kohinoor Investment & Securities Pvt. Ltd.,2710,892.0,2417320.0,2025-07-13T12:11:29.215153
2025-07-13,63915,2025071303009462,SINDU,Hatemalo Financial Services Private Limited,Sumeru Securities Pvt. Ltd.,125,892.0,111500.0,2025-07-13T12:11:44.108193
2025-07-13,63668,2025071303009527,SINDU,Hatemalo Financial Services Private Limited,Nepal Stock House (PVT) Ltd.,60,892.0,53520.0,2025-07-13T12:12:28.764572
2025-07-13,63387,2025071303009575,SINDU,Primo Securities (PVT) Ltd.,Hatemalo Financial Services Private Limited,220,890.0,195800.0,2025-07-13T12:13:19.971247
2025-07-13,63249,2025071303009620,SINDU,Siprabi Securities Pvt. Ltd.,Hatemalo Financial Services Private Limited,100,886.0,88600.0,2025-07-13T12:13:46.028902
2025-07-13,63248,2025071303009621,SINDU,Market Securities & Exchange (PVT) Ltd.,Hatemalo Financial Services Private Limited,61,885.1,53991.1,2025-07-13T12:13:46.02895
2025-07-13,63247,2025071303009622,SINDU,Kalika Securities Pvt. Ltd.,Hatemalo Financial Services Private Limited,25,885.0,22125.0,2025-07-13T12:13:46.028979
2025-07-13,63246,2025071303009623,SINDU,Naasa Securities Co. Ltd.,Hatemalo Financial Services Private Limited,60,885.0,53100.0,2025-07-13T12:13:46.029014
2025-07-13,63245,2025071303009624,SINDU,Online Securities Pvt. Ltd.,Hatemalo Financial Services Private Limited,400,885.0,354000.0,2025-07-13T12:13:46.029065
2025-07-13,63244,2025071303009625,SINDU,Nepal Stock House (PVT) Ltd.,Hatemalo Financial Services Private Limited,154,885.0,136290.0,2025-07-13T12:13:46.029093
2025-07-13,63184,2025071303009636,SINDU,Nepal Stock House (PVT) Ltd.,Hatemalo Financial Services Private Limited,46,885.0,40710.0,2025-07-13T12:13:57.057609
2025-07-13,63183,2025071303009637,SINDU,Naasa Securities Co. Ltd.,Hatemalo Financial Services Private Limited,15,885.0,13275.0,2025-07-13T12:13:57.057673
2025-07-13,63182,2025071303009638,SINDU,Kumari Securities Private Limited,Hatemalo Financial Services Private Limited,10,884.0,8840.0,2025-07-13T12:13:57.057703
2025-07-13,62946,2025071303009703,SINDU,Aryatara Investment & Securities,Hatemalo Financial Services Private Limited,25,890.1,22252.5,2025-07-13T12:14:38.149819
2025-07-13,62945,2025071303009704,SINDU,Dynamic Money Managers Securities Pvt. Ltd.,Hatemalo Financial Services Private Limited,10,883.0,8830.0,2025-07-13T12:14:38.149867
2025-07-13,62825,2025071303009725,SINDU,Aryatara Investment & Securities,Bhrikuti Stock Broking Co. Pvt. Ltd.,10,892.9,8929.0,2025-07-13T12:14:54.420523
2025-07-13,62795,2025071303009731,SINDU,Dynamic Money Managers Securities Pvt. Ltd.,Vision Securities Pvt. Ltd,11,883.0,9713.0,2025-07-13T12:14:56.913952
2025-07-13,62567,2025071303009745,SINDU,Aryatara Investment & Securities,Market Securities & Exchange (PVT) Ltd.,10,891.9,8919.0,2025-07-13T12:15:20.344639
2025-07-13,62339,2025071303009775,SINDU,Aryatara Investment & Securities,Vision Securities Pvt. Ltd,11,892.0,9812.0,2025-07-13T12:15:52.663164
2025-07-13,61696,2025071303009897,SINDU,Aryatara Investment & Securities,Sri Hari Securities Pvt. Ltd.,11,892.1,9813.1,2025-07-13T12:17:48.975733
2025-07-13,61658,2025071303009915,SINDU,Dynamic Money Managers Securities Pvt. Ltd.,Hatemalo Financial Services Private Limited,10,883.0,8830.0,2025-07-13T12:17:59.644249
2025-07-13,61470,2025071303009949,SINDU,Aryatara Investment & Securities,Sweta Securities Private Limited,10,885.0,8850.0,2025-07-13T12:18:47.447987
2025-07-13,61355,2025071303009971,SINDU,Aryatara Investment & Securities,Hatemalo Financial Services Private Limited,90,885.0,79650.0,2025-07-13T12:19:05.787529
2025-07-13,61354,2025071303009972,SINDU,Dakshinkali Investment & Securities Pvt. Ltd.,Hatemalo Financial Services Private Limited,100,883.5,88350.0,2025-07-13T12:19:05.787608
2025-07-13,61353,2025071303009973,SINDU,Dynamic Money Managers Securities Pvt. Ltd.,Hatemalo Financial Services Private Limited,69,883.0,60927.0,2025-07-13T12:19:05.787656
2025-07-13,61352,2025071303009974,SINDU,Aryatara Investment & Securities,Hatemalo Financial Services Private Limited,55,883.0,48565.0,2025-07-13T12:19:05.78768
2025-07-13,61351,2025071303009975,SINDU,Linch Stock Market Ltd.,Hatemalo Financial Services Private Limited,90,883.0,79470.0,2025-07-13T12:19:05.787702
2025-07-13,61350,2025071303009976,SINDU,Malla & Malla Stock Broking Company Pvt. Limited,Hatemalo Financial Services Private Limited,50,880.3,44015.0,2025-07-13T12:19:05.787729
2025-07-13,61349,2025071303009977,SINDU,Bhrikuti Stock Broking Co. Pvt. Ltd.,Hatemalo Financial Services Private Limited,46,880.2,40489.2,2025-07-13T12:19:05.787755
2025-07-13,61279,2025071303009985,SINDU,Premier Securities Company Ltd.,Hatemalo Financial Services Private Limited,100,880.1,88010.0,2025-07-13T12:19:16.818671
2025-07-13,61278,2025071303009986,SINDU,Linch Stock Market Ltd.,Hatemalo Financial Services Private Limited,100,880.0,88000.0,2025-07-13T12:19:16.818749
2025-07-13,61277,2025071303009987,SINDU,Trishakti Securities Public Limited,Hatemalo Financial Services Private Limited,50,880.0,44000.0,2025-07-13T12:19:16.818778
2025-07-13,61276,2025071303009988,SINDU,South Asian Bulls Pvt. Ltd.,Hatemalo Financial Services Private Limited,130,880.0,114400.0,2025-07-13T12:19:16.818802
2025-07-13,61275,2025071303009989,SINDU,Imperial Securities Company Pvt. Ltd.,Hatemalo Financial Services Private Limited,10,880.0,8800.0,2025-07-13T12:19:16.818828
2025-07-13,61274,2025071303009990,SINDU,Naasa Securities Co. Ltd.,Hatemalo Financial Services Private Limited,100,880.0,88000.0,2025-07-13T12:19:16.818849
2025-07-13,61273,2025071303009991,SINDU,Global IME Securities Limited,Hatemalo Financial Services Private Limited,50,880.0,44000.0,2025-07-13T12:19:16.818873
2025-07-13,59782,2025071303010295,SINDU,Agrawal Securities (PVT) Ltd.,Naasa Securities Co. Ltd.,10,885.0,8850.0,2025-07-13T12:23:09.386056
2025-07-13,58943,2025071303010444,SINDU,Dipshikha Dhitopatra Karobar Co. Pvt Ltd.,Hatemalo Financial Services Private Limited,10,881.2,8812.0,2025-07-13T12:25:06.759941
2025-07-13,58254,2025071303010574,SINDU,Dipshikha Dhitopatra Karobar Co. Pvt Ltd.,Hatemalo Financial Services Private Limited,40,881.6,35264.0,2025-07-13T12:26:57.043545
2025-07-13,58253,2025071303010575,SINDU,J.F. Securites (PVT) Ltd.,Hatemalo Financial Services Private Limited,50,881.5,44075.0,2025-07-13T12:26:57.043678
2025-07-13,58252,2025071303010576,SINDU,Imperial Securities Company Pvt. Ltd.,Hatemalo Financial Services Private Limited,50,881.4,44070.0,2025-07-13T12:26:57.043761
2025-07-13,58065,2025071303010620,SINDU,Vision Securities Pvt. Ltd,Hatemalo Financial Services Private Limited,20,881.4,17628.0,2025-07-13T12:27:24.10598
2025-07-13,58064,2025071303010621,SINDU,Imperial Securities Company Pvt. Ltd.,Hatemalo Financial Services Private Limited,50,881.3,44065.0,2025-07-13T12:27:24.106055
2025-07-13,57805,2025071303010664,SINDU,Naasa Securities Co. Ltd.,Hatemalo Financial Services Private Limited,12,882.0,10584.0,2025-07-13T12:27:56.18505
2025-07-13,57804,2025071303010665,SINDU,Siprabi Securities Pvt. Ltd.,Hatemalo Financial Services Private Limited,10,881.3,8813.0,2025-07-13T12:27:56.185095
2025-07-13,57110,2025071303010808,SINDU,Hatemalo Financial Services Private Limited,ABC Securities Private Limited,10,890.0,8900.0,2025-07-13T12:29:19.372094
2025-07-13,54871,2025071303011293,SINDU,KALASH STOCK MARKET PVT. LTD.,Hatemalo Financial Services Private Limited,15,884.0,13260.0,2025-07-13T12:34:30.119272
2025-07-13,54870,2025071303011294,SINDU,Bhrikuti Stock Broking Co. Pvt. Ltd.,Hatemalo Financial Services Private Limited,100,883.0,88300.0,2025-07-13T12:34:30.119351
2025-07-13,54869,2025071303011295,SINDU,Thrive Brokerage House Pvt. Ltd,Hatemalo Financial Services Private Limited,20,882.1,17642.0,2025-07-13T12:34:30.119394
2025-07-13,54868,2025071303011296,SINDU,Imperial Securities Company Pvt. Ltd.,Hatemalo Financial Services Private Limited,10,882.0,8820.0,2025-07-13T12:34:30.119423
2025-07-13,54867,2025071303011297,SINDU,Sweta Securities Private Limited,Hatemalo Financial Services Private Limited,50,882.0,44100.0,2025-07-13T12:34:30.11945
2025-07-13,54866,2025071303011298,SINDU,Thrive Brokerage House Pvt. Ltd,Hatemalo Financial Services Private Limited,67,882.0,59094.0,2025-07-13T12:34:30.119475
2025-07-13,54865,2025071303011299,SINDU,Dynamic Money Managers Securities Pvt. Ltd.,Hatemalo Financial Services Private Limited,200,881.2,176240.0,2025-07-13T12:34:30.119511
2025-07-13,54864,2025071303011300,SINDU,Aryatara Investment & Securities,Hatemalo Financial Services Private Limited,10,881.2,8812.0,2025-07-13T12:34:30.119552
2025-07-13,54863,2025071303011301,SINDU,Stoxkarts Securities Limited,Hatemalo Financial Services Private Limited,10,881.0,8810.0,2025-07-13T12:34:30.119594
2025-07-13,54862,2025071303011302,SINDU,Sweta Securities Private Limited,Hatemalo Financial Services Private Limited,100,881.0,88100.0,2025-07-13T12:34:30.11962
2025-07-13,54861,2025071303011303,SINDU,Dynamic Money Managers Securities Pvt. Ltd.,Hatemalo Financial Services Private Limited,200,881.0,176200.0,2025-07-13T12:34:30.119646
2025-07-13,54860,2025071303011304,SINDU,Shree Krishna Securities Ltd.,Hatemalo Financial Services Private Limited,100,880.1,88010.0,2025-07-13T12:34:30.119675
2025-07-13,54859,2025071303011305,SINDU,Aryatara Investment & Securities,Hatemalo Financial Services Private Limited,118,880.0,103840.0,2025-07-13T12:34:30.1197
2025-07-13,54480,2025071303011373,SINDU,ABC Securities Private Limited,Hatemalo Financial Services Private Limited,200,881.0,176200.0,2025-07-13T12:35:19.224651
2025-07-13,54479,2025071303011374,SINDU,Aryatara Investment & Securities,Hatemalo Financial Services Private Limited,382,880.0,336160.0,2025-07-13T12:35:19.224698
2025-07-13,54478,2025071303011375,SINDU,Aryatara Investment & Securities,Hatemalo Financial Services Private Limited,100,880.0,88000.0,2025-07-13T12:35:19.224729
2025-07-13,54477,2025071303011376,SINDU,Sweta Securities Private Limited,Hatemalo Financial Services Private Limited,50,880.0,44000.0,2025-07-13T12:35:19.224754
2025-07-13,54476,2025071303011377,SINDU,Dynamic Money Managers Securities Pvt. Ltd.,Hatemalo Financial Services Private Limited,268,880.0,235840.0,2025-07-13T12:35:19.22478
2025-07-13,54137,2025071303011425,SINDU,Dynamic Money Managers Securities Pvt. Ltd.,Hatemalo Financial Services Private Limited,32,880.0,28160.0,2025-07-13T12:36:03.327867
2025-07-13,54136,2025071303011426,SINDU,Secured Securities Ltd.,Hatemalo Financial Services Private Limited,50,880.0,44000.0,2025-07-13T12:36:03.328066
2025-07-13,54135,2025071303011427,SINDU,Imperial Securities Company Pvt. Ltd.,Hatemalo Financial Services Private Limited,90,880.0,79200.0,2025-07-13T12:36:03.328142
2025-07-13,54134,2025071303011428,SINDU,Opal Securities Investment (PVT) Ltd.,Hatemalo Financial Services Private Limited,40,880.0,35200.0,2025-07-13T12:36:03.328216
2025-07-13,54133,2025071303011429,SINDU,Sewa Securities Pvt. Ltd.,Hatemalo Financial Services Private Limited,50,880.0,44000.0,2025-07-13T12:36:03.328291
2025-07-13,53954,2025071303011467,SINDU,Premier Securities Company Ltd.,Hatemalo Financial Services Private Limited,100,880.0,88000.0,2025-07-13T12:36:22.389598
2025-07-13,53838,2025071303011490,SINDU,Trisul Securities & Invt. Ltd.,Hatemalo Financial Services Private Limited,20,880.0,17600.0,2025-07-13T12:36:37.235869
2025-07-13,53538,2025071303011558,SINDU,Capital Max Securities Ltd,Opal Securities Investment (PVT) Ltd.,380,876.0,332880.0,2025-07-13T12:37:29.015718
2025-07-13,53537,2025071303011559,SINDU,Aryatara Investment & Securities,Opal Securities Investment (PVT) Ltd.,10,875.5,8755.0,2025-07-13T12:37:29.016096
2025-07-13,53536,2025071303011560,SINDU,Hatemalo Financial Services Private Limited,Opal Securities Investment (PVT) Ltd.,110,875.5,96305.0,2025-07-13T12:37:29.016297
2025-07-13,52559,2025071303011770,SINDU,Naasa Securities Co. Ltd.,Imperial Securities Company Pvt. Ltd.,10,879.0,8790.0,2025-07-13T12:39:54.065066
2025-07-13,52553,2025071303011774,SINDU,Sumeru Securities Pvt. Ltd.,Imperial Securities Company Pvt. Ltd.,240,879.0,210960.0,2025-07-13T12:39:55.469589
2025-07-13,52457,2025071303011786,SINDU,Roadshow securities limited,Shree Krishna Securities Ltd.,200,880.0,176000.0,2025-07-13T12:40:07.980066
2025-07-13,52368,2025071303011799,SINDU,Aryatara Investment & Securities,Shree Krishna Securities Ltd.,10,880.0,8800.0,2025-07-13T12:40:15.781634
2025-07-13,52312,2025071303011816,SINDU,Agrawal Securities (PVT) Ltd.,Shree Krishna Securities Ltd.,40,880.0,35200.0,2025-07-13T12:40:25.039452
2025-07-13,52268,2025071303011825,SINDU,Aryatara Investment & Securities,Shree Krishna Securities Ltd.,77,880.0,67760.0,2025-07-13T12:40:34.029822
2025-07-13,51779,2025071303011931,SINDU,Sumeru Securities Pvt. Ltd.,Hatemalo Financial Services Private Limited,200,881.0,176200.0,2025-07-13T12:41:42.143003
2025-07-13,51778,2025071303011932,SINDU,Aryatara Investment & Securities,Hatemalo Financial Services Private Limited,40,880.0,35200.0,2025-07-13T12:41:42.14305
2025-07-13,51777,2025071303011933,SINDU,Nabil Stock Dealer Ltd.,Hatemalo Financial Services Private Limited,20,880.0,17600.0,2025-07-13T12:41:42.14309
2025-07-13,51776,2025071303011934,SINDU,Sewa Securities Pvt. Ltd.,Hatemalo Financial Services Private Limited,20,880.0,17600.0,2025-07-13T12:41:42.143114
2025-07-13,51775,2025071303011935,SINDU,Nepal Stock House (PVT) Ltd.,Hatemalo Financial Services Private Limited,50,880.0,44000.0,2025-07-13T12:41:42.143154
2025-07-13,51774,2025071303011936,SINDU,Sweta Securities Private Limited,Hatemalo Financial Services Private Limited,100,880.0,88000.0,2025-07-13T12:41:42.143176
2025-07-13,51418,2025071303012005,SINDU,Hatemalo Financial Services Private Limited,Kohinoor Investment & Securities Pvt. Ltd.,10,887.8,8878.0,2025-07-13T12:42:40.314238
2025-07-13,50621,2025071303012165,SINDU,Aryatara Investment & Securities,Hatemalo Financial Services Private Limited,25,882.0,22050.0,2025-07-13T12:44:51.670413
2025-07-13,50620,2025071303012166,SINDU,Nepal Stock House (PVT) Ltd.,Hatemalo Financial Services Private Limited,10,880.2,8802.0,2025-07-13T12:44:51.670472
2025-07-13,50504,2025071303012181,SINDU,Dipshikha Dhitopatra Karobar Co. Pvt Ltd.,Hatemalo Financial Services Private Limited,51,885.0,45135.0,2025-07-13T12:45:07.713241
2025-07-13,50503,2025071303012182,SINDU,Vision Securities Pvt. Ltd,Hatemalo Financial Services Private Limited,50,881.0,44050.0,2025-07-13T12:45:07.713611
2025-07-13,50502,2025071303012183,SINDU,Malla & Malla Stock Broking Company Pvt. Limited,Hatemalo Financial Services Private Limited,50,880.1,44005.0,2025-07-13T12:45:07.713707
2025-07-13,50325,2025071303012241,SINDU,SUN SECURITIES PVT LTD,Hatemalo Financial Services Private Limited,100,880.1,88010.0,2025-07-13T12:45:42.47899
2025-07-13,50316,2025071303012244,SINDU,N.M.B. SECURITIES LIMITED,Hatemalo Financial Services Private Limited,50,880.1,44005.0,2025-07-13T12:45:44.25897
2025-07-13,50175,2025071303012289,SINDU,Trisul Securities & Invt. Ltd.,Hatemalo Financial Services Private Limited,199,880.1,175139.9,2025-07-13T12:46:02.272755
2025-07-13,50049,2025071303012310,SINDU,Sweta Securities Private Limited,Vision Securities Pvt. Ltd,25,887.0,22175.0,2025-07-13T12:46:19.589485
2025-07-13,49750,2025071303012383,SINDU,Himalayan Brokerage Company Limited,Hatemalo Financial Services Private Limited,10,881.0,8810.0,2025-07-13T12:47:09.009951
2025-07-13,49749,2025071303012384,SINDU,Trisul Securities & Invt. Ltd.,Hatemalo Financial Services Private Limited,101,880.1,88890.1,2025-07-13T12:47:09.010068
2025-07-13,49748,2025071303012385,SINDU,Naasa Securities Co. Ltd.,Hatemalo Financial Services Private Limited,185,880.1,162818.5,2025-07-13T12:47:09.010147
2025-07-13,49747,2025071303012386,SINDU,Aryatara Investment & Securities,Hatemalo Financial Services Private Limited,50,880.0,44000.0,2025-07-13T12:47:09.010227
2025-07-13,49746,2025071303012387,SINDU,Vision Securities Pvt. Ltd,Hatemalo Financial Services Private Limited,354,880.0,311520.0,2025-07-13T12:47:09.010302
2025-07-13,49472,2025071303012444,SINDU,Thrive Brokerage House Pvt. Ltd,Hatemalo Financial Services Private Limited,100,880.1,88010.0,2025-07-13T12:47:58.568213
2025-07-13,49139,2025071303012488,SINDU,Vision Securities Pvt. Ltd,Dynamic Money Managers Securities Pvt. Ltd.,146,880.0,128480.0,2025-07-13T12:49:01.628343
2025-07-13,49138,2025071303012489,SINDU,Vision Securities Pvt. Ltd,Dynamic Money Managers Securities Pvt. Ltd.,50,880.0,44000.0,2025-07-13T12:49:01.628577
2025-07-13,48461,2025071303012630,SINDU,Naasa Securities Co. Ltd.,ABC Securities Private Limited,23,880.0,20240.0,2025-07-13T12:50:49.084996
2025-07-13,48460,2025071303012631,SINDU,Naasa Securities Co. Ltd.,Trisul Securities & Invt. Ltd.,70,880.0,61600.0,2025-07-13T12:50:49.085254
2025-07-13,48366,2025071303012651,SINDU,Machhapuchchhre Securities Limited,SUN SECURITIES PVT LTD,90,880.0,79200.0,2025-07-13T12:50:59.604957
2025-07-13,47832,2025071303012776,SINDU,Machhapuchchhre Securities Limited,Citizens Share Broker Limited,30,880.0,26400.0,2025-07-13T12:52:28.14939
2025-07-13,47831,2025071303012777,SINDU,Cristal Kanchanjanga Securites Pvt. Ltd.,Citizens Share Broker Limited,10,879.2,8792.0,2025-07-13T12:52:28.149446
2025-07-13,47830,2025071303012778,SINDU,Aryatara Investment & Securities,Citizens Share Broker Limited,10,879.1,8791.0,2025-07-13T12:52:28.149469
2025-07-13,47829,2025071303012779,SINDU,Online Securities Pvt. Ltd.,Citizens Share Broker Limited,49,879.1,43075.9,2025-07-13T12:52:28.149491
2025-07-13,47828,2025071303012780,SINDU,Linch Stock Market Ltd.,Citizens Share Broker Limited,115,879.1,101096.5,2025-07-13T12:52:28.149513
2025-07-13,47827,2025071303012781,SINDU,Sumeru Securities Pvt. Ltd.,Citizens Share Broker Limited,160,879.0,140640.0,2025-07-13T12:52:28.149549
2025-07-13,47826,2025071303012782,SINDU,Aryatara Investment & Securities,Citizens Share Broker Limited,26,879.0,22854.0,2025-07-13T12:52:28.149573
2025-07-13,47574,2025071303012832,SINDU,South Asian Bulls Pvt. Ltd.,ABC Securities Private Limited,50,879.0,43950.0,2025-07-13T12:53:01.515885
2025-07-13,47573,2025071303012833,SINDU,Hatemalo Financial Services Private Limited,ABC Securities Private Limited,839,879.0,737481.0,2025-07-13T12:53:01.516172
2025-07-13,47141,2025071303012902,SINDU,Dipshikha Dhitopatra Karobar Co. Pvt Ltd.,Vision Securities Pvt. Ltd,10,879.0,8790.0,2025-07-13T12:54:15.773409
2025-07-13,46783,2025071303012984,SINDU,Dipshikha Dhitopatra Karobar Co. Pvt Ltd.,Naasa Securities Co. Ltd.,40,879.0,35160.0,2025-07-13T12:55:10.548459
2025-07-13,46782,2025071303012985,SINDU,Naasa Securities Co. Ltd.,Naasa Securities Co. Ltd.,10,879.0,8790.0,2025-07-13T12:55:10.548668
2025-07-13,46781,2025071303012986,SINDU,Naasa Securities Co. Ltd.,Naasa Securities Co. Ltd.,200,879.0,175800.0,2025-07-13T12:55:10.548752
2025-07-13,46605,2025071303013028,SINDU,Deevyaa Securities & Stock House Pvt. Ltd,Naasa Securities Co. Ltd.,100,879.0,87900.0,2025-07-13T12:55:44.591406
2025-07-13,46417,2025071303013053,SINDU,Sani Securities Company Ltd.,Naasa Securities Co. Ltd.,10,879.0,8790.0,2025-07-13T12:56:19.74992
2025-07-13,46400,2025071303013058,SINDU,Asian Securities Private Ltd.,Naasa Securities Co. Ltd.,90,879.0,79110.0,2025-07-13T12:56:21.341821
2025-07-13,45877,2025071303013164,SINDU,Bhrikuti Stock Broking Co. Pvt. Ltd.,Linch Stock Market Ltd.,41,876.1,35920.1,2025-07-13T12:58:06.621183
2025-07-13,45876,2025071303013165,SINDU,Naasa Securities Co. Ltd.,Linch Stock Market Ltd.,10,876.0,8760.0,2025-07-13T12:58:06.621402
2025-07-13,45875,2025071303013166,SINDU,Cristal Kanchanjanga Securites Pvt. Ltd.,Linch Stock Market Ltd.,10,876.0,8760.0,2025-07-13T12:58:06.621486
2025-07-13,45874,2025071303013167,SINDU,SUN SECURITIES PVT LTD,Linch Stock Market Ltd.,200,876.0,175200.0,2025-07-13T12:58:06.621575
2025-07-13,45873,2025071303013168,SINDU,Thrive Brokerage House Pvt. Ltd,Linch Stock Market Ltd.,20,875.7,17514.0,2025-07-13T12:58:06.621656
2025-07-13,45872,2025071303013169,SINDU,Agrawal Securities (PVT) Ltd.,Linch Stock Market Ltd.,19,875.6,16636.4,2025-07-13T12:58:06.621733
2025-07-13,45579,2025071303013232,SINDU,J.F. Securites (PVT) Ltd.,Dipshikha Dhitopatra Karobar Co. Pvt Ltd.,50,876.0,43800.0,2025-07-13T12:59:04.166378
2025-07-13,45578,2025071303013233,SINDU,Agrawal Securities (PVT) Ltd.,Dipshikha Dhitopatra Karobar Co. Pvt Ltd.,131,875.6,114703.6,2025-07-13T12:59:04.166586
2025-07-13,45577,2025071303013234,SINDU,Sani Securities Company Ltd.,Dipshikha Dhitopatra Karobar Co. Pvt Ltd.,105,875.5,91927.5,2025-07-13T12:59:04.166672
2025-07-13,45576,2025071303013235,SINDU,Stoxkarts Securities Limited,Dipshikha Dhitopatra Karobar Co. Pvt Ltd.,50,875.0,43750.0,2025-07-13T12:59:04.166752
2025-07-13,45575,2025071303013236,SINDU,Imperial Securities Company Pvt. Ltd.,Dipshikha Dhitopatra Karobar Co. Pvt Ltd.,100,875.0,87500.0,2025-07-13T12:59:04.16683
2025-07-13,45574,2025071303013237,SINDU,Kumari Securities Private Limited,Dipshikha Dhitopatra Karobar Co. Pvt Ltd.,100,875.0,87500.0,2025-07-13T12:59:04.166907
2025-07-13,45573,2025071303013238,SINDU,Dakshinkali Investment & Securities Pvt. Ltd.,Dipshikha Dhitopatra Karobar Co. Pvt Ltd.,200,875.0,175000.0,2025-07-13T12:59:04.166992
2025-07-13,45572,2025071303013239,SINDU,Magnet Securities and Investment Company Private Limited,Dipshikha Dhitopatra Karobar Co. Pvt Ltd.,200,875.0,175000.0,2025-07-13T12:59:04.167091
2025-07-13,45571,2025071303013240,SINDU,Dakshinkali Investment & Securities Pvt. Ltd.,Dipshikha Dhitopatra Karobar Co. Pvt Ltd.,300,875.0,262500.0,2025-07-13T12:59:04.167197
2025-07-13,45570,2025071303013241,SINDU,Shree Krishna Securities Ltd.,Dipshikha Dhitopatra Karobar Co. Pvt Ltd.,102,875.0,89250.0,2025-07-13T12:59:04.167283
2025-07-13,45569,2025071303013242,SINDU,Imperial Securities Company Pvt. Ltd.,Dipshikha Dhitopatra Karobar Co. Pvt Ltd.,150,875.0,131250.0,2025-07-13T12:59:04.167381
2025-07-13,45568,2025071303013243,SINDU,Bhrikuti Stock Broking Co. Pvt. Ltd.,Dipshikha Dhitopatra Karobar Co. Pvt Ltd.,41,875.0,35875.0,2025-07-13T12:59:04.167468
2025-07-13,45498,2025071303013264,SINDU,Dipshikha Dhitopatra Karobar Co. Pvt Ltd.,Linch Stock Market Ltd.,100,875.0,87500.0,2025-07-13T12:59:15.332434
2025-07-13,45497,2025071303013265,SINDU,Shree Krishna Securities Ltd.,Linch Stock Market Ltd.,20,875.0,17500.0,2025-07-13T12:59:15.332684
2025-07-13,45286,2025071303013310,SINDU,Premier Securities Company Ltd.,Naasa Securities Co. Ltd.,31,875.6,27143.6,2025-07-13T12:59:56.48514
2025-07-13,45285,2025071303013311,SINDU,Shree Krishna Securities Ltd.,Naasa Securities Co. Ltd.,10,875.0,8750.0,2025-07-13T12:59:56.485535
2025-07-13,45284,2025071303013312,SINDU,Aryatara Investment & Securities,Naasa Securities Co. Ltd.,34,875.0,29750.0,2025-07-13T12:59:56.485769
2025-07-13,44854,2025071303013457,SINDU,Sumeru Securities Pvt. Ltd.,Naasa Securities Co. Ltd.,90,878.0,79020.0,2025-07-13T13:01:19.700928
2025-07-13,44853,2025071303013458,SINDU,Sumeru Securities Pvt. Ltd.,Naasa Securities Co. Ltd.,10,878.9,8789.0,2025-07-13T13:01:19.701201
2025-07-13,44750,2025071303013494,SINDU,Sani Securities Company Ltd.,Naasa Securities Co. Ltd.,455,876.0,398580.0,2025-07-13T13:01:34.326327
2025-07-13,44676,2025071303013500,SINDU,ABC Securities Private Limited,Naasa Securities Co. Ltd.,10,878.9,8789.0,2025-07-13T13:01:41.02765
2025-07-13,44397,2025071303013555,SINDU,Vision Securities Pvt. Ltd,Naasa Securities Co. Ltd.,30,878.9,26367.0,2025-07-13T13:02:40.933755
2025-07-13,44396,2025071303013556,SINDU,Vision Securities Pvt. Ltd,Kalika Securities Pvt. Ltd.,20,879.0,17580.0,2025-07-13T13:02:40.934155
2025-07-13,44237,2025071303013589,SINDU,Linch Stock Market Ltd.,Kalika Securities Pvt. Ltd.,80,879.0,70320.0,2025-07-13T13:03:21.119494
2025-07-13,44236,2025071303013590,SINDU,Linch Stock Market Ltd.,Linch Stock Market Ltd.,10,885.0,8850.0,2025-07-13T13:03:21.119706
2025-07-13,44165,2025071303013604,SINDU,Deevyaa Securities & Stock House Pvt. Ltd,Hatemalo Financial Services Private Limited,10,877.0,8770.0,2025-07-13T13:03:33.367655
2025-07-13,43761,2025071303013717,SINDU,Sumeru Securities Pvt. Ltd.,Hatemalo Financial Services Private Limited,100,880.0,88000.0,2025-07-13T13:04:55.476401
2025-07-13,43353,2025071303013806,SINDU,Sumeru Securities Pvt. Ltd.,Hatemalo Financial Services Private Limited,100,880.0,88000.0,2025-07-13T13:05:56.812386
2025-07-13,43238,2025071303013827,SINDU,Indira securities pvt. ltd,Hatemalo Financial Services Private Limited,100,880.0,88000.0,2025-07-13T13:06:22.755836
2025-07-13,43217,2025071303013832,SINDU,Naasa Securities Co. Ltd.,Hatemalo Financial Services Private Limited,15,880.0,13200.0,2025-07-13T13:06:26.514592
2025-07-13,43201,2025071303013836,SINDU,Sani Securities Company Ltd.,Hatemalo Financial Services Private Limited,20,880.0,17600.0,2025-07-13T13:06:31.805546
2025-07-13,43171,2025071303013839,SINDU,Naasa Securities Co. Ltd.,Hatemalo Financial Services Private Limited,10,880.0,8800.0,2025-07-13T13:06:41.766962
2025-07-13,43050,2025071303013866,SINDU,Kumari Securities Private Limited,Linch Stock Market Ltd.,30,879.0,26370.0,2025-07-13T13:07:02.798497
2025-07-13,43049,2025071303013867,SINDU,Dipshikha Dhitopatra Karobar Co. Pvt Ltd.,Linch Stock Market Ltd.,50,878.0,43900.0,2025-07-13T13:07:02.798745
2025-07-13,43048,2025071303013868,SINDU,Sani Securities Company Ltd.,Linch Stock Market Ltd.,45,876.0,39420.0,2025-07-13T13:07:02.798848
2025-07-13,43047,2025071303013869,SINDU,Ashutosh Brokerage & Securities (PVT) Ltd.,Linch Stock Market Ltd.,50,876.0,43800.0,2025-07-13T13:07:02.79893
2025-07-13,43046,2025071303013870,SINDU,Creative Securities Pvt Ltd,Linch Stock Market Ltd.,100,876.0,87600.0,2025-07-13T13:07:02.799008
2025-07-13,43045,2025071303013871,SINDU,Premier Securities Company Ltd.,Linch Stock Market Ltd.,105,876.0,91980.0,2025-07-13T13:07:02.799101
2025-07-13,42935,2025071303013892,SINDU,Sewa Securities Pvt. Ltd.,Hatemalo Financial Services Private Limited,70,880.0,61600.0,2025-07-13T13:07:22.678523
2025-07-13,42534,2025071303013971,SINDU,Naasa Securities Co. Ltd.,Linch Stock Market Ltd.,10,878.0,8780.0,2025-07-13T13:08:39.221133
2025-07-13,42533,2025071303013972,SINDU,Trisul Securities & Invt. Ltd.,Linch Stock Market Ltd.,30,876.1,26283.0,2025-07-13T13:08:39.22154
2025-07-13,42532,2025071303013973,SINDU,Premier Securities Company Ltd.,Linch Stock Market Ltd.,80,876.0,70080.0,2025-07-13T13:08:39.221789
2025-07-13,42160,2025071303014040,SINDU,Thrive Brokerage House Pvt. Ltd,Hatemalo Financial Services Private Limited,50,880.0,44000.0,2025-07-13T13:09:40.516345
2025-07-13,42147,2025071303014045,SINDU,Sumeru Securities Pvt. Ltd.,Hatemalo Financial Services Private Limited,200,880.0,176000.0,2025-07-13T13:09:42.055287
2025-07-13,41902,2025071303014086,SINDU,Sumeru Securities Pvt. Ltd.,Hatemalo Financial Services Private Limited,200,880.0,176000.0,2025-07-13T13:10:15.206388
2025-07-13,41757,2025071303014123,SINDU,Sumeru Securities Pvt. Ltd.,Kumari Securities Private Limited,100,879.0,87900.0,2025-07-13T13:10:37.9491
2025-07-13,41329,2025071303014199,SINDU,Indira securities pvt. ltd,J.F. Securites (PVT) Ltd.,100,878.0,87800.0,2025-07-13T13:11:55.664994
2025-07-13,41321,2025071303014200,SINDU,Capital Max Securities Ltd,J.F. Securites (PVT) Ltd.,12,878.0,10536.0,2025-07-13T13:11:56.175255
2025-07-13,41078,2025071303014267,SINDU,Kumari Securities Private Limited,J.F. Securites (PVT) Ltd.,88,878.0,77264.0,2025-07-13T13:12:41.695471
2025-07-13,41077,2025071303014268,SINDU,Kumari Securities Private Limited,Linch Stock Market Ltd.,181,885.0,160185.0,2025-07-13T13:12:41.695873
2025-07-13,41056,2025071303014280,SINDU,Naasa Securities Co. Ltd.,Naasa Securities Co. Ltd.,25,877.2,21930.0,2025-07-13T13:12:47.666601
2025-07-13,40515,2025071303014398,SINDU,Online Securities Pvt. Ltd.,Dipshikha Dhitopatra Karobar Co. Pvt Ltd.,50,884.9,44245.0,2025-07-13T13:14:19.016717
2025-07-13,40222,2025071303014441,SINDU,Himalayan Brokerage Company Limited,Hatemalo Financial Services Private Limited,100,880.0,88000.0,2025-07-13T13:15:22.182007
2025-07-13,40215,2025071303014442,SINDU,Midas Stock Broking Company Private Limited,Linch Stock Market Ltd.,220,879.0,193380.0,2025-07-13T13:15:22.844579
2025-07-13,40214,2025071303014443,SINDU,Shree Krishna Securities Ltd.,Linch Stock Market Ltd.,84,878.5,73794.0,2025-07-13T13:15:22.844861
2025-07-13,40213,2025071303014444,SINDU,Naasa Securities Co. Ltd.,Linch Stock Market Ltd.,40,878.0,35120.0,2025-07-13T13:15:22.844963
2025-07-13,40212,2025071303014445,SINDU,Machhapuchchhre Securities Limited,Linch Stock Market Ltd.,156,878.0,136968.0,2025-07-13T13:15:22.845205
2025-07-13,40143,2025071303014466,SINDU,Sundhara Securities Limited,Hatemalo Financial Services Private Limited,50,880.0,44000.0,2025-07-13T13:15:37.852759
2025-07-13,39845,2025071303014534,SINDU,Sani Securities Company Ltd.,Kumari Securities Private Limited,10,879.0,8790.0,2025-07-13T13:16:25.777202
2025-07-13,39694,2025071303014584,SINDU,Sani Securities Company Ltd.,Market Securities & Exchange (PVT) Ltd.,90,879.0,79110.0,2025-07-13T13:16:48.481852
2025-07-13,39679,2025071303014585,SINDU,Vision Securities Pvt. Ltd,Linch Stock Market Ltd.,109,878.1,95712.9,2025-07-13T13:16:54.217232
2025-07-13,39559,2025071303014615,SINDU,Thrive Brokerage House Pvt. Ltd,Bhrikuti Stock Broking Co. Pvt. Ltd.,10,879.9,8799.0,2025-07-13T13:17:16.792874
2025-07-13,39558,2025071303014616,SINDU,Thrive Brokerage House Pvt. Ltd,Hatemalo Financial Services Private Limited,30,880.0,26400.0,2025-07-13T13:17:16.793319
2025-07-13,39345,2025071303014668,SINDU,Naasa Securities Co. Ltd.,Linch Stock Market Ltd.,76,878.2,66743.2,2025-07-13T13:18:09.829305
2025-07-13,39344,2025071303014669,SINDU,Vision Securities Pvt. Ltd,Linch Stock Market Ltd.,124,878.1,108884.4,2025-07-13T13:18:09.829526
2025-07-13,39116,2025071303014716,SINDU,Online Securities Pvt. Ltd.,Kumari Securities Private Limited,10,879.0,8790.0,2025-07-13T13:18:54.839056
2025-07-13,38472,2025071303014851,SINDU,Online Securities Pvt. Ltd.,Vision Securities Pvt. Ltd,11,879.0,9669.0,2025-07-13T13:21:27.066688
2025-07-13,37347,2025071303015070,SINDU,Thrive Brokerage House Pvt. Ltd,Vision Securities Pvt. Ltd,10,879.0,8790.0,2025-07-13T13:24:44.487115
2025-07-13,37210,2025071303015104,SINDU,Opal Securities Investment (PVT) Ltd.,Vision Securities Pvt. Ltd,19,879.0,16701.0,2025-07-13T13:25:10.482135
2025-07-13,35928,2025071303015340,SINDU,Vision Securities Pvt. Ltd,Naasa Securities Co. Ltd.,10,879.9,8799.0,2025-07-13T13:29:18.428267
2025-07-13,35927,2025071303015341,SINDU,Vision Securities Pvt. Ltd,Hatemalo Financial Services Private Limited,57,880.0,50160.0,2025-07-13T13:29:18.428529
2025-07-13,35891,2025071303015353,SINDU,Naasa Securities Co. Ltd.,Hatemalo Financial Services Private Limited,100,880.0,88000.0,2025-07-13T13:29:31.930327
2025-07-13,35854,2025071303015371,SINDU,Vision Securities Pvt. Ltd,Hatemalo Financial Services Private Limited,343,880.0,301840.0,2025-07-13T13:29:42.660481
2025-07-13,35661,2025071303015430,SINDU,Shree Krishna Securities Ltd.,Hatemalo Financial Services Private Limited,30,880.0,26400.0,2025-07-13T13:30:23.880435
2025-07-13,35590,2025071303015453,SINDU,Neev Securities Pvt. Ltd.,Hatemalo Financial Services Private Limited,370,880.0,325600.0,2025-07-13T13:30:45.29677
2025-07-13,35510,2025071303015477,SINDU,Primo Securities (PVT) Ltd.,Vision Securities Pvt. Ltd,30,879.2,26376.0,2025-07-13T13:31:03.472165
2025-07-13,35172,2025071303015547,SINDU,Sumeru Securities Pvt. Ltd.,Vision Securities Pvt. Ltd,12,880.0,10560.0,2025-07-13T13:32:18.168618
2025-07-13,35099,2025071303015557,SINDU,Kumari Securities Private Limited,Nepal Stock House (PVT) Ltd.,50,882.0,44100.0,2025-07-13T13:32:36.82491
2025-07-13,35098,2025071303015558,SINDU,Kumari Securities Private Limited,ABC Securities Private Limited,90,882.0,79380.0,2025-07-13T13:32:36.825371
2025-07-13,35097,2025071303015559,SINDU,Kumari Securities Private Limited,Dipshikha Dhitopatra Karobar Co. Pvt Ltd.,360,882.9,317844.0,2025-07-13T13:32:36.825636
2025-07-13,34976,2025071303015579,SINDU,Investment Management Nepal Pvt. Ltd.,Dipshikha Dhitopatra Karobar Co. Pvt Ltd.,50,882.9,44145.0,2025-07-13T13:32:57.616185
2025-07-13,34895,2025071303015594,SINDU,Kumari Securities Private Limited,Dipshikha Dhitopatra Karobar Co. Pvt Ltd.,90,882.9,79461.0,2025-07-13T13:33:14.177091
2025-07-13,34894,2025071303015595,SINDU,Kumari Securities Private Limited,Oxford Securities Pvt. Ltd.,20,883.0,17660.0,2025-07-13T13:33:14.177489
2025-07-13,34801,2025071303015612,SINDU,Kumari Securities Private Limited,Hatemalo Financial Services Private Limited,40,883.0,35320.0,2025-07-13T13:33:29.799553
2025-07-13,34704,2025071303015627,SINDU,Aryatara Investment & Securities,Hatemalo Financial Services Private Limited,250,884.0,221000.0,2025-07-13T13:33:54.85688
2025-07-13,34474,2025071303015652,SINDU,Bhrikuti Stock Broking Co. Pvt. Ltd.,Hatemalo Financial Services Private Limited,100,884.1,88410.0,2025-07-13T13:34:43.971804
2025-07-13,34135,2025071303015701,SINDU,Oxford Securities Pvt. Ltd.,Hatemalo Financial Services Private Limited,20,881.0,17620.0,2025-07-13T13:35:53.140416
2025-07-13,34134,2025071303015702,SINDU,Vision Securities Pvt. Ltd,Hatemalo Financial Services Private Limited,60,880.2,52812.0,2025-07-13T13:35:53.140507
2025-07-13,34133,2025071303015703,SINDU,Aryatara Investment & Securities,Hatemalo Financial Services Private Limited,10,880.2,8802.0,2025-07-13T13:35:53.140535
2025-07-13,33912,2025071303015752,SINDU,Naasa Securities Co. Ltd.,MILKY WAY SHARE BROKER COMPANY LTD ,50,880.1,44005.0,2025-07-13T13:36:35.472357
2025-07-13,33911,2025071303015753,SINDU,Kumari Securities Private Limited,MILKY WAY SHARE BROKER COMPANY LTD ,450,880.1,396045.0,2025-07-13T13:36:35.472602
2025-07-13,33888,2025071303015758,SINDU,Kumari Securities Private Limited,MILKY WAY SHARE BROKER COMPANY LTD ,34,880.1,29923.4,2025-07-13T13:36:40.486349
2025-07-13,33689,2025071303015795,SINDU,Vision Securities Pvt. Ltd,MILKY WAY SHARE BROKER COMPANY LTD ,65,880.1,57206.5,2025-07-13T13:37:10.046926
2025-07-13,33272,2025071303015848,SINDU,Hatemalo Financial Services Private Limited,Dipshikha Dhitopatra Karobar Co. Pvt Ltd.,10,887.9,8879.0,2025-07-13T13:38:05.447824
2025-07-13,32764,2025071303015916,SINDU,Capital Max Securities Ltd,Hatemalo Financial Services Private Limited,50,885.0,44250.0,2025-07-13T13:39:48.701342
2025-07-13,32763,2025071303015917,SINDU,Imperial Securities Company Pvt. Ltd.,Hatemalo Financial Services Private Limited,115,885.0,101775.0,2025-07-13T13:39:48.701403
2025-07-13,32728,2025071303015918,SINDU,Kohinoor Investment & Securities Pvt. Ltd.,Dipshikha Dhitopatra Karobar Co. Pvt Ltd.,290,887.9,257491.0,2025-07-13T13:39:52.980042
2025-07-13,32727,2025071303015919,SINDU,Kohinoor Investment & Securities Pvt. Ltd.,KALASH STOCK MARKET PVT. LTD.,100,888.0,88800.0,2025-07-13T13:39:52.980507
2025-07-13,32726,2025071303015920,SINDU,Kohinoor Investment & Securities Pvt. Ltd.,Sundhara Securities Limited,30,890.0,26700.0,2025-07-13T13:39:52.980766
2025-07-13,32627,2025071303015947,SINDU,Kohinoor Investment & Securities Pvt. Ltd.,Vision Securities Pvt. Ltd,80,890.0,71200.0,2025-07-13T13:40:13.120994
2025-07-13,32621,2025071303015948,SINDU,Machhapuchchhre Securities Limited,Hatemalo Financial Services Private Limited,90,881.0,79290.0,2025-07-13T13:40:15.7888
2025-07-13,32144,2025071303016023,SINDU,Hatemalo Financial Services Private Limited,Dipshikha Dhitopatra Karobar Co. Pvt Ltd.,10,890.0,8900.0,2025-07-13T13:41:47.026697
2025-07-13,31874,2025071303016055,SINDU,Siprabi Securities Pvt. Ltd.,Dipshikha Dhitopatra Karobar Co. Pvt Ltd.,50,890.0,44500.0,2025-07-13T13:42:40.688039
2025-07-13,31816,2025071303016069,SINDU,Dipshikha Dhitopatra Karobar Co. Pvt Ltd.,Dipshikha Dhitopatra Karobar Co. Pvt Ltd.,20,890.0,17800.0,2025-07-13T13:43:03.478354
2025-07-13,31815,2025071303016070,SINDU,Dipshikha Dhitopatra Karobar Co. Pvt Ltd.,Pragyan Securities (PVT) Ltd.,100,892.9,89290.0,2025-07-13T13:43:03.478791
2025-07-13,31814,2025071303016071,SINDU,Dipshikha Dhitopatra Karobar Co. Pvt Ltd.,Deevyaa Securities & Stock House Pvt. Ltd,180,893.0,160740.0,2025-07-13T13:43:03.479071
2025-07-13,31765,2025071303016082,SINDU,Sewa Securities Pvt. Ltd.,Deevyaa Securities & Stock House Pvt. Ltd,20,893.0,17860.0,2025-07-13T13:43:15.307185
2025-07-13,31396,2025071303016150,SINDU,Sundhara Securities Limited,Hatemalo Financial Services Private Limited,85,887.0,75395.0,2025-07-13T13:44:39.460212
2025-07-13,31346,2025071303016157,SINDU,Sundhara Securities Limited,Hatemalo Financial Services Private Limited,15,887.0,13305.0,2025-07-13T13:44:48.481239
2025-07-13,31345,2025071303016158,SINDU,Nepal Stock House (PVT) Ltd.,Hatemalo Financial Services Private Limited,45,886.0,39870.0,2025-07-13T13:44:48.48134
2025-07-13,31344,2025071303016159,SINDU,Naasa Securities Co. Ltd.,Hatemalo Financial Services Private Limited,40,886.0,35440.0,2025-07-13T13:44:48.481424
2025-07-13,31343,2025071303016160,SINDU,Aryatara Investment & Securities,Hatemalo Financial Services Private Limited,50,886.0,44300.0,2025-07-13T13:44:48.481496
2025-07-13,31333,2025071303016161,SINDU,Bhrikuti Stock Broking Co. Pvt. Ltd.,Dipshikha Dhitopatra Karobar Co. Pvt Ltd.,36,892.9,32144.4,2025-07-13T13:44:52.30826
2025-07-13,31332,2025071303016162,SINDU,Bhrikuti Stock Broking Co. Pvt. Ltd.,Deevyaa Securities & Stock House Pvt. Ltd,100,893.0,89300.0,2025-07-13T13:44:52.308589
2025-07-13,31071,2025071303016221,SINDU,Naasa Securities Co. Ltd.,Hatemalo Financial Services Private Limited,50,892.0,44600.0,2025-07-13T13:45:46.613812
2025-07-13,31070,2025071303016222,SINDU,Bhrikuti Stock Broking Co. Pvt. Ltd.,Hatemalo Financial Services Private Limited,10,886.0,8860.0,2025-07-13T13:45:46.61392
2025-07-13,30764,2025071303016260,SINDU,Bhrikuti Stock Broking Co. Pvt. Ltd.,Hatemalo Financial Services Private Limited,90,886.0,79740.0,2025-07-13T13:46:48.766
2025-07-13,30763,2025071303016261,SINDU,Sweta Securities Private Limited,Hatemalo Financial Services Private Limited,100,886.0,88600.0,2025-07-13T13:46:48.766138
2025-07-13,30762,2025071303016262,SINDU,Naasa Securities Co. Ltd.,Hatemalo Financial Services Private Limited,14,886.0,12404.0,2025-07-13T13:46:48.766208
2025-07-13,30725,2025071303016270,SINDU,Bhrikuti Stock Broking Co. Pvt. Ltd.,Kohinoor Investment & Securities Pvt. Ltd.,144,892.0,128448.0,2025-07-13T13:46:57.24368
2025-07-13,30724,2025071303016271,SINDU,Bhrikuti Stock Broking Co. Pvt. Ltd.,Dipshikha Dhitopatra Karobar Co. Pvt Ltd.,20,892.0,17840.0,2025-07-13T13:46:57.24394
2025-07-13,30723,2025071303016272,SINDU,Bhrikuti Stock Broking Co. Pvt. Ltd.,Kalika Securities Pvt. Ltd.,36,892.9,32144.4,2025-07-13T13:46:57.244044
2025-07-13,30279,2025071303016318,SINDU,Naasa Securities Co. Ltd.,Imperial Securities Company Pvt. Ltd.,100,885.2,88520.0,2025-07-13T13:48:11.466213
2025-07-13,30011,2025071303016371,SINDU,Naasa Securities Co. Ltd.,Imperial Securities Company Pvt. Ltd.,95,890.0,84550.0,2025-07-13T13:49:15.718595
2025-07-13,29930,2025071303016397,SINDU,Naasa Securities Co. Ltd.,Hatemalo Financial Services Private Limited,400,887.1,354840.0,2025-07-13T13:49:36.200793
2025-07-13,29929,2025071303016398,SINDU,Neev Securities Pvt. Ltd.,Hatemalo Financial Services Private Limited,309,887.0,274083.0,2025-07-13T13:49:36.200888
2025-07-13,29898,2025071303016402,SINDU,Neev Securities Pvt. Ltd.,Hatemalo Financial Services Private Limited,191,887.0,169417.0,2025-07-13T13:49:43.223668
2025-07-13,29897,2025071303016403,SINDU,Machhapuchchhre Securities Limited,Hatemalo Financial Services Private Limited,34,887.0,30158.0,2025-07-13T13:49:43.223762
2025-07-13,29896,2025071303016404,SINDU,Indira securities pvt. ltd,Hatemalo Financial Services Private Limited,175,887.0,155225.0,2025-07-13T13:49:43.22384
2025-07-13,29641,2025071303016430,SINDU,Bhrikuti Stock Broking Co. Pvt. Ltd.,Vision Securities Pvt. Ltd,50,892.6,44630.0,2025-07-13T13:50:41.791949
2025-07-13,29640,2025071303016431,SINDU,Bhrikuti Stock Broking Co. Pvt. Ltd.,Dipshikha Dhitopatra Karobar Co. Pvt Ltd.,10,892.7,8927.0,2025-07-13T13:50:41.792439
2025-07-13,29639,2025071303016432,SINDU,Bhrikuti Stock Broking Co. Pvt. Ltd.,Kalika Securities Pvt. Ltd.,64,892.9,57145.6,2025-07-13T13:50:41.792721
2025-07-13,29638,2025071303016433,SINDU,Bhrikuti Stock Broking Co. Pvt. Ltd.,Sani Securities Company Ltd.,76,893.0,67868.0,2025-07-13T13:50:41.792991
2025-07-13,29017,2025071303016520,SINDU,Bhrikuti Stock Broking Co. Pvt. Ltd.,Kohinoor Investment & Securities Pvt. Ltd.,10,892.9,8929.0,2025-07-13T13:53:08.911323
2025-07-13,29016,2025071303016521,SINDU,Bhrikuti Stock Broking Co. Pvt. Ltd.,Sani Securities Company Ltd.,90,893.0,80370.0,2025-07-13T13:53:08.911589
2025-07-13,28810,2025071303016549,SINDU,Siprabi Securities Pvt. Ltd.,Vision Securities Pvt. Ltd,17,890.0,15130.0,2025-07-13T13:53:53.142608
2025-07-13,28567,2025071303016601,SINDU,Primo Securities (PVT) Ltd.,Hatemalo Financial Services Private Limited,60,887.0,53220.0,2025-07-13T13:54:48.997333
2025-07-13,28566,2025071303016602,SINDU,Trishakti Securities Public Limited,Hatemalo Financial Services Private Limited,100,887.0,88700.0,2025-07-13T13:54:48.997451
2025-07-13,28565,2025071303016603,SINDU,Naasa Securities Co. Ltd.,Hatemalo Financial Services Private Limited,310,887.0,274970.0,2025-07-13T13:54:48.997515
2025-07-13,28564,2025071303016604,SINDU,Imperial Securities Company Pvt. Ltd.,Hatemalo Financial Services Private Limited,100,886.5,88650.0,2025-07-13T13:54:48.997591
2025-07-13,28563,2025071303016605,SINDU,Nepal Investment And Securities Trading Private Limited,Hatemalo Financial Services Private Limited,80,886.4,70912.0,2025-07-13T13:54:48.99767
2025-07-13,28562,2025071303016606,SINDU,Opal Securities Investment (PVT) Ltd.,Hatemalo Financial Services Private Limited,500,886.4,443200.0,2025-07-13T13:54:48.997745
2025-07-13,28561,2025071303016607,SINDU,Bhrikuti Stock Broking Co. Pvt. Ltd.,Hatemalo Financial Services Private Limited,100,886.3,88630.0,2025-07-13T13:54:48.997825
2025-07-13,28560,2025071303016608,SINDU,Linch Stock Market Ltd.,Hatemalo Financial Services Private Limited,20,886.0,17720.0,2025-07-13T13:54:48.997912
2025-07-13,28559,2025071303016609,SINDU,Sundhara Securities Limited,Hatemalo Financial Services Private Limited,100,886.0,88600.0,2025-07-13T13:54:48.997991
2025-07-13,28558,2025071303016610,SINDU,Online Securities Pvt. Ltd.,Hatemalo Financial Services Private Limited,113,884.0,99892.0,2025-07-13T13:54:48.998088
2025-07-13,28557,2025071303016611,SINDU,Primo Securities (PVT) Ltd.,Hatemalo Financial Services Private Limited,170,882.2,149974.0,2025-07-13T13:54:48.998147
2025-07-13,28556,2025071303016612,SINDU,Malla & Malla Stock Broking Company Pvt. Limited,Hatemalo Financial Services Private Limited,346,882.2,305241.2,2025-07-13T13:54:48.998214
2025-07-13,28507,2025071303016625,SINDU,Vision Securities Pvt. Ltd,Midas Stock Broking Company Private Limited,435,889.9,387106.5,2025-07-13T13:55:01.740472
2025-07-13,28498,2025071303016626,SINDU,Malla & Malla Stock Broking Company Pvt. Limited,Hatemalo Financial Services Private Limited,654,882.2,576958.8,2025-07-13T13:55:03.029529
2025-07-13,28497,2025071303016627,SINDU,Dipshikha Dhitopatra Karobar Co. Pvt Ltd.,Hatemalo Financial Services Private Limited,50,882.1,44105.0,2025-07-13T13:55:03.029584
2025-07-13,28496,2025071303016628,SINDU,Aryatara Investment & Securities,Hatemalo Financial Services Private Limited,100,880.0,88000.0,2025-07-13T13:55:03.029615
2025-07-13,28495,2025071303016629,SINDU,Dipshikha Dhitopatra Karobar Co. Pvt Ltd.,Hatemalo Financial Services Private Limited,150,880.0,132000.0,2025-07-13T13:55:03.029643
2025-07-13,28494,2025071303016630,SINDU,Ashutosh Brokerage & Securities (PVT) Ltd.,Hatemalo Financial Services Private Limited,46,880.0,40480.0,2025-07-13T13:55:03.029672
2025-07-13,28493,2025071303016631,SINDU,Ashutosh Brokerage & Securities (PVT) Ltd.,Dynamic Money Managers Securities Pvt. Ltd.,4,880.0,3520.0,2025-07-13T13:55:03.029761
2025-07-13,28375,2025071303016652,SINDU,South Asian Bulls Pvt. Ltd.,Hatemalo Financial Services Private Limited,100,880.0,88000.0,2025-07-13T13:55:31.096212
2025-07-13,28374,2025071303016653,SINDU,MILKY WAY SHARE BROKER COMPANY LTD ,Hatemalo Financial Services Private Limited,50,880.0,44000.0,2025-07-13T13:55:31.096438
2025-07-13,28373,2025071303016654,SINDU,Neev Securities Pvt. Ltd.,Hatemalo Financial Services Private Limited,100,880.0,88000.0,2025-07-13T13:55:31.096531
2025-07-13,28372,2025071303016655,SINDU,Sani Securities Company Ltd.,Hatemalo Financial Services Private Limited,35,880.0,30800.0,2025-07-13T13:55:31.096622
2025-07-13,28371,2025071303016656,SINDU,ABC Securities Private Limited,Hatemalo Financial Services Private Limited,100,880.0,88000.0,2025-07-13T13:55:31.096707
2025-07-13,28324,2025071303016672,SINDU,Bhrikuti Stock Broking Co. Pvt. Ltd.,Hatemalo Financial Services Private Limited,200,880.0,176000.0,2025-07-13T13:55:39.050822
2025-07-13,28304,2025071303016675,SINDU,Bhrikuti Stock Broking Co. Pvt. Ltd.,KALASH STOCK MARKET PVT. LTD.,11,879.0,9669.0,2025-07-13T13:55:43.164709
2025-07-13,28096,2025071303016709,SINDU,Global IME Securities Limited,KALASH STOCK MARKET PVT. LTD.,90,878.5,79065.0,2025-07-13T13:56:18.298044
2025-07-13,28024,2025071303016715,SINDU,Imperial Securities Company Pvt. Ltd.,KALASH STOCK MARKET PVT. LTD.,10,878.1,8781.0,2025-07-13T13:56:32.348552
2025-07-13,27741,2025071303016749,SINDU,Deevyaa Securities & Stock House Pvt. Ltd,Hatemalo Financial Services Private Limited,1000,880.0,880000.0,2025-07-13T13:57:43.902834
2025-07-13,27468,2025071303016785,SINDU,Pragyan Securities (PVT) Ltd.,Aryatara Investment & Securities,40,880.0,35200.0,2025-07-13T13:58:53.600609
2025-07-13,27399,2025071303016793,SINDU,Sundhara Securities Limited,Hatemalo Financial Services Private Limited,100,880.0,88000.0,2025-07-13T13:59:06.847374
2025-07-13,27374,2025071303016800,SINDU,Hatemalo Financial Services Private Limited,Midas Stock Broking Company Private Limited,10,889.9,8899.0,2025-07-13T13:59:10.859098
2025-07-13,27024,2025071303016867,SINDU,Sundhara Securities Limited,Online Securities Pvt. Ltd.,40,889.0,35560.0,2025-07-13T14:00:39.681984
2025-07-13,26891,2025071303016887,SINDU,Naasa Securities Co. Ltd.,Dipshikha Dhitopatra Karobar Co. Pvt Ltd.,10,888.7,8887.0,2025-07-13T14:01:12.084771
2025-07-13,26764,2025071303016924,SINDU,Naasa Securities Co. Ltd.,Hatemalo Financial Services Private Limited,50,882.0,44100.0,2025-07-13T14:01:46.209638
2025-07-13,26763,2025071303016925,SINDU,Primo Securities (PVT) Ltd.,Hatemalo Financial Services Private Limited,100,881.0,88100.0,2025-07-13T14:01:46.209764
2025-07-13,26762,2025071303016926,SINDU,Naasa Securities Co. Ltd.,Hatemalo Financial Services Private Limited,72,880.1,63367.2,2025-07-13T14:01:46.209842
2025-07-13,26761,2025071303016927,SINDU,Market Securities & Exchange (PVT) Ltd.,Hatemalo Financial Services Private Limited,78,880.1,68647.8,2025-07-13T14:01:46.209917
2025-07-13,26715,2025071303016929,SINDU,Market Securities & Exchange (PVT) Ltd.,Hatemalo Financial Services Private Limited,22,880.1,19362.2,2025-07-13T14:01:55.234867
2025-07-13,26412,2025071303016974,SINDU,Kalika Securities Pvt. Ltd.,Hatemalo Financial Services Private Limited,20,881.0,17620.0,2025-07-13T14:02:59.391243
2025-07-13,26411,2025071303016975,SINDU,Dipshikha Dhitopatra Karobar Co. Pvt Ltd.,Hatemalo Financial Services Private Limited,38,880.1,33443.8,2025-07-13T14:02:59.391728
2025-07-13,26410,2025071303016976,SINDU,Sri Hari Securities Pvt. Ltd.,Hatemalo Financial Services Private Limited,20,880.0,17600.0,2025-07-13T14:02:59.392042
2025-07-13,26409,2025071303016977,SINDU,Imperial Securities Company Pvt. Ltd.,Hatemalo Financial Services Private Limited,500,880.0,440000.0,2025-07-13T14:02:59.392327
2025-07-13,26408,2025071303016978,SINDU,Naasa Securities Co. Ltd.,Hatemalo Financial Services Private Limited,10,880.0,8800.0,2025-07-13T14:02:59.392626
2025-07-13,26407,2025071303016979,SINDU,South Asian Bulls Pvt. Ltd.,Hatemalo Financial Services Private Limited,100,880.0,88000.0,2025-07-13T14:02:59.392949
2025-07-13,26373,2025071303016986,SINDU,Naasa Securities Co. Ltd.,Hatemalo Financial Services Private Limited,40,880.0,35200.0,2025-07-13T14:03:06.554362
2025-07-13,26339,2025071303016987,SINDU,Asian Securities Private Ltd.,Hatemalo Financial Services Private Limited,150,880.0,132000.0,2025-07-13T14:03:16.535739
2025-07-13,26297,2025071303016990,SINDU,Bhrikuti Stock Broking Co. Pvt. Ltd.,Hatemalo Financial Services Private Limited,95,880.0,83600.0,2025-07-13T14:03:32.712604
2025-07-13,26100,2025071303017034,SINDU,Hatemalo Financial Services Private Limited,Dipshikha Dhitopatra Karobar Co. Pvt Ltd.,10,888.4,8884.0,2025-07-13T14:04:14.673116
2025-07-13,25831,2025071303017076,SINDU,Vision Securities Pvt. Ltd,Hatemalo Financial Services Private Limited,500,881.0,440500.0,2025-07-13T14:05:08.806161
2025-07-13,25830,2025071303017077,SINDU,Bhrikuti Stock Broking Co. Pvt. Ltd.,Hatemalo Financial Services Private Limited,100,880.0,88000.0,2025-07-13T14:05:08.806262
2025-07-13,25829,2025071303017078,SINDU,Kohinoor Investment & Securities Pvt. Ltd.,Hatemalo Financial Services Private Limited,500,880.0,440000.0,2025-07-13T14:05:08.806334
2025-07-13,25698,2025071303017093,SINDU,Hatemalo Financial Services Private Limited,Dipshikha Dhitopatra Karobar Co. Pvt Ltd.,10,887.6,8876.0,2025-07-13T14:05:30.855284
2025-07-13,24895,2025071303017201,SINDU,Hatemalo Financial Services Private Limited,Vision Securities Pvt. Ltd,583,881.0,513623.0,2025-07-13T14:08:00.812315
2025-07-13,24579,2025071303017272,SINDU,Hatemalo Financial Services Private Limited,Dipshikha Dhitopatra Karobar Co. Pvt Ltd.,10,884.8,8848.0,2025-07-13T14:09:03.379094
2025-07-13,24330,2025071303017304,SINDU,Hatemalo Financial Services Private Limited,Dipshikha Dhitopatra Karobar Co. Pvt Ltd.,11,884.8,9732.8,2025-07-13T14:09:51.503341
2025-07-13,24309,2025071303017307,SINDU,Hatemalo Financial Services Private Limited,Sumeru Securities Pvt. Ltd.,10,887.0,8870.0,2025-07-13T14:09:55.517121
2025-07-13,23736,2025071303017400,SINDU,Capital Max Securities Ltd,Sweta Securities Private Limited,40,882.0,35280.0,2025-07-13T14:11:31.235983
2025-07-13,23735,2025071303017401,SINDU,Hatemalo Financial Services Private Limited,Sweta Securities Private Limited,552,881.0,486312.0,2025-07-13T14:11:31.2363
2025-07-13,23689,2025071303017410,SINDU,Hatemalo Financial Services Private Limited,Sumeru Securities Pvt. Ltd.,10,887.0,8870.0,2025-07-13T14:11:41.789801
2025-07-13,23151,2025071303017496,SINDU,Sani Securities Company Ltd.,Aryatara Investment & Securities,9,870.1,7830.9,2025-07-13T14:13:20.494904
2025-07-13,22770,2025071303017572,SINDU,Dipshikha Dhitopatra Karobar Co. Pvt Ltd.,Dipshikha Dhitopatra Karobar Co. Pvt Ltd.,19,879.1,16702.9,2025-07-13T14:14:33.451411
2025-07-13,21966,2025071303017741,SINDU,Aryatara Investment & Securities,Hatemalo Financial Services Private Limited,900,880.0,792000.0,2025-07-13T14:17:07.720558
2025-07-13,21718,2025071303017816,SINDU,Oxford Securities Pvt. Ltd.,Hatemalo Financial Services Private Limited,30,880.0,26400.0,2025-07-13T14:18:08.533985
2025-07-13,21264,2025071303017912,SINDU,Linch Stock Market Ltd.,Market Securities & Exchange (PVT) Ltd.,100,879.5,87950.0,2025-07-13T14:19:22.54518
2025-07-13,21074,2025071303017938,SINDU,Online Securities Pvt. Ltd.,Hatemalo Financial Services Private Limited,20,880.0,17600.0,2025-07-13T14:20:00.261696
2025-07-13,19975,2025071303018137,SINDU,Opal Securities Investment (PVT) Ltd.,Investment Management Nepal Pvt. Ltd.,50,879.5,43975.0,2025-07-13T14:23:22.964478
2025-07-13,19538,2025071303018194,SINDU,Primo Securities (PVT) Ltd.,Hatemalo Financial Services Private Limited,119,880.0,104720.0,2025-07-13T14:24:25.478467
2025-07-13,19532,2025071303018195,SINDU,Opal Securities Investment (PVT) Ltd.,ABC Securities Private Limited,50,879.5,43975.0,2025-07-13T14:24:27.246794
2025-07-13,19531,2025071303018196,SINDU,Online Securities Pvt. Ltd.,ABC Securities Private Limited,164,879.2,144188.8,2025-07-13T14:24:27.247274
2025-07-13,19348,2025071303018237,SINDU,Linch Stock Market Ltd.,Hatemalo Financial Services Private Limited,130,880.0,114400.0,2025-07-13T14:24:53.281224
2025-07-13,19321,2025071303018238,SINDU,Dipshikha Dhitopatra Karobar Co. Pvt Ltd.,Market Securities & Exchange (PVT) Ltd.,31,879.1,27252.1,2025-07-13T14:25:01.024581
2025-07-13,19320,2025071303018239,SINDU,Hatemalo Financial Services Private Limited,Market Securities & Exchange (PVT) Ltd.,19,879.1,16702.9,2025-07-13T14:25:01.024817
2025-07-13,19264,2025071303018244,SINDU,Hatemalo Financial Services Private Limited,Market Securities & Exchange (PVT) Ltd.,10,886.0,8860.0,2025-07-13T14:25:10.764698
2025-07-13,18401,2025071303018383,SINDU,Online Securities Pvt. Ltd.,Opal Securities Investment (PVT) Ltd.,30,880.0,26400.0,2025-07-13T14:27:36.691892
2025-07-13,18400,2025071303018384,SINDU,Ashutosh Brokerage & Securities (PVT) Ltd.,Opal Securities Investment (PVT) Ltd.,50,879.5,43975.0,2025-07-13T14:27:36.692179
2025-07-13,18399,2025071303018385,SINDU,Pragyan Securities (PVT) Ltd.,Opal Securities Investment (PVT) Ltd.,60,879.2,52752.0,2025-07-13T14:27:36.692324
2025-07-13,18398,2025071303018386,SINDU,South Asian Bulls Pvt. Ltd.,Opal Securities Investment (PVT) Ltd.,200,879.2,175840.0,2025-07-13T14:27:36.69242
2025-07-13,18397,2025071303018387,SINDU,Hatemalo Financial Services Private Limited,Opal Securities Investment (PVT) Ltd.,255,879.1,224170.5,2025-07-13T14:27:36.692514
2025-07-13,18055,2025071303018431,SINDU,Online Securities Pvt. Ltd.,Hatemalo Financial Services Private Limited,55,878.6,48323.0,2025-07-13T14:28:28.290062
2025-07-13,18054,2025071303018432,SINDU,Sumeru Securities Pvt. Ltd.,Hatemalo Financial Services Private Limited,200,878.5,175700.0,2025-07-13T14:28:28.290162
2025-07-13,18053,2025071303018433,SINDU,Sani Securities Company Ltd.,Hatemalo Financial Services Private Limited,10,878.5,8785.0,2025-07-13T14:28:28.290193
2025-07-13,18052,2025071303018434,SINDU,Vision Securities Pvt. Ltd,Hatemalo Financial Services Private Limited,20,878.4,17568.0,2025-07-13T14:28:28.290232
2025-07-13,18051,2025071303018435,SINDU,Imperial Securities Company Pvt. Ltd.,Hatemalo Financial Services Private Limited,50,878.1,43905.0,2025-07-13T14:28:28.290291
2025-07-13,18050,2025071303018436,SINDU,Naasa Securities Co. Ltd.,Hatemalo Financial Services Private Limited,25,878.1,21952.5,2025-07-13T14:28:28.290322
2025-07-13,18049,2025071303018437,SINDU,Online Securities Pvt. Ltd.,Hatemalo Financial Services Private Limited,47,878.0,41266.0,2025-07-13T14:28:28.290351
2025-07-13,18048,2025071303018438,SINDU,Secured Securities Ltd.,Hatemalo Financial Services Private Limited,50,878.0,43900.0,2025-07-13T14:28:28.290385
2025-07-13,18047,2025071303018439,SINDU,South Asian Bulls Pvt. Ltd.,Hatemalo Financial Services Private Limited,43,878.0,37754.0,2025-07-13T14:28:28.290406
2025-07-13,17937,2025071303018453,SINDU,South Asian Bulls Pvt. Ltd.,Vision Securities Pvt. Ltd,57,878.0,50046.0,2025-07-13T14:28:39.709307
2025-07-13,17936,2025071303018454,SINDU,South Asian Bulls Pvt. Ltd.,Vision Securities Pvt. Ltd,125,878.0,109750.0,2025-07-13T14:28:39.70941
2025-07-13,17935,2025071303018455,SINDU,Imperial Securities Company Pvt. Ltd.,Vision Securities Pvt. Ltd,150,877.4,131610.0,2025-07-13T14:28:39.709492
2025-07-13,17934,2025071303018456,SINDU,Bhrikuti Stock Broking Co. Pvt. Ltd.,Vision Securities Pvt. Ltd,50,877.2,43860.0,2025-07-13T14:28:39.709565
2025-07-13,17933,2025071303018457,SINDU,Linch Stock Market Ltd.,Vision Securities Pvt. Ltd,17,877.2,14912.4,2025-07-13T14:28:39.70963
2025-07-13,17932,2025071303018458,SINDU,Deevyaa Securities & Stock House Pvt. Ltd,Vision Securities Pvt. Ltd,10,877.0,8770.0,2025-07-13T14:28:39.709697
2025-07-13,17931,2025071303018459,SINDU,Premier Securities Company Ltd.,Vision Securities Pvt. Ltd,15,876.0,13140.0,2025-07-13T14:28:39.709772
2025-07-13,17930,2025071303018460,SINDU,Indira securities pvt. ltd,Vision Securities Pvt. Ltd,76,876.0,66576.0,2025-07-13T14:28:39.709864
2025-07-13,16310,2025071303018753,SINDU,Hatemalo Financial Services Private Limited,J.F. Securites (PVT) Ltd.,10,885.8,8858.0,2025-07-13T14:32:50.952052
2025-07-13,15009,2025071303018944,SINDU,Pragyan Securities (PVT) Ltd.,Hatemalo Financial Services Private Limited,19,876.1,16645.9,2025-07-13T14:35:27.382117
2025-07-13,15008,2025071303018945,SINDU,Indira securities pvt. ltd,Hatemalo Financial Services Private Limited,24,876.0,21024.0,2025-07-13T14:35:27.382551
2025-07-13,15007,2025071303018946,SINDU,South Asian Bulls Pvt. Ltd.,Hatemalo Financial Services Private Limited,100,876.0,87600.0,2025-07-13T14:35:27.38283
2025-07-13,15006,2025071303018947,SINDU,Sani Securities Company Ltd.,Hatemalo Financial Services Private Limited,10,876.0,8760.0,2025-07-13T14:35:27.383122
2025-07-13,15005,2025071303018948,SINDU,Stoxkarts Securities Limited,Hatemalo Financial Services Private Limited,20,875.0,17500.0,2025-07-13T14:35:27.383434
2025-07-13,15004,2025071303018949,SINDU,Naasa Securities Co. Ltd.,Hatemalo Financial Services Private Limited,151,875.0,132125.0,2025-07-13T14:35:27.383705
2025-07-13,15003,2025071303018950,SINDU,Naasa Securities Co. Ltd.,Hatemalo Financial Services Private Limited,50,875.0,43750.0,2025-07-13T14:35:27.383992
2025-07-13,15002,2025071303018951,SINDU,Dipshikha Dhitopatra Karobar Co. Pvt Ltd.,Hatemalo Financial Services Private Limited,50,875.0,43750.0,2025-07-13T14:35:27.384284
2025-07-13,15001,2025071303018952,SINDU,Vision Securities Pvt. Ltd,Hatemalo Financial Services Private Limited,30,875.0,26250.0,2025-07-13T14:35:27.384548
2025-07-13,15000,2025071303018953,SINDU,Linch Stock Market Ltd.,Hatemalo Financial Services Private Limited,100,875.0,87500.0,2025-07-13T14:35:27.384812
2025-07-13,14999,2025071303018954,SINDU,Aryatara Investment & Securities,Hatemalo Financial Services Private Limited,60,875.0,52500.0,2025-07-13T14:35:27.385095
2025-07-13,14998,2025071303018955,SINDU,Sundhara Securities Limited,Hatemalo Financial Services Private Limited,100,875.0,87500.0,2025-07-13T14:35:27.385347
2025-07-13,14937,2025071303018967,SINDU,Sumeru Securities Pvt. Ltd.,Hatemalo Financial Services Private Limited,10,875.0,8750.0,2025-07-13T14:35:36.051743
2025-07-13,14820,2025071303019005,SINDU,Aryatara Investment & Securities,Hatemalo Financial Services Private Limited,10,875.0,8750.0,2025-07-13T14:35:57.958658
2025-07-13,14811,2025071303019010,SINDU,Agrawal Securities (PVT) Ltd.,Hatemalo Financial Services Private Limited,46,875.0,40250.0,2025-07-13T14:35:59.360512
2025-07-13,14469,2025071303019058,SINDU,Aryatara Investment & Securities,Imperial Securities Company Pvt. Ltd.,100,874.5,87450.0,2025-07-13T14:36:58.742841
2025-07-13,14423,2025071303019069,SINDU,Bhrikuti Stock Broking Co. Pvt. Ltd.,Hatemalo Financial Services Private Limited,10,875.0,8750.0,2025-07-13T14:37:03.755505
2025-07-13,14400,2025071303019072,SINDU,Kumari Securities Private Limited,Hatemalo Financial Services Private Limited,10,875.0,8750.0,2025-07-13T14:37:08.417178
2025-07-13,14313,2025071303019090,SINDU,Dipshikha Dhitopatra Karobar Co. Pvt Ltd.,Hatemalo Financial Services Private Limited,10,875.0,8750.0,2025-07-13T14:37:23.760368
2025-07-13,14281,2025071303019098,SINDU,Aryatara Investment & Securities,Online Securities Pvt. Ltd.,100,874.5,87450.0,2025-07-13T14:37:29.057061
2025-07-13,14280,2025071303019099,SINDU,Kumari Securities Private Limited,Online Securities Pvt. Ltd.,100,874.2,87420.0,2025-07-13T14:37:29.057513
2025-07-13,14093,2025071303019128,SINDU,Linch Stock Market Ltd.,Online Securities Pvt. Ltd.,30,874.0,26220.0,2025-07-13T14:38:04.545141
2025-07-13,14002,2025071303019141,SINDU,Capital Max Securities Ltd,Online Securities Pvt. Ltd.,10,874.0,8740.0,2025-07-13T14:38:19.430574
2025-07-13,13935,2025071303019155,SINDU,Naasa Securities Co. Ltd.,Online Securities Pvt. Ltd.,50,874.0,43700.0,2025-07-13T14:38:30.076904
2025-07-13,13867,2025071303019164,SINDU,South Asian Bulls Pvt. Ltd.,Aryatara Investment & Securities,250,873.4,218350.0,2025-07-13T14:38:35.266017
2025-07-13,13859,2025071303019165,SINDU,Capital Max Securities Ltd,Online Securities Pvt. Ltd.,10,874.0,8740.0,2025-07-13T14:38:35.50142
2025-07-13,13857,2025071303019166,SINDU,Capital Max Securities Ltd,Sri Hari Securities Pvt. Ltd.,10,874.0,8740.0,2025-07-13T14:38:36.204166
2025-07-13,13639,2025071303019213,SINDU,Sundhara Securities Limited,Hatemalo Financial Services Private Limited,30,875.0,26250.0,2025-07-13T14:39:07.368391
2025-07-13,13636,2025071303019214,SINDU,Capital Max Securities Ltd,Kumari Securities Private Limited,40,874.0,34960.0,2025-07-13T14:39:08.457444
2025-07-13,13635,2025071303019215,SINDU,Dakshinkali Investment & Securities Pvt. Ltd.,Kumari Securities Private Limited,50,874.0,43700.0,2025-07-13T14:39:08.457684
2025-07-13,13634,2025071303019216,SINDU,Trisul Securities & Invt. Ltd.,Kumari Securities Private Limited,10,874.0,8740.0,2025-07-13T14:39:08.457778
2025-07-13,13618,2025071303019220,SINDU,Trisul Securities & Invt. Ltd.,Sri Hari Securities Pvt. Ltd.,10,874.0,8740.0,2025-07-13T14:39:13.528101
2025-07-13,13425,2025071303019247,SINDU,Aryatara Investment & Securities,Hatemalo Financial Services Private Limited,67,875.0,58625.0,2025-07-13T14:39:41.450201
2025-07-13,13139,2025071303019293,SINDU,Capital Max Securities Ltd,Online Securities Pvt. Ltd.,10,874.9,8749.0,2025-07-13T14:40:16.977735
2025-07-13,12805,2025071303019346,SINDU,Sani Securities Company Ltd.,Online Securities Pvt. Ltd.,90,874.9,78741.0,2025-07-13T14:41:00.708945
2025-07-13,12479,2025071303019423,SINDU,Sani Securities Company Ltd.,Neev Securities Pvt. Ltd.,10,874.9,8749.0,2025-07-13T14:41:56.16751
2025-07-13,12393,2025071303019428,SINDU,Agrawal Securities (PVT) Ltd.,Hatemalo Financial Services Private Limited,50,875.0,43750.0,2025-07-13T14:42:06.742606
2025-07-13,12379,2025071303019434,SINDU,Thrive Brokerage House Pvt. Ltd,Hatemalo Financial Services Private Limited,500,875.0,437500.0,2025-07-13T14:42:09.603062
2025-07-13,12065,2025071303019465,SINDU,Sani Securities Company Ltd.,Siprabi Securities Pvt. Ltd.,50,874.9,43745.0,2025-07-13T14:42:53.728153
2025-07-13,12063,2025071303019466,SINDU,Naasa Securities Co. Ltd.,Siprabi Securities Pvt. Ltd.,50,874.9,43745.0,2025-07-13T14:42:54.265554
2025-07-13,12062,2025071303019467,SINDU,Naasa Securities Co. Ltd.,Hatemalo Financial Services Private Limited,251,875.0,219625.0,2025-07-13T14:42:54.265793
2025-07-13,11969,2025071303019487,SINDU,ABC Securities Private Limited,Hatemalo Financial Services Private Limited,100,875.0,87500.0,2025-07-13T14:43:05.971605
2025-07-13,11960,2025071303019489,SINDU,Naasa Securities Co. Ltd.,Hatemalo Financial Services Private Limited,25,875.0,21875.0,2025-07-13T14:43:07.152772
2025-07-13,11934,2025071303019495,SINDU,Sewa Securities Pvt. Ltd.,Hatemalo Financial Services Private Limited,110,875.0,96250.0,2025-07-13T14:43:11.949479
2025-07-13,11864,2025071303019506,SINDU,Dipshikha Dhitopatra Karobar Co. Pvt Ltd.,Hatemalo Financial Services Private Limited,25,875.0,21875.0,2025-07-13T14:43:24.119097
2025-07-13,11855,2025071303019510,SINDU,Sani Securities Company Ltd.,Hatemalo Financial Services Private Limited,50,875.0,43750.0,2025-07-13T14:43:26.337586
2025-07-13,11836,2025071303019513,SINDU,Sani Securities Company Ltd.,Hatemalo Financial Services Private Limited,60,875.0,52500.0,2025-07-13T14:43:30.445228
2025-07-13,11801,2025071303019526,SINDU,Kumari Securities Private Limited,Hatemalo Financial Services Private Limited,80,875.0,70000.0,2025-07-13T14:43:36.229139
2025-07-13,11764,2025071303019529,SINDU,Sundhara Securities Limited,Hatemalo Financial Services Private Limited,200,875.0,175000.0,2025-07-13T14:43:40.917814
2025-07-13,11730,2025071303019534,SINDU,Premier Securities Company Ltd.,Hatemalo Financial Services Private Limited,100,875.0,87500.0,2025-07-13T14:43:46.562786
2025-07-13,11704,2025071303019544,SINDU,Sajilo Broker Limited,Hatemalo Financial Services Private Limited,100,875.0,87500.0,2025-07-13T14:43:49.452823
2025-07-13,11623,2025071303019570,SINDU,Dipshikha Dhitopatra Karobar Co. Pvt Ltd.,Hatemalo Financial Services Private Limited,25,875.0,21875.0,2025-07-13T14:43:54.5479
2025-07-13,11539,2025071303019579,SINDU,Trishakti Securities Public Limited,Hatemalo Financial Services Private Limited,50,875.0,43750.0,2025-07-13T14:44:09.990074
2025-07-13,11512,2025071303019586,SINDU,Siprabi Securities Pvt. Ltd.,Hatemalo Financial Services Private Limited,20,875.0,17500.0,2025-07-13T14:44:14.900116
2025-07-13,11491,2025071303019589,SINDU,Sani Securities Company Ltd.,Hatemalo Financial Services Private Limited,100,875.0,87500.0,2025-07-13T14:44:17.450077
2025-07-13,11389,2025071303019604,SINDU,Dakshinkali Investment & Securities Pvt. Ltd.,Hatemalo Financial Services Private Limited,50,875.0,43750.0,2025-07-13T14:44:30.126294
2025-07-13,11351,2025071303019617,SINDU,Nepal Stock House (PVT) Ltd.,Hatemalo Financial Services Private Limited,200,875.0,175000.0,2025-07-13T14:44:38.931556
2025-07-13,11347,2025071303019618,SINDU,Trishakti Securities Public Limited,Hatemalo Financial Services Private Limited,700,875.0,612500.0,2025-07-13T14:44:40.214543
2025-07-13,11346,2025071303019619,SINDU,Linch Stock Market Ltd.,Hatemalo Financial Services Private Limited,100,875.0,87500.0,2025-07-13T14:44:40.480866
2025-07-13,11339,2025071303019623,SINDU,Oxford Securities Pvt. Ltd.,Hatemalo Financial Services Private Limited,50,875.0,43750.0,2025-07-13T14:44:41.62948
2025-07-13,11338,2025071303019624,SINDU,Bhrikuti Stock Broking Co. Pvt. Ltd.,Hatemalo Financial Services Private Limited,20,875.0,17500.0,2025-07-13T14:44:42.403098
2025-07-13,11295,2025071303019649,SINDU,Bhrikuti Stock Broking Co. Pvt. Ltd.,Hatemalo Financial Services Private Limited,200,875.0,175000.0,2025-07-13T14:44:46.511999
2025-07-13,11285,2025071303019656,SINDU,Kumari Securities Private Limited,Hatemalo Financial Services Private Limited,50,875.0,43750.0,2025-07-13T14:44:47.984578
2025-07-13,11214,2025071303019671,SINDU,Aryatara Investment & Securities,Imperial Securities Company Pvt. Ltd.,100,874.1,87410.0,2025-07-13T14:44:55.700778
2025-07-13,11213,2025071303019672,SINDU,Neev Securities Pvt. Ltd.,Imperial Securities Company Pvt. Ltd.,100,874.1,87410.0,2025-07-13T14:44:55.701083
2025-07-13,11212,2025071303019673,SINDU,Roadshow securities limited,Imperial Securities Company Pvt. Ltd.,50,874.1,43705.0,2025-07-13T14:44:55.70119
2025-07-13,11211,2025071303019674,SINDU,Trisul Securities & Invt. Ltd.,Imperial Securities Company Pvt. Ltd.,40,874.0,34960.0,2025-07-13T14:44:55.701281
2025-07-13,11210,2025071303019675,SINDU,Naasa Securities Co. Ltd.,Imperial Securities Company Pvt. Ltd.,100,874.0,87400.0,2025-07-13T14:44:55.701374
2025-07-13,11209,2025071303019676,SINDU,Agrawal Securities (PVT) Ltd.,Imperial Securities Company Pvt. Ltd.,20,874.0,17480.0,2025-07-13T14:44:55.701461
2025-07-13,11208,2025071303019677,SINDU,Thrive Brokerage House Pvt. Ltd,Imperial Securities Company Pvt. Ltd.,10,873.2,8732.0,2025-07-13T14:44:55.701555
2025-07-13,11207,2025071303019678,SINDU,Dakshinkali Investment & Securities Pvt. Ltd.,Imperial Securities Company Pvt. Ltd.,37,873.2,32308.4,2025-07-13T14:44:55.701644
2025-07-13,11206,2025071303019679,SINDU,Aryatara Investment & Securities,Imperial Securities Company Pvt. Ltd.,10,873.0,8730.0,2025-07-13T14:44:55.701746
2025-07-13,11205,2025071303019680,SINDU,Nepal Stock House (PVT) Ltd.,Imperial Securities Company Pvt. Ltd.,200,873.0,174600.0,2025-07-13T14:44:55.701837
2025-07-13,11204,2025071303019681,SINDU,Primo Securities (PVT) Ltd.,Imperial Securities Company Pvt. Ltd.,60,873.0,52380.0,2025-07-13T14:44:55.701926
