Date,S.N.,Contract ID,Symbol,Buyer Broker,Seller Broker,volume,rate,amount,transaction_time
2025-07-13,104894,2025071304000176,UNHPL,South Asian Bulls Pvt. Ltd.,Vision Securities Pvt. Ltd,100,421.9,42190.0,2025-07-13T10:46:00.102943
2025-07-13,104893,2025071304000177,UNHPL,South Asian Bulls Pvt. Ltd.,Naasa Securities Co. Ltd.,10,421.9,4219.0,2025-07-13T10:46:00.102968
2025-07-13,104405,2025071304000286,UNHPL,Arun Securities (PVT) Ltd.,Investment Management Nepal Pvt. Ltd.,200,430.0,86000.0,2025-07-13T11:00:34.584429
2025-07-13,104404,2025071304000287,UNHPL,Arun Securities (PVT) Ltd.,Stoxkarts Securities Limited,800,430.3,344240.0,2025-07-13T11:00:34.584518
2025-07-13,104328,2025071304000309,UNHPL,Ashutosh Brokerage & Securities (PVT) Ltd.,Sagarmatha Securities Private Limited,100,430.0,43000.0,2025-07-13T11:00:42.120503
2025-07-13,104327,2025071304000310,UNHPL,Ashutosh Brokerage & Securities (PVT) Ltd.,Imperial Securities Company Pvt. Ltd.,150,430.0,64500.0,2025-07-13T11:00:42.12058
2025-07-13,103178,2025071304000551,UNHPL,Sumeru Securities Pvt. Ltd.,Opal Securities Investment (PVT) Ltd.,1000,422.6,422600.0,2025-07-13T11:01:39.023873
2025-07-13,103177,2025071304000552,UNHPL,Deevyaa Securities & Stock House Pvt. Ltd,Opal Securities Investment (PVT) Ltd.,700,422.5,295750.0,2025-07-13T11:01:39.023967
2025-07-13,103176,2025071304000553,UNHPL,Sumeru Securities Pvt. Ltd.,Opal Securities Investment (PVT) Ltd.,800,422.0,337600.0,2025-07-13T11:01:39.024004
2025-07-13,103156,2025071304000558,UNHPL,Himalayan Brokerage Company Limited,Thrive Brokerage House Pvt. Ltd,100,425.0,42500.0,2025-07-13T11:01:40.298464
2025-07-13,103155,2025071304000559,UNHPL,Himalayan Brokerage Company Limited,Secured Securities Ltd.,900,425.0,382500.0,2025-07-13T11:01:40.298619
2025-07-13,103154,2025071304000560,UNHPL,Sumeru Securities Pvt. Ltd.,Global IME Securities Limited,200,422.0,84400.0,2025-07-13T11:01:40.346509
2025-07-13,102870,2025071304000617,UNHPL,South Asian Bulls Pvt. Ltd.,Market Securities & Exchange (PVT) Ltd.,110,421.9,46409.0,2025-07-13T11:01:52.162957
2025-07-13,102831,2025071304000622,UNHPL,South Asian Bulls Pvt. Ltd.,Vision Securities Pvt. Ltd,80,421.9,33752.0,2025-07-13T11:01:54.115234
2025-07-13,102830,2025071304000623,UNHPL,Imperial Securities Company Pvt. Ltd.,Vision Securities Pvt. Ltd,10,421.9,4219.0,2025-07-13T11:01:54.115323
2025-07-13,102829,2025071304000624,UNHPL,Pragyan Securities (PVT) Ltd.,Vision Securities Pvt. Ltd,10,421.9,4219.0,2025-07-13T11:01:54.115357
2025-07-13,102714,2025071304000641,UNHPL,Pragyan Securities (PVT) Ltd.,Sumeru Securities Pvt. Ltd.,40,421.9,16876.0,2025-07-13T11:01:58.106244
2025-07-13,102713,2025071304000642,UNHPL,Vision Securities Pvt. Ltd,Sumeru Securities Pvt. Ltd.,10,421.9,4219.0,2025-07-13T11:01:58.10641
2025-07-13,102712,2025071304000643,UNHPL,Infinity Securities Limited,Sumeru Securities Pvt. Ltd.,10,421.9,4219.0,2025-07-13T11:01:58.106526
2025-07-13,102626,2025071304000668,UNHPL,Imperial Securities Company Pvt. Ltd.,Sumeru Securities Pvt. Ltd.,100,421.9,42190.0,2025-07-13T11:02:01.871275
2025-07-13,102585,2025071304000676,UNHPL,Nepal Stock House (PVT) Ltd.,Market Securities & Exchange (PVT) Ltd.,500,420.0,210000.0,2025-07-13T11:02:03.295217
2025-07-13,102431,2025071304000722,UNHPL,Aryatara Investment & Securities,Trishakti Securities Public Limited,10,414.0,4140.0,2025-07-13T11:02:10.399908
2025-07-13,102430,2025071304000723,UNHPL,Trishakti Securities Public Limited,Trishakti Securities Public Limited,580,414.0,240120.0,2025-07-13T11:02:10.399947
2025-07-13,102301,2025071304000754,UNHPL,Himalayan Brokerage Company Limited,Market Securities & Exchange (PVT) Ltd.,130,420.0,54600.0,2025-07-13T11:02:16.434513
2025-07-13,102300,2025071304000755,UNHPL,Himalayan Brokerage Company Limited,J.F. Securites (PVT) Ltd.,170,420.0,71400.0,2025-07-13T11:02:16.434577
2025-07-13,102299,2025071304000756,UNHPL,Himalayan Brokerage Company Limited,Secured Securities Ltd.,800,420.0,336000.0,2025-07-13T11:02:16.434611
2025-07-13,101282,2025071304001026,UNHPL,Sewa Securities Pvt. Ltd.,Naasa Securities Co. Ltd.,450,419.0,188550.0,2025-07-13T11:02:56.620701
2025-07-13,101209,2025071304001041,UNHPL,Dipshikha Dhitopatra Karobar Co. Pvt Ltd.,Naasa Securities Co. Ltd.,500,419.0,209500.0,2025-07-13T11:02:58.363977
2025-07-13,97502,2025071304001853,UNHPL,Trademow Securities Private Limited,Vision Securities Pvt. Ltd,10,416.0,4160.0,2025-07-13T11:05:35.173913
2025-07-13,97100,2025071304001943,UNHPL,Imperial Securities Company Pvt. Ltd.,Sweta Securities Private Limited,100,418.0,41800.0,2025-07-13T11:05:57.914668
2025-07-13,97099,2025071304001944,UNHPL,Imperial Securities Company Pvt. Ltd.,Agrawal Securities (PVT) Ltd.,30,418.0,12540.0,2025-07-13T11:05:57.914794
2025-07-13,96758,2025071304002008,UNHPL,Imperial Securities Company Pvt. Ltd.,Capital Max Securities Ltd,70,418.0,29260.0,2025-07-13T11:06:16.269015
2025-07-13,96621,2025071304002027,UNHPL,Trademow Securities Private Limited,Garima Securities Limited,100,416.0,41600.0,2025-07-13T11:06:24.877843
2025-07-13,96002,2025071304002132,UNHPL,Capital Max Securities Ltd,Midas Stock Broking Company Private Limited,500,416.1,208050.0,2025-07-13T11:07:05.647169
2025-07-13,96001,2025071304002133,UNHPL,Trademow Securities Private Limited,Midas Stock Broking Company Private Limited,190,416.0,79040.0,2025-07-13T11:07:05.647267
2025-07-13,96000,2025071304002134,UNHPL,Midas Stock Broking Company Private Limited,Midas Stock Broking Company Private Limited,321,416.0,133536.0,2025-07-13T11:07:05.647366
2025-07-13,95999,2025071304002135,UNHPL,Agrawal Securities (PVT) Ltd.,Midas Stock Broking Company Private Limited,700,415.0,290500.0,2025-07-13T11:07:05.647419
2025-07-13,95998,2025071304002136,UNHPL,Oxford Securities Pvt. Ltd.,Midas Stock Broking Company Private Limited,20,415.0,8300.0,2025-07-13T11:07:05.647481
2025-07-13,95997,2025071304002137,UNHPL,Midas Stock Broking Company Private Limited,Midas Stock Broking Company Private Limited,269,415.0,111635.0,2025-07-13T11:07:05.647547
2025-07-13,95875,2025071304002151,UNHPL,Midas Stock Broking Company Private Limited,Capital Max Securities Ltd,20,418.0,8360.0,2025-07-13T11:07:16.694332
2025-07-13,95833,2025071304002159,UNHPL,Midas Stock Broking Company Private Limited,Citizens Share Broker Limited,131,415.0,54365.0,2025-07-13T11:07:20.035583
2025-07-13,95832,2025071304002160,UNHPL,Sumeru Securities Pvt. Ltd.,Citizens Share Broker Limited,859,414.1,355711.9,2025-07-13T11:07:20.035645
2025-07-13,95544,2025071304002216,UNHPL,Dynamic Money Managers Securities Pvt. Ltd.,Malla & Malla Stock Broking Company Pvt. Limited,50,417.0,20850.0,2025-07-13T11:07:38.364157
2025-07-13,95543,2025071304002217,UNHPL,Dynamic Money Managers Securities Pvt. Ltd.,Capital Max Securities Ltd,410,418.0,171380.0,2025-07-13T11:07:38.364388
2025-07-13,95542,2025071304002218,UNHPL,Dynamic Money Managers Securities Pvt. Ltd.,Vision Securities Pvt. Ltd,340,418.0,142120.0,2025-07-13T11:07:38.364525
2025-07-13,95371,2025071304002242,UNHPL,Trademow Securities Private Limited,Dipshikha Dhitopatra Karobar Co. Pvt Ltd.,300,415.0,124500.0,2025-07-13T11:07:49.165558
2025-07-13,95370,2025071304002243,UNHPL,ABC Securities Private Limited,Dipshikha Dhitopatra Karobar Co. Pvt Ltd.,1000,414.2,414200.0,2025-07-13T11:07:49.165785
2025-07-13,94823,2025071304002377,UNHPL,Sumeru Securities Pvt. Ltd.,Secured Securities Ltd.,141,414.1,58388.1,2025-07-13T11:08:31.886582
2025-07-13,94822,2025071304002378,UNHPL,Sharepro Securities Private Limited,Secured Securities Ltd.,59,414.1,24431.9,2025-07-13T11:08:31.886821
2025-07-13,93763,2025071304002569,UNHPL,Opal Securities Investment (PVT) Ltd.,Sharepro Securities Private Limited,120,415.0,49800.0,2025-07-13T11:09:57.710277
2025-07-13,93762,2025071304002570,UNHPL,Market Securities & Exchange (PVT) Ltd.,Sharepro Securities Private Limited,80,415.0,33200.0,2025-07-13T11:09:57.710402
2025-07-13,93345,2025071304002649,UNHPL,Kohinoor Investment & Securities Pvt. Ltd.,Siprabi Securities Pvt. Ltd.,100,417.9,41790.0,2025-07-13T11:10:36.967668
2025-07-13,93105,2025071304002698,UNHPL,J.F. Securites (PVT) Ltd.,Siprabi Securities Pvt. Ltd.,100,417.9,41790.0,2025-07-13T11:11:00.817051
2025-07-13,92331,2025071304002890,UNHPL,Dynamic Money Managers Securities Pvt. Ltd.,Kalika Securities Pvt. Ltd.,300,416.0,124800.0,2025-07-13T11:12:09.241812
2025-07-13,92206,2025071304002909,UNHPL,J.F. Securites (PVT) Ltd.,Imperial Securities Company Pvt. Ltd.,150,417.9,62685.0,2025-07-13T11:12:19.501149
2025-07-13,92022,2025071304002947,UNHPL,Dynamic Money Managers Securities Pvt. Ltd.,Kumari Securities Private Limited,20,416.0,8320.0,2025-07-13T11:12:33.366924
2025-07-13,91724,2025071304003013,UNHPL,Dynamic Money Managers Securities Pvt. Ltd.,Elite Stock House Limited,100,417.0,41700.0,2025-07-13T11:12:58.418481
2025-07-13,91723,2025071304003014,UNHPL,Dynamic Money Managers Securities Pvt. Ltd.,Elite Stock House Limited,280,416.0,116480.0,2025-07-13T11:12:58.418703
2025-07-13,91722,2025071304003015,UNHPL,Dipshikha Dhitopatra Karobar Co. Pvt Ltd.,Elite Stock House Limited,390,415.2,161928.0,2025-07-13T11:12:58.418845
2025-07-13,91721,2025071304003016,UNHPL,J.F. Securites (PVT) Ltd.,Elite Stock House Limited,150,415.2,62280.0,2025-07-13T11:12:58.418989
2025-07-13,91720,2025071304003017,UNHPL,Sharepro Securities Private Limited,Elite Stock House Limited,500,415.1,207550.0,2025-07-13T11:12:58.419125
2025-07-13,91719,2025071304003018,UNHPL,Capital Max Securities Ltd,Elite Stock House Limited,580,415.1,240758.0,2025-07-13T11:12:58.419254
2025-07-13,90934,2025071304003227,UNHPL,Asian Securities Private Ltd.,Elite Stock House Limited,100,415.3,41530.0,2025-07-13T11:14:15.830953
2025-07-13,90933,2025071304003228,UNHPL,Opal Securities Investment (PVT) Ltd.,Elite Stock House Limited,100,415.2,41520.0,2025-07-13T11:14:15.831066
2025-07-13,90932,2025071304003229,UNHPL,Dynamic Money Managers Securities Pvt. Ltd.,Elite Stock House Limited,402,415.2,166910.4,2025-07-13T11:14:15.831141
2025-07-13,90836,2025071304003253,UNHPL,Dynamic Money Managers Securities Pvt. Ltd.,MILKY WAY SHARE BROKER COMPANY LTD ,10,415.2,4152.0,2025-07-13T11:14:24.776882
2025-07-13,90745,2025071304003266,UNHPL,Dynamic Money Managers Securities Pvt. Ltd.,Siprabi Securities Pvt. Ltd.,300,415.2,124560.0,2025-07-13T11:14:31.884295
2025-07-13,90683,2025071304003300,UNHPL,Ashutosh Brokerage & Securities (PVT) Ltd.,Dipshikha Dhitopatra Karobar Co. Pvt Ltd.,100,416.0,41600.0,2025-07-13T11:14:37.479713
2025-07-13,89689,2025071304003520,UNHPL,Dakshinkali Investment & Securities Pvt. Ltd.,Global IME Securities Limited,143,417.0,59631.0,2025-07-13T11:16:21.554384
2025-07-13,89688,2025071304003521,UNHPL,Dakshinkali Investment & Securities Pvt. Ltd.,Aryatara Investment & Securities,86,417.0,35862.0,2025-07-13T11:16:21.554555
2025-07-13,89639,2025071304003533,UNHPL,Dakshinkali Investment & Securities Pvt. Ltd.,Dynamic Money Managers Securities Pvt. Ltd.,350,417.0,145950.0,2025-07-13T11:16:25.124416
2025-07-13,89369,2025071304003603,UNHPL,Midas Stock Broking Company Private Limited,Dipshikha Dhitopatra Karobar Co. Pvt Ltd.,700,417.8,292460.0,2025-07-13T11:16:50.706235
2025-07-13,89368,2025071304003604,UNHPL,Midas Stock Broking Company Private Limited,Market Securities & Exchange (PVT) Ltd.,300,417.9,125370.0,2025-07-13T11:16:50.706416
2025-07-13,89367,2025071304003605,UNHPL,Secured Securities Ltd.,Aryatara Investment & Securities,150,417.9,62685.0,2025-07-13T11:16:50.997428
2025-07-13,89110,2025071304003655,UNHPL,Arun Securities (PVT) Ltd.,Dipshikha Dhitopatra Karobar Co. Pvt Ltd.,160,417.1,66736.0,2025-07-13T11:17:18.042989
2025-07-13,89109,2025071304003656,UNHPL,Dakshinkali Investment & Securities Pvt. Ltd.,Dipshikha Dhitopatra Karobar Co. Pvt Ltd.,200,417.0,83400.0,2025-07-13T11:17:18.043287
2025-07-13,89025,2025071304003675,UNHPL,Imperial Securities Company Pvt. Ltd.,Siprabi Securities Pvt. Ltd.,200,417.9,83580.0,2025-07-13T11:17:26.365817
2025-07-13,88961,2025071304003690,UNHPL,South Asian Bulls Pvt. Ltd.,Vision Securities Pvt. Ltd,250,418.0,104500.0,2025-07-13T11:17:31.444647
2025-07-13,88724,2025071304003730,UNHPL,Imperial Securities Company Pvt. Ltd.,Dipshikha Dhitopatra Karobar Co. Pvt Ltd.,500,417.9,208950.0,2025-07-13T11:17:53.886899
2025-07-13,88675,2025071304003735,UNHPL,Kohinoor Investment & Securities Pvt. Ltd.,Vision Securities Pvt. Ltd,150,418.0,62700.0,2025-07-13T11:17:58.957439
2025-07-13,88613,2025071304003749,UNHPL,Sani Securities Company Ltd.,Vision Securities Pvt. Ltd,210,418.0,87780.0,2025-07-13T11:18:03.675901
2025-07-13,88025,2025071304003847,UNHPL,Imperial Securities Company Pvt. Ltd.,Market Securities & Exchange (PVT) Ltd.,15,417.9,6268.5,2025-07-13T11:18:52.930931
2025-07-13,87690,2025071304003906,UNHPL,Pragyan Securities (PVT) Ltd.,Market Securities & Exchange (PVT) Ltd.,185,417.9,77311.5,2025-07-13T11:19:28.882678
2025-07-13,87123,2025071304003989,UNHPL,Pragyan Securities (PVT) Ltd.,Sani Securities Company Ltd.,315,417.9,131638.5,2025-07-13T11:20:19.586946
2025-07-13,87122,2025071304003990,UNHPL,Aryatara Investment & Securities,Sani Securities Company Ltd.,20,417.9,8358.0,2025-07-13T11:20:19.587097
2025-07-13,87121,2025071304003991,UNHPL,Dakshinkali Investment & Securities Pvt. Ltd.,Sani Securities Company Ltd.,221,417.0,92157.0,2025-07-13T11:20:19.587156
2025-07-13,87120,2025071304003992,UNHPL,Sewa Securities Pvt. Ltd.,Sani Securities Company Ltd.,444,417.0,185148.0,2025-07-13T11:20:19.587209
2025-07-13,86773,2025071304004042,UNHPL,Naasa Securities Co. Ltd.,Sani Securities Company Ltd.,500,417.0,208500.0,2025-07-13T11:20:45.027699
2025-07-13,86692,2025071304004059,UNHPL,Dynamic Money Managers Securities Pvt. Ltd.,Dynamic Money Managers Securities Pvt. Ltd.,288,416.3,119894.4,2025-07-13T11:20:53.645339
2025-07-13,86589,2025071304004088,UNHPL,Sharepro Securities Private Limited,Oxford Securities Pvt. Ltd.,500,416.2,208100.0,2025-07-13T11:21:05.612594
2025-07-13,86588,2025071304004089,UNHPL,Dipshikha Dhitopatra Karobar Co. Pvt Ltd.,Oxford Securities Pvt. Ltd.,96,416.2,39955.2,2025-07-13T11:21:05.612847
2025-07-13,86587,2025071304004090,UNHPL,Trademow Securities Private Limited,Oxford Securities Pvt. Ltd.,900,416.1,374490.0,2025-07-13T11:21:05.613002
2025-07-13,86456,2025071304004112,UNHPL,Siprabi Securities Pvt. Ltd.,SHUBHAKAMANA SECURITIES PVT. LTD,150,416.0,62400.0,2025-07-13T11:21:19.989253
2025-07-13,86455,2025071304004113,UNHPL,Capital Max Securities Ltd,SHUBHAKAMANA SECURITIES PVT. LTD,420,415.5,174510.0,2025-07-13T11:21:19.989324
2025-07-13,86454,2025071304004114,UNHPL,J.F. Securites (PVT) Ltd.,SHUBHAKAMANA SECURITIES PVT. LTD,100,415.1,41510.0,2025-07-13T11:21:19.989377
2025-07-13,86453,2025071304004115,UNHPL,Market Securities & Exchange (PVT) Ltd.,SHUBHAKAMANA SECURITIES PVT. LTD,20,415.0,8300.0,2025-07-13T11:21:19.989414
2025-07-13,86452,2025071304004116,UNHPL,Sani Securities Company Ltd.,SHUBHAKAMANA SECURITIES PVT. LTD,50,415.0,20750.0,2025-07-13T11:21:19.989449
2025-07-13,86451,2025071304004117,UNHPL,Online Securities Pvt. Ltd.,SHUBHAKAMANA SECURITIES PVT. LTD,260,415.0,107900.0,2025-07-13T11:21:19.989476
2025-07-13,86271,2025071304004159,UNHPL,Online Securities Pvt. Ltd.,Sani Securities Company Ltd.,340,415.0,141100.0,2025-07-13T11:21:39.526523
2025-07-13,86270,2025071304004160,UNHPL,Kohinoor Investment & Securities Pvt. Ltd.,Sani Securities Company Ltd.,50,415.0,20750.0,2025-07-13T11:21:39.526675
2025-07-13,86269,2025071304004161,UNHPL,ABC Securities Private Limited,Sani Securities Company Ltd.,1000,414.4,414400.0,2025-07-13T11:21:39.526727
2025-07-13,86268,2025071304004162,UNHPL,Capital Max Securities Ltd,Sani Securities Company Ltd.,3610,414.2,1495262.0,2025-07-13T11:21:39.52678
2025-07-13,85833,2025071304004231,UNHPL,Sani Securities Company Ltd.,SHUBHAKAMANA SECURITIES PVT. LTD,30,415.2,12456.0,2025-07-13T11:22:21.168351
2025-07-13,85832,2025071304004232,UNHPL,Market Securities & Exchange (PVT) Ltd.,SHUBHAKAMANA SECURITIES PVT. LTD,100,414.3,41430.0,2025-07-13T11:22:21.168415
2025-07-13,85831,2025071304004233,UNHPL,Capital Max Securities Ltd,SHUBHAKAMANA SECURITIES PVT. LTD,1390,414.2,575738.0,2025-07-13T11:22:21.168442
2025-07-13,85830,2025071304004234,UNHPL,Aryatara Investment & Securities,SHUBHAKAMANA SECURITIES PVT. LTD,20,414.2,8284.0,2025-07-13T11:22:21.168471
2025-07-13,85829,2025071304004235,UNHPL,Sharepro Securities Private Limited,SHUBHAKAMANA SECURITIES PVT. LTD,441,414.1,182618.1,2025-07-13T11:22:21.168495
2025-07-13,85828,2025071304004236,UNHPL,Sani Securities Company Ltd.,SHUBHAKAMANA SECURITIES PVT. LTD,2000,414.0,828000.0,2025-07-13T11:22:21.168523
2025-07-13,85827,2025071304004237,UNHPL,KALASH STOCK MARKET PVT. LTD.,SHUBHAKAMANA SECURITIES PVT. LTD,400,414.0,165600.0,2025-07-13T11:22:21.168549
2025-07-13,85826,2025071304004238,UNHPL,Trademow Securities Private Limited,SHUBHAKAMANA SECURITIES PVT. LTD,1269,414.0,525366.0,2025-07-13T11:22:21.1686
2025-07-13,85770,2025071304004248,UNHPL,Trademow Securities Private Limited,Dipshikha Dhitopatra Karobar Co. Pvt Ltd.,400,414.0,165600.0,2025-07-13T11:22:27.166447
2025-07-13,85676,2025071304004270,UNHPL,Trademow Securities Private Limited,Sani Securities Company Ltd.,35,414.0,14490.0,2025-07-13T11:22:40.595345
2025-07-13,85538,2025071304004291,UNHPL,Trademow Securities Private Limited,SHUBHAKAMANA SECURITIES PVT. LTD,696,414.0,288144.0,2025-07-13T11:22:54.271783
2025-07-13,85537,2025071304004292,UNHPL,Opal Securities Investment (PVT) Ltd.,SHUBHAKAMANA SECURITIES PVT. LTD,180,414.0,74520.0,2025-07-13T11:22:54.271841
2025-07-13,85536,2025071304004293,UNHPL,Vision Securities Pvt. Ltd,SHUBHAKAMANA SECURITIES PVT. LTD,20,414.0,8280.0,2025-07-13T11:22:54.27187
2025-07-13,85535,2025071304004294,UNHPL,Naasa Securities Co. Ltd.,SHUBHAKAMANA SECURITIES PVT. LTD,104,414.0,43056.0,2025-07-13T11:22:54.271894
2025-07-13,85196,2025071304004369,UNHPL,Naasa Securities Co. Ltd.,Midas Stock Broking Company Private Limited,96,414.0,39744.0,2025-07-13T11:23:28.256989
2025-07-13,85195,2025071304004370,UNHPL,Creative Securities Pvt Ltd,Midas Stock Broking Company Private Limited,120,414.0,49680.0,2025-07-13T11:23:28.257208
2025-07-13,84749,2025071304004487,UNHPL,ABC Securities Private Limited,Dipshikha Dhitopatra Karobar Co. Pvt Ltd.,50,414.1,20705.0,2025-07-13T11:24:06.772691
2025-07-13,84748,2025071304004488,UNHPL,Creative Securities Pvt Ltd,Dipshikha Dhitopatra Karobar Co. Pvt Ltd.,70,414.0,28980.0,2025-07-13T11:24:06.772745
2025-07-13,84699,2025071304004500,UNHPL,Midas Stock Broking Company Private Limited,Midas Stock Broking Company Private Limited,10,415.8,4158.0,2025-07-13T11:24:09.448992
2025-07-13,84698,2025071304004501,UNHPL,Midas Stock Broking Company Private Limited,KALASH STOCK MARKET PVT. LTD.,490,415.9,203791.0,2025-07-13T11:24:09.449148
2025-07-13,84628,2025071304004523,UNHPL,Creative Securities Pvt Ltd,Oxford Securities Pvt. Ltd.,10,414.0,4140.0,2025-07-13T11:24:18.058268
2025-07-13,84515,2025071304004541,UNHPL,Kohinoor Investment & Securities Pvt. Ltd.,Vision Securities Pvt. Ltd,50,415.0,20750.0,2025-07-13T11:24:27.499645
2025-07-13,84243,2025071304004607,UNHPL,Kohinoor Investment & Securities Pvt. Ltd.,Midas Stock Broking Company Private Limited,40,415.0,16600.0,2025-07-13T11:24:53.702752
2025-07-13,82702,2025071304005021,UNHPL,Creative Securities Pvt Ltd,Midas Stock Broking Company Private Limited,40,414.0,16560.0,2025-07-13T11:27:11.619453
2025-07-13,82701,2025071304005022,UNHPL,Citizens Share Broker Limited,Midas Stock Broking Company Private Limited,22,413.0,9086.0,2025-07-13T11:27:11.619622
2025-07-13,82700,2025071304005023,UNHPL,Citizens Share Broker Limited,Midas Stock Broking Company Private Limited,60,413.0,24780.0,2025-07-13T11:27:11.619699
2025-07-13,82699,2025071304005024,UNHPL,ABC Securities Private Limited,Midas Stock Broking Company Private Limited,50,413.0,20650.0,2025-07-13T11:27:11.619769
2025-07-13,82698,2025071304005025,UNHPL,Sani Securities Company Ltd.,Midas Stock Broking Company Private Limited,45,413.0,18585.0,2025-07-13T11:27:11.619845
2025-07-13,82465,2025071304005059,UNHPL,Sani Securities Company Ltd.,Midas Stock Broking Company Private Limited,30,413.0,12390.0,2025-07-13T11:27:33.699701
2025-07-13,82394,2025071304005067,UNHPL,Sani Securities Company Ltd.,Kumari Securities Private Limited,225,413.0,92925.0,2025-07-13T11:27:41.090083
2025-07-13,82393,2025071304005068,UNHPL,Premier Securities Company Ltd.,Kumari Securities Private Limited,275,412.2,113355.0,2025-07-13T11:27:41.09025
2025-07-13,81898,2025071304005130,UNHPL,Premier Securities Company Ltd.,Sweta Securities Private Limited,512,412.2,211046.4,2025-07-13T11:28:22.966791
2025-07-13,81719,2025071304005180,UNHPL,Premier Securities Company Ltd.,Nagarik Stock Dealer ,500,412.2,206100.0,2025-07-13T11:28:37.771255
2025-07-13,81289,2025071304005266,UNHPL,Premier Securities Company Ltd.,Vision Securities Pvt. Ltd,200,412.2,82440.0,2025-07-13T11:29:24.327897
2025-07-13,81171,2025071304005280,UNHPL,Kumari Securities Private Limited,South Asian Bulls Pvt. Ltd.,300,413.0,123900.0,2025-07-13T11:29:35.064239
2025-07-13,81160,2025071304005286,UNHPL,Premier Securities Company Ltd.,Opal Securities Investment (PVT) Ltd.,50,412.2,20610.0,2025-07-13T11:29:36.807021
2025-07-13,81118,2025071304005298,UNHPL,Nepal Stock House (PVT) Ltd.,South Asian Bulls Pvt. Ltd.,245,413.0,101185.0,2025-07-13T11:29:40.177102
2025-07-13,80895,2025071304005323,UNHPL,Nepal Stock House (PVT) Ltd.,Sharepro Securities Private Limited,346,413.0,142898.0,2025-07-13T11:30:04.29478
2025-07-13,80844,2025071304005337,UNHPL,ABC Securities Private Limited,KALASH STOCK MARKET PVT. LTD.,1000,414.0,414000.0,2025-07-13T11:30:11.849955
2025-07-13,80168,2025071304005508,UNHPL,Deevyaa Securities & Stock House Pvt. Ltd,Kalika Securities Pvt. Ltd.,200,414.0,82800.0,2025-07-13T11:31:20.853143
2025-07-13,79663,2025071304005611,UNHPL,Nepal Stock House (PVT) Ltd.,Opal Securities Investment (PVT) Ltd.,16,413.0,6608.0,2025-07-13T11:32:14.693267
2025-07-13,79332,2025071304005683,UNHPL,Sewa Securities Pvt. Ltd.,Kalika Securities Pvt. Ltd.,250,414.0,103500.0,2025-07-13T11:32:52.736369
2025-07-13,78184,2025071304005975,UNHPL,Neev Securities Pvt. Ltd.,Asian Securities Private Ltd.,50,413.9,20695.0,2025-07-13T11:34:43.520146
2025-07-13,77858,2025071304006052,UNHPL,Dynamic Money Managers Securities Pvt. Ltd.,Asian Securities Private Ltd.,550,413.9,227645.0,2025-07-13T11:35:16.985374
2025-07-13,77857,2025071304006053,UNHPL,Dynamic Money Managers Securities Pvt. Ltd.,Kalika Securities Pvt. Ltd.,450,414.0,186300.0,2025-07-13T11:35:16.985521
2025-07-13,77678,2025071304006085,UNHPL,Naasa Securities Co. Ltd.,Naasa Securities Co. Ltd.,25,413.2,10330.0,2025-07-13T11:35:34.763361
2025-07-13,77519,2025071304006147,UNHPL,Capital Max Securities Ltd,Naasa Securities Co. Ltd.,50,413.2,20660.0,2025-07-13T11:35:47.306783
2025-07-13,77430,2025071304006174,UNHPL,Nepal Investment And Securities Trading Private Limited,Naasa Securities Co. Ltd.,50,413.2,20660.0,2025-07-13T11:35:57.188934
2025-07-13,76803,2025071304006268,UNHPL,Aryatara Investment & Securities,Imperial Securities Company Pvt. Ltd.,500,413.3,206650.0,2025-07-13T11:37:07.917866
2025-07-13,76700,2025071304006301,UNHPL,Aryatara Investment & Securities,Capital Max Securities Ltd,100,413.3,41330.0,2025-07-13T11:37:19.662305
2025-07-13,76699,2025071304006302,UNHPL,Nepal Investment And Securities Trading Private Limited,Capital Max Securities Ltd,50,413.2,20660.0,2025-07-13T11:37:19.662466
2025-07-13,76698,2025071304006303,UNHPL,Linch Stock Market Ltd.,Capital Max Securities Ltd,328,413.2,135529.6,2025-07-13T11:37:19.662532
2025-07-13,76697,2025071304006304,UNHPL,Sani Securities Company Ltd.,Capital Max Securities Ltd,10,413.2,4132.0,2025-07-13T11:37:19.662588
2025-07-13,76696,2025071304006305,UNHPL,Dipshikha Dhitopatra Karobar Co. Pvt Ltd.,Capital Max Securities Ltd,176,413.1,72705.6,2025-07-13T11:37:19.662645
2025-07-13,76183,2025071304006432,UNHPL,Dipshikha Dhitopatra Karobar Co. Pvt Ltd.,Aryatara Investment & Securities,324,413.1,133844.4,2025-07-13T11:38:25.377216
2025-07-13,76182,2025071304006433,UNHPL,Nepal Stock House (PVT) Ltd.,Aryatara Investment & Securities,393,413.0,162309.0,2025-07-13T11:38:25.377413
2025-07-13,76181,2025071304006434,UNHPL,Imperial Securities Company Pvt. Ltd.,Aryatara Investment & Securities,200,413.0,82600.0,2025-07-13T11:38:25.377523
2025-07-13,76180,2025071304006435,UNHPL,Sani Securities Company Ltd.,Aryatara Investment & Securities,10,413.0,4130.0,2025-07-13T11:38:25.377595
2025-07-13,76090,2025071304006448,UNHPL,Nepal Stock House (PVT) Ltd.,Aryatara Investment & Securities,143,413.0,59059.0,2025-07-13T11:38:38.819353
2025-07-13,75791,2025071304006521,UNHPL,Capital Max Securities Ltd,Aryatara Investment & Securities,20,413.0,8260.0,2025-07-13T11:39:17.143209
2025-07-13,75690,2025071304006532,UNHPL,ABC Securities Private Limited,SHUBHAKAMANA SECURITIES PVT. LTD,1000,413.1,413100.0,2025-07-13T11:39:28.483692
2025-07-13,75689,2025071304006533,UNHPL,Capital Max Securities Ltd,SHUBHAKAMANA SECURITIES PVT. LTD,180,413.0,74340.0,2025-07-13T11:39:28.483866
2025-07-13,75688,2025071304006534,UNHPL,Vision Securities Pvt. Ltd,SHUBHAKAMANA SECURITIES PVT. LTD,200,412.6,82520.0,2025-07-13T11:39:28.483925
2025-07-13,75687,2025071304006535,UNHPL,Magnet Securities and Investment Company Private Limited,SHUBHAKAMANA SECURITIES PVT. LTD,250,412.3,103075.0,2025-07-13T11:39:28.484028
2025-07-13,75686,2025071304006536,UNHPL,Premier Securities Company Ltd.,SHUBHAKAMANA SECURITIES PVT. LTD,370,412.2,152514.0,2025-07-13T11:39:28.48408
2025-07-13,74505,2025071304006779,UNHPL,J.F. Securites (PVT) Ltd.,KALASH STOCK MARKET PVT. LTD.,200,412.4,82480.0,2025-07-13T11:41:59.226962
2025-07-13,74441,2025071304006807,UNHPL,Trishakti Securities Public Limited,Capital Max Securities Ltd,500,412.3,206150.0,2025-07-13T11:42:05.725974
2025-07-13,74243,2025071304006856,UNHPL,Trishakti Securities Public Limited,Kohinoor Investment & Securities Pvt. Ltd.,10,412.3,4123.0,2025-07-13T11:42:31.498102
2025-07-13,74242,2025071304006857,UNHPL,Premier Securities Company Ltd.,Kohinoor Investment & Securities Pvt. Ltd.,990,412.2,408078.0,2025-07-13T11:42:31.498271
2025-07-13,74174,2025071304006862,UNHPL,Premier Securities Company Ltd.,Online Securities Pvt. Ltd.,110,412.2,45342.0,2025-07-13T11:42:44.251375
2025-07-13,74173,2025071304006863,UNHPL,Citizens Share Broker Limited,Online Securities Pvt. Ltd.,50,412.0,20600.0,2025-07-13T11:42:44.251539
2025-07-13,74172,2025071304006864,UNHPL,Citizens Share Broker Limited,Online Securities Pvt. Ltd.,50,412.0,20600.0,2025-07-13T11:42:44.251598
2025-07-13,74171,2025071304006865,UNHPL,Agrawal Securities (PVT) Ltd.,Online Securities Pvt. Ltd.,700,412.0,288400.0,2025-07-13T11:42:44.251647
2025-07-13,74170,2025071304006866,UNHPL,Sundhara Securities Limited,Online Securities Pvt. Ltd.,90,412.0,37080.0,2025-07-13T11:42:44.251694
2025-07-13,73881,2025071304006917,UNHPL,Sundhara Securities Limited,Opal Securities Investment (PVT) Ltd.,110,412.0,45320.0,2025-07-13T11:43:30.153464
2025-07-13,73880,2025071304006918,UNHPL,ABC Securities Private Limited,Opal Securities Investment (PVT) Ltd.,50,410.5,20525.0,2025-07-13T11:43:30.153508
2025-07-13,73879,2025071304006919,UNHPL,Dipshikha Dhitopatra Karobar Co. Pvt Ltd.,Opal Securities Investment (PVT) Ltd.,300,410.5,123150.0,2025-07-13T11:43:30.153535
2025-07-13,73490,2025071304006986,UNHPL,Nepal Investment And Securities Trading Private Limited,KALASH STOCK MARKET PVT. LTD.,100,410.6,41060.0,2025-07-13T11:44:23.694117
2025-07-13,73292,2025071304007050,UNHPL,Dipshikha Dhitopatra Karobar Co. Pvt Ltd.,Sani Securities Company Ltd.,200,410.5,82100.0,2025-07-13T11:44:46.419037
2025-07-13,73291,2025071304007051,UNHPL,ABC Securities Private Limited,Sani Securities Company Ltd.,1000,410.3,410300.0,2025-07-13T11:44:46.419262
2025-07-13,73290,2025071304007052,UNHPL,Naasa Securities Co. Ltd.,Sani Securities Company Ltd.,197,410.3,80829.1,2025-07-13T11:44:46.419393
2025-07-13,73289,2025071304007053,UNHPL,Capital Max Securities Ltd,Sani Securities Company Ltd.,2103,410.2,862650.6,2025-07-13T11:44:46.419471
2025-07-13,73177,2025071304007081,UNHPL,Capital Max Securities Ltd,Kalika Securities Pvt. Ltd.,500,410.2,205100.0,2025-07-13T11:45:02.349588
2025-07-13,73139,2025071304007088,UNHPL,Capital Max Securities Ltd,Secured Securities Ltd.,1100,410.2,451220.0,2025-07-13T11:45:10.394144
2025-07-13,73043,2025071304007114,UNHPL,South Asian Bulls Pvt. Ltd.,KALASH STOCK MARKET PVT. LTD.,200,410.5,82100.0,2025-07-13T11:45:22.098115
2025-07-13,72801,2025071304007147,UNHPL,South Asian Bulls Pvt. Ltd.,Ashutosh Brokerage & Securities (PVT) Ltd.,18,411.0,7398.0,2025-07-13T11:46:07.206268
2025-07-13,72702,2025071304007165,UNHPL,South Asian Bulls Pvt. Ltd.,KALASH STOCK MARKET PVT. LTD.,80,411.0,32880.0,2025-07-13T11:46:31.099601
2025-07-13,72614,2025071304007187,UNHPL,South Asian Bulls Pvt. Ltd.,SHUBHAKAMANA SECURITIES PVT. LTD,202,411.0,83022.0,2025-07-13T11:46:44.031027
2025-07-13,72613,2025071304007188,UNHPL,Aryatara Investment & Securities,SHUBHAKAMANA SECURITIES PVT. LTD,250,410.3,102575.0,2025-07-13T11:46:44.031298
2025-07-13,72612,2025071304007189,UNHPL,Capital Max Securities Ltd,SHUBHAKAMANA SECURITIES PVT. LTD,1297,410.2,532029.4,2025-07-13T11:46:44.03149
2025-07-13,72611,2025071304007190,UNHPL,Thrive Brokerage House Pvt. Ltd,SHUBHAKAMANA SECURITIES PVT. LTD,10,410.1,4101.0,2025-07-13T11:46:44.031636
2025-07-13,72610,2025071304007191,UNHPL,Sundhara Securities Limited,SHUBHAKAMANA SECURITIES PVT. LTD,10,410.0,4100.0,2025-07-13T11:46:44.031788
2025-07-13,72609,2025071304007192,UNHPL,J.F. Securites (PVT) Ltd.,SHUBHAKAMANA SECURITIES PVT. LTD,151,410.0,61910.0,2025-07-13T11:46:44.031936
2025-07-13,72535,2025071304007210,UNHPL,Linch Stock Market Ltd.,SHUBHAKAMANA SECURITIES PVT. LTD,100,411.0,41100.0,2025-07-13T11:46:56.080275
2025-07-13,72534,2025071304007211,UNHPL,J.F. Securites (PVT) Ltd.,SHUBHAKAMANA SECURITIES PVT. LTD,49,410.0,20090.0,2025-07-13T11:46:56.08043
2025-07-13,72533,2025071304007212,UNHPL,Nepal Stock House (PVT) Ltd.,SHUBHAKAMANA SECURITIES PVT. LTD,1000,410.0,410000.0,2025-07-13T11:46:56.08049
2025-07-13,72532,2025071304007213,UNHPL,Naasa Securities Co. Ltd.,SHUBHAKAMANA SECURITIES PVT. LTD,100,410.0,41000.0,2025-07-13T11:46:56.080544
2025-07-13,72531,2025071304007214,UNHPL,Vision Securities Pvt. Ltd,SHUBHAKAMANA SECURITIES PVT. LTD,20,410.0,8200.0,2025-07-13T11:46:56.080595
2025-07-13,72530,2025071304007215,UNHPL,Sani Securities Company Ltd.,SHUBHAKAMANA SECURITIES PVT. LTD,131,410.0,53710.0,2025-07-13T11:46:56.080655
2025-07-13,72495,2025071304007218,UNHPL,Sani Securities Company Ltd.,SHUBHAKAMANA SECURITIES PVT. LTD,20,410.0,8200.0,2025-07-13T11:47:05.10819
2025-07-13,72494,2025071304007219,UNHPL,Sani Securities Company Ltd.,Aryatara Investment & Securities,980,410.0,401800.0,2025-07-13T11:47:05.366153
2025-07-13,72391,2025071304007234,UNHPL,Naasa Securities Co. Ltd.,Secured Securities Ltd.,100,410.1,41010.0,2025-07-13T11:47:19.845106
2025-07-13,72390,2025071304007235,UNHPL,Sani Securities Company Ltd.,Secured Securities Ltd.,869,410.0,356290.0,2025-07-13T11:47:19.84539
2025-07-13,72389,2025071304007236,UNHPL,Property Wiard Limited,Secured Securities Ltd.,70,410.0,28700.0,2025-07-13T11:47:19.845552
2025-07-13,72388,2025071304007237,UNHPL,Online Securities Pvt. Ltd.,Secured Securities Ltd.,61,410.0,25010.0,2025-07-13T11:47:19.845703
2025-07-13,72350,2025071304007259,UNHPL,Online Securities Pvt. Ltd.,Naasa Securities Co. Ltd.,20,410.0,8200.0,2025-07-13T11:47:24.941433
2025-07-13,72314,2025071304007266,UNHPL,Online Securities Pvt. Ltd.,SHUBHAKAMANA SECURITIES PVT. LTD,19,410.0,7790.0,2025-07-13T11:47:29.180748
2025-07-13,72313,2025071304007267,UNHPL,KALASH STOCK MARKET PVT. LTD.,SHUBHAKAMANA SECURITIES PVT. LTD,200,410.0,82000.0,2025-07-13T11:47:29.180998
2025-07-13,72312,2025071304007268,UNHPL,Agrawal Securities (PVT) Ltd.,SHUBHAKAMANA SECURITIES PVT. LTD,100,409.0,40900.0,2025-07-13T11:47:29.181163
2025-07-13,72311,2025071304007269,UNHPL,Vision Securities Pvt. Ltd,SHUBHAKAMANA SECURITIES PVT. LTD,181,409.0,74029.0,2025-07-13T11:47:29.181335
2025-07-13,71995,2025071304007340,UNHPL,Naasa Securities Co. Ltd.,Sharepro Securities Private Limited,100,410.0,41000.0,2025-07-13T11:48:14.829011
2025-07-13,71812,2025071304007365,UNHPL,Linch Stock Market Ltd.,Oxford Securities Pvt. Ltd.,15,410.0,6150.0,2025-07-13T11:48:43.261363
2025-07-13,71754,2025071304007378,UNHPL,South Asian Bulls Pvt. Ltd.,Oxford Securities Pvt. Ltd.,85,410.0,34850.0,2025-07-13T11:48:52.353261
2025-07-13,71637,2025071304007405,UNHPL,Sumeru Securities Pvt. Ltd.,Bhrikuti Stock Broking Co. Pvt. Ltd.,40,412.0,16480.0,2025-07-13T11:49:11.523329
2025-07-13,71636,2025071304007406,UNHPL,Sumeru Securities Pvt. Ltd.,Aryatara Investment & Securities,200,413.9,82780.0,2025-07-13T11:49:11.523375
2025-07-13,71635,2025071304007407,UNHPL,Sumeru Securities Pvt. Ltd.,Kalika Securities Pvt. Ltd.,100,414.0,41400.0,2025-07-13T11:49:11.523408
2025-07-13,71634,2025071304007408,UNHPL,Sumeru Securities Pvt. Ltd.,Capital Max Securities Ltd,100,414.0,41400.0,2025-07-13T11:49:11.523435
2025-07-13,71540,2025071304007420,UNHPL,Deevyaa Securities & Stock House Pvt. Ltd,Vision Securities Pvt. Ltd,100,410.1,41010.0,2025-07-13T11:49:30.555895
2025-07-13,71539,2025071304007421,UNHPL,South Asian Bulls Pvt. Ltd.,Vision Securities Pvt. Ltd,100,410.0,41000.0,2025-07-13T11:49:30.556073
2025-07-13,70873,2025071304007615,UNHPL,Trishakti Securities Public Limited,KALASH STOCK MARKET PVT. LTD.,200,410.1,82020.0,2025-07-13T11:51:19.028568
2025-07-13,70872,2025071304007616,UNHPL,Naasa Securities Co. Ltd.,KALASH STOCK MARKET PVT. LTD.,100,410.1,41010.0,2025-07-13T11:51:19.028815
2025-07-13,70298,2025071304007739,UNHPL,Naasa Securities Co. Ltd.,Online Securities Pvt. Ltd.,10,411.5,4115.0,2025-07-13T11:52:55.641062
2025-07-13,70272,2025071304007744,UNHPL,Dipshikha Dhitopatra Karobar Co. Pvt Ltd.,Naasa Securities Co. Ltd.,100,412.0,41200.0,2025-07-13T11:53:00.871051
2025-07-13,70271,2025071304007745,UNHPL,Dipshikha Dhitopatra Karobar Co. Pvt Ltd.,Online Securities Pvt. Ltd.,10,413.0,4130.0,2025-07-13T11:53:00.87121
2025-07-13,70270,2025071304007746,UNHPL,Dipshikha Dhitopatra Karobar Co. Pvt Ltd.,Capital Max Securities Ltd,100,414.0,41400.0,2025-07-13T11:53:00.871269
2025-07-13,70269,2025071304007747,UNHPL,Dipshikha Dhitopatra Karobar Co. Pvt Ltd.,Aryatara Investment & Securities,60,414.0,24840.0,2025-07-13T11:53:00.871341
2025-07-13,70268,2025071304007748,UNHPL,Dipshikha Dhitopatra Karobar Co. Pvt Ltd.,Sharepro Securities Private Limited,92,414.0,38088.0,2025-07-13T11:53:00.87142
2025-07-13,69482,2025071304007911,UNHPL,Sani Securities Company Ltd.,N.M.B. SECURITIES LIMITED,10,413.9,4139.0,2025-07-13T11:55:40.041197
2025-07-13,69344,2025071304007940,UNHPL,Naasa Securities Co. Ltd.,Sharepro Securities Private Limited,10,411.5,4115.0,2025-07-13T11:56:07.203489
2025-07-13,69343,2025071304007941,UNHPL,Sumeru Securities Pvt. Ltd.,Sharepro Securities Private Limited,100,411.2,41120.0,2025-07-13T11:56:07.203644
2025-07-13,69342,2025071304007942,UNHPL,INDEX SECURITIES LIMITED,Sharepro Securities Private Limited,90,411.1,36999.0,2025-07-13T11:56:07.203704
2025-07-13,69274,2025071304007949,UNHPL,INDEX SECURITIES LIMITED,Secured Securities Ltd.,900,411.1,369990.0,2025-07-13T11:56:21.17698
2025-07-13,69016,2025071304008010,UNHPL,Secured Securities Ltd.,Sharepro Securities Private Limited,120,412.0,49440.0,2025-07-13T11:56:54.460665
2025-07-13,68971,2025071304008014,UNHPL,INDEX SECURITIES LIMITED,Vision Securities Pvt. Ltd,500,411.1,205550.0,2025-07-13T11:57:04.011814
2025-07-13,68133,2025071304008221,UNHPL,INDEX SECURITIES LIMITED,N.M.B. SECURITIES LIMITED,10,411.1,4111.0,2025-07-13T11:59:21.04496
2025-07-13,68132,2025071304008222,UNHPL,South Asian Bulls Pvt. Ltd.,N.M.B. SECURITIES LIMITED,315,411.1,129496.5,2025-07-13T11:59:21.045071
2025-07-13,68131,2025071304008223,UNHPL,Dynamic Money Managers Securities Pvt. Ltd.,N.M.B. SECURITIES LIMITED,600,411.0,246600.0,2025-07-13T11:59:21.045179
2025-07-13,68130,2025071304008224,UNHPL,Dipshikha Dhitopatra Karobar Co. Pvt Ltd.,N.M.B. SECURITIES LIMITED,75,410.2,30765.0,2025-07-13T11:59:21.04525
2025-07-13,67743,2025071304008317,UNHPL,Nepal Stock House (PVT) Ltd.,Sharepro Securities Private Limited,110,412.0,45320.0,2025-07-13T12:00:19.983876
2025-07-13,67183,2025071304008419,UNHPL,Nepal Stock House (PVT) Ltd.,Dipshikha Dhitopatra Karobar Co. Pvt Ltd.,25,412.0,10300.0,2025-07-13T12:01:52.899694
2025-07-13,67181,2025071304008421,UNHPL,Secured Securities Ltd.,Dynamic Money Managers Securities Pvt. Ltd.,60,411.0,24660.0,2025-07-13T12:01:53.371615
2025-07-13,66726,2025071304008501,UNHPL,Nepal Stock House (PVT) Ltd.,N.M.B. SECURITIES LIMITED,490,413.9,202811.0,2025-07-13T12:03:01.249958
2025-07-13,66031,2025071304008616,UNHPL,Secured Securities Ltd.,Sani Securities Company Ltd.,50,412.0,20600.0,2025-07-13T12:05:18.372151
2025-07-13,65403,2025071304008746,UNHPL,Sani Securities Company Ltd.,Premier Securities Company Ltd.,10,413.9,4139.0,2025-07-13T12:07:22.737198
2025-07-13,65226,2025071304008784,UNHPL,Secured Securities Ltd.,N.M.B. SECURITIES LIMITED,390,412.0,160680.0,2025-07-13T12:07:50.490175
2025-07-13,65225,2025071304008785,UNHPL,Nepal Stock House (PVT) Ltd.,N.M.B. SECURITIES LIMITED,100,410.3,41030.0,2025-07-13T12:07:50.490226
2025-07-13,65224,2025071304008786,UNHPL,Online Securities Pvt. Ltd.,N.M.B. SECURITIES LIMITED,80,410.3,32824.0,2025-07-13T12:07:50.490253
2025-07-13,65223,2025071304008787,UNHPL,Dipshikha Dhitopatra Karobar Co. Pvt Ltd.,N.M.B. SECURITIES LIMITED,325,410.2,133315.0,2025-07-13T12:07:50.490278
2025-07-13,65222,2025071304008788,UNHPL,Naasa Securities Co. Ltd.,N.M.B. SECURITIES LIMITED,48,410.1,19684.8,2025-07-13T12:07:50.490303
2025-07-13,65221,2025071304008789,UNHPL,J.F. Securites (PVT) Ltd.,N.M.B. SECURITIES LIMITED,57,410.1,23375.7,2025-07-13T12:07:50.490346
2025-07-13,64457,2025071304008912,UNHPL,Dipshikha Dhitopatra Karobar Co. Pvt Ltd.,Property Wiard Limited,100,410.2,41020.0,2025-07-13T12:09:48.808508
2025-07-13,64155,2025071304008978,UNHPL,Sani Securities Company Ltd.,Trisul Securities & Invt. Ltd.,1000,410.3,410300.0,2025-07-13T12:10:49.123594
2025-07-13,63274,2025071304009116,UNHPL,Aryatara Investment & Securities,Secured Securities Ltd.,310,410.3,127193.0,2025-07-13T12:13:43.092907
2025-07-13,63273,2025071304009117,UNHPL,Aryatara Investment & Securities,Secured Securities Ltd.,19,410.3,7795.7,2025-07-13T12:13:43.09328
2025-07-13,63272,2025071304009118,UNHPL,Vision Securities Pvt. Ltd,Secured Securities Ltd.,300,410.2,123060.0,2025-07-13T12:13:43.093514
2025-07-13,63271,2025071304009119,UNHPL,J.F. Securites (PVT) Ltd.,Secured Securities Ltd.,93,410.1,38139.3,2025-07-13T12:13:43.093701
2025-07-13,63270,2025071304009120,UNHPL,Vision Securities Pvt. Ltd,Secured Securities Ltd.,378,410.1,155017.8,2025-07-13T12:13:43.093884
2025-07-13,62556,2025071304009219,UNHPL,KALASH STOCK MARKET PVT. LTD.,Vision Securities Pvt. Ltd,500,410.4,205200.0,2025-07-13T12:15:22.117542
2025-07-13,62252,2025071304009323,UNHPL,J.F. Securites (PVT) Ltd.,Opal Securities Investment (PVT) Ltd.,50,410.2,20510.0,2025-07-13T12:16:05.140556
2025-07-13,62251,2025071304009324,UNHPL,Trademow Securities Private Limited,Opal Securities Investment (PVT) Ltd.,50,410.2,20510.0,2025-07-13T12:16:05.140771
2025-07-13,61528,2025071304009467,UNHPL,Sani Securities Company Ltd.,KALASH STOCK MARKET PVT. LTD.,10,412.3,4123.0,2025-07-13T12:18:28.812164
2025-07-13,61361,2025071304009488,UNHPL,Sani Securities Company Ltd.,Online Securities Pvt. Ltd.,10,412.0,4120.0,2025-07-13T12:19:03.389915
2025-07-13,60772,2025071304009576,UNHPL,J.F. Securites (PVT) Ltd.,Primo Securities (PVT) Ltd.,373,412.0,153676.0,2025-07-13T12:20:28.009257
2025-07-13,60533,2025071304009641,UNHPL,J.F. Securites (PVT) Ltd.,Primo Securities (PVT) Ltd.,500,412.0,206000.0,2025-07-13T12:20:56.476645
2025-07-13,60362,2025071304009662,UNHPL,Thrive Brokerage House Pvt. Ltd,Primo Securities (PVT) Ltd.,127,412.0,52324.0,2025-07-13T12:21:26.010552
2025-07-13,60060,2025071304009725,UNHPL,Thrive Brokerage House Pvt. Ltd,Nepal Stock House (PVT) Ltd.,100,412.0,41200.0,2025-07-13T12:22:23.271094
2025-07-13,59390,2025071304009863,UNHPL,Thrive Brokerage House Pvt. Ltd,Trisul Securities & Invt. Ltd.,250,412.0,103000.0,2025-07-13T12:24:04.511522
2025-07-13,58566,2025071304010029,UNHPL,Thrive Brokerage House Pvt. Ltd,Vision Securities Pvt. Ltd,23,412.0,9476.0,2025-07-13T12:26:04.404244
2025-07-13,58386,2025071304010055,UNHPL,J.F. Securites (PVT) Ltd.,J.F. Securites (PVT) Ltd.,500,411.0,205500.0,2025-07-13T12:26:27.057408
2025-07-13,58183,2025071304010094,UNHPL,J.F. Securites (PVT) Ltd.,Elite Stock House Limited,500,411.0,205500.0,2025-07-13T12:27:06.868541
2025-07-13,58182,2025071304010095,UNHPL,Kohinoor Investment & Securities Pvt. Ltd.,Elite Stock House Limited,25,410.3,10257.5,2025-07-13T12:27:06.868796
2025-07-13,58181,2025071304010096,UNHPL,Trademow Securities Private Limited,Elite Stock House Limited,250,410.2,102550.0,2025-07-13T12:27:06.868922
2025-07-13,58180,2025071304010097,UNHPL,Imperial Securities Company Pvt. Ltd.,Elite Stock House Limited,100,410.0,41000.0,2025-07-13T12:27:06.868992
2025-07-13,58179,2025071304010098,UNHPL,Capital Max Securities Ltd,Elite Stock House Limited,200,410.0,82000.0,2025-07-13T12:27:06.869071
2025-07-13,58178,2025071304010099,UNHPL,Sani Securities Company Ltd.,Elite Stock House Limited,100,410.0,41000.0,2025-07-13T12:27:06.869139
2025-07-13,58177,2025071304010100,UNHPL,Secured Securities Ltd.,Elite Stock House Limited,200,410.0,82000.0,2025-07-13T12:27:06.869224
2025-07-13,58176,2025071304010101,UNHPL,Kumari Securities Private Limited,Elite Stock House Limited,24,410.0,9840.0,2025-07-13T12:27:06.869296
2025-07-13,58175,2025071304010102,UNHPL,Nepal Stock House (PVT) Ltd.,Elite Stock House Limited,64,410.0,26240.0,2025-07-13T12:27:06.869372
2025-07-13,58174,2025071304010103,UNHPL,Garima Securities Limited,Elite Stock House Limited,537,410.0,220170.0,2025-07-13T12:27:06.869442
2025-07-13,58069,2025071304010118,UNHPL,Garima Securities Limited,Kohinoor Investment & Securities Pvt. Ltd.,963,410.0,394830.0,2025-07-13T12:27:24.043701
2025-07-13,58068,2025071304010119,UNHPL,Nepal Stock House (PVT) Ltd.,Kohinoor Investment & Securities Pvt. Ltd.,100,409.6,40960.0,2025-07-13T12:27:24.043873
2025-07-13,58067,2025071304010120,UNHPL,Deevyaa Securities & Stock House Pvt. Ltd,Kohinoor Investment & Securities Pvt. Ltd.,1000,409.5,409500.0,2025-07-13T12:27:24.043951
2025-07-13,58066,2025071304010121,UNHPL,Sumeru Securities Pvt. Ltd.,Kohinoor Investment & Securities Pvt. Ltd.,137,409.3,56074.1,2025-07-13T12:27:24.044027
2025-07-13,57191,2025071304010272,UNHPL,Dakshinkali Investment & Securities Pvt. Ltd.,SHUBHAKAMANA SECURITIES PVT. LTD,200,409.4,81880.0,2025-07-13T12:29:04.055864
2025-07-13,57190,2025071304010273,UNHPL,Sumeru Securities Pvt. Ltd.,SHUBHAKAMANA SECURITIES PVT. LTD,800,409.3,327440.0,2025-07-13T12:29:04.056051
2025-07-13,57129,2025071304010294,UNHPL,Sumeru Securities Pvt. Ltd.,Naasa Securities Co. Ltd.,63,409.3,25785.9,2025-07-13T12:29:15.207131
2025-07-13,57128,2025071304010295,UNHPL,Beni Securities Pvt.Ltd.,Naasa Securities Co. Ltd.,25,409.0,10225.0,2025-07-13T12:29:15.207402
2025-07-13,57127,2025071304010296,UNHPL,Capital Max Securities Ltd,Naasa Securities Co. Ltd.,200,409.0,81800.0,2025-07-13T12:29:15.207499
2025-07-13,57126,2025071304010297,UNHPL,Naasa Securities Co. Ltd.,Naasa Securities Co. Ltd.,50,409.0,20450.0,2025-07-13T12:29:15.207584
2025-07-13,57125,2025071304010298,UNHPL,Agrawal Securities (PVT) Ltd.,Naasa Securities Co. Ltd.,150,409.0,61350.0,2025-07-13T12:29:15.207673
2025-07-13,57124,2025071304010299,UNHPL,Online Securities Pvt. Ltd.,Naasa Securities Co. Ltd.,100,409.0,40900.0,2025-07-13T12:29:15.207755
2025-07-13,56572,2025071304010366,UNHPL,KALASH STOCK MARKET PVT. LTD.,Naasa Securities Co. Ltd.,162,409.0,66258.0,2025-07-13T12:30:29.240853
2025-07-13,56571,2025071304010367,UNHPL,KALASH STOCK MARKET PVT. LTD.,Naasa Securities Co. Ltd.,38,409.0,15542.0,2025-07-13T12:30:29.241031
2025-07-13,56559,2025071304010369,UNHPL,Asian Securities Private Ltd.,Secured Securities Ltd.,100,408.7,40870.0,2025-07-13T12:30:30.819415
2025-07-13,56558,2025071304010370,UNHPL,Kumari Securities Private Limited,Secured Securities Ltd.,400,408.1,163240.0,2025-07-13T12:30:30.819582
2025-07-13,56384,2025071304010415,UNHPL,Kumari Securities Private Limited,Sharepro Securities Private Limited,200,408.1,81620.0,2025-07-13T12:30:59.172589
2025-07-13,56248,2025071304010428,UNHPL,Kumari Securities Private Limited,Sharepro Securities Private Limited,200,408.1,81620.0,2025-07-13T12:31:22.339674
2025-07-13,56090,2025071304010480,UNHPL,Imperial Securities Company Pvt. Ltd.,Naasa Securities Co. Ltd.,50,408.7,20435.0,2025-07-13T12:31:46.760127
2025-07-13,56089,2025071304010481,UNHPL,Kumari Securities Private Limited,Naasa Securities Co. Ltd.,39,408.1,15915.9,2025-07-13T12:31:46.760339
2025-07-13,56063,2025071304010484,UNHPL,Kohinoor Investment & Securities Pvt. Ltd.,Naasa Securities Co. Ltd.,120,409.0,49080.0,2025-07-13T12:31:47.899867
2025-07-13,56040,2025071304010490,UNHPL,Kumari Securities Private Limited,SHUBHAKAMANA SECURITIES PVT. LTD,161,408.1,65704.1,2025-07-13T12:31:53.603059
2025-07-13,56039,2025071304010491,UNHPL,Dynamic Money Managers Securities Pvt. Ltd.,SHUBHAKAMANA SECURITIES PVT. LTD,220,408.0,89760.0,2025-07-13T12:31:53.60313
2025-07-13,56038,2025071304010492,UNHPL,Sani Securities Company Ltd.,SHUBHAKAMANA SECURITIES PVT. LTD,114,408.0,46512.0,2025-07-13T12:31:53.603161
2025-07-13,55950,2025071304010500,UNHPL,Market Securities & Exchange (PVT) Ltd.,Naasa Securities Co. Ltd.,200,409.0,81800.0,2025-07-13T12:32:04.490639
2025-07-13,55907,2025071304010506,UNHPL,Sani Securities Company Ltd.,Sharepro Securities Private Limited,86,408.0,35088.0,2025-07-13T12:32:11.548464
2025-07-13,55906,2025071304010507,UNHPL,Primo Securities (PVT) Ltd.,Sharepro Securities Private Limited,309,408.0,126072.0,2025-07-13T12:32:11.548524
2025-07-13,55904,2025071304010508,UNHPL,Primo Securities (PVT) Ltd.,Vision Securities Pvt. Ltd,191,408.0,77928.0,2025-07-13T12:32:12.247293
2025-07-13,55903,2025071304010509,UNHPL,Vision Securities Pvt. Ltd,Vision Securities Pvt. Ltd,300,408.0,122400.0,2025-07-13T12:32:12.247482
2025-07-13,55902,2025071304010510,UNHPL,Sundhara Securities Limited,Vision Securities Pvt. Ltd,200,408.0,81600.0,2025-07-13T12:32:12.247574
2025-07-13,55901,2025071304010511,UNHPL,Aryatara Investment & Securities,Vision Securities Pvt. Ltd,100,408.0,40800.0,2025-07-13T12:32:12.24764
2025-07-13,55723,2025071304010534,UNHPL,South Asian Bulls Pvt. Ltd.,Dynamic Money Managers Securities Pvt. Ltd.,250,407.0,101750.0,2025-07-13T12:32:37.443345
2025-07-13,55722,2025071304010535,UNHPL,Trisul Securities & Invt. Ltd.,Dynamic Money Managers Securities Pvt. Ltd.,100,407.0,40700.0,2025-07-13T12:32:37.443529
2025-07-13,55634,2025071304010548,UNHPL,Trisul Securities & Invt. Ltd.,Sharepro Securities Private Limited,168,407.0,68376.0,2025-07-13T12:32:51.854403
2025-07-13,55171,2025071304010597,UNHPL,Trisul Securities & Invt. Ltd.,Online Securities Pvt. Ltd.,32,407.0,13024.0,2025-07-13T12:33:49.334079
2025-07-13,55170,2025071304010598,UNHPL,Naasa Securities Co. Ltd.,Online Securities Pvt. Ltd.,68,407.0,27676.0,2025-07-13T12:33:49.334252
2025-07-13,54540,2025071304010708,UNHPL,Nepal Investment And Securities Trading Private Limited,Vision Securities Pvt. Ltd,10,408.0,4080.0,2025-07-13T12:35:10.592449
2025-07-13,54452,2025071304010717,UNHPL,Kohinoor Investment & Securities Pvt. Ltd.,Elite Stock House Limited,100,407.3,40730.0,2025-07-13T12:35:21.779693
2025-07-13,54451,2025071304010718,UNHPL,Deevyaa Securities & Stock House Pvt. Ltd,Elite Stock House Limited,50,407.3,20365.0,2025-07-13T12:35:21.779864
2025-07-13,54450,2025071304010719,UNHPL,Aryatara Investment & Securities,Elite Stock House Limited,50,407.2,20360.0,2025-07-13T12:35:21.779935
2025-07-13,54147,2025071304010749,UNHPL,Aryatara Investment & Securities,Vision Securities Pvt. Ltd,199,408.0,81192.0,2025-07-13T12:36:01.601242
2025-07-13,54146,2025071304010750,UNHPL,Aryatara Investment & Securities,Nepal Stock House (PVT) Ltd.,100,408.0,40800.0,2025-07-13T12:36:01.601599
2025-07-13,54129,2025071304010753,UNHPL,Aryatara Investment & Securities,Naasa Securities Co. Ltd.,135,407.2,54972.0,2025-07-13T12:36:04.845559
2025-07-13,53918,2025071304010793,UNHPL,Aryatara Investment & Securities,Capital Max Securities Ltd,400,407.2,162880.0,2025-07-13T12:36:26.130628
2025-07-13,53856,2025071304010799,UNHPL,Aryatara Investment & Securities,KALASH STOCK MARKET PVT. LTD.,300,407.2,122160.0,2025-07-13T12:36:33.402561
2025-07-13,53667,2025071304010840,UNHPL,Aryatara Investment & Securities,Naasa Securities Co. Ltd.,115,409.0,47035.0,2025-07-13T12:37:05.378839
2025-07-13,53598,2025071304010855,UNHPL,Sani Securities Company Ltd.,Naasa Securities Co. Ltd.,20,408.0,8160.0,2025-07-13T12:37:20.784881
2025-07-13,53544,2025071304010859,UNHPL,Citizens Share Broker Limited,Capital Max Securities Ltd,100,406.7,40670.0,2025-07-13T12:37:27.459064
2025-07-13,53228,2025071304010909,UNHPL,ABC Securities Private Limited,Capital Max Securities Ltd,50,406.8,20340.0,2025-07-13T12:38:06.638563
2025-07-13,53227,2025071304010910,UNHPL,Citizens Share Broker Limited,Capital Max Securities Ltd,103,406.7,41890.1,2025-07-13T12:38:06.638615
2025-07-13,53226,2025071304010911,UNHPL,Capital Max Securities Ltd,Capital Max Securities Ltd,197,406.7,80119.9,2025-07-13T12:38:06.638653
2025-07-13,52923,2025071304010981,UNHPL,Capital Max Securities Ltd,Bhrikuti Stock Broking Co. Pvt. Ltd.,83,406.7,33756.1,2025-07-13T12:38:43.877246
2025-07-13,52922,2025071304010982,UNHPL,Naasa Securities Co. Ltd.,Bhrikuti Stock Broking Co. Pvt. Ltd.,17,406.4,6908.8,2025-07-13T12:38:43.877432
2025-07-13,52820,2025071304011005,UNHPL,Naasa Securities Co. Ltd.,Midas Stock Broking Company Private Limited,250,406.4,101600.0,2025-07-13T12:39:03.264515
2025-07-13,52687,2025071304011036,UNHPL,Sumeru Securities Pvt. Ltd.,Capital Max Securities Ltd,200,406.5,81300.0,2025-07-13T12:39:31.094426
2025-07-13,52686,2025071304011037,UNHPL,Sundhara Securities Limited,Capital Max Securities Ltd,100,406.5,40650.0,2025-07-13T12:39:31.094488
2025-07-13,52267,2025071304011099,UNHPL,Sundhara Securities Limited,Capital Max Securities Ltd,200,406.5,81300.0,2025-07-13T12:40:34.360243
2025-07-13,51744,2025071304011232,UNHPL,Sundhara Securities Limited,Capital Max Securities Ltd,450,406.5,182925.0,2025-07-13T12:41:49.685048
2025-07-13,51699,2025071304011245,UNHPL,Sundhara Securities Limited,Naasa Securities Co. Ltd.,250,406.5,101625.0,2025-07-13T12:41:58.167397
2025-07-13,51698,2025071304011246,UNHPL,Naasa Securities Co. Ltd.,Naasa Securities Co. Ltd.,200,406.5,81300.0,2025-07-13T12:41:58.167713
2025-07-13,51697,2025071304011247,UNHPL,Naasa Securities Co. Ltd.,Naasa Securities Co. Ltd.,50,406.4,20320.0,2025-07-13T12:41:58.1679
2025-07-13,50570,2025071304011503,UNHPL,Nepal Investment And Securities Trading Private Limited,Aryatara Investment & Securities,250,407.0,101750.0,2025-07-13T12:44:57.241475
2025-07-13,50569,2025071304011504,UNHPL,Ashutosh Brokerage & Securities (PVT) Ltd.,Aryatara Investment & Securities,350,406.5,142275.0,2025-07-13T12:44:57.241645
2025-07-13,50568,2025071304011505,UNHPL,Naasa Securities Co. Ltd.,Aryatara Investment & Securities,115,406.4,46736.0,2025-07-13T12:44:57.241712
2025-07-13,50567,2025071304011506,UNHPL,KALASH STOCK MARKET PVT. LTD.,Aryatara Investment & Securities,285,406.4,115824.0,2025-07-13T12:44:57.241784
2025-07-13,50505,2025071304011528,UNHPL,Siprabi Securities Pvt. Ltd.,Naasa Securities Co. Ltd.,10,408.0,4080.0,2025-07-13T12:45:06.977881
2025-07-13,50158,2025071304011620,UNHPL,Dakshinkali Investment & Securities Pvt. Ltd.,Naasa Securities Co. Ltd.,470,408.0,191760.0,2025-07-13T12:46:05.891437
2025-07-13,50157,2025071304011621,UNHPL,Dakshinkali Investment & Securities Pvt. Ltd.,Naasa Securities Co. Ltd.,500,408.0,204000.0,2025-07-13T12:46:05.891674
2025-07-13,50156,2025071304011622,UNHPL,Dakshinkali Investment & Securities Pvt. Ltd.,Kumari Securities Private Limited,30,408.0,12240.0,2025-07-13T12:46:05.891767
2025-07-13,49331,2025071304011806,UNHPL,Oxford Securities Pvt. Ltd.,Nagarik Stock Dealer ,30,406.6,12198.0,2025-07-13T12:48:20.22412
2025-07-13,49039,2025071304011907,UNHPL,Vision Securities Pvt. Ltd,Nepal Investment And Securities Trading Private Limited,100,406.5,40650.0,2025-07-13T12:49:21.508804
2025-07-13,48762,2025071304011963,UNHPL,Opal Securities Investment (PVT) Ltd.,Vision Securities Pvt. Ltd,100,406.6,40660.0,2025-07-13T12:50:03.15801
2025-07-13,48761,2025071304011964,UNHPL,Vision Securities Pvt. Ltd,Vision Securities Pvt. Ltd,50,406.5,20325.0,2025-07-13T12:50:03.158202
2025-07-13,48760,2025071304011965,UNHPL,Thrive Brokerage House Pvt. Ltd,Vision Securities Pvt. Ltd,500,406.5,203250.0,2025-07-13T12:50:03.158283
2025-07-13,48759,2025071304011966,UNHPL,KALASH STOCK MARKET PVT. LTD.,Vision Securities Pvt. Ltd,100,406.4,40640.0,2025-07-13T12:50:03.158362
2025-07-13,48513,2025071304012027,UNHPL,KALASH STOCK MARKET PVT. LTD.,ABC Securities Private Limited,615,406.4,249936.0,2025-07-13T12:50:41.339952
2025-07-13,48512,2025071304012028,UNHPL,Kumari Securities Private Limited,ABC Securities Private Limited,300,406.3,121890.0,2025-07-13T12:50:41.340174
2025-07-13,48511,2025071304012029,UNHPL,Kumari Securities Private Limited,ABC Securities Private Limited,200,406.2,81240.0,2025-07-13T12:50:41.340282
2025-07-13,48510,2025071304012030,UNHPL,Premier Securities Company Ltd.,ABC Securities Private Limited,3000,406.2,1218600.0,2025-07-13T12:50:41.340362
2025-07-13,48509,2025071304012031,UNHPL,Premier Securities Company Ltd.,ABC Securities Private Limited,1885,406.2,765687.0,2025-07-13T12:50:41.340431
2025-07-13,48367,2025071304012076,UNHPL,Premier Securities Company Ltd.,Neev Securities Pvt. Ltd.,100,406.2,40620.0,2025-07-13T12:50:59.549329
2025-07-13,48365,2025071304012077,UNHPL,Premier Securities Company Ltd.,SHUBHAKAMANA SECURITIES PVT. LTD,15,406.2,6093.0,2025-07-13T12:51:00.944153
2025-07-13,48364,2025071304012078,UNHPL,Naasa Securities Co. Ltd.,SHUBHAKAMANA SECURITIES PVT. LTD,40,406.0,16240.0,2025-07-13T12:51:00.944216
2025-07-13,48363,2025071304012079,UNHPL,Neev Securities Pvt. Ltd.,SHUBHAKAMANA SECURITIES PVT. LTD,500,406.0,203000.0,2025-07-13T12:51:00.944242
2025-07-13,48362,2025071304012080,UNHPL,Imperial Securities Company Pvt. Ltd.,SHUBHAKAMANA SECURITIES PVT. LTD,100,406.0,40600.0,2025-07-13T12:51:00.944269
2025-07-13,48361,2025071304012081,UNHPL,Sewa Securities Pvt. Ltd.,SHUBHAKAMANA SECURITIES PVT. LTD,250,406.0,101500.0,2025-07-13T12:51:00.944294
2025-07-13,48360,2025071304012082,UNHPL,Bhrikuti Stock Broking Co. Pvt. Ltd.,SHUBHAKAMANA SECURITIES PVT. LTD,72,406.0,29232.0,2025-07-13T12:51:00.944353
2025-07-13,48359,2025071304012083,UNHPL,Imperial Securities Company Pvt. Ltd.,SHUBHAKAMANA SECURITIES PVT. LTD,23,406.0,9338.0,2025-07-13T12:51:00.944378
2025-07-13,48243,2025071304012128,UNHPL,Vision Securities Pvt. Ltd,Imperial Securities Company Pvt. Ltd.,200,406.4,81280.0,2025-07-13T12:51:19.092567
2025-07-13,47391,2025071304012315,UNHPL,Imperial Securities Company Pvt. Ltd.,Investment Management Nepal Pvt. Ltd.,70,406.0,28420.0,2025-07-13T12:53:27.592302
2025-07-13,47225,2025071304012359,UNHPL,Siprabi Securities Pvt. Ltd.,Asian Securities Private Ltd.,40,405.8,16232.0,2025-07-13T12:53:56.549582
2025-07-13,47224,2025071304012360,UNHPL,Aryatara Investment & Securities,Asian Securities Private Ltd.,50,405.5,20275.0,2025-07-13T12:53:56.549656
2025-07-13,47223,2025071304012361,UNHPL,Sani Securities Company Ltd.,Asian Securities Private Ltd.,50,405.0,20250.0,2025-07-13T12:53:56.549699
2025-07-13,47222,2025071304012362,UNHPL,Sweta Securities Private Limited,Asian Securities Private Ltd.,100,405.0,40500.0,2025-07-13T12:53:56.549727
2025-07-13,47221,2025071304012363,UNHPL,Agrawal Securities (PVT) Ltd.,Asian Securities Private Ltd.,60,405.0,24300.0,2025-07-13T12:53:56.549754
2025-07-13,46925,2025071304012432,UNHPL,Agrawal Securities (PVT) Ltd.,Dakshinkali Investment & Securities Pvt. Ltd.,640,405.0,259200.0,2025-07-13T12:54:53.200023
2025-07-13,46924,2025071304012433,UNHPL,Sani Securities Company Ltd.,Dakshinkali Investment & Securities Pvt. Ltd.,200,405.0,81000.0,2025-07-13T12:54:53.200211
2025-07-13,46923,2025071304012434,UNHPL,KALASH STOCK MARKET PVT. LTD.,Dakshinkali Investment & Securities Pvt. Ltd.,100,405.0,40500.0,2025-07-13T12:54:53.200299
2025-07-13,46806,2025071304012442,UNHPL,Neev Securities Pvt. Ltd.,Siprabi Securities Pvt. Ltd.,270,404.0,109080.0,2025-07-13T12:55:07.856064
2025-07-13,46773,2025071304012453,UNHPL,Neev Securities Pvt. Ltd.,Opal Securities Investment (PVT) Ltd.,230,404.0,92920.0,2025-07-13T12:55:12.104155
2025-07-13,46772,2025071304012454,UNHPL,Linch Stock Market Ltd.,Opal Securities Investment (PVT) Ltd.,150,404.0,60600.0,2025-07-13T12:55:12.104417
2025-07-13,46771,2025071304012455,UNHPL,Dakshinkali Investment & Securities Pvt. Ltd.,Opal Securities Investment (PVT) Ltd.,20,404.0,8080.0,2025-07-13T12:55:12.104511
2025-07-13,46638,2025071304012482,UNHPL,Online Securities Pvt. Ltd.,Trisul Securities & Invt. Ltd.,100,405.0,40500.0,2025-07-13T12:55:40.430233
2025-07-13,46534,2025071304012494,UNHPL,Sumeru Securities Pvt. Ltd.,Imperial Securities Company Pvt. Ltd.,61,404.1,24650.1,2025-07-13T12:56:01.014983
2025-07-13,46426,2025071304012518,UNHPL,Deevyaa Securities & Stock House Pvt. Ltd,Imperial Securities Company Pvt. Ltd.,50,404.5,20225.0,2025-07-13T12:56:18.186405
2025-07-13,46425,2025071304012519,UNHPL,Sumeru Securities Pvt. Ltd.,Imperial Securities Company Pvt. Ltd.,99,404.1,40005.9,2025-07-13T12:56:18.186471
2025-07-13,46424,2025071304012520,UNHPL,Dakshinkali Investment & Securities Pvt. Ltd.,Imperial Securities Company Pvt. Ltd.,51,404.0,20604.0,2025-07-13T12:56:18.186501
2025-07-13,45853,2025071304012682,UNHPL,Dakshinkali Investment & Securities Pvt. Ltd.,Naasa Securities Co. Ltd.,29,404.0,11716.0,2025-07-13T12:58:11.248219
2025-07-13,45555,2025071304012764,UNHPL,Market Securities & Exchange (PVT) Ltd.,Aryatara Investment & Securities,50,403.3,20165.0,2025-07-13T12:59:07.188399
2025-07-13,45554,2025071304012765,UNHPL,Opal Securities Investment (PVT) Ltd.,Aryatara Investment & Securities,50,403.3,20165.0,2025-07-13T12:59:07.188608
2025-07-13,45324,2025071304012824,UNHPL,Vision Securities Pvt. Ltd,Sani Securities Company Ltd.,50,403.4,20170.0,2025-07-13T12:59:54.598798
2025-07-13,45171,2025071304012855,UNHPL,South Asian Bulls Pvt. Ltd.,Asian Securities Private Ltd.,50,403.5,20175.0,2025-07-13T13:00:21.911912
2025-07-13,45110,2025071304012876,UNHPL,South Asian Bulls Pvt. Ltd.,Sanima Securities Limited,450,403.5,181575.0,2025-07-13T13:00:33.168674
2025-07-13,45109,2025071304012877,UNHPL,Imperial Securities Company Pvt. Ltd.,Sanima Securities Limited,100,403.5,40350.0,2025-07-13T13:00:33.16877
2025-07-13,45108,2025071304012878,UNHPL,KALASH STOCK MARKET PVT. LTD.,Sanima Securities Limited,150,403.2,60480.0,2025-07-13T13:00:33.168849
2025-07-13,45107,2025071304012879,UNHPL,Imperial Securities Company Pvt. Ltd.,Sanima Securities Limited,500,403.1,201550.0,2025-07-13T13:00:33.168921
2025-07-13,45106,2025071304012880,UNHPL,Nepal Stock House (PVT) Ltd.,Sanima Securities Limited,100,403.0,40300.0,2025-07-13T13:00:33.168994
2025-07-13,45105,2025071304012881,UNHPL,Nepal Stock House (PVT) Ltd.,Sanima Securities Limited,100,403.0,40300.0,2025-07-13T13:00:33.169066
2025-07-13,45104,2025071304012882,UNHPL,SHUBHAKAMANA SECURITIES PVT. LTD,Sanima Securities Limited,100,403.0,40300.0,2025-07-13T13:00:33.169137
2025-07-13,44851,2025071304012933,UNHPL,SHUBHAKAMANA SECURITIES PVT. LTD,Secured Securities Ltd.,900,403.0,362700.0,2025-07-13T13:01:20.047037
2025-07-13,44850,2025071304012934,UNHPL,Aryatara Investment & Securities,Secured Securities Ltd.,124,403.0,49972.0,2025-07-13T13:01:20.04744
2025-07-13,44849,2025071304012935,UNHPL,Kohinoor Investment & Securities Pvt. Ltd.,Naasa Securities Co. Ltd.,100,403.0,40300.0,2025-07-13T13:01:20.13625
2025-07-13,44577,2025071304013001,UNHPL,Neev Securities Pvt. Ltd.,Naasa Securities Co. Ltd.,500,403.0,201500.0,2025-07-13T13:02:06.094543
2025-07-13,44567,2025071304013002,UNHPL,Dipshikha Dhitopatra Karobar Co. Pvt Ltd.,Dipshikha Dhitopatra Karobar Co. Pvt Ltd.,1000,402.9,402900.0,2025-07-13T13:02:09.214738
2025-07-13,44370,2025071304013027,UNHPL,Dipshikha Dhitopatra Karobar Co. Pvt Ltd.,Sani Securities Company Ltd.,500,402.9,201450.0,2025-07-13T13:02:47.262172
2025-07-13,44362,2025071304013032,UNHPL,Naasa Securities Co. Ltd.,Naasa Securities Co. Ltd.,50,403.0,20150.0,2025-07-13T13:02:50.280575
2025-07-13,44284,2025071304013045,UNHPL,Dipshikha Dhitopatra Karobar Co. Pvt Ltd.,Oxford Securities Pvt. Ltd.,200,402.9,80580.0,2025-07-13T13:03:09.123209
2025-07-13,44132,2025071304013084,UNHPL,Dipshikha Dhitopatra Karobar Co. Pvt Ltd.,Secured Securities Ltd.,300,402.9,120870.0,2025-07-13T13:03:42.999768
2025-07-13,44131,2025071304013085,UNHPL,Imperial Securities Company Pvt. Ltd.,Secured Securities Ltd.,50,402.9,20145.0,2025-07-13T13:03:43.000126
2025-07-13,44020,2025071304013101,UNHPL,Nepal Investment And Securities Trading Private Limited,Oxford Securities Pvt. Ltd.,12,402.5,4830.0,2025-07-13T13:04:07.466003
2025-07-13,43944,2025071304013115,UNHPL,Thrive Brokerage House Pvt. Ltd,Secured Securities Ltd.,456,402.9,183722.4,2025-07-13T13:04:21.805709
2025-07-13,43943,2025071304013116,UNHPL,Thrive Brokerage House Pvt. Ltd,Sani Securities Company Ltd.,44,402.9,17727.6,2025-07-13T13:04:21.806055
2025-07-13,43810,2025071304013151,UNHPL,Nepal Investment And Securities Trading Private Limited,Trisul Securities & Invt. Ltd.,18,402.5,7245.0,2025-07-13T13:04:44.897697
2025-07-13,43809,2025071304013152,UNHPL,Thrive Brokerage House Pvt. Ltd,Trisul Securities & Invt. Ltd.,122,402.5,49105.0,2025-07-13T13:04:44.949738
2025-07-13,43789,2025071304013154,UNHPL,Thrive Brokerage House Pvt. Ltd,Naasa Securities Co. Ltd.,378,402.8,152258.4,2025-07-13T13:04:47.220471
2025-07-13,43788,2025071304013155,UNHPL,Sri Hari Securities Pvt. Ltd.,Naasa Securities Co. Ltd.,132,402.3,53103.6,2025-07-13T13:04:47.220688
2025-07-13,43728,2025071304013170,UNHPL,Imperial Securities Company Pvt. Ltd.,Linch Stock Market Ltd.,50,402.5,20125.0,2025-07-13T13:05:02.196027
2025-07-13,43727,2025071304013171,UNHPL,Kohinoor Investment & Securities Pvt. Ltd.,Linch Stock Market Ltd.,10,402.5,4025.0,2025-07-13T13:05:02.196249
2025-07-13,43726,2025071304013172,UNHPL,Sri Hari Securities Pvt. Ltd.,Linch Stock Market Ltd.,868,402.3,349196.4,2025-07-13T13:05:02.196345
2025-07-13,43725,2025071304013173,UNHPL,Kumari Securities Private Limited,Linch Stock Market Ltd.,1000,402.1,402100.0,2025-07-13T13:05:02.196429
2025-07-13,43724,2025071304013174,UNHPL,Neev Securities Pvt. Ltd.,Linch Stock Market Ltd.,72,402.0,28944.0,2025-07-13T13:05:02.196499
2025-07-13,43595,2025071304013193,UNHPL,Dynamic Money Managers Securities Pvt. Ltd.,Sani Securities Company Ltd.,56,402.9,22562.4,2025-07-13T13:05:19.882898
2025-07-13,43591,2025071304013195,UNHPL,Dynamic Money Managers Securities Pvt. Ltd.,Linch Stock Market Ltd.,34,402.9,13698.6,2025-07-13T13:05:21.367859
2025-07-13,43590,2025071304013196,UNHPL,Neev Securities Pvt. Ltd.,Linch Stock Market Ltd.,128,402.0,51456.0,2025-07-13T13:05:21.368216
2025-07-13,43589,2025071304013197,UNHPL,Sani Securities Company Ltd.,Linch Stock Market Ltd.,200,402.0,80400.0,2025-07-13T13:05:21.368442
2025-07-13,43588,2025071304013198,UNHPL,Primo Securities (PVT) Ltd.,Linch Stock Market Ltd.,245,402.0,98490.0,2025-07-13T13:05:21.368683
2025-07-13,43587,2025071304013199,UNHPL,Nepal Stock House (PVT) Ltd.,Linch Stock Market Ltd.,250,402.0,100500.0,2025-07-13T13:05:21.36889
2025-07-13,43586,2025071304013200,UNHPL,Naasa Securities Co. Ltd.,Linch Stock Market Ltd.,200,402.0,80400.0,2025-07-13T13:05:21.369081
2025-07-13,43585,2025071304013201,UNHPL,Imperial Securities Company Pvt. Ltd.,Linch Stock Market Ltd.,50,402.0,20100.0,2025-07-13T13:05:21.369304
2025-07-13,43462,2025071304013210,UNHPL,Magnet Securities and Investment Company Private Limited,Naasa Securities Co. Ltd.,11,401.8,4419.8,2025-07-13T13:05:41.131623
2025-07-13,43211,2025071304013264,UNHPL,Magnet Securities and Investment Company Private Limited,Secured Securities Ltd.,89,401.8,35760.2,2025-07-13T13:06:29.400512
2025-07-13,43169,2025071304013277,UNHPL,Midas Stock Broking Company Private Limited,ABC Securities Private Limited,372,401.0,149172.0,2025-07-13T13:06:42.47607
2025-07-13,43168,2025071304013278,UNHPL,Thrive Brokerage House Pvt. Ltd,ABC Securities Private Limited,68,401.0,27268.0,2025-07-13T13:06:42.476263
2025-07-13,43159,2025071304013285,UNHPL,Thrive Brokerage House Pvt. Ltd,Linch Stock Market Ltd.,432,401.0,173232.0,2025-07-13T13:06:43.470664
2025-07-13,43065,2025071304013293,UNHPL,Dynamic Money Managers Securities Pvt. Ltd.,Linch Stock Market Ltd.,310,401.0,124310.0,2025-07-13T13:06:58.05957
2025-07-13,42950,2025071304013325,UNHPL,Secured Securities Ltd.,Asian Securities Private Ltd.,30,400.9,12027.0,2025-07-13T13:07:19.729661
2025-07-13,42934,2025071304013329,UNHPL,Thrive Brokerage House Pvt. Ltd,Linch Stock Market Ltd.,258,401.0,103458.0,2025-07-13T13:07:22.803717
2025-07-13,42933,2025071304013330,UNHPL,Thrive Brokerage House Pvt. Ltd,Naasa Securities Co. Ltd.,242,401.0,97042.0,2025-07-13T13:07:23.015121
2025-07-13,42932,2025071304013331,UNHPL,KALASH STOCK MARKET PVT. LTD.,Naasa Securities Co. Ltd.,2000,400.6,801200.0,2025-07-13T13:07:23.015346
2025-07-13,42931,2025071304013332,UNHPL,Capital Max Securities Ltd,Naasa Securities Co. Ltd.,235,400.6,94141.0,2025-07-13T13:07:23.015435
2025-07-13,42928,2025071304013333,UNHPL,Capital Max Securities Ltd,Sani Securities Company Ltd.,200,400.6,80120.0,2025-07-13T13:07:25.48818
2025-07-13,42848,2025071304013347,UNHPL,Capital Max Securities Ltd,Sani Securities Company Ltd.,75,400.6,30045.0,2025-07-13T13:07:42.766628
2025-07-13,42847,2025071304013348,UNHPL,Sumeru Securities Pvt. Ltd.,Sani Securities Company Ltd.,425,400.5,170212.5,2025-07-13T13:07:42.766835
2025-07-13,42837,2025071304013349,UNHPL,Sumeru Securities Pvt. Ltd.,Agrawal Securities (PVT) Ltd.,75,400.5,30037.5,2025-07-13T13:07:45.395582
2025-07-13,42836,2025071304013350,UNHPL,Dynamic Money Managers Securities Pvt. Ltd.,Agrawal Securities (PVT) Ltd.,500,400.2,200100.0,2025-07-13T13:07:45.395836
2025-07-13,42835,2025071304013351,UNHPL,ABC Securities Private Limited,Agrawal Securities (PVT) Ltd.,1000,400.2,400200.0,2025-07-13T13:07:45.395906
2025-07-13,42834,2025071304013352,UNHPL,ABC Securities Private Limited,Agrawal Securities (PVT) Ltd.,1000,400.1,400100.0,2025-07-13T13:07:45.396001
2025-07-13,42833,2025071304013353,UNHPL,ABC Securities Private Limited,Agrawal Securities (PVT) Ltd.,1000,400.1,400100.0,2025-07-13T13:07:45.396063
2025-07-13,42832,2025071304013354,UNHPL,Sumeru Securities Pvt. Ltd.,Agrawal Securities (PVT) Ltd.,500,400.1,200050.0,2025-07-13T13:07:45.396124
2025-07-13,42831,2025071304013355,UNHPL,Siprabi Securities Pvt. Ltd.,Agrawal Securities (PVT) Ltd.,1000,400.0,400000.0,2025-07-13T13:07:45.396189
2025-07-13,42830,2025071304013356,UNHPL,Sri Hari Securities Pvt. Ltd.,Agrawal Securities (PVT) Ltd.,2000,400.0,800000.0,2025-07-13T13:07:45.396252
2025-07-13,42829,2025071304013357,UNHPL,Secured Securities Ltd.,Agrawal Securities (PVT) Ltd.,200,400.0,80000.0,2025-07-13T13:07:45.396324
2025-07-13,42828,2025071304013358,UNHPL,Asian Securities Private Ltd.,Agrawal Securities (PVT) Ltd.,20,400.0,8000.0,2025-07-13T13:07:45.396385
2025-07-13,42827,2025071304013359,UNHPL,Swarna Laxmi Securities Pvt. Ltd.,Agrawal Securities (PVT) Ltd.,300,400.0,120000.0,2025-07-13T13:07:45.396448
2025-07-13,42826,2025071304013360,UNHPL,Trishakti Securities Public Limited,Agrawal Securities (PVT) Ltd.,300,400.0,120000.0,2025-07-13T13:07:45.396509
2025-07-13,42825,2025071304013361,UNHPL,Sundhara Securities Limited,Agrawal Securities (PVT) Ltd.,200,400.0,80000.0,2025-07-13T13:07:45.39657
2025-07-13,42824,2025071304013362,UNHPL,Aryatara Investment & Securities,Agrawal Securities (PVT) Ltd.,390,400.0,156000.0,2025-07-13T13:07:45.39663
2025-07-13,42823,2025071304013363,UNHPL,Imperial Securities Company Pvt. Ltd.,Agrawal Securities (PVT) Ltd.,100,400.0,40000.0,2025-07-13T13:07:45.396697
2025-07-13,42822,2025071304013364,UNHPL,Nepal Stock House (PVT) Ltd.,Agrawal Securities (PVT) Ltd.,200,400.0,80000.0,2025-07-13T13:07:45.396759
2025-07-13,42821,2025071304013365,UNHPL,Nepal Stock House (PVT) Ltd.,Agrawal Securities (PVT) Ltd.,200,400.0,80000.0,2025-07-13T13:07:45.396819
2025-07-13,42820,2025071304013366,UNHPL,Kumari Securities Private Limited,Agrawal Securities (PVT) Ltd.,200,400.0,80000.0,2025-07-13T13:07:45.396877
2025-07-13,42819,2025071304013367,UNHPL,Sagarmatha Securities Private Limited,Agrawal Securities (PVT) Ltd.,200,400.0,80000.0,2025-07-13T13:07:45.396935
2025-07-13,42818,2025071304013368,UNHPL,Online Securities Pvt. Ltd.,Agrawal Securities (PVT) Ltd.,100,400.0,40000.0,2025-07-13T13:07:45.396991
2025-07-13,42817,2025071304013369,UNHPL,Vision Securities Pvt. Ltd,Agrawal Securities (PVT) Ltd.,300,400.0,120000.0,2025-07-13T13:07:45.397049
2025-07-13,42816,2025071304013370,UNHPL,Trishakti Securities Public Limited,Agrawal Securities (PVT) Ltd.,100,400.0,40000.0,2025-07-13T13:07:45.397107
2025-07-13,42815,2025071304013371,UNHPL,Trisul Securities & Invt. Ltd.,Agrawal Securities (PVT) Ltd.,350,400.0,140000.0,2025-07-13T13:07:45.397164
2025-07-13,42814,2025071304013372,UNHPL,Sweta Securities Private Limited,Agrawal Securities (PVT) Ltd.,10,400.0,4000.0,2025-07-13T13:07:45.397218
2025-07-13,42811,2025071304013373,UNHPL,KALASH STOCK MARKET PVT. LTD.,Agrawal Securities (PVT) Ltd.,100,400.0,40000.0,2025-07-13T13:07:45.874361
2025-07-13,42745,2025071304013393,UNHPL,Imperial Securities Company Pvt. Ltd.,K.B.L. Securities Limited ,400,399.1,159640.0,2025-07-13T13:07:59.935879
2025-07-13,42737,2025071304013394,UNHPL,Thrive Brokerage House Pvt. Ltd,Agrawal Securities (PVT) Ltd.,500,400.0,200000.0,2025-07-13T13:08:00.997738
2025-07-13,42685,2025071304013409,UNHPL,Trishakti Securities Public Limited,Agrawal Securities (PVT) Ltd.,200,400.0,80000.0,2025-07-13T13:08:11.986815
2025-07-13,42665,2025071304013410,UNHPL,Imperial Securities Company Pvt. Ltd.,Vision Securities Pvt. Ltd,100,399.1,39910.0,2025-07-13T13:08:16.941194
2025-07-13,42664,2025071304013411,UNHPL,Nepal Stock House (PVT) Ltd.,Vision Securities Pvt. Ltd,150,399.0,59850.0,2025-07-13T13:08:16.941407
2025-07-13,42628,2025071304013419,UNHPL,Nepal Stock House (PVT) Ltd.,Neev Securities Pvt. Ltd.,50,399.0,19950.0,2025-07-13T13:08:25.391728
2025-07-13,42627,2025071304013420,UNHPL,Dipshikha Dhitopatra Karobar Co. Pvt Ltd.,Neev Securities Pvt. Ltd.,300,399.0,119700.0,2025-07-13T13:08:25.392019
2025-07-13,42626,2025071304013421,UNHPL,Naasa Securities Co. Ltd.,Neev Securities Pvt. Ltd.,500,399.0,199500.0,2025-07-13T13:08:25.392196
2025-07-13,42625,2025071304013422,UNHPL,Dipshikha Dhitopatra Karobar Co. Pvt Ltd.,Neev Securities Pvt. Ltd.,283,399.0,112917.0,2025-07-13T13:08:25.392397
2025-07-13,42601,2025071304013424,UNHPL,KALASH STOCK MARKET PVT. LTD.,Linch Stock Market Ltd.,840,399.1,335244.0,2025-07-13T13:08:29.017865
2025-07-13,42600,2025071304013425,UNHPL,KALASH STOCK MARKET PVT. LTD.,Agrawal Securities (PVT) Ltd.,241,400.0,96400.0,2025-07-13T13:08:29.018037
2025-07-13,42599,2025071304013426,UNHPL,KALASH STOCK MARKET PVT. LTD.,Linch Stock Market Ltd.,10,400.0,4000.0,2025-07-13T13:08:29.018101
2025-07-13,42593,2025071304013428,UNHPL,KALASH STOCK MARKET PVT. LTD.,Online Securities Pvt. Ltd.,100,400.0,40000.0,2025-07-13T13:08:29.496973
2025-07-13,42591,2025071304013429,UNHPL,KALASH STOCK MARKET PVT. LTD.,Linch Stock Market Ltd.,809,400.0,323600.0,2025-07-13T13:08:31.082049
2025-07-13,42590,2025071304013430,UNHPL,Dipshikha Dhitopatra Karobar Co. Pvt Ltd.,Linch Stock Market Ltd.,191,399.0,76209.0,2025-07-13T13:08:31.082295
2025-07-13,42476,2025071304013487,UNHPL,Dakshinkali Investment & Securities Pvt. Ltd.,Linch Stock Market Ltd.,50,399.1,19955.0,2025-07-13T13:08:45.268007
2025-07-13,42475,2025071304013488,UNHPL,Dipshikha Dhitopatra Karobar Co. Pvt Ltd.,Linch Stock Market Ltd.,26,399.0,10374.0,2025-07-13T13:08:45.268193
2025-07-13,42363,2025071304013527,UNHPL,Blue Chip Securities Ltd,Linch Stock Market Ltd.,500,398.7,199350.0,2025-07-13T13:09:03.042089
2025-07-13,42362,2025071304013528,UNHPL,Aryatara Investment & Securities,Linch Stock Market Ltd.,10,398.7,3987.0,2025-07-13T13:09:03.042283
2025-07-13,42361,2025071304013529,UNHPL,Online Securities Pvt. Ltd.,Linch Stock Market Ltd.,90,398.4,35856.0,2025-07-13T13:09:03.042355
2025-07-13,42355,2025071304013533,UNHPL,Sani Securities Company Ltd.,Linch Stock Market Ltd.,200,399.0,79800.0,2025-07-13T13:09:03.954408
2025-07-13,42312,2025071304013537,UNHPL,KALASH STOCK MARKET PVT. LTD.,Linch Stock Market Ltd.,117,399.0,46683.0,2025-07-13T13:09:15.191639
2025-07-13,42311,2025071304013538,UNHPL,KALASH STOCK MARKET PVT. LTD.,Aryatara Investment & Securities,1883,399.0,751317.0,2025-07-13T13:09:15.191855
2025-07-13,42203,2025071304013583,UNHPL,Nepal Stock House (PVT) Ltd.,Aryatara Investment & Securities,117,399.0,46683.0,2025-07-13T13:09:30.539567
2025-07-13,42149,2025071304013605,UNHPL,Dipshikha Dhitopatra Karobar Co. Pvt Ltd.,Online Securities Pvt. Ltd.,117,399.0,46683.0,2025-07-13T13:09:41.652966
2025-07-13,42148,2025071304013606,UNHPL,Capital Max Securities Ltd,Online Securities Pvt. Ltd.,383,399.0,152817.0,2025-07-13T13:09:41.653154
2025-07-13,41992,2025071304013635,UNHPL,Capital Max Securities Ltd,Naasa Securities Co. Ltd.,17,399.0,6783.0,2025-07-13T13:10:01.529554
2025-07-13,41991,2025071304013636,UNHPL,Dynamic Money Managers Securities Pvt. Ltd.,Naasa Securities Co. Ltd.,83,398.5,33075.5,2025-07-13T13:10:01.529851
2025-07-13,41860,2025071304013684,UNHPL,South Asian Bulls Pvt. Ltd.,Creative Securities Pvt Ltd,210,399.0,83790.0,2025-07-13T13:10:19.507528
2025-07-13,41787,2025071304013700,UNHPL,Himalayan Brokerage Company Limited,Agrawal Securities (PVT) Ltd.,500,398.7,199350.0,2025-07-13T13:10:31.884673
2025-07-13,41784,2025071304013701,UNHPL,Dynamic Money Managers Securities Pvt. Ltd.,Creative Securities Pvt Ltd,90,399.0,35910.0,2025-07-13T13:10:31.980601
2025-07-13,41629,2025071304013727,UNHPL,Dynamic Money Managers Securities Pvt. Ltd.,Online Securities Pvt. Ltd.,100,399.0,39900.0,2025-07-13T13:11:01.182855
2025-07-13,41556,2025071304013741,UNHPL,Dynamic Money Managers Securities Pvt. Ltd.,Online Securities Pvt. Ltd.,27,399.0,10773.0,2025-07-13T13:11:13.380237
2025-07-13,41555,2025071304013742,UNHPL,SUN SECURITIES PVT LTD,Online Securities Pvt. Ltd.,473,399.0,188727.0,2025-07-13T13:11:13.380476
2025-07-13,41506,2025071304013767,UNHPL,SUN SECURITIES PVT LTD,Sani Securities Company Ltd.,27,399.0,10773.0,2025-07-13T13:11:18.71195
2025-07-13,41505,2025071304013768,UNHPL,Dakshinkali Investment & Securities Pvt. Ltd.,Sani Securities Company Ltd.,573,399.0,228627.0,2025-07-13T13:11:18.712144
2025-07-13,41226,2025071304013816,UNHPL,Capital Max Securities Ltd,Online Securities Pvt. Ltd.,10,399.6,3996.0,2025-07-13T13:12:08.100034
2025-07-13,41225,2025071304013817,UNHPL,Trisul Securities & Invt. Ltd.,Online Securities Pvt. Ltd.,190,399.6,75924.0,2025-07-13T13:12:08.100221
2025-07-13,41012,2025071304013859,UNHPL,Trisul Securities & Invt. Ltd.,Sani Securities Company Ltd.,10,399.6,3996.0,2025-07-13T13:12:56.384329
2025-07-13,41003,2025071304013866,UNHPL,KALASH STOCK MARKET PVT. LTD.,Sani Securities Company Ltd.,540,399.6,215784.0,2025-07-13T13:12:56.977918
2025-07-13,40755,2025071304013944,UNHPL,Vision Securities Pvt. Ltd,Sundhara Securities Limited,50,399.7,19985.0,2025-07-13T13:13:39.284512
2025-07-13,40754,2025071304013945,UNHPL,Primo Securities (PVT) Ltd.,Sundhara Securities Limited,50,399.5,19975.0,2025-07-13T13:13:39.284854
2025-07-13,40561,2025071304013991,UNHPL,KALASH STOCK MARKET PVT. LTD.,Capital Max Securities Ltd,1460,399.6,583416.0,2025-07-13T13:14:06.747199
2025-07-13,40560,2025071304013992,UNHPL,Primo Securities (PVT) Ltd.,Capital Max Securities Ltd,140,399.5,55930.0,2025-07-13T13:14:06.747243
2025-07-13,40437,2025071304014018,UNHPL,Kumari Securities Private Limited,Sani Securities Company Ltd.,10,399.6,3996.0,2025-07-13T13:14:35.936494
2025-07-13,40436,2025071304014019,UNHPL,Primo Securities (PVT) Ltd.,Sani Securities Company Ltd.,10,399.5,3995.0,2025-07-13T13:14:35.936695
2025-07-13,40435,2025071304014020,UNHPL,Thrive Brokerage House Pvt. Ltd,Sani Securities Company Ltd.,500,399.5,199750.0,2025-07-13T13:14:35.93677
2025-07-13,40352,2025071304014042,UNHPL,Himalayan Brokerage Company Limited,Sani Securities Company Ltd.,10,399.5,3995.0,2025-07-13T13:14:52.074517
2025-07-13,40265,2025071304014052,UNHPL,Sani Securities Company Ltd.,Sani Securities Company Ltd.,45,399.5,17977.5,2025-07-13T13:15:10.587029
2025-07-13,40262,2025071304014053,UNHPL,Sani Securities Company Ltd.,Dakshinkali Investment & Securities Pvt. Ltd.,40,400.0,16000.0,2025-07-13T13:15:11.269542
2025-07-13,39670,2025071304014168,UNHPL,Sani Securities Company Ltd.,Secured Securities Ltd.,34,401.8,13661.2,2025-07-13T13:16:57.214839
2025-07-13,39568,2025071304014191,UNHPL,Himalayan Brokerage Company Limited,Secured Securities Ltd.,500,401.8,200900.0,2025-07-13T13:17:14.500053
2025-07-13,39567,2025071304014192,UNHPL,Naasa Securities Co. Ltd.,Secured Securities Ltd.,100,401.8,40180.0,2025-07-13T13:17:14.516617
2025-07-13,39548,2025071304014197,UNHPL,Sri Hari Securities Pvt. Ltd.,Secured Securities Ltd.,100,401.8,40180.0,2025-07-13T13:17:18.703275
2025-07-13,39527,2025071304014203,UNHPL,Sani Securities Company Ltd.,Secured Securities Ltd.,177,401.8,71118.6,2025-07-13T13:17:23.628377
2025-07-13,39445,2025071304014226,UNHPL,Himalayan Brokerage Company Limited,Naasa Securities Co. Ltd.,1200,402.0,482400.0,2025-07-13T13:17:43.596153
2025-07-13,39444,2025071304014227,UNHPL,Himalayan Brokerage Company Limited,Dakshinkali Investment & Securities Pvt. Ltd.,800,402.0,321600.0,2025-07-13T13:17:43.596507
2025-07-13,39370,2025071304014241,UNHPL,Opal Securities Investment (PVT) Ltd.,Dakshinkali Investment & Securities Pvt. Ltd.,303,402.0,121806.0,2025-07-13T13:18:03.025896
2025-07-13,39369,2025071304014242,UNHPL,Opal Securities Investment (PVT) Ltd.,Naasa Securities Co. Ltd.,350,403.0,141050.0,2025-07-13T13:18:03.026233
2025-07-13,39368,2025071304014243,UNHPL,Opal Securities Investment (PVT) Ltd.,Bhrikuti Stock Broking Co. Pvt. Ltd.,50,403.0,20150.0,2025-07-13T13:18:03.026463
2025-07-13,39286,2025071304014267,UNHPL,pahiinvestment,Naasa Securities Co. Ltd.,250,405.0,101250.0,2025-07-13T13:18:20.955849
2025-07-13,39207,2025071304014283,UNHPL,KALASH STOCK MARKET PVT. LTD.,Naasa Securities Co. Ltd.,30,405.0,12150.0,2025-07-13T13:18:39.234156
2025-07-13,39206,2025071304014284,UNHPL,KALASH STOCK MARKET PVT. LTD.,Ashutosh Brokerage & Securities (PVT) Ltd.,170,405.0,68850.0,2025-07-13T13:18:39.234579
2025-07-13,39205,2025071304014285,UNHPL,KALASH STOCK MARKET PVT. LTD.,Sani Securities Company Ltd.,55,405.0,22275.0,2025-07-13T13:18:39.234778
2025-07-13,39071,2025071304014342,UNHPL,Dakshinkali Investment & Securities Pvt. Ltd.,Naasa Securities Co. Ltd.,168,405.0,68040.0,2025-07-13T13:19:06.677493
2025-07-13,39070,2025071304014343,UNHPL,Dakshinkali Investment & Securities Pvt. Ltd.,Naasa Securities Co. Ltd.,128,405.5,51904.0,2025-07-13T13:19:06.677711
2025-07-13,39035,2025071304014355,UNHPL,Opal Securities Investment (PVT) Ltd.,SHUBHAKAMANA SECURITIES PVT. LTD,500,405.9,202950.0,2025-07-13T13:19:17.426941
2025-07-13,39034,2025071304014356,UNHPL,Opal Securities Investment (PVT) Ltd.,Premier Securities Company Ltd.,1500,406.0,609000.0,2025-07-13T13:19:17.427126
2025-07-13,39016,2025071304014360,UNHPL,Dakshinkali Investment & Securities Pvt. Ltd.,Deevyaa Securities & Stock House Pvt. Ltd,131,405.5,53120.5,2025-07-13T13:19:24.407099
2025-07-13,38801,2025071304014394,UNHPL,Neev Securities Pvt. Ltd.,Dakshinkali Investment & Securities Pvt. Ltd.,150,405.0,60750.0,2025-07-13T13:20:09.025521
2025-07-13,38800,2025071304014395,UNHPL,Neev Securities Pvt. Ltd.,Dakshinkali Investment & Securities Pvt. Ltd.,30,405.0,12150.0,2025-07-13T13:20:09.02574
2025-07-13,38799,2025071304014396,UNHPL,Neev Securities Pvt. Ltd.,Dakshinkali Investment & Securities Pvt. Ltd.,20,405.0,8100.0,2025-07-13T13:20:09.025807
2025-07-13,38270,2025071304014493,UNHPL,Vision Securities Pvt. Ltd,Linch Stock Market Ltd.,200,403.1,80620.0,2025-07-13T13:21:58.144611
2025-07-13,38216,2025071304014508,UNHPL,Imperial Securities Company Pvt. Ltd.,Vision Securities Pvt. Ltd,200,402.1,80420.0,2025-07-13T13:22:10.695845
2025-07-13,37985,2025071304014545,UNHPL,Imperial Securities Company Pvt. Ltd.,Swarna Laxmi Securities Pvt. Ltd.,100,402.1,40210.0,2025-07-13T13:22:55.047323
2025-07-13,37634,2025071304014618,UNHPL,Sani Securities Company Ltd.,Sewa Securities Pvt. Ltd.,18,404.0,7272.0,2025-07-13T13:23:42.169912
2025-07-13,37477,2025071304014653,UNHPL,Sani Securities Company Ltd.,Swarna Laxmi Securities Pvt. Ltd.,132,403.0,53196.0,2025-07-13T13:24:26.436115
2025-07-13,37163,2025071304014718,UNHPL,Prabhu Stock Market Limited,Sewa Securities Pvt. Ltd.,200,404.0,80800.0,2025-07-13T13:25:22.858154
2025-07-13,36502,2025071304014934,UNHPL,Sani Securities Company Ltd.,SHUBHAKAMANA SECURITIES PVT. LTD,368,403.0,148304.0,2025-07-13T13:27:25.640411
2025-07-13,36501,2025071304014935,UNHPL,Aryatara Investment & Securities,SHUBHAKAMANA SECURITIES PVT. LTD,20,403.0,8060.0,2025-07-13T13:27:25.640631
2025-07-13,36500,2025071304014936,UNHPL,Linch Stock Market Ltd.,SHUBHAKAMANA SECURITIES PVT. LTD,612,403.0,246636.0,2025-07-13T13:27:25.640708
2025-07-13,36423,2025071304014950,UNHPL,KALASH STOCK MARKET PVT. LTD.,Deevyaa Securities & Stock House Pvt. Ltd,1000,403.2,403200.0,2025-07-13T13:27:41.124236
2025-07-13,36422,2025071304014951,UNHPL,Dakshinkali Investment & Securities Pvt. Ltd.,Deevyaa Securities & Stock House Pvt. Ltd,859,403.1,346262.9,2025-07-13T13:27:41.124618
2025-07-13,35962,2025071304015070,UNHPL,Himalayan Brokerage Company Limited,Sewa Securities Pvt. Ltd.,82,404.0,33128.0,2025-07-13T13:29:08.837936
2025-07-13,35956,2025071304015073,UNHPL,Himalayan Brokerage Company Limited,Kumari Securities Private Limited,38,404.0,15352.0,2025-07-13T13:29:11.407949
2025-07-13,35902,2025071304015089,UNHPL,Kumari Securities Private Limited,Deevyaa Securities & Stock House Pvt. Ltd,10,403.3,4033.0,2025-07-13T13:29:29.113561
2025-07-13,35848,2025071304015099,UNHPL,Linch Stock Market Ltd.,Sani Securities Company Ltd.,388,403.2,156441.6,2025-07-13T13:29:44.447247
2025-07-13,35847,2025071304015100,UNHPL,Dakshinkali Investment & Securities Pvt. Ltd.,Sani Securities Company Ltd.,141,403.1,56837.1,2025-07-13T13:29:44.447489
2025-07-13,35846,2025071304015101,UNHPL,Trademow Securities Private Limited,Sani Securities Company Ltd.,1300,403.0,523900.0,2025-07-13T13:29:44.447562
2025-07-13,35840,2025071304015103,UNHPL,Sani Securities Company Ltd.,Sani Securities Company Ltd.,151,403.0,60853.0,2025-07-13T13:29:46.502913
2025-07-13,35839,2025071304015104,UNHPL,Sani Securities Company Ltd.,Kumari Securities Private Limited,32,404.0,12928.0,2025-07-13T13:29:46.503285
2025-07-13,35645,2025071304015155,UNHPL,Sani Securities Company Ltd.,Imperial Securities Company Pvt. Ltd.,317,404.0,128068.0,2025-07-13T13:30:30.564502
2025-07-13,35644,2025071304015156,UNHPL,Secured Securities Ltd.,Imperial Securities Company Pvt. Ltd.,30,404.0,12120.0,2025-07-13T13:30:30.564711
2025-07-13,35643,2025071304015157,UNHPL,Imperial Securities Company Pvt. Ltd.,Imperial Securities Company Pvt. Ltd.,200,402.1,80420.0,2025-07-13T13:30:30.564789
2025-07-13,35642,2025071304015158,UNHPL,Aryatara Investment & Securities,Imperial Securities Company Pvt. Ltd.,20,402.1,8042.0,2025-07-13T13:30:30.564861
2025-07-13,35641,2025071304015159,UNHPL,Nepal Stock House (PVT) Ltd.,Imperial Securities Company Pvt. Ltd.,100,402.1,40210.0,2025-07-13T13:30:30.564933
2025-07-13,35640,2025071304015160,UNHPL,Shree Krishna Securities Ltd.,Imperial Securities Company Pvt. Ltd.,33,402.1,13269.3,2025-07-13T13:30:30.565002
2025-07-13,35592,2025071304015171,UNHPL,J.F. Securites (PVT) Ltd.,SUN SECURITIES PVT LTD,150,404.8,60720.0,2025-07-13T13:30:44.318107
2025-07-13,35481,2025071304015200,UNHPL,Imperial Securities Company Pvt. Ltd.,Oxford Securities Pvt. Ltd.,200,402.2,80440.0,2025-07-13T13:31:10.655844
2025-07-13,35202,2025071304015272,UNHPL,Kumari Securities Private Limited,Naasa Securities Co. Ltd.,10,402.3,4023.0,2025-07-13T13:32:11.63996
2025-07-13,34838,2025071304015346,UNHPL,SHUBHAKAMANA SECURITIES PVT. LTD,SHUBHAKAMANA SECURITIES PVT. LTD,150,402.3,60345.0,2025-07-13T13:33:24.718243
2025-07-13,34837,2025071304015347,UNHPL,Imperial Securities Company Pvt. Ltd.,SHUBHAKAMANA SECURITIES PVT. LTD,30,402.2,12066.0,2025-07-13T13:33:24.718332
2025-07-13,34836,2025071304015348,UNHPL,Shree Krishna Securities Ltd.,SHUBHAKAMANA SECURITIES PVT. LTD,820,402.1,329722.0,2025-07-13T13:33:24.71837
2025-07-13,34797,2025071304015358,UNHPL,Shree Krishna Securities Ltd.,Nagarik Stock Dealer ,147,402.1,59108.7,2025-07-13T13:33:31.018895
2025-07-13,34796,2025071304015359,UNHPL,Sani Securities Company Ltd.,Nagarik Stock Dealer ,23,401.8,9241.4,2025-07-13T13:33:31.019132
2025-07-13,34795,2025071304015360,UNHPL,BHOLE GANESH SECURITIES LTD,Nagarik Stock Dealer ,150,401.6,60240.0,2025-07-13T13:33:31.019206
2025-07-13,34794,2025071304015361,UNHPL,Nepal Stock House (PVT) Ltd.,Nagarik Stock Dealer ,1000,401.0,401000.0,2025-07-13T13:33:31.019277
2025-07-13,34614,2025071304015419,UNHPL,Oxford Securities Pvt. Ltd.,Nagarik Stock Dealer ,30,400.5,12015.0,2025-07-13T13:34:10.124642
2025-07-13,34613,2025071304015420,UNHPL,Ashutosh Brokerage & Securities (PVT) Ltd.,Nagarik Stock Dealer ,100,400.4,40040.0,2025-07-13T13:34:10.124827
2025-07-13,34612,2025071304015421,UNHPL,R.B.B. Securities Company Ltd,Nagarik Stock Dealer ,550,400.3,220165.0,2025-07-13T13:34:10.124898
2025-07-13,34250,2025071304015515,UNHPL,Secured Securities Ltd.,Oxford Securities Pvt. Ltd.,40,401.1,16044.0,2025-07-13T13:35:30.293924
2025-07-13,34249,2025071304015516,UNHPL,J.F. Securites (PVT) Ltd.,Oxford Securities Pvt. Ltd.,60,401.1,24066.0,2025-07-13T13:35:30.294206
2025-07-13,32941,2025071304015812,UNHPL,J.F. Securites (PVT) Ltd.,Sani Securities Company Ltd.,90,401.1,36099.0,2025-07-13T13:39:04.760579
2025-07-13,32940,2025071304015813,UNHPL,Miyo Securities Pvt Ltd,Sani Securities Company Ltd.,500,401.1,200550.0,2025-07-13T13:39:04.760961
2025-07-13,32939,2025071304015814,UNHPL,Bhrikuti Stock Broking Co. Pvt. Ltd.,Sani Securities Company Ltd.,410,401.1,164451.0,2025-07-13T13:39:04.761164
2025-07-13,32494,2025071304015961,UNHPL,Naasa Securities Co. Ltd.,Deevyaa Securities & Stock House Pvt. Ltd,25,402.0,10050.0,2025-07-13T13:40:41.67896
2025-07-13,31870,2025071304016148,UNHPL,Vision Securities Pvt. Ltd,Primo Securities (PVT) Ltd.,100,402.1,40210.0,2025-07-13T13:42:41.365701
2025-07-13,31869,2025071304016149,UNHPL,Oxford Securities Pvt. Ltd.,Primo Securities (PVT) Ltd.,100,402.0,40200.0,2025-07-13T13:42:41.36606
2025-07-13,30851,2025071304016370,UNHPL,Sani Securities Company Ltd.,Neev Securities Pvt. Ltd.,100,403.0,40300.0,2025-07-13T13:46:33.381484
2025-07-13,30735,2025071304016403,UNHPL,Sani Securities Company Ltd.,Dakshinkali Investment & Securities Pvt. Ltd.,400,403.0,161200.0,2025-07-13T13:46:53.293365
2025-07-13,30571,2025071304016438,UNHPL,Sani Securities Company Ltd.,Dipshikha Dhitopatra Karobar Co. Pvt Ltd.,200,403.0,80600.0,2025-07-13T13:47:26.410215
2025-07-13,30073,2025071304016521,UNHPL,Sani Securities Company Ltd.,Aryatara Investment & Securities,50,403.0,20150.0,2025-07-13T13:48:56.298563
2025-07-13,29650,2025071304016629,UNHPL,Capital Max Securities Ltd,Imperial Securities Company Pvt. Ltd.,500,403.1,201550.0,2025-07-13T13:50:39.70783
2025-07-13,29649,2025071304016630,UNHPL,Sani Securities Company Ltd.,Imperial Securities Company Pvt. Ltd.,250,403.0,100750.0,2025-07-13T13:50:39.708218
2025-07-13,29648,2025071304016631,UNHPL,Thrive Brokerage House Pvt. Ltd,Imperial Securities Company Pvt. Ltd.,250,403.0,100750.0,2025-07-13T13:50:39.708481
2025-07-13,29276,2025071304016732,UNHPL,Oxford Securities Pvt. Ltd.,Sundhara Securities Limited,50,402.0,20100.0,2025-07-13T13:52:05.943344
2025-07-13,29158,2025071304016779,UNHPL,Oxford Securities Pvt. Ltd.,Dipshikha Dhitopatra Karobar Co. Pvt Ltd.,500,402.0,201000.0,2025-07-13T13:52:31.57081
2025-07-13,29148,2025071304016782,UNHPL,Oxford Securities Pvt. Ltd.,SHUBHAKAMANA SECURITIES PVT. LTD,350,402.0,140700.0,2025-07-13T13:52:34.286682
2025-07-13,29147,2025071304016783,UNHPL,Shree Krishna Securities Ltd.,SHUBHAKAMANA SECURITIES PVT. LTD,95,402.0,38190.0,2025-07-13T13:52:34.286763
2025-07-13,29146,2025071304016784,UNHPL,Kumari Securities Private Limited,SHUBHAKAMANA SECURITIES PVT. LTD,10,401.3,4013.0,2025-07-13T13:52:34.286797
2025-07-13,29145,2025071304016785,UNHPL,Kumari Securities Private Limited,SHUBHAKAMANA SECURITIES PVT. LTD,10,401.2,4012.0,2025-07-13T13:52:34.286818
2025-07-13,29144,2025071304016786,UNHPL,Online Securities Pvt. Ltd.,SHUBHAKAMANA SECURITIES PVT. LTD,100,401.2,40120.0,2025-07-13T13:52:34.286841
2025-07-13,29143,2025071304016787,UNHPL,Bhrikuti Stock Broking Co. Pvt. Ltd.,SHUBHAKAMANA SECURITIES PVT. LTD,437,401.1,175280.7,2025-07-13T13:52:34.286862
2025-07-13,28999,2025071304016825,UNHPL,Bhrikuti Stock Broking Co. Pvt. Ltd.,Dynamic Money Managers Securities Pvt. Ltd.,40,401.1,16044.0,2025-07-13T13:53:12.337701
2025-07-13,28942,2025071304016846,UNHPL,Bhrikuti Stock Broking Co. Pvt. Ltd.,Capital Max Securities Ltd,19,401.1,7620.9,2025-07-13T13:53:28.036165
2025-07-13,28389,2025071304016991,UNHPL,Aryatara Investment & Securities,SHUBHAKAMANA SECURITIES PVT. LTD,30,401.5,12045.0,2025-07-13T13:55:27.830033
2025-07-13,28388,2025071304016992,UNHPL,Bhrikuti Stock Broking Co. Pvt. Ltd.,SHUBHAKAMANA SECURITIES PVT. LTD,94,401.1,37703.4,2025-07-13T13:55:27.830135
2025-07-13,28387,2025071304016993,UNHPL,Kalika Securities Pvt. Ltd.,SHUBHAKAMANA SECURITIES PVT. LTD,200,401.1,80220.0,2025-07-13T13:55:27.830217
2025-07-13,28386,2025071304016994,UNHPL,Aryatara Investment & Securities,SHUBHAKAMANA SECURITIES PVT. LTD,20,401.1,8022.0,2025-07-13T13:55:27.830291
2025-07-13,28385,2025071304016995,UNHPL,Creative Securities Pvt Ltd,SHUBHAKAMANA SECURITIES PVT. LTD,654,401.1,262319.4,2025-07-13T13:55:27.830392
2025-07-13,28366,2025071304016999,UNHPL,Creative Securities Pvt Ltd,Citizens Share Broker Limited,346,401.1,138780.6,2025-07-13T13:55:32.063385
2025-07-13,28365,2025071304017000,UNHPL,Trademow Securities Private Limited,Citizens Share Broker Limited,2654,401.0,1064254.0,2025-07-13T13:55:32.063469
2025-07-13,28065,2025071304017082,UNHPL,Premier Securities Company Ltd.,Online Securities Pvt. Ltd.,30,401.1,12033.0,2025-07-13T13:56:24.102234
2025-07-13,28064,2025071304017083,UNHPL,Sumeru Securities Pvt. Ltd.,Online Securities Pvt. Ltd.,90,401.1,36099.0,2025-07-13T13:56:24.102389
2025-07-13,27931,2025071304017123,UNHPL,Capital Max Securities Ltd,Dakshinkali Investment & Securities Pvt. Ltd.,10,401.7,4017.0,2025-07-13T13:56:55.819914
2025-07-13,27666,2025071304017197,UNHPL,Agrawal Securities (PVT) Ltd.,Secured Securities Ltd.,300,403.0,120900.0,2025-07-13T13:58:00.897604
2025-07-13,27378,2025071304017268,UNHPL,Dipshikha Dhitopatra Karobar Co. Pvt Ltd.,Dakshinkali Investment & Securities Pvt. Ltd.,10,401.9,4019.0,2025-07-13T13:59:10.656471
2025-07-13,27329,2025071304017275,UNHPL,Deevyaa Securities & Stock House Pvt. Ltd,Nepal Investment And Securities Trading Private Limited,205,402.9,82594.5,2025-07-13T13:59:23.690994
2025-07-13,27112,2025071304017317,UNHPL,Deevyaa Securities & Stock House Pvt. Ltd,Nagarik Stock Dealer ,55,402.9,22159.5,2025-07-13T14:00:18.679939
2025-07-13,27018,2025071304017341,UNHPL,Trademow Securities Private Limited,Nagarik Stock Dealer ,250,402.9,100725.0,2025-07-13T14:00:42.863618
2025-07-13,26396,2025071304017507,UNHPL,Sani Securities Company Ltd.,Nagarik Stock Dealer ,23,402.9,9266.7,2025-07-13T14:03:02.491839
2025-07-13,26390,2025071304017509,UNHPL,Imperial Securities Company Pvt. Ltd.,Deevyaa Securities & Stock House Pvt. Ltd,100,402.1,40210.0,2025-07-13T14:03:03.744539
2025-07-13,25982,2025071304017656,UNHPL,Kumari Securities Private Limited,Aryatara Investment & Securities,10,402.1,4021.0,2025-07-13T14:04:38.262544
2025-07-13,25883,2025071304017682,UNHPL,Sani Securities Company Ltd.,Secured Securities Ltd.,50,402.0,20100.0,2025-07-13T14:04:54.043745
2025-07-13,25747,2025071304017707,UNHPL,Sani Securities Company Ltd.,Sani Securities Company Ltd.,50,402.0,20100.0,2025-07-13T14:05:21.977649
2025-07-13,25451,2025071304017781,UNHPL,Dipshikha Dhitopatra Karobar Co. Pvt Ltd.,Capital Max Securities Ltd,50,401.9,20095.0,2025-07-13T14:06:12.507402
2025-07-13,25068,2025071304017891,UNHPL,Opal Securities Investment (PVT) Ltd.,Deevyaa Securities & Stock House Pvt. Ltd,200,402.0,80400.0,2025-07-13T14:07:24.815676
2025-07-13,24831,2025071304017932,UNHPL,Opal Securities Investment (PVT) Ltd.,Online Securities Pvt. Ltd.,100,402.0,40200.0,2025-07-13T14:08:18.000841
2025-07-13,24794,2025071304017941,UNHPL,Opal Securities Investment (PVT) Ltd.,Deevyaa Securities & Stock House Pvt. Ltd,200,402.0,80400.0,2025-07-13T14:08:26.516401
2025-07-13,24544,2025071304017979,UNHPL,Dipshikha Dhitopatra Karobar Co. Pvt Ltd.,Naasa Securities Co. Ltd.,40,401.9,16076.0,2025-07-13T14:09:13.01415
2025-07-13,24543,2025071304017980,UNHPL,Trishakti Securities Public Limited,Naasa Securities Co. Ltd.,500,401.9,200950.0,2025-07-13T14:09:13.014253
2025-07-13,24542,2025071304017981,UNHPL,Trisul Securities & Invt. Ltd.,Naasa Securities Co. Ltd.,200,401.8,80360.0,2025-07-13T14:09:13.014355
2025-07-13,24541,2025071304017982,UNHPL,Dynamic Money Managers Securities Pvt. Ltd.,Naasa Securities Co. Ltd.,400,401.8,160720.0,2025-07-13T14:09:13.014421
2025-07-13,24540,2025071304017983,UNHPL,Sumeru Securities Pvt. Ltd.,Naasa Securities Co. Ltd.,410,401.1,164451.0,2025-07-13T14:09:13.014501
2025-07-13,24539,2025071304017984,UNHPL,Linch Stock Market Ltd.,Naasa Securities Co. Ltd.,1220,401.1,489342.0,2025-07-13T14:09:13.014568
2025-07-13,24538,2025071304017985,UNHPL,Trademow Securities Private Limited,Naasa Securities Co. Ltd.,230,401.0,92230.0,2025-07-13T14:09:13.014637
2025-07-13,24492,2025071304017995,UNHPL,Trademow Securities Private Limited,pahiinvestment,10,401.0,4010.0,2025-07-13T14:09:25.842304
2025-07-13,23321,2025071304018379,UNHPL,Trishakti Securities Public Limited,Capital Max Securities Ltd,20,401.2,8024.0,2025-07-13T14:12:48.299067
2025-07-13,23001,2025071304018473,UNHPL,Sani Securities Company Ltd.,Deevyaa Securities & Stock House Pvt. Ltd,10,402.0,4020.0,2025-07-13T14:13:48.002898
2025-07-13,22854,2025071304018516,UNHPL,Dipshikha Dhitopatra Karobar Co. Pvt Ltd.,Deevyaa Securities & Stock House Pvt. Ltd,10,402.0,4020.0,2025-07-13T14:14:19.297737
2025-07-13,22782,2025071304018532,UNHPL,Shree Krishna Securities Ltd.,Deevyaa Securities & Stock House Pvt. Ltd,55,402.0,22110.0,2025-07-13T14:14:30.204396
2025-07-13,22656,2025071304018578,UNHPL,Shree Krishna Securities Ltd.,Nagarik Stock Dealer ,200,402.8,80560.0,2025-07-13T14:14:55.369006
2025-07-13,22367,2025071304018633,UNHPL,Shree Krishna Securities Ltd.,Nagarik Stock Dealer ,200,402.8,80560.0,2025-07-13T14:15:51.673115
2025-07-13,22179,2025071304018700,UNHPL,Shree Krishna Securities Ltd.,Nagarik Stock Dealer ,100,402.8,40280.0,2025-07-13T14:16:31.845759
2025-07-13,21949,2025071304018756,UNHPL,Nepal Investment And Securities Trading Private Limited,Nagarik Stock Dealer ,172,402.9,69298.8,2025-07-13T14:17:13.506257
2025-07-13,21936,2025071304018761,UNHPL,Shree Krishna Securities Ltd.,Nepal Investment And Securities Trading Private Limited,10,402.0,4020.0,2025-07-13T14:17:19.539802
2025-07-13,21935,2025071304018762,UNHPL,Premier Securities Company Ltd.,Nepal Investment And Securities Trading Private Limited,1000,402.0,402000.0,2025-07-13T14:17:19.540034
2025-07-13,21699,2025071304018813,UNHPL,Vision Securities Pvt. Ltd,Pragyan Securities (PVT) Ltd.,50,401.6,20080.0,2025-07-13T14:18:10.993552
2025-07-13,21524,2025071304018848,UNHPL,Vision Securities Pvt. Ltd,Primo Securities (PVT) Ltd.,200,401.6,80320.0,2025-07-13T14:18:35.263128
2025-07-13,21429,2025071304018870,UNHPL,Naasa Securities Co. Ltd.,SUN SECURITIES PVT LTD,20,401.7,8034.0,2025-07-13T14:18:51.452498
2025-07-13,21428,2025071304018871,UNHPL,Sweta Securities Private Limited,SUN SECURITIES PVT LTD,60,401.5,24090.0,2025-07-13T14:18:51.452706
2025-07-13,21427,2025071304018872,UNHPL,Nepal Investment And Securities Trading Private Limited,SUN SECURITIES PVT LTD,500,401.5,200750.0,2025-07-13T14:18:51.452785
2025-07-13,21426,2025071304018873,UNHPL,Trishakti Securities Public Limited,SUN SECURITIES PVT LTD,80,401.2,32096.0,2025-07-13T14:18:51.452866
2025-07-13,21425,2025071304018874,UNHPL,Kohinoor Investment & Securities Pvt. Ltd.,SUN SECURITIES PVT LTD,10,401.1,4011.0,2025-07-13T14:18:51.452947
2025-07-13,21424,2025071304018875,UNHPL,Trademow Securities Private Limited,SUN SECURITIES PVT LTD,180,401.0,72180.0,2025-07-13T14:18:51.453027
2025-07-13,20982,2025071304018970,UNHPL,Trademow Securities Private Limited,Secured Securities Ltd.,426,401.0,170826.0,2025-07-13T14:20:16.788588
2025-07-13,20981,2025071304018971,UNHPL,Deevyaa Securities & Stock House Pvt. Ltd,Secured Securities Ltd.,45,401.0,18045.0,2025-07-13T14:20:16.788855
2025-07-13,20724,2025071304019069,UNHPL,Deevyaa Securities & Stock House Pvt. Ltd,Premier Securities Company Ltd.,250,401.0,100250.0,2025-07-13T14:21:14.562893
2025-07-13,20492,2025071304019104,UNHPL,Capital Max Securities Ltd,Nepal Investment And Securities Trading Private Limited,1000,402.0,402000.0,2025-07-13T14:21:54.674277
2025-07-13,20116,2025071304019171,UNHPL,Online Securities Pvt. Ltd.,Nepal Investment And Securities Trading Private Limited,31,402.0,12462.0,2025-07-13T14:22:59.778994
2025-07-13,20115,2025071304019172,UNHPL,Online Securities Pvt. Ltd.,Trisul Securities & Invt. Ltd.,30,402.0,12060.0,2025-07-13T14:22:59.779232
2025-07-13,19887,2025071304019212,UNHPL,Miyo Securities Pvt Ltd,Naasa Securities Co. Ltd.,20,402.0,8040.0,2025-07-13T14:23:34.714862
2025-07-13,19828,2025071304019226,UNHPL,Deevyaa Securities & Stock House Pvt. Ltd,Online Securities Pvt. Ltd.,15,401.0,6015.0,2025-07-13T14:23:42.392464
2025-07-13,19702,2025071304019247,UNHPL,Shree Krishna Securities Ltd.,Naasa Securities Co. Ltd.,100,402.0,40200.0,2025-07-13T14:24:04.115995
2025-07-13,19541,2025071304019280,UNHPL,Deevyaa Securities & Stock House Pvt. Ltd,Online Securities Pvt. Ltd.,86,401.0,34486.0,2025-07-13T14:24:24.933117
2025-07-13,18913,2025071304019469,UNHPL,Naasa Securities Co. Ltd.,Sani Securities Company Ltd.,10,401.0,4010.0,2025-07-13T14:26:03.279009
2025-07-13,18912,2025071304019470,UNHPL,Imperial Securities Company Pvt. Ltd.,Sani Securities Company Ltd.,20,401.0,8020.0,2025-07-13T14:26:03.279361
2025-07-13,18104,2025071304019665,UNHPL,Imperial Securities Company Pvt. Ltd.,Sri Hari Securities Pvt. Ltd.,50,401.2,20060.0,2025-07-13T14:28:16.628651
2025-07-13,18103,2025071304019666,UNHPL,Dipshikha Dhitopatra Karobar Co. Pvt Ltd.,Sri Hari Securities Pvt. Ltd.,60,401.1,24066.0,2025-07-13T14:28:16.62904
2025-07-13,18102,2025071304019667,UNHPL,Imperial Securities Company Pvt. Ltd.,Sri Hari Securities Pvt. Ltd.,80,401.0,32080.0,2025-07-13T14:28:16.629274
2025-07-13,18101,2025071304019668,UNHPL,Dakshinkali Investment & Securities Pvt. Ltd.,Sri Hari Securities Pvt. Ltd.,910,401.0,364910.0,2025-07-13T14:28:16.629537
2025-07-13,17546,2025071304019798,UNHPL,Imperial Securities Company Pvt. Ltd.,Sani Securities Company Ltd.,50,401.2,20060.0,2025-07-13T14:29:38.909964
2025-07-13,17101,2025071304019968,UNHPL,Shree Krishna Securities Ltd.,Naasa Securities Co. Ltd.,30,402.0,12060.0,2025-07-13T14:30:38.953078
