Date,S.N.,Contract ID,Symbol,Buyer Broker,Seller Broker,volume,rate,amount,transaction_time
2025-07-06,87087,2025070604000069,AKPL,J.F. Securites (PVT) Ltd.,ABC Securities Private Limited,12,261.0,3132.0,2025-07-06 11:01:17.411134
2025-07-06,86878,2025070604000130,AKPL,Vision Securities Pvt. Ltd,ABC Securities Private Limited,200,261.1,52220.0,2025-07-06 11:02:14.832409
2025-07-06,85769,2025070604000432,AKPL,Thrive Brokerage House Pvt. Ltd,Kohinoor Investment & Securities Pvt. Ltd.,20,261.3,5226.0,2025-07-06 11:06:17.659727
2025-07-06,85768,2025070604000433,AKPL,J.F. Securites (PVT) Ltd.,Kohinoor Investment & Securities Pvt. Ltd.,280,261.2,73136.0,2025-07-06 11:06:17.659812
2025-07-06,85562,2025070604000491,AKPL,J.F. Securites (PVT) Ltd.,Online Securities Pvt. Ltd.,48,261.2,12537.6,2025-07-06 11:06:59.196805
2025-07-06,85561,2025070604000492,AKPL,Trishakti Securities Public Limited,Online Securities Pvt. Ltd.,35,261.2,9142.0,2025-07-06 11:06:59.196962
2025-07-06,85560,2025070604000493,AKPL,Vision Securities Pvt. Ltd,Online Securities Pvt. Ltd.,800,261.1,208880.0,2025-07-06 11:06:59.197076
2025-07-06,85559,2025070604000494,AKPL,Capital Max Securities Ltd,Online Securities Pvt. Ltd.,15,261.0,3915.0,2025-07-06 11:06:59.197182
2025-07-06,85385,2025070604000558,AKPL,Stoxkarts Securities Limited,Online Securities Pvt. Ltd.,200,260.3,52060.0,2025-07-06 11:07:31.585674
2025-07-06,85267,2025070604000600,AKPL,Sani Securities Company Ltd.,Online Securities Pvt. Ltd.,200,260.3,52060.0,2025-07-06 11:07:48.642726
2025-07-06,85204,2025070604000622,AKPL,Aryatara Investment & Securities,Online Securities Pvt. Ltd.,127,260.3,33058.1,2025-07-06 11:07:56.911667
2025-07-06,84708,2025070604000767,AKPL,Linch Stock Market Ltd.,Secured Securities Ltd.,200,260.0,52000.0,2025-07-06 11:09:28.654355
2025-07-06,84707,2025070604000768,AKPL,Naasa Securities Co. Ltd.,Secured Securities Ltd.,100,260.0,26000.0,2025-07-06 11:09:28.654452
2025-07-06,84706,2025070604000769,AKPL,Malla & Malla Stock Broking Company Pvt. Limited,Secured Securities Ltd.,200,260.0,52000.0,2025-07-06 11:09:28.654494
2025-07-06,84635,2025070604000778,AKPL,Trishakti Securities Public Limited,Online Securities Pvt. Ltd.,575,260.3,149672.5,2025-07-06 11:09:43.275259
2025-07-06,84630,2025070604000780,AKPL,Trishakti Securities Public Limited,Sundhara Securities Limited,4420,260.5,1151410.0,2025-07-06 11:09:43.951994
2025-07-06,84545,2025070604000802,AKPL,Trishakti Securities Public Limited,Neev Securities Pvt. Ltd.,500,260.5,130250.0,2025-07-06 11:10:03.729238
2025-07-06,84490,2025070604000813,AKPL,Trishakti Securities Public Limited,Imperial Securities Company Pvt. Ltd.,1000,260.5,260500.0,2025-07-06 11:10:10.714471
2025-07-06,84471,2025070604000820,AKPL,Trishakti Securities Public Limited,Neev Securities Pvt. Ltd.,13,260.5,3386.5,2025-07-06 11:10:14.803368
2025-07-06,84417,2025070604000831,AKPL,Trishakti Securities Public Limited,South Asian Bulls Pvt. Ltd.,500,260.5,130250.0,2025-07-06 11:10:23.288738
2025-07-06,84043,2025070604000949,AKPL,Trishakti Securities Public Limited,Secured Securities Ltd.,1025,260.6,267115.0,2025-07-06 11:11:23.801415
2025-07-06,84042,2025070604000950,AKPL,Trishakti Securities Public Limited,Secured Securities Ltd.,975,260.5,253987.5,2025-07-06 11:11:23.801608
2025-07-06,83947,2025070604000972,AKPL,Trishakti Securities Public Limited,Linch Stock Market Ltd.,17,260.5,4428.5,2025-07-06 11:11:36.316402
2025-07-06,83946,2025070604000973,AKPL,Aryatara Investment & Securities,Linch Stock Market Ltd.,10,260.0,2600.0,2025-07-06 11:11:36.316500
2025-07-06,83945,2025070604000974,AKPL,Deevyaa Securities & Stock House Pvt. Ltd,Linch Stock Market Ltd.,250,260.0,65000.0,2025-07-06 11:11:36.316527
2025-07-06,83944,2025070604000975,AKPL,Cristal Kanchanjanga Securites Pvt. Ltd.,Linch Stock Market Ltd.,325,260.0,84500.0,2025-07-06 11:11:36.316553
2025-07-06,83943,2025070604000976,AKPL,Sunrise Securities Limited,Linch Stock Market Ltd.,398,259.2,103161.6,2025-07-06 11:11:36.316578
2025-07-06,83653,2025070604001064,AKPL,Sunrise Securities Limited,Imperial Securities Company Pvt. Ltd.,602,259.2,156038.4,2025-07-06 11:12:18.063004
2025-07-06,83652,2025070604001065,AKPL,Premier Securities Company Ltd.,Imperial Securities Company Pvt. Ltd.,200,259.0,51800.0,2025-07-06 11:12:18.063228
2025-07-06,83651,2025070604001066,AKPL,S.P.S.A. Securities Limited,Imperial Securities Company Pvt. Ltd.,190,259.0,49210.0,2025-07-06 11:12:18.063368
2025-07-06,83163,2025070604001183,AKPL,Sunrise Securities Limited,Imperial Securities Company Pvt. Ltd.,108,259.0,27972.0,2025-07-06 11:13:30.671621
2025-07-06,83162,2025070604001184,AKPL,Sunrise Securities Limited,Secured Securities Ltd.,992,259.0,256928.0,2025-07-06 11:13:30.671777
2025-07-06,82748,2025070604001298,AKPL,Aryatara Investment & Securities,Online Securities Pvt. Ltd.,200,260.0,52000.0,2025-07-06 11:14:26.483211
2025-07-06,82747,2025070604001299,AKPL,South Asian Bulls Pvt. Ltd.,Online Securities Pvt. Ltd.,160,259.0,41440.0,2025-07-06 11:14:26.483345
2025-07-06,82676,2025070604001324,AKPL,Ashutosh Brokerage & Securities (PVT) Ltd.,Vision Securities Pvt. Ltd,10,259.1,2591.0,2025-07-06 11:14:36.752362
2025-07-06,82216,2025070604001425,AKPL,Online Securities Pvt. Ltd.,Asian Securities Private Ltd.,23,260.0,5980.0,2025-07-06 11:15:37.178326
2025-07-06,82063,2025070604001461,AKPL,Naasa Securities Co. Ltd.,Siprabi Securities Pvt. Ltd.,130,259.2,33696.0,2025-07-06 11:15:56.976341
2025-07-06,82062,2025070604001462,AKPL,Ashutosh Brokerage & Securities (PVT) Ltd.,Siprabi Securities Pvt. Ltd.,120,259.1,31092.0,2025-07-06 11:15:56.976442
2025-07-06,81940,2025070604001490,AKPL,Naasa Securities Co. Ltd.,Secured Securities Ltd.,500,260.1,130050.0,2025-07-06 11:16:15.532449
2025-07-06,81871,2025070604001519,AKPL,Ashutosh Brokerage & Securities (PVT) Ltd.,Asian Securities Private Ltd.,370,259.1,95867.0,2025-07-06 11:16:26.472206
2025-07-06,81870,2025070604001520,AKPL,South Asian Bulls Pvt. Ltd.,Asian Securities Private Ltd.,340,259.0,88060.0,2025-07-06 11:16:26.472351
2025-07-06,81869,2025070604001521,AKPL,Nepal Stock House (PVT) Ltd.,Asian Securities Private Ltd.,290,259.0,75110.0,2025-07-06 11:16:26.472412
2025-07-06,81394,2025070604001629,AKPL,Nepal Stock House (PVT) Ltd.,Aakashbhairab Securities Ltd.,210,259.0,54390.0,2025-07-06 11:17:37.482600
2025-07-06,81393,2025070604001630,AKPL,Trishakti Securities Public Limited,Aakashbhairab Securities Ltd.,90,259.0,23310.0,2025-07-06 11:17:37.482728
2025-07-06,81071,2025070604001767,AKPL,Trishakti Securities Public Limited,Miyo Securities Pvt Ltd,10,259.0,2590.0,2025-07-06 11:18:28.987412
2025-07-06,81070,2025070604001768,AKPL,Secured Securities Ltd.,Miyo Securities Pvt Ltd,990,259.0,256410.0,2025-07-06 11:18:28.987455
2025-07-06,80462,2025070604001978,AKPL,Nabil Stock Dealer Ltd.,Aakashbhairab Securities Ltd.,100,259.8,25980.0,2025-07-06 11:20:10.267109
2025-07-06,80252,2025070604002043,AKPL,Nabil Stock Dealer Ltd.,Kohinoor Investment & Securities Pvt. Ltd.,130,259.9,33787.0,2025-07-06 11:20:45.357220
2025-07-06,79488,2025070604002302,AKPL,Indira securities pvt. ltd,Linch Stock Market Ltd.,20,259.1,5182.0,2025-07-06 11:23:03.539610
2025-07-06,79487,2025070604002303,AKPL,Secured Securities Ltd.,Linch Stock Market Ltd.,10,259.0,2590.0,2025-07-06 11:23:03.539726
2025-07-06,79486,2025070604002304,AKPL,Indira securities pvt. ltd,Linch Stock Market Ltd.,10,259.0,2590.0,2025-07-06 11:23:03.539822
2025-07-06,79485,2025070604002305,AKPL,Sewa Securities Pvt. Ltd.,Linch Stock Market Ltd.,960,259.0,248640.0,2025-07-06 11:23:03.539901
2025-07-06,78397,2025070604002572,AKPL,Sewa Securities Pvt. Ltd.,Agrawal Securities (PVT) Ltd.,40,259.0,10360.0,2025-07-06 11:26:09.685267
2025-07-06,78396,2025070604002573,AKPL,Kohinoor Investment & Securities Pvt. Ltd.,Agrawal Securities (PVT) Ltd.,88,259.0,22792.0,2025-07-06 11:26:09.685538
2025-07-06,78395,2025070604002574,AKPL,Sumeru Securities Pvt. Ltd.,Agrawal Securities (PVT) Ltd.,72,259.0,18648.0,2025-07-06 11:26:09.685689
2025-07-06,78358,2025070604002584,AKPL,Sumeru Securities Pvt. Ltd.,Secured Securities Ltd.,18,259.0,4662.0,2025-07-06 11:26:17.443599
2025-07-06,78357,2025070604002585,AKPL,Trisul Securities & Invt. Ltd.,Secured Securities Ltd.,30,259.0,7770.0,2025-07-06 11:26:17.443761
2025-07-06,78356,2025070604002586,AKPL,Naasa Securities Co. Ltd.,Secured Securities Ltd.,30,259.0,7770.0,2025-07-06 11:26:17.443834
2025-07-06,78355,2025070604002587,AKPL,Global IME Securities Limited,Secured Securities Ltd.,100,258.4,25840.0,2025-07-06 11:26:17.443888
2025-07-06,78354,2025070604002588,AKPL,Dynamic Money Managers Securities Pvt. Ltd.,Secured Securities Ltd.,500,258.4,129200.0,2025-07-06 11:26:17.443943
2025-07-06,78353,2025070604002589,AKPL,Dakshinkali Investment & Securities Pvt. Ltd.,Secured Securities Ltd.,125,258.3,32287.5,2025-07-06 11:26:17.443994
2025-07-06,78352,2025070604002590,AKPL,J.F. Securites (PVT) Ltd.,Secured Securities Ltd.,200,258.3,51660.0,2025-07-06 11:26:17.444044
2025-07-06,78351,2025070604002591,AKPL,Vision Securities Pvt. Ltd,Secured Securities Ltd.,500,258.3,129150.0,2025-07-06 11:26:17.444095
2025-07-06,78350,2025070604002592,AKPL,Malla & Malla Stock Broking Company Pvt. Limited,Secured Securities Ltd.,100,258.3,25830.0,2025-07-06 11:26:17.444144
2025-07-06,78349,2025070604002593,AKPL,Indira securities pvt. ltd,Secured Securities Ltd.,10,258.3,2583.0,2025-07-06 11:26:17.444196
2025-07-06,78348,2025070604002594,AKPL,Cristal Kanchanjanga Securites Pvt. Ltd.,Secured Securities Ltd.,100,258.3,25830.0,2025-07-06 11:26:17.444244
2025-07-06,78347,2025070604002595,AKPL,Sunrise Securities Limited,Secured Securities Ltd.,2000,258.2,516400.0,2025-07-06 11:26:17.444301
2025-07-06,78346,2025070604002596,AKPL,Thrive Brokerage House Pvt. Ltd,Secured Securities Ltd.,100,258.1,25810.0,2025-07-06 11:26:17.444371
2025-07-06,78345,2025070604002597,AKPL,Capital Max Securities Ltd,Secured Securities Ltd.,1687,258.1,435414.7,2025-07-06 11:26:17.444423
2025-07-06,78294,2025070604002622,AKPL,Capital Max Securities Ltd,Secured Securities Ltd.,39,258.1,10065.9,2025-07-06 11:26:27.528387
2025-07-06,77791,2025070604002779,AKPL,Sani Securities Company Ltd.,Kohinoor Investment & Securities Pvt. Ltd.,370,259.4,95978.0,2025-07-06 11:28:08.492260
2025-07-06,77555,2025070604002874,AKPL,Secured Securities Ltd.,Vision Securities Pvt. Ltd,10,259.4,2594.0,2025-07-06 11:29:02.824362
2025-07-06,77554,2025070604002875,AKPL,Secured Securities Ltd.,J.F. Securites (PVT) Ltd.,80,259.6,20768.0,2025-07-06 11:29:02.824630
2025-07-06,77553,2025070604002876,AKPL,Secured Securities Ltd.,Imperial Securities Company Pvt. Ltd.,17,259.8,4416.6,2025-07-06 11:29:02.824787
2025-07-06,77552,2025070604002877,AKPL,Secured Securities Ltd.,Kohinoor Investment & Securities Pvt. Ltd.,343,260.0,89180.0,2025-07-06 11:29:02.824947
2025-07-06,77324,2025070604002925,AKPL,Dipshikha Dhitopatra Karobar Co. Pvt Ltd.,Kumari Securities Private Limited,35,260.0,9100.0,2025-07-06 11:29:43.335927
2025-07-06,76901,2025070604003058,AKPL,Naasa Securities Co. Ltd.,Kumari Securities Private Limited,50,260.0,13000.0,2025-07-06 11:30:48.848394
2025-07-06,76450,2025070604003173,AKPL,Capital Max Securities Ltd,Sani Securities Company Ltd.,23,259.1,5959.3,2025-07-06 11:32:04.361140
2025-07-06,76028,2025070604003299,AKPL,Deevyaa Securities & Stock House Pvt. Ltd,Aakashbhairab Securities Ltd.,100,259.2,25920.0,2025-07-06 11:33:22.103331
2025-07-06,75907,2025070604003347,AKPL,Capital Max Securities Ltd,Opal Securities Investment (PVT) Ltd.,80,259.1,20728.0,2025-07-06 11:33:48.263555
2025-07-06,75641,2025070604003426,AKPL,Sewa Securities Pvt. Ltd.,Kalika Securities Pvt. Ltd.,100,259.2,25920.0,2025-07-06 11:34:32.836447
2025-07-06,75640,2025070604003427,AKPL,Capital Max Securities Ltd,Kalika Securities Pvt. Ltd.,171,259.1,44306.1,2025-07-06 11:34:32.836620
2025-07-06,75592,2025070604003441,AKPL,Vision Securities Pvt. Ltd,Online Securities Pvt. Ltd.,95,259.0,24605.0,2025-07-06 11:34:44.410141
2025-07-06,75591,2025070604003442,AKPL,Imperial Securities Company Pvt. Ltd.,Online Securities Pvt. Ltd.,605,259.0,156695.0,2025-07-06 11:34:44.410338
2025-07-06,75548,2025070604003461,AKPL,Linch Stock Market Ltd.,Kalika Securities Pvt. Ltd.,219,259.1,56742.9,2025-07-06 11:34:53.295467
2025-07-06,75547,2025070604003462,AKPL,Linch Stock Market Ltd.,Naasa Securities Co. Ltd.,20,260.0,5200.0,2025-07-06 11:34:53.295616
2025-07-06,75546,2025070604003463,AKPL,Linch Stock Market Ltd.,Sundhara Securities Limited,316,260.0,82160.0,2025-07-06 11:34:53.295681
2025-07-06,75261,2025070604003530,AKPL,Imperial Securities Company Pvt. Ltd.,Sani Securities Company Ltd.,16,259.0,4144.0,2025-07-06 11:35:38.021256
2025-07-06,74697,2025070604003680,AKPL,Imperial Securities Company Pvt. Ltd.,Secured Securities Ltd.,72,259.0,18648.0,2025-07-06 11:37:29.185512
2025-07-06,74696,2025070604003681,AKPL,BHOLE GANESH SECURITIES LTD,Secured Securities Ltd.,28,259.0,7252.0,2025-07-06 11:37:29.185743
2025-07-06,74451,2025070604003759,AKPL,Sewa Securities Pvt. Ltd.,Secured Securities Ltd.,84,259.1,21764.4,2025-07-06 11:38:11.971710
2025-07-06,73988,2025070604003871,AKPL,Sani Securities Company Ltd.,Sundhara Securities Limited,184,260.0,47840.0,2025-07-06 11:39:24.823615
2025-07-06,73617,2025070604003961,AKPL,Sani Securities Company Ltd.,Midas Stock Broking Company Private Limited,56,261.0,14616.0,2025-07-06 11:40:20.458792
2025-07-06,72868,2025070604004148,AKPL,Premier Securities Company Ltd.,Aryatara Investment & Securities,35,260.0,9100.0,2025-07-06 11:42:12.091432
2025-07-06,72730,2025070604004183,AKPL,Premier Securities Company Ltd.,Linch Stock Market Ltd.,65,260.0,16900.0,2025-07-06 11:42:41.461625
2025-07-06,72729,2025070604004184,AKPL,Secured Securities Ltd.,Linch Stock Market Ltd.,120,260.0,31200.0,2025-07-06 11:42:41.461803
2025-07-06,72542,2025070604004227,AKPL,Secured Securities Ltd.,Sani Securities Company Ltd.,20,260.0,5200.0,2025-07-06 11:43:14.697023
2025-07-06,72287,2025070604004307,AKPL,Secured Securities Ltd.,Sharepro Securities Private Limited,100,260.0,26000.0,2025-07-06 11:43:51.184081
2025-07-06,71557,2025070604004466,AKPL,Secured Securities Ltd.,Naasa Securities Co. Ltd.,360,260.0,93600.0,2025-07-06 11:45:52.635400
2025-07-06,70589,2025070604004727,AKPL,Secured Securities Ltd.,Malla & Malla Stock Broking Company Pvt. Limited,50,260.0,13000.0,2025-07-06 11:48:29.757008
2025-07-06,70126,2025070604004863,AKPL,Secured Securities Ltd.,Aryatara Investment & Securities,66,260.0,17160.0,2025-07-06 11:49:41.339211
2025-07-06,69968,2025070604004911,AKPL,Secured Securities Ltd.,Kohinoor Investment & Securities Pvt. Ltd.,284,260.0,73840.0,2025-07-06 11:50:09.192060
2025-07-06,69967,2025070604004912,AKPL,Opal Securities Investment (PVT) Ltd.,Kohinoor Investment & Securities Pvt. Ltd.,256,260.0,66560.0,2025-07-06 11:50:09.192183
2025-07-06,69930,2025070604004925,AKPL,Opal Securities Investment (PVT) Ltd.,Vision Securities Pvt. Ltd,244,260.0,63440.0,2025-07-06 11:50:18.206421
2025-07-06,69929,2025070604004926,AKPL,Nepal Stock House (PVT) Ltd.,Vision Securities Pvt. Ltd,295,260.0,76700.0,2025-07-06 11:50:18.206758
2025-07-06,69928,2025070604004927,AKPL,Cristal Kanchanjanga Securites Pvt. Ltd.,Vision Securities Pvt. Ltd,200,260.0,52000.0,2025-07-06 11:50:18.206984
2025-07-06,69927,2025070604004928,AKPL,Vision Securities Pvt. Ltd,Vision Securities Pvt. Ltd,200,260.0,52000.0,2025-07-06 11:50:18.207200
2025-07-06,69790,2025070604004967,AKPL,Aryatara Investment & Securities,Vision Securities Pvt. Ltd,100,259.6,25960.0,2025-07-06 11:50:43.370184
2025-07-06,69789,2025070604004968,AKPL,Agrawal Securities (PVT) Ltd.,Vision Securities Pvt. Ltd,20,259.5,5190.0,2025-07-06 11:50:43.370376
2025-07-06,69788,2025070604004969,AKPL,Sewa Securities Pvt. Ltd.,Vision Securities Pvt. Ltd,91,259.5,23614.5,2025-07-06 11:50:43.370459
2025-07-06,69073,2025070604005136,AKPL,Sewa Securities Pvt. Ltd.,Nabil Stock Dealer Ltd.,534,259.5,138573.0,2025-07-06 11:52:59.292885
2025-07-06,68421,2025070604005336,AKPL,Sewa Securities Pvt. Ltd.,Neev Securities Pvt. Ltd.,51,259.3,13224.3,2025-07-06 11:54:53.595390
2025-07-06,68207,2025070604005395,AKPL,Kumari Securities Private Limited,Nabil Stock Dealer Ltd.,40,259.5,10380.0,2025-07-06 11:55:46.676355
2025-07-06,66914,2025070604005682,AKPL,Sewa Securities Pvt. Ltd.,Imperial Securities Company Pvt. Ltd.,17,259.3,4408.1,2025-07-06 12:00:02.724344
2025-07-06,66782,2025070604005704,AKPL,Imperial Securities Company Pvt. Ltd.,Nabil Stock Dealer Ltd.,100,259.5,25950.0,2025-07-06 12:00:27.901483
2025-07-06,66685,2025070604005732,AKPL,Sewa Securities Pvt. Ltd.,Dipshikha Dhitopatra Karobar Co. Pvt Ltd.,748,259.3,193956.4,2025-07-06 12:00:49.931946
2025-07-06,66684,2025070604005733,AKPL,Cristal Kanchanjanga Securites Pvt. Ltd.,Dipshikha Dhitopatra Karobar Co. Pvt Ltd.,252,259.3,65343.6,2025-07-06 12:00:49.932093
2025-07-06,66476,2025070604005777,AKPL,Cristal Kanchanjanga Securites Pvt. Ltd.,Naasa Securities Co. Ltd.,26,259.3,6741.8,2025-07-06 12:01:31.139008
2025-07-06,66055,2025070604005901,AKPL,Cristal Kanchanjanga Securites Pvt. Ltd.,Bhrikuti Stock Broking Co. Pvt. Ltd.,50,259.3,12965.0,2025-07-06 12:02:33.391829
2025-07-06,66025,2025070604005914,AKPL,Kumari Securities Private Limited,Nabil Stock Dealer Ltd.,116,259.5,30102.0,2025-07-06 12:02:38.101335
2025-07-06,66024,2025070604005915,AKPL,Kumari Securities Private Limited,Secured Securities Ltd.,20,259.5,5190.0,2025-07-06 12:02:38.101617
2025-07-06,65790,2025070604005972,AKPL,Naasa Securities Co. Ltd.,Premier Securities Company Ltd.,18,260.0,4680.0,2025-07-06 12:03:17.106078
2025-07-06,65783,2025070604005973,AKPL,Sani Securities Company Ltd.,Premier Securities Company Ltd.,10,260.0,2600.0,2025-07-06 12:03:18.095737
2025-07-06,65737,2025070604005982,AKPL,Kumari Securities Private Limited,Naasa Securities Co. Ltd.,14,259.5,3633.0,2025-07-06 12:03:26.201956
2025-07-06,65736,2025070604005983,AKPL,Cristal Kanchanjanga Securites Pvt. Ltd.,Naasa Securities Co. Ltd.,72,259.3,18669.6,2025-07-06 12:03:26.202428
2025-07-06,65735,2025070604005984,AKPL,Trishakti Securities Public Limited,Naasa Securities Co. Ltd.,100,259.2,25920.0,2025-07-06 12:03:26.202698
2025-07-06,65734,2025070604005985,AKPL,ABC Securities Private Limited,Naasa Securities Co. Ltd.,1000,259.1,259100.0,2025-07-06 12:03:26.202955
2025-07-06,65733,2025070604005986,AKPL,ABC Securities Private Limited,Naasa Securities Co. Ltd.,1000,259.1,259100.0,2025-07-06 12:03:26.203208
2025-07-06,65732,2025070604005987,AKPL,BHOLE GANESH SECURITIES LTD,Naasa Securities Co. Ltd.,62,259.0,16058.0,2025-07-06 12:03:26.203472
2025-07-06,65731,2025070604005988,AKPL,Sumeru Securities Pvt. Ltd.,Naasa Securities Co. Ltd.,380,259.0,98420.0,2025-07-06 12:03:26.203728
2025-07-06,65730,2025070604005989,AKPL,Neev Securities Pvt. Ltd.,Naasa Securities Co. Ltd.,500,259.0,129500.0,2025-07-06 12:03:26.203980
2025-07-06,65729,2025070604005990,AKPL,Naasa Securities Co. Ltd.,Naasa Securities Co. Ltd.,184,259.0,47656.0,2025-07-06 12:03:26.204225
2025-07-06,65728,2025070604005991,AKPL,Trisul Securities & Invt. Ltd.,Naasa Securities Co. Ltd.,1000,259.0,259000.0,2025-07-06 12:03:26.204482
2025-07-06,65727,2025070604005992,AKPL,Aryatara Investment & Securities,Naasa Securities Co. Ltd.,615,259.0,159285.0,2025-07-06 12:03:26.204744
2025-07-06,65726,2025070604005993,AKPL,Pragyan Securities (PVT) Ltd.,Naasa Securities Co. Ltd.,73,259.0,18907.0,2025-07-06 12:03:26.204979
2025-07-06,65602,2025070604006026,AKPL,Online Securities Pvt. Ltd.,Premier Securities Company Ltd.,22,260.0,5720.0,2025-07-06 12:03:47.790601
2025-07-06,64849,2025070604006180,AKPL,Property Wiard Limited,Investment Management Nepal Pvt. Ltd.,100,259.3,25930.0,2025-07-06 12:05:54.828470
2025-07-06,64848,2025070604006181,AKPL,Pragyan Securities (PVT) Ltd.,Investment Management Nepal Pvt. Ltd.,427,259.0,110593.0,2025-07-06 12:05:54.828897
2025-07-06,64847,2025070604006182,AKPL,Kohinoor Investment & Securities Pvt. Ltd.,Investment Management Nepal Pvt. Ltd.,386,259.0,99974.0,2025-07-06 12:05:54.829261
2025-07-06,64846,2025070604006183,AKPL,Capital Hub P. Ltd,Investment Management Nepal Pvt. Ltd.,1487,258.4,384240.8,2025-07-06 12:05:54.829633
2025-07-06,64794,2025070604006190,AKPL,Naasa Securities Co. Ltd.,Thrive Brokerage House Pvt. Ltd,81,259.0,20979.0,2025-07-06 12:06:02.647347
2025-07-06,64595,2025070604006216,AKPL,Malla & Malla Stock Broking Company Pvt. Limited,Arun Securities (PVT) Ltd.,50,260.0,13000.0,2025-07-06 12:06:30.200676
2025-07-06,64434,2025070604006247,AKPL,Online Securities Pvt. Ltd.,Arun Securities (PVT) Ltd.,44,260.0,11440.0,2025-07-06 12:06:55.480188
2025-07-06,64041,2025070604006353,AKPL,Naasa Securities Co. Ltd.,Indira securities pvt. ltd,200,259.0,51800.0,2025-07-06 12:08:05.791401
2025-07-06,63647,2025070604006436,AKPL,Naasa Securities Co. Ltd.,Nepal Stock House (PVT) Ltd.,219,259.0,56721.0,2025-07-06 12:09:18.565269
2025-07-06,63646,2025070604006437,AKPL,Naasa Securities Co. Ltd.,Nepal Stock House (PVT) Ltd.,781,259.0,202279.0,2025-07-06 12:09:18.565714
2025-07-06,63433,2025070604006481,AKPL,Naasa Securities Co. Ltd.,Kumari Securities Private Limited,115,259.0,29785.0,2025-07-06 12:10:05.181369
2025-07-06,62558,2025070604006708,AKPL,Online Securities Pvt. Ltd.,Arun Securities (PVT) Ltd.,21,259.1,5441.1,2025-07-06 12:13:01.445028
2025-07-06,62557,2025070604006709,AKPL,Kohinoor Investment & Securities Pvt. Ltd.,Arun Securities (PVT) Ltd.,235,259.1,60888.5,2025-07-06 12:13:01.445299
2025-07-06,62556,2025070604006710,AKPL,Naasa Securities Co. Ltd.,Arun Securities (PVT) Ltd.,34,259.0,8806.0,2025-07-06 12:13:01.445405
2025-07-06,62555,2025070604006711,AKPL,Linch Stock Market Ltd.,Arun Securities (PVT) Ltd.,110,259.0,28490.0,2025-07-06 12:13:01.445490
2025-07-06,62503,2025070604006721,AKPL,Linch Stock Market Ltd.,Aryatara Investment & Securities,140,259.0,36260.0,2025-07-06 12:13:18.068505
2025-07-06,62502,2025070604006722,AKPL,Online Securities Pvt. Ltd.,Aryatara Investment & Securities,200,259.0,51800.0,2025-07-06 12:13:18.068736
2025-07-06,62501,2025070604006723,AKPL,Premier Securities Company Ltd.,Aryatara Investment & Securities,500,258.5,129250.0,2025-07-06 12:13:18.068824
2025-07-06,62500,2025070604006724,AKPL,Capital Hub P. Ltd,Aryatara Investment & Securities,345,258.4,89148.0,2025-07-06 12:13:18.068913
2025-07-06,62338,2025070604006762,AKPL,Imperial Securities Company Pvt. Ltd.,Nepal Stock House (PVT) Ltd.,10,259.9,2599.0,2025-07-06 12:13:49.778209
2025-07-06,61076,2025070604007077,AKPL,ABC Securities Private Limited,Nepal Stock House (PVT) Ltd.,990,259.1,256509.0,2025-07-06 12:18:14.459399
2025-07-06,60972,2025070604007113,AKPL,ABC Securities Private Limited,Dakshinkali Investment & Securities Pvt. Ltd.,10,259.1,2591.0,2025-07-06 12:18:35.488404
2025-07-06,60971,2025070604007114,AKPL,ABC Securities Private Limited,Dakshinkali Investment & Securities Pvt. Ltd.,1000,259.1,259100.0,2025-07-06 12:18:35.488643
2025-07-06,60970,2025070604007115,AKPL,Cristal Kanchanjanga Securites Pvt. Ltd.,Dakshinkali Investment & Securities Pvt. Ltd.,100,259.0,25900.0,2025-07-06 12:18:35.488744
2025-07-06,60969,2025070604007116,AKPL,Naasa Securities Co. Ltd.,Dakshinkali Investment & Securities Pvt. Ltd.,890,259.0,230510.0,2025-07-06 12:18:35.488839
2025-07-06,60846,2025070604007147,AKPL,Naasa Securities Co. Ltd.,Arun Securities (PVT) Ltd.,110,259.0,28490.0,2025-07-06 12:18:58.186517
2025-07-06,60845,2025070604007148,AKPL,Naasa Securities Co. Ltd.,Arun Securities (PVT) Ltd.,30,259.0,7770.0,2025-07-06 12:18:58.186767
2025-07-06,60844,2025070604007149,AKPL,Naasa Securities Co. Ltd.,Arun Securities (PVT) Ltd.,300,259.0,77700.0,2025-07-06 12:18:58.186886
2025-07-06,59459,2025070604007567,AKPL,Sani Securities Company Ltd.,Arun Securities (PVT) Ltd.,20,259.0,5180.0,2025-07-06 12:23:19.879456
2025-07-06,59196,2025070604007652,AKPL,Midas Stock Broking Company Private Limited,Arun Securities (PVT) Ltd.,10,259.0,2590.0,2025-07-06 12:23:57.761272
2025-07-06,58876,2025070604007739,AKPL,Naasa Securities Co. Ltd.,Arun Securities (PVT) Ltd.,500,259.0,129500.0,2025-07-06 12:24:52.208005
2025-07-06,58765,2025070604007767,AKPL,Dynamic Money Managers Securities Pvt. Ltd.,Arun Securities (PVT) Ltd.,30,259.0,7770.0,2025-07-06 12:25:14.986005
2025-07-06,58764,2025070604007768,AKPL,Dynamic Money Managers Securities Pvt. Ltd.,Naasa Securities Co. Ltd.,25,259.0,6475.0,2025-07-06 12:25:14.986101
2025-07-06,58763,2025070604007769,AKPL,Dynamic Money Managers Securities Pvt. Ltd.,Dynamic Money Managers Securities Pvt. Ltd.,500,259.1,129550.0,2025-07-06 12:25:14.986177
2025-07-06,58762,2025070604007770,AKPL,Dynamic Money Managers Securities Pvt. Ltd.,Bhrikuti Stock Broking Co. Pvt. Ltd.,50,259.2,12960.0,2025-07-06 12:25:14.986267
2025-07-06,58761,2025070604007771,AKPL,Dynamic Money Managers Securities Pvt. Ltd.,Sumeru Securities Pvt. Ltd.,500,259.9,129950.0,2025-07-06 12:25:14.986370
2025-07-06,58760,2025070604007772,AKPL,Dynamic Money Managers Securities Pvt. Ltd.,Linch Stock Market Ltd.,500,260.0,130000.0,2025-07-06 12:25:14.986444
2025-07-06,58759,2025070604007773,AKPL,Dynamic Money Managers Securities Pvt. Ltd.,Aryatara Investment & Securities,500,260.0,130000.0,2025-07-06 12:25:14.986516
2025-07-06,58758,2025070604007774,AKPL,Dynamic Money Managers Securities Pvt. Ltd.,Sundhara Securities Limited,500,260.0,130000.0,2025-07-06 12:25:14.986579
2025-07-06,58757,2025070604007775,AKPL,Dynamic Money Managers Securities Pvt. Ltd.,J.F. Securites (PVT) Ltd.,300,260.0,78000.0,2025-07-06 12:25:14.986629
2025-07-06,58756,2025070604007776,AKPL,Dynamic Money Managers Securities Pvt. Ltd.,Vision Securities Pvt. Ltd,70,260.6,18242.0,2025-07-06 12:25:14.986682
2025-07-06,58755,2025070604007777,AKPL,Dynamic Money Managers Securities Pvt. Ltd.,Midas Stock Broking Company Private Limited,244,261.0,63684.0,2025-07-06 12:25:14.986765
2025-07-06,58754,2025070604007778,AKPL,Dynamic Money Managers Securities Pvt. Ltd.,Elite Stock House Limited,200,261.0,52200.0,2025-07-06 12:25:14.986823
2025-07-06,58753,2025070604007779,AKPL,Dynamic Money Managers Securities Pvt. Ltd.,Online Securities Pvt. Ltd.,50,261.0,13050.0,2025-07-06 12:25:14.986875
2025-07-06,58752,2025070604007780,AKPL,Dynamic Money Managers Securities Pvt. Ltd.,Sharepro Securities Private Limited,131,261.0,34191.0,2025-07-06 12:25:14.986925
2025-07-06,56567,2025070604008373,AKPL,Kumari Securities Private Limited,ABC Securities Private Limited,100,259.1,25910.0,2025-07-06 12:32:16.642522
2025-07-06,56495,2025070604008395,AKPL,Dipshikha Dhitopatra Karobar Co. Pvt Ltd.,ABC Securities Private Limited,60,259.0,15540.0,2025-07-06 12:32:31.749030
2025-07-06,56494,2025070604008396,AKPL,Sweta Securities Private Limited,ABC Securities Private Limited,10,259.0,2590.0,2025-07-06 12:32:31.749307
2025-07-06,56493,2025070604008397,AKPL,Capital Max Securities Ltd,ABC Securities Private Limited,40,259.0,10360.0,2025-07-06 12:32:31.749416
2025-07-06,56149,2025070604008486,AKPL,Dakshinkali Investment & Securities Pvt. Ltd.,ABC Securities Private Limited,300,259.1,77730.0,2025-07-06 12:34:00.460080
2025-07-06,56148,2025070604008487,AKPL,Sewa Securities Pvt. Ltd.,ABC Securities Private Limited,177,259.0,45843.0,2025-07-06 12:34:00.460364
2025-07-06,56147,2025070604008488,AKPL,Asian Securities Private Ltd.,ABC Securities Private Limited,250,259.0,64750.0,2025-07-06 12:34:00.460467
2025-07-06,56146,2025070604008489,AKPL,Midas Stock Broking Company Private Limited,ABC Securities Private Limited,50,259.0,12950.0,2025-07-06 12:34:00.460561
2025-07-06,56096,2025070604008508,AKPL,Dipshikha Dhitopatra Karobar Co. Pvt Ltd.,ABC Securities Private Limited,200,258.8,51760.0,2025-07-06 12:34:14.588301
2025-07-06,56095,2025070604008509,AKPL,Vision Securities Pvt. Ltd,ABC Securities Private Limited,300,258.7,77610.0,2025-07-06 12:34:14.588565
2025-07-06,56094,2025070604008510,AKPL,Dipshikha Dhitopatra Karobar Co. Pvt Ltd.,ABC Securities Private Limited,200,258.6,51720.0,2025-07-06 12:34:14.588667
2025-07-06,56093,2025070604008511,AKPL,Sumeru Securities Pvt. Ltd.,ABC Securities Private Limited,300,258.6,77580.0,2025-07-06 12:34:14.588760
2025-07-06,56092,2025070604008512,AKPL,Online Securities Pvt. Ltd.,ABC Securities Private Limited,20,258.5,5170.0,2025-07-06 12:34:14.588853
2025-07-06,56091,2025070604008513,AKPL,Vision Securities Pvt. Ltd,ABC Securities Private Limited,27,258.5,6979.5,2025-07-06 12:34:14.588942
2025-07-06,56090,2025070604008514,AKPL,Capital Hub P. Ltd,ABC Securities Private Limited,53,258.4,13695.2,2025-07-06 12:34:14.589036
2025-07-06,55939,2025070604008548,AKPL,Capital Hub P. Ltd,ABC Securities Private Limited,223,258.4,57623.2,2025-07-06 12:34:44.827617
2025-07-06,55891,2025070604008554,AKPL,Dipshikha Dhitopatra Karobar Co. Pvt Ltd.,Naasa Securities Co. Ltd.,100,259.0,25900.0,2025-07-06 12:34:51.536277
2025-07-06,55711,2025070604008588,AKPL,Online Securities Pvt. Ltd.,Online Securities Pvt. Ltd.,30,258.5,7755.0,2025-07-06 12:35:30.582050
2025-07-06,55710,2025070604008589,AKPL,Sundhara Securities Limited,Online Securities Pvt. Ltd.,230,258.5,59455.0,2025-07-06 12:35:30.582130
2025-07-06,55709,2025070604008590,AKPL,Capital Hub P. Ltd,Online Securities Pvt. Ltd.,240,258.4,62016.0,2025-07-06 12:35:30.582161
2025-07-06,55427,2025070604008668,AKPL,ABC Securities Private Limited,Vision Securities Pvt. Ltd,20,258.5,5170.0,2025-07-06 12:36:20.492290
2025-07-06,55383,2025070604008677,AKPL,ABC Securities Private Limited,Naasa Securities Co. Ltd.,20,258.5,5170.0,2025-07-06 12:36:29.609798
2025-07-06,55344,2025070604008683,AKPL,ABC Securities Private Limited,Sumeru Securities Pvt. Ltd.,36,258.5,9306.0,2025-07-06 12:36:43.536493
2025-07-06,55312,2025070604008687,AKPL,Machhapuchchhre Securities Limited,Naasa Securities Co. Ltd.,10,259.0,2590.0,2025-07-06 12:36:48.175760
2025-07-06,54955,2025070604008797,AKPL,Secured Securities Ltd.,Sharepro Securities Private Limited,200,258.6,51720.0,2025-07-06 12:37:59.924940
2025-07-06,54851,2025070604008805,AKPL,Trishakti Securities Public Limited,ABC Securities Private Limited,100,258.7,25870.0,2025-07-06 12:38:13.493274
2025-07-06,54850,2025070604008806,AKPL,Secured Securities Ltd.,ABC Securities Private Limited,280,258.6,72408.0,2025-07-06 12:38:13.493589
2025-07-06,54849,2025070604008807,AKPL,Aakashbhairab Securities Ltd.,ABC Securities Private Limited,1000,258.6,258600.0,2025-07-06 12:38:13.493702
2025-07-06,54848,2025070604008808,AKPL,ABC Securities Private Limited,ABC Securities Private Limited,20,258.5,5170.0,2025-07-06 12:38:13.493821
2025-07-06,54649,2025070604008862,AKPL,ABC Securities Private Limited,Sharepro Securities Private Limited,100,258.5,25850.0,2025-07-06 12:38:45.144295
2025-07-06,54335,2025070604008920,AKPL,Investment Management Nepal Pvt. Ltd.,Naasa Securities Co. Ltd.,90,259.0,23310.0,2025-07-06 12:39:53.385924
2025-07-06,54334,2025070604008921,AKPL,Investment Management Nepal Pvt. Ltd.,Naasa Securities Co. Ltd.,200,259.0,51800.0,2025-07-06 12:39:53.386216
2025-07-06,54333,2025070604008922,AKPL,Investment Management Nepal Pvt. Ltd.,Naasa Securities Co. Ltd.,200,259.0,51800.0,2025-07-06 12:39:53.386320
2025-07-06,54332,2025070604008923,AKPL,Investment Management Nepal Pvt. Ltd.,Naasa Securities Co. Ltd.,200,259.0,51800.0,2025-07-06 12:39:53.386425
2025-07-06,54331,2025070604008924,AKPL,Investment Management Nepal Pvt. Ltd.,Sumeru Securities Pvt. Ltd.,310,259.0,80290.0,2025-07-06 12:39:53.386522
2025-07-06,54283,2025070604008934,AKPL,Shree Krishna Securities Ltd.,Sumeru Securities Pvt. Ltd.,10,259.0,2590.0,2025-07-06 12:40:00.246182
2025-07-06,54229,2025070604008942,AKPL,Naasa Securities Co. Ltd.,Sumeru Securities Pvt. Ltd.,180,259.0,46620.0,2025-07-06 12:40:12.392853
2025-07-06,53962,2025070604009025,AKPL,Naasa Securities Co. Ltd.,Sharepro Securities Private Limited,100,259.0,25900.0,2025-07-06 12:40:49.991695
2025-07-06,53780,2025070604009072,AKPL,Naasa Securities Co. Ltd.,Shree Krishna Securities Ltd.,51,259.0,13209.0,2025-07-06 12:41:15.883669
2025-07-06,53657,2025070604009120,AKPL,J.F. Securites (PVT) Ltd.,Oxford Securities Pvt. Ltd.,65,260.0,16900.0,2025-07-06 12:41:35.356235
2025-07-06,53528,2025070604009153,AKPL,Naasa Securities Co. Ltd.,Deevyaa Securities & Stock House Pvt. Ltd,869,259.0,225071.0,2025-07-06 12:41:55.520649
2025-07-06,53527,2025070604009154,AKPL,Online Securities Pvt. Ltd.,Deevyaa Securities & Stock House Pvt. Ltd,97,259.0,25123.0,2025-07-06 12:41:55.520749
2025-07-06,53526,2025070604009155,AKPL,Arun Securities (PVT) Ltd.,Deevyaa Securities & Stock House Pvt. Ltd,34,258.8,8799.2,2025-07-06 12:41:55.520829
2025-07-06,53362,2025070604009181,AKPL,Arun Securities (PVT) Ltd.,Secured Securities Ltd.,100,258.8,25880.0,2025-07-06 12:42:22.885624
2025-07-06,53321,2025070604009188,AKPL,Nabil Stock Dealer Ltd.,Oxford Securities Pvt. Ltd.,235,260.0,61100.0,2025-07-06 12:42:30.645661
2025-07-06,53320,2025070604009189,AKPL,Nabil Stock Dealer Ltd.,Oxford Securities Pvt. Ltd.,35,260.0,9100.0,2025-07-06 12:42:30.645916
2025-07-06,53173,2025070604009216,AKPL,Sri Hari Securities Pvt. Ltd.,Oxford Securities Pvt. Ltd.,86,260.0,22360.0,2025-07-06 12:42:49.349477
2025-07-06,53154,2025070604009218,AKPL,Kohinoor Investment & Securities Pvt. Ltd.,Oxford Securities Pvt. Ltd.,20,260.0,5200.0,2025-07-06 12:42:50.910761
2025-07-06,52609,2025070604009327,AKPL,Online Securities Pvt. Ltd.,Oxford Securities Pvt. Ltd.,100,260.0,26000.0,2025-07-06 12:44:10.256076
2025-07-06,52572,2025070604009332,AKPL,ABC Securities Private Limited,Investment Management Nepal Pvt. Ltd.,804,259.0,208236.0,2025-07-06 12:44:13.087166
2025-07-06,52571,2025070604009333,AKPL,ABC Securities Private Limited,Investment Management Nepal Pvt. Ltd.,446,259.0,115514.0,2025-07-06 12:44:13.087675
2025-07-06,52445,2025070604009349,AKPL,Machhapuchchhre Securities Limited,Oxford Securities Pvt. Ltd.,10,260.0,2600.0,2025-07-06 12:44:34.378567
2025-07-06,52225,2025070604009412,AKPL,ABC Securities Private Limited,Sajilo Broker Limited,250,259.0,64750.0,2025-07-06 12:45:23.091886
2025-07-06,51898,2025070604009470,AKPL,Agrawal Securities (PVT) Ltd.,Oxford Securities Pvt. Ltd.,19,260.0,4940.0,2025-07-06 12:46:17.299619
2025-07-06,51897,2025070604009471,AKPL,Agrawal Securities (PVT) Ltd.,Imperial Securities Company Pvt. Ltd.,16,260.0,4160.0,2025-07-06 12:46:17.300071
2025-07-06,51896,2025070604009472,AKPL,Agrawal Securities (PVT) Ltd.,Naasa Securities Co. Ltd.,200,260.0,52000.0,2025-07-06 12:46:17.300391
2025-07-06,51895,2025070604009473,AKPL,Agrawal Securities (PVT) Ltd.,Naasa Securities Co. Ltd.,200,260.0,52000.0,2025-07-06 12:46:17.300695
2025-07-06,51894,2025070604009474,AKPL,Agrawal Securities (PVT) Ltd.,Thrive Brokerage House Pvt. Ltd,400,260.0,104000.0,2025-07-06 12:46:17.300983
2025-07-06,51893,2025070604009475,AKPL,Agrawal Securities (PVT) Ltd.,Aryatara Investment & Securities,500,260.9,130450.0,2025-07-06 12:46:17.301331
2025-07-06,51892,2025070604009476,AKPL,Agrawal Securities (PVT) Ltd.,Sharepro Securities Private Limited,165,261.0,43065.0,2025-07-06 12:46:17.301619
2025-07-06,51806,2025070604009489,AKPL,ABC Securities Private Limited,Kumari Securities Private Limited,200,259.0,51800.0,2025-07-06 12:46:30.426813
2025-07-06,51672,2025070604009514,AKPL,Machhapuchchhre Securities Limited,Sharepro Securities Private Limited,10,261.0,2610.0,2025-07-06 12:46:55.758148
2025-07-06,50938,2025070604009681,AKPL,Secured Securities Ltd.,Linch Stock Market Ltd.,32,260.0,8320.0,2025-07-06 12:49:08.078075
2025-07-06,50818,2025070604009707,AKPL,Naasa Securities Co. Ltd.,Sharepro Securities Private Limited,100,260.9,26090.0,2025-07-06 12:49:25.860909
2025-07-06,50817,2025070604009708,AKPL,Naasa Securities Co. Ltd.,Sharepro Securities Private Limited,900,261.0,234900.0,2025-07-06 12:49:25.861536
2025-07-06,49985,2025070604009888,AKPL,Online Securities Pvt. Ltd.,Sharepro Securities Private Limited,20,261.0,5220.0,2025-07-06 12:52:01.196658
2025-07-06,49933,2025070604009912,AKPL,Nepal Stock House (PVT) Ltd.,ABC Securities Private Limited,20,259.4,5188.0,2025-07-06 12:52:10.906169
2025-07-06,49554,2025070604010023,AKPL,Machhapuchchhre Securities Limited,Sharepro Securities Private Limited,10,261.0,2610.0,2025-07-06 12:53:08.726443
2025-07-06,49054,2025070604010140,AKPL,J.F. Securites (PVT) Ltd.,Online Securities Pvt. Ltd.,20,260.5,5210.0,2025-07-06 12:54:33.771912
2025-07-06,49041,2025070604010141,AKPL,Sani Securities Company Ltd.,Sani Securities Company Ltd.,27,260.0,7020.0,2025-07-06 12:54:34.800126
2025-07-06,48776,2025070604010212,AKPL,Sani Securities Company Ltd.,Trishakti Securities Public Limited,548,260.0,142480.0,2025-07-06 12:55:31.432044
2025-07-06,48575,2025070604010269,AKPL,J.F. Securites (PVT) Ltd.,Trishakti Securities Public Limited,42,260.0,10920.0,2025-07-06 12:56:03.850114
2025-07-06,48523,2025070604010276,AKPL,Vision Securities Pvt. Ltd,Vision Securities Pvt. Ltd,200,259.6,51920.0,2025-07-06 12:56:15.628727
2025-07-06,47844,2025070604010452,AKPL,ABC Securities Private Limited,Midas Stock Broking Company Private Limited,104,259.7,27008.8,2025-07-06 12:58:01.934632
2025-07-06,47843,2025070604010453,AKPL,Vision Securities Pvt. Ltd,Midas Stock Broking Company Private Limited,525,259.6,136290.0,2025-07-06 12:58:01.934930
2025-07-06,47842,2025070604010454,AKPL,Agrawal Securities (PVT) Ltd.,Midas Stock Broking Company Private Limited,40,259.5,10380.0,2025-07-06 12:58:01.935045
2025-07-06,47841,2025070604010455,AKPL,Nepal Stock House (PVT) Ltd.,Midas Stock Broking Company Private Limited,331,259.4,85861.4,2025-07-06 12:58:01.935153
2025-07-06,47213,2025070604010618,AKPL,Aryatara Investment & Securities,Oxford Securities Pvt. Ltd.,300,260.0,78000.0,2025-07-06 12:59:55.960339
2025-07-06,46637,2025070604010758,AKPL,Arun Securities (PVT) Ltd.,Naasa Securities Co. Ltd.,240,260.0,62400.0,2025-07-06 13:01:52.770152
2025-07-06,46636,2025070604010759,AKPL,Arun Securities (PVT) Ltd.,Stoxkarts Securities Limited,156,260.0,40560.0,2025-07-06 13:01:52.770471
2025-07-06,45555,2025070604011000,AKPL,Aryatara Investment & Securities,Sundhara Securities Limited,25,259.5,6487.5,2025-07-06 13:05:21.685026
2025-07-06,45554,2025070604011001,AKPL,Sani Securities Company Ltd.,Sundhara Securities Limited,15,259.5,3892.5,2025-07-06 13:05:21.685555
2025-07-06,45475,2025070604011033,AKPL,Sani Securities Company Ltd.,Stoxkarts Securities Limited,30,259.5,7785.0,2025-07-06 13:05:37.787595
2025-07-06,45399,2025070604011061,AKPL,Sani Securities Company Ltd.,Sumeru Securities Pvt. Ltd.,55,259.5,14272.5,2025-07-06 13:05:54.560893
2025-07-06,45398,2025070604011062,AKPL,Nepal Stock House (PVT) Ltd.,Sumeru Securities Pvt. Ltd.,649,259.4,168350.6,2025-07-06 13:05:54.560999
2025-07-06,45397,2025070604011063,AKPL,Aryatara Investment & Securities,Sumeru Securities Pvt. Ltd.,50,259.2,12960.0,2025-07-06 13:05:54.561076
2025-07-06,45396,2025070604011064,AKPL,Investment Management Nepal Pvt. Ltd.,Sumeru Securities Pvt. Ltd.,1000,259.1,259100.0,2025-07-06 13:05:54.561146
2025-07-06,45395,2025070604011065,AKPL,Sajilo Broker Limited,Sumeru Securities Pvt. Ltd.,50,259.0,12950.0,2025-07-06 13:05:54.561215
2025-07-06,45394,2025070604011066,AKPL,Neev Securities Pvt. Ltd.,Sumeru Securities Pvt. Ltd.,70,259.0,18130.0,2025-07-06 13:05:54.561281
2025-07-06,45393,2025070604011067,AKPL,Sajilo Broker Limited,Sumeru Securities Pvt. Ltd.,50,259.0,12950.0,2025-07-06 13:05:54.561371
2025-07-06,45392,2025070604011068,AKPL,Online Securities Pvt. Ltd.,Sumeru Securities Pvt. Ltd.,76,259.0,19684.0,2025-07-06 13:05:54.561436
2025-07-06,44901,2025070604011224,AKPL,Creative Securities Pvt Ltd,Linch Stock Market Ltd.,33,259.1,8550.3,2025-07-06 13:07:20.649378
2025-07-06,44706,2025070604011297,AKPL,Creative Securities Pvt Ltd,Dynamic Money Managers Securities Pvt. Ltd.,50,259.1,12955.0,2025-07-06 13:07:57.031664
2025-07-06,44518,2025070604011340,AKPL,Creative Securities Pvt Ltd,N.M.B. SECURITIES LIMITED,197,259.1,51042.7,2025-07-06 13:08:25.827149
2025-07-06,44517,2025070604011341,AKPL,Online Securities Pvt. Ltd.,N.M.B. SECURITIES LIMITED,924,259.0,239316.0,2025-07-06 13:08:25.827496
2025-07-06,44516,2025070604011342,AKPL,Vision Securities Pvt. Ltd,N.M.B. SECURITIES LIMITED,500,259.0,129500.0,2025-07-06 13:08:25.827608
2025-07-06,44515,2025070604011343,AKPL,Trisul Securities & Invt. Ltd.,N.M.B. SECURITIES LIMITED,1000,258.9,258900.0,2025-07-06 13:08:25.827719
2025-07-06,44514,2025070604011344,AKPL,Arun Securities (PVT) Ltd.,N.M.B. SECURITIES LIMITED,826,258.8,213768.8,2025-07-06 13:08:25.827830
2025-07-06,44513,2025070604011345,AKPL,Aryatara Investment & Securities,N.M.B. SECURITIES LIMITED,100,258.7,25870.0,2025-07-06 13:08:25.827947
2025-07-06,44512,2025070604011346,AKPL,Imperial Securities Company Pvt. Ltd.,N.M.B. SECURITIES LIMITED,1000,258.6,258600.0,2025-07-06 13:08:25.828056
2025-07-06,44511,2025070604011347,AKPL,Ashutosh Brokerage & Securities (PVT) Ltd.,N.M.B. SECURITIES LIMITED,453,258.5,117100.5,2025-07-06 13:08:25.828164
2025-07-06,44389,2025070604011379,AKPL,Ashutosh Brokerage & Securities (PVT) Ltd.,Miyo Securities Pvt Ltd,10,258.5,2585.0,2025-07-06 13:08:45.629675
2025-07-06,44052,2025070604011455,AKPL,Sumeru Securities Pvt. Ltd.,Nepal Stock House (PVT) Ltd.,395,258.6,102147.0,2025-07-06 13:09:41.508210
2025-07-06,43901,2025070604011482,AKPL,South Asian Bulls Pvt. Ltd.,Nepal Stock House (PVT) Ltd.,105,258.6,27153.0,2025-07-06 13:10:06.490833
2025-07-06,43790,2025070604011512,AKPL,Ashutosh Brokerage & Securities (PVT) Ltd.,Naasa Securities Co. Ltd.,487,258.5,125889.5,2025-07-06 13:10:28.891758
2025-07-06,43789,2025070604011513,AKPL,Sumeru Securities Pvt. Ltd.,Naasa Securities Co. Ltd.,313,258.5,80910.5,2025-07-06 13:10:28.892033
2025-07-06,43329,2025070604011666,AKPL,Sumeru Securities Pvt. Ltd.,Imperial Securities Company Pvt. Ltd.,32,258.6,8275.2,2025-07-06 13:12:13.357115
2025-07-06,43328,2025070604011667,AKPL,Malla & Malla Stock Broking Company Pvt. Limited,Imperial Securities Company Pvt. Ltd.,100,258.5,25850.0,2025-07-06 13:12:13.357193
2025-07-06,43327,2025070604011668,AKPL,Capital Hub P. Ltd,Imperial Securities Company Pvt. Ltd.,152,258.4,39276.8,2025-07-06 13:12:13.357220
2025-07-06,43326,2025070604011669,AKPL,Capital Hub P. Ltd,Imperial Securities Company Pvt. Ltd.,1000,258.4,258400.0,2025-07-06 13:12:13.357246
2025-07-06,43325,2025070604011670,AKPL,Dipshikha Dhitopatra Karobar Co. Pvt Ltd.,Imperial Securities Company Pvt. Ltd.,1000,258.4,258400.0,2025-07-06 13:12:13.357287
2025-07-06,43324,2025070604011671,AKPL,Asian Securities Private Ltd.,Imperial Securities Company Pvt. Ltd.,190,258.3,49077.0,2025-07-06 13:12:13.357318
2025-07-06,43323,2025070604011672,AKPL,Imperial Securities Company Pvt. Ltd.,Imperial Securities Company Pvt. Ltd.,100,258.3,25830.0,2025-07-06 13:12:13.357340
2025-07-06,43322,2025070604011673,AKPL,Vision Securities Pvt. Ltd,Imperial Securities Company Pvt. Ltd.,500,258.2,129100.0,2025-07-06 13:12:13.357361
2025-07-06,43321,2025070604011674,AKPL,Trisul Securities & Invt. Ltd.,Imperial Securities Company Pvt. Ltd.,10,258.2,2582.0,2025-07-06 13:12:13.357384
2025-07-06,43320,2025070604011675,AKPL,Investment Management Nepal Pvt. Ltd.,Imperial Securities Company Pvt. Ltd.,1000,258.2,258200.0,2025-07-06 13:12:13.357403
2025-07-06,43319,2025070604011676,AKPL,Oxford Securities Pvt. Ltd.,Imperial Securities Company Pvt. Ltd.,916,258.2,236511.2,2025-07-06 13:12:13.357427
2025-07-06,43206,2025070604011709,AKPL,Oxford Securities Pvt. Ltd.,Imperial Securities Company Pvt. Ltd.,484,258.2,124968.8,2025-07-06 13:12:29.562969
2025-07-06,43205,2025070604011710,AKPL,Sunrise Securities Limited,Imperial Securities Company Pvt. Ltd.,1000,258.1,258100.0,2025-07-06 13:12:29.563067
2025-07-06,43204,2025070604011711,AKPL,Naasa Securities Co. Ltd.,Imperial Securities Company Pvt. Ltd.,250,258.1,64525.0,2025-07-06 13:12:29.563099
2025-07-06,43203,2025070604011712,AKPL,Thrive Brokerage House Pvt. Ltd,Imperial Securities Company Pvt. Ltd.,100,258.1,25810.0,2025-07-06 13:12:29.563127
2025-07-06,43202,2025070604011713,AKPL,Siprabi Securities Pvt. Ltd.,Imperial Securities Company Pvt. Ltd.,300,258.1,77430.0,2025-07-06 13:12:29.563154
2025-07-06,43201,2025070604011714,AKPL,Asian Securities Private Ltd.,Imperial Securities Company Pvt. Ltd.,100,258.1,25810.0,2025-07-06 13:12:29.563179
2025-07-06,43200,2025070604011715,AKPL,Dipshikha Dhitopatra Karobar Co. Pvt Ltd.,Imperial Securities Company Pvt. Ltd.,200,258.0,51600.0,2025-07-06 13:12:29.563206
2025-07-06,43199,2025070604011716,AKPL,Malla & Malla Stock Broking Company Pvt. Limited,Imperial Securities Company Pvt. Ltd.,100,258.0,25800.0,2025-07-06 13:12:29.563245
2025-07-06,43198,2025070604011717,AKPL,ABC Securities Private Limited,Imperial Securities Company Pvt. Ltd.,1000,258.0,258000.0,2025-07-06 13:12:29.563269
2025-07-06,43197,2025070604011718,AKPL,ABC Securities Private Limited,Imperial Securities Company Pvt. Ltd.,1000,258.0,258000.0,2025-07-06 13:12:29.563292
2025-07-06,43196,2025070604011719,AKPL,Vision Securities Pvt. Ltd,Imperial Securities Company Pvt. Ltd.,12,258.0,3096.0,2025-07-06 13:12:29.563323
2025-07-06,43195,2025070604011720,AKPL,Vision Securities Pvt. Ltd,Imperial Securities Company Pvt. Ltd.,12,258.0,3096.0,2025-07-06 13:12:29.563349
2025-07-06,43194,2025070604011721,AKPL,Capital Max Securities Ltd,Imperial Securities Company Pvt. Ltd.,500,258.0,129000.0,2025-07-06 13:12:29.563372
2025-07-06,43193,2025070604011722,AKPL,Online Securities Pvt. Ltd.,Imperial Securities Company Pvt. Ltd.,50,258.0,12900.0,2025-07-06 13:12:29.563397
2025-07-06,43192,2025070604011723,AKPL,ABC Securities Private Limited,Imperial Securities Company Pvt. Ltd.,500,258.0,129000.0,2025-07-06 13:12:29.563423
2025-07-06,43191,2025070604011724,AKPL,Midas Stock Broking Company Private Limited,Imperial Securities Company Pvt. Ltd.,10,258.0,2580.0,2025-07-06 13:12:29.563449
2025-07-06,43190,2025070604011725,AKPL,Infinity Securities Limited,Imperial Securities Company Pvt. Ltd.,40,258.0,10320.0,2025-07-06 13:12:29.563473
2025-07-06,43189,2025070604011726,AKPL,Kohinoor Investment & Securities Pvt. Ltd.,Imperial Securities Company Pvt. Ltd.,39,258.0,10062.0,2025-07-06 13:12:29.563498
2025-07-06,43188,2025070604011727,AKPL,Sani Securities Company Ltd.,Imperial Securities Company Pvt. Ltd.,17,258.0,4386.0,2025-07-06 13:12:29.563523
2025-07-06,43187,2025070604011728,AKPL,Trishakti Securities Public Limited,Imperial Securities Company Pvt. Ltd.,100,258.0,25800.0,2025-07-06 13:12:29.563548
2025-07-06,43186,2025070604011729,AKPL,Secured Securities Ltd.,Imperial Securities Company Pvt. Ltd.,200,258.0,51600.0,2025-07-06 13:12:29.563573
2025-07-06,43185,2025070604011730,AKPL,Elite Stock House Limited,Imperial Securities Company Pvt. Ltd.,500,258.0,129000.0,2025-07-06 13:12:29.563597
2025-07-06,43184,2025070604011731,AKPL,Oxford Securities Pvt. Ltd.,Imperial Securities Company Pvt. Ltd.,200,258.0,51600.0,2025-07-06 13:12:29.563621
2025-07-06,43183,2025070604011732,AKPL,Online Securities Pvt. Ltd.,Imperial Securities Company Pvt. Ltd.,500,258.0,129000.0,2025-07-06 13:12:29.563646
2025-07-06,43182,2025070604011733,AKPL,Kohinoor Investment & Securities Pvt. Ltd.,Imperial Securities Company Pvt. Ltd.,392,258.0,101136.0,2025-07-06 13:12:29.563672
2025-07-06,43181,2025070604011734,AKPL,Imperial Securities Company Pvt. Ltd.,Imperial Securities Company Pvt. Ltd.,100,258.0,25800.0,2025-07-06 13:12:29.563695
2025-07-06,43180,2025070604011735,AKPL,Nabil Stock Dealer Ltd.,Imperial Securities Company Pvt. Ltd.,500,258.0,129000.0,2025-07-06 13:12:29.563717
2025-07-06,43179,2025070604011736,AKPL,Linch Stock Market Ltd.,Imperial Securities Company Pvt. Ltd.,200,258.0,51600.0,2025-07-06 13:12:29.563743
2025-07-06,43178,2025070604011737,AKPL,Naasa Securities Co. Ltd.,Imperial Securities Company Pvt. Ltd.,10,258.0,2580.0,2025-07-06 13:12:29.563766
2025-07-06,43177,2025070604011738,AKPL,Sumeru Securities Pvt. Ltd.,Imperial Securities Company Pvt. Ltd.,10,258.0,2580.0,2025-07-06 13:12:29.563791
2025-07-06,43176,2025070604011739,AKPL,Imperial Securities Company Pvt. Ltd.,Imperial Securities Company Pvt. Ltd.,775,258.0,199950.0,2025-07-06 13:12:29.563815
2025-07-06,43175,2025070604011740,AKPL,Market Securities & Exchange (PVT) Ltd.,Imperial Securities Company Pvt. Ltd.,500,258.0,129000.0,2025-07-06 13:12:29.563838
2025-07-06,43174,2025070604011741,AKPL,Nepal Stock House (PVT) Ltd.,Imperial Securities Company Pvt. Ltd.,2399,258.0,618942.0,2025-07-06 13:12:29.563864
2025-07-06,43029,2025070604011797,AKPL,K.B.L. Securities Limited ,Dynamic Money Managers Securities Pvt. Ltd.,30,258.6,7758.0,2025-07-06 13:12:57.896872
2025-07-06,42942,2025070604011862,AKPL,K.B.L. Securities Limited ,Aryatara Investment & Securities,470,258.6,121542.0,2025-07-06 13:13:11.357211
2025-07-06,42884,2025070604011882,AKPL,Thrive Brokerage House Pvt. Ltd,Aryatara Investment & Securities,500,258.6,129300.0,2025-07-06 13:13:23.323462
2025-07-06,42452,2025070604011987,AKPL,Dipshikha Dhitopatra Karobar Co. Pvt Ltd.,Aryatara Investment & Securities,30,258.6,7758.0,2025-07-06 13:15:14.709512
2025-07-06,42451,2025070604011988,AKPL,Dipshikha Dhitopatra Karobar Co. Pvt Ltd.,Sani Securities Company Ltd.,150,258.6,38790.0,2025-07-06 13:15:14.709786
2025-07-06,41808,2025070604012184,AKPL,Sunrise Securities Limited,Naasa Securities Co. Ltd.,690,258.6,178434.0,2025-07-06 13:17:55.844989
2025-07-06,41518,2025070604012270,AKPL,Machhapuchchhre Securities Limited,Asian Securities Private Ltd.,10,259.9,2599.0,2025-07-06 13:18:56.746915
2025-07-06,40968,2025070604012393,AKPL,Sani Securities Company Ltd.,Premier Securities Company Ltd.,20,258.7,5174.0,2025-07-06 13:21:21.839324
2025-07-06,40967,2025070604012394,AKPL,Naasa Securities Co. Ltd.,Premier Securities Company Ltd.,10,258.6,2586.0,2025-07-06 13:21:21.839678
2025-07-06,40966,2025070604012395,AKPL,Aakashbhairab Securities Ltd.,Premier Securities Company Ltd.,35,258.6,9051.0,2025-07-06 13:21:21.839792
2025-07-06,40814,2025070604012433,AKPL,Machhapuchchhre Securities Limited,Investment Management Nepal Pvt. Ltd.,10,259.5,2595.0,2025-07-06 13:21:48.189704
2025-07-06,40613,2025070604012498,AKPL,Sani Securities Company Ltd.,Sani Securities Company Ltd.,770,259.0,199430.0,2025-07-06 13:22:38.887085
2025-07-06,40554,2025070604012521,AKPL,Aakashbhairab Securities Ltd.,Himalayan Brokerage Company Limited,115,258.6,29739.0,2025-07-06 13:22:54.039779
2025-07-06,40553,2025070604012522,AKPL,Sunrise Securities Limited,Himalayan Brokerage Company Limited,2000,258.5,517000.0,2025-07-06 13:22:54.040075
2025-07-06,40552,2025070604012523,AKPL,Dipshikha Dhitopatra Karobar Co. Pvt Ltd.,Himalayan Brokerage Company Limited,100,258.5,25850.0,2025-07-06 13:22:54.040212
2025-07-06,40551,2025070604012524,AKPL,Dipshikha Dhitopatra Karobar Co. Pvt Ltd.,Himalayan Brokerage Company Limited,785,258.4,202844.0,2025-07-06 13:22:54.040336
2025-07-06,40446,2025070604012563,AKPL,Machhapuchchhre Securities Limited,Investment Management Nepal Pvt. Ltd.,10,259.5,2595.0,2025-07-06 13:23:20.426057
2025-07-06,39289,2025070604012857,AKPL,Kumari Securities Private Limited,Cristal Kanchanjanga Securites Pvt. Ltd.,200,258.5,51700.0,2025-07-06 13:27:08.268092
2025-07-06,39288,2025070604012858,AKPL,Premier Securities Company Ltd.,Cristal Kanchanjanga Securites Pvt. Ltd.,50,258.5,12925.0,2025-07-06 13:27:08.268382
2025-07-06,38974,2025070604012936,AKPL,Dipshikha Dhitopatra Karobar Co. Pvt Ltd.,Cristal Kanchanjanga Securites Pvt. Ltd.,56,258.4,14470.4,2025-07-06 13:28:03.492007
2025-07-06,38412,2025070604013093,AKPL,Machhapuchchhre Securities Limited,Sundhara Securities Limited,10,259.0,2590.0,2025-07-06 13:29:59.438261
2025-07-06,38369,2025070604013101,AKPL,Dipshikha Dhitopatra Karobar Co. Pvt Ltd.,Secured Securities Ltd.,25,258.4,6460.0,2025-07-06 13:30:10.407704
2025-07-06,38167,2025070604013148,AKPL,Dipshikha Dhitopatra Karobar Co. Pvt Ltd.,Dipshikha Dhitopatra Karobar Co. Pvt Ltd.,134,258.4,34625.6,2025-07-06 13:30:48.765259
2025-07-06,37965,2025070604013203,AKPL,Naasa Securities Co. Ltd.,Dipshikha Dhitopatra Karobar Co. Pvt Ltd.,100,258.3,25830.0,2025-07-06 13:31:33.103812
2025-07-06,37964,2025070604013204,AKPL,Agrawal Securities (PVT) Ltd.,Dipshikha Dhitopatra Karobar Co. Pvt Ltd.,25,258.3,6457.5,2025-07-06 13:31:33.104410
2025-07-06,37963,2025070604013205,AKPL,Dipshikha Dhitopatra Karobar Co. Pvt Ltd.,Dipshikha Dhitopatra Karobar Co. Pvt Ltd.,200,258.3,51660.0,2025-07-06 13:31:33.104948
2025-07-06,37937,2025070604013215,AKPL,Aryatara Investment & Securities,Aryatara Investment & Securities,1,253.3,253.3,2025-07-06 13:31:40.175782
2025-07-06,37785,2025070604013254,AKPL,Vision Securities Pvt. Ltd,Dipshikha Dhitopatra Karobar Co. Pvt Ltd.,500,258.2,129100.0,2025-07-06 13:31:58.307654
2025-07-06,37784,2025070604013255,AKPL,Asian Securities Private Ltd.,Dipshikha Dhitopatra Karobar Co. Pvt Ltd.,25,258.2,6455.0,2025-07-06 13:31:58.307986
2025-07-06,37783,2025070604013256,AKPL,Sagarmatha Securities Private Limited,Dipshikha Dhitopatra Karobar Co. Pvt Ltd.,1000,258.2,258200.0,2025-07-06 13:31:58.308124
2025-07-06,37748,2025070604013265,AKPL,Sri Hari Securities Pvt. Ltd.,Dipshikha Dhitopatra Karobar Co. Pvt Ltd.,20,258.2,5164.0,2025-07-06 13:32:07.896429
2025-07-06,37685,2025070604013289,AKPL,Deevyaa Securities & Stock House Pvt. Ltd,Dipshikha Dhitopatra Karobar Co. Pvt Ltd.,996,258.2,257167.2,2025-07-06 13:32:18.692019
2025-07-06,37684,2025070604013290,AKPL,Deevyaa Securities & Stock House Pvt. Ltd,Sundhara Securities Limited,20,259.0,5180.0,2025-07-06 13:32:18.692197
2025-07-06,37382,2025070604013372,AKPL,Aryatara Investment & Securities,Aryatara Investment & Securities,1,253.9,253.9,2025-07-06 13:33:40.346158
2025-07-06,36531,2025070604013644,AKPL,Sweta Securities Private Limited,Sundhara Securities Limited,30,259.0,7770.0,2025-07-06 13:36:32.353418
2025-07-06,36530,2025070604013645,AKPL,Sweta Securities Private Limited,ABC Securities Private Limited,105,259.0,27195.0,2025-07-06 13:36:32.353750
2025-07-06,35999,2025070604013761,AKPL,Naasa Securities Co. Ltd.,ABC Securities Private Limited,10,259.0,2590.0,2025-07-06 13:38:45.295836
2025-07-06,35307,2025070604013969,AKPL,Nepal Investment And Securities Trading Private Limited,Sri Hari Securities Pvt. Ltd.,120,258.3,30996.0,2025-07-06 13:41:12.428384
2025-07-06,34997,2025070604014042,AKPL,Nepal Investment And Securities Trading Private Limited,Midas Stock Broking Company Private Limited,80,258.3,20664.0,2025-07-06 13:42:19.373670
2025-07-06,34869,2025070604014081,AKPL,Siprabi Securities Pvt. Ltd.,Dipshikha Dhitopatra Karobar Co. Pvt Ltd.,1040,258.2,268528.0,2025-07-06 13:42:51.963981
2025-07-06,34799,2025070604014101,AKPL,Imperial Securities Company Pvt. Ltd.,Dipshikha Dhitopatra Karobar Co. Pvt Ltd.,230,258.2,59386.0,2025-07-06 13:43:08.926763
2025-07-06,34677,2025070604014134,AKPL,Cristal Kanchanjanga Securites Pvt. Ltd.,Vision Securities Pvt. Ltd,100,258.1,25810.0,2025-07-06 13:43:38.864617
2025-07-06,34676,2025070604014135,AKPL,Sumeru Securities Pvt. Ltd.,Vision Securities Pvt. Ltd,100,258.1,25810.0,2025-07-06 13:43:38.864932
2025-07-06,34675,2025070604014136,AKPL,Vision Securities Pvt. Ltd,Vision Securities Pvt. Ltd,500,258.1,129050.0,2025-07-06 13:43:38.865053
2025-07-06,34674,2025070604014137,AKPL,Sagarmatha Securities Private Limited,Vision Securities Pvt. Ltd,620,258.1,160022.0,2025-07-06 13:43:38.865169
2025-07-06,34587,2025070604014172,AKPL,Sagarmatha Securities Private Limited,Premier Securities Company Ltd.,220,258.1,56782.0,2025-07-06 13:43:53.964235
2025-07-06,34517,2025070604014201,AKPL,Online Securities Pvt. Ltd.,Dipshikha Dhitopatra Karobar Co. Pvt Ltd.,10,258.2,2582.0,2025-07-06 13:44:05.894783
2025-07-06,34296,2025070604014289,AKPL,Sagarmatha Securities Private Limited,Online Securities Pvt. Ltd.,160,258.1,41296.0,2025-07-06 13:44:55.364542
2025-07-06,34295,2025070604014290,AKPL,Oxford Securities Pvt. Ltd.,Online Securities Pvt. Ltd.,500,258.1,129050.0,2025-07-06 13:44:55.365056
2025-07-06,34294,2025070604014291,AKPL,Nepal Stock House (PVT) Ltd.,Online Securities Pvt. Ltd.,2601,258.0,671058.0,2025-07-06 13:44:55.365432
2025-07-06,34293,2025070604014292,AKPL,Naasa Securities Co. Ltd.,Online Securities Pvt. Ltd.,1000,258.0,258000.0,2025-07-06 13:44:55.365778
2025-07-06,34292,2025070604014293,AKPL,Online Securities Pvt. Ltd.,Online Securities Pvt. Ltd.,10,258.0,2580.0,2025-07-06 13:44:55.366127
2025-07-06,34291,2025070604014294,AKPL,Imperial Securities Company Pvt. Ltd.,Online Securities Pvt. Ltd.,11,258.0,2838.0,2025-07-06 13:44:55.366477
2025-07-06,34290,2025070604014295,AKPL,Vision Securities Pvt. Ltd,Online Securities Pvt. Ltd.,50,258.0,12900.0,2025-07-06 13:44:55.366854
2025-07-06,34289,2025070604014296,AKPL,Sri Hari Securities Pvt. Ltd.,Online Securities Pvt. Ltd.,1000,258.0,258000.0,2025-07-06 13:44:55.367198
2025-07-06,34288,2025070604014297,AKPL,Imperial Securities Company Pvt. Ltd.,Online Securities Pvt. Ltd.,40,258.0,10320.0,2025-07-06 13:44:55.367541
2025-07-06,34287,2025070604014298,AKPL,Naasa Securities Co. Ltd.,Online Securities Pvt. Ltd.,28,258.0,7224.0,2025-07-06 13:44:55.367874
2025-07-06,34242,2025070604014309,AKPL,Nagarik Stock Dealer ,Dipshikha Dhitopatra Karobar Co. Pvt Ltd.,20,258.2,5164.0,2025-07-06 13:45:05.416713
2025-07-06,34241,2025070604014310,AKPL,Naasa Securities Co. Ltd.,Online Securities Pvt. Ltd.,22,258.0,5676.0,2025-07-06 13:45:05.506455
2025-07-06,34240,2025070604014311,AKPL,Capital Hub P. Ltd,Online Securities Pvt. Ltd.,78,258.0,20124.0,2025-07-06 13:45:05.506937
2025-07-06,34148,2025070604014345,AKPL,Capital Hub P. Ltd,Capital Max Securities Ltd,33,258.0,8514.0,2025-07-06 13:45:29.379869
2025-07-06,33868,2025070604014431,AKPL,Capital Hub P. Ltd,Secured Securities Ltd.,889,258.0,229362.0,2025-07-06 13:46:29.060332
2025-07-06,33867,2025070604014432,AKPL,Sagarmatha Securities Private Limited,Secured Securities Ltd.,111,258.0,28638.0,2025-07-06 13:46:29.060706
2025-07-06,33837,2025070604014437,AKPL,Sagarmatha Securities Private Limited,Secured Securities Ltd.,389,258.0,100362.0,2025-07-06 13:46:34.760597
2025-07-06,33836,2025070604014438,AKPL,Vision Securities Pvt. Ltd,Secured Securities Ltd.,100,258.0,25800.0,2025-07-06 13:46:34.761120
2025-07-06,33835,2025070604014439,AKPL,Siprabi Securities Pvt. Ltd.,Secured Securities Ltd.,500,258.0,129000.0,2025-07-06 13:46:34.761483
2025-07-06,33834,2025070604014440,AKPL,Sweta Securities Private Limited,Secured Securities Ltd.,11,258.0,2838.0,2025-07-06 13:46:34.761829
2025-07-06,33729,2025070604014486,AKPL,Sweta Securities Private Limited,Secured Securities Ltd.,1489,258.0,384162.0,2025-07-06 13:46:48.038510
2025-07-06,33728,2025070604014487,AKPL,Kumari Securities Private Limited,Secured Securities Ltd.,11,258.0,2838.0,2025-07-06 13:46:48.038852
2025-07-06,33537,2025070604014544,AKPL,Kumari Securities Private Limited,Opal Securities Investment (PVT) Ltd.,120,258.0,30960.0,2025-07-06 13:47:27.631727
2025-07-06,33342,2025070604014608,AKPL,Online Securities Pvt. Ltd.,Vision Securities Pvt. Ltd,40,258.1,10324.0,2025-07-06 13:48:07.179657
2025-07-06,33341,2025070604014609,AKPL,Kumari Securities Private Limited,Vision Securities Pvt. Ltd,369,258.0,95202.0,2025-07-06 13:48:07.180213
2025-07-06,33340,2025070604014610,AKPL,Trisul Securities & Invt. Ltd.,Vision Securities Pvt. Ltd,50,258.0,12900.0,2025-07-06 13:48:07.180696
2025-07-06,33253,2025070604014623,AKPL,Aryatara Investment & Securities,Vision Securities Pvt. Ltd,10,258.0,2580.0,2025-07-06 13:48:25.130698
2025-07-06,33185,2025070604014659,AKPL,SUN SECURITIES PVT LTD,Vision Securities Pvt. Ltd,50,257.7,12885.0,2025-07-06 13:48:34.428306
2025-07-06,33033,2025070604014715,AKPL,SUN SECURITIES PVT LTD,Online Securities Pvt. Ltd.,950,257.7,244815.0,2025-07-06 13:48:57.087782
2025-07-06,32941,2025070604014742,AKPL,Aakashbhairab Securities Ltd.,Online Securities Pvt. Ltd.,390,257.7,100503.0,2025-07-06 13:49:10.754336
2025-07-06,32380,2025070604014950,AKPL,Bhrikuti Stock Broking Co. Pvt. Ltd.,Vision Securities Pvt. Ltd,31,258.0,7998.0,2025-07-06 13:50:22.659189
2025-07-06,32379,2025070604014951,AKPL,Bhrikuti Stock Broking Co. Pvt. Ltd.,Agrawal Securities (PVT) Ltd.,69,258.0,17802.0,2025-07-06 13:50:22.659736
2025-07-06,32327,2025070604014967,AKPL,Online Securities Pvt. Ltd.,Agrawal Securities (PVT) Ltd.,31,258.0,7998.0,2025-07-06 13:50:28.977896
2025-07-06,32178,2025070604015003,AKPL,Sagarmatha Securities Private Limited,Agrawal Securities (PVT) Ltd.,300,258.0,77400.0,2025-07-06 13:50:55.199421
2025-07-06,32076,2025070604015026,AKPL,Agrawal Securities (PVT) Ltd.,Online Securities Pvt. Ltd.,141,258.0,36378.0,2025-07-06 13:51:09.604229
2025-07-06,31986,2025070604015067,AKPL,Agrawal Securities (PVT) Ltd.,Sani Securities Company Ltd.,500,258.2,129100.0,2025-07-06 13:51:23.254440
2025-07-06,31448,2025070604015265,AKPL,Agrawal Securities (PVT) Ltd.,Investment Management Nepal Pvt. Ltd.,100,258.0,25800.0,2025-07-06 13:52:32.159116
2025-07-06,31222,2025070604015339,AKPL,Agrawal Securities (PVT) Ltd.,Premier Securities Company Ltd.,259,258.0,66822.0,2025-07-06 13:53:04.155091
2025-07-06,31221,2025070604015340,AKPL,Agrawal Securities (PVT) Ltd.,Premier Securities Company Ltd.,61,257.9,15731.9,2025-07-06 13:53:04.155158
2025-07-06,30470,2025070604015556,AKPL,Agrawal Securities (PVT) Ltd.,Dipshikha Dhitopatra Karobar Co. Pvt Ltd.,125,257.9,32237.5,2025-07-06 13:54:52.635043
2025-07-06,30445,2025070604015561,AKPL,Agrawal Securities (PVT) Ltd.,ABC Securities Private Limited,314,257.9,80980.6,2025-07-06 13:55:00.639175
2025-07-06,30444,2025070604015562,AKPL,Aakashbhairab Securities Ltd.,ABC Securities Private Limited,571,257.8,147203.8,2025-07-06 13:55:00.639477
2025-07-06,30408,2025070604015568,AKPL,Kalika Securities Pvt. Ltd.,Opal Securities Investment (PVT) Ltd.,200,258.0,51600.0,2025-07-06 13:55:03.878193
2025-07-06,30395,2025070604015573,AKPL,Aakashbhairab Securities Ltd.,Sri Hari Securities Pvt. Ltd.,39,257.8,10054.2,2025-07-06 13:55:06.720670
2025-07-06,30394,2025070604015574,AKPL,Kumari Securities Private Limited,Sri Hari Securities Pvt. Ltd.,100,257.8,25780.0,2025-07-06 13:55:06.720974
2025-07-06,30393,2025070604015575,AKPL,Secured Securities Ltd.,Sri Hari Securities Pvt. Ltd.,100,257.7,25770.0,2025-07-06 13:55:06.721103
2025-07-06,30392,2025070604015576,AKPL,Sagarmatha Securities Private Limited,Sri Hari Securities Pvt. Ltd.,1461,257.6,376353.6,2025-07-06 13:55:06.721243
2025-07-06,30257,2025070604015608,AKPL,Sagarmatha Securities Private Limited,Dipshikha Dhitopatra Karobar Co. Pvt Ltd.,300,257.6,77280.0,2025-07-06 13:55:35.037243
2025-07-06,29516,2025070604015828,AKPL,Dynamic Money Managers Securities Pvt. Ltd.,Opal Securities Investment (PVT) Ltd.,100,258.0,25800.0,2025-07-06 13:57:34.863656
2025-07-06,29506,2025070604015832,AKPL,Bhrikuti Stock Broking Co. Pvt. Ltd.,Opal Securities Investment (PVT) Ltd.,53,258.0,13674.0,2025-07-06 13:57:37.078594
2025-07-06,29505,2025070604015833,AKPL,Bhrikuti Stock Broking Co. Pvt. Ltd.,Dakshinkali Investment & Securities Pvt. Ltd.,25,258.0,6450.0,2025-07-06 13:57:37.078907
2025-07-06,29504,2025070604015834,AKPL,Bhrikuti Stock Broking Co. Pvt. Ltd.,Bhrikuti Stock Broking Co. Pvt. Ltd.,150,258.0,38700.0,2025-07-06 13:57:37.079030
2025-07-06,29470,2025070604015842,AKPL,Bhrikuti Stock Broking Co. Pvt. Ltd.,Investment Management Nepal Pvt. Ltd.,100,258.0,25800.0,2025-07-06 13:57:44.267849
2025-07-06,29287,2025070604015874,AKPL,Citizens Share Broker Limited,Sani Securities Company Ltd.,173,258.0,44634.0,2025-07-06 13:58:09.129140
2025-07-06,29286,2025070604015875,AKPL,Dipshikha Dhitopatra Karobar Co. Pvt Ltd.,Sani Securities Company Ltd.,243,258.0,62694.0,2025-07-06 13:58:09.129704
2025-07-06,29209,2025070604015890,AKPL,Dipshikha Dhitopatra Karobar Co. Pvt Ltd.,Sharepro Securities Private Limited,200,258.0,51600.0,2025-07-06 13:58:22.246530
2025-07-06,28502,2025070604016053,AKPL,Machhapuchchhre Securities Limited,Midas Stock Broking Company Private Limited,1420,258.3,366786.0,2025-07-06 14:00:23.848798
2025-07-06,28125,2025070604016121,AKPL,Machhapuchchhre Securities Limited,Aryatara Investment & Securities,45,258.3,11623.5,2025-07-06 14:01:25.213447
2025-07-06,28037,2025070604016136,AKPL,Machhapuchchhre Securities Limited,Kumari Securities Private Limited,1220,258.5,315370.0,2025-07-06 14:01:39.044122
2025-07-06,28036,2025070604016137,AKPL,Machhapuchchhre Securities Limited,Sundhara Securities Limited,500,258.9,129450.0,2025-07-06 14:01:39.044447
2025-07-06,27882,2025070604016182,AKPL,Machhapuchchhre Securities Limited,Aryatara Investment & Securities,25,258.9,6472.5,2025-07-06 14:02:06.805961
2025-07-06,27797,2025070604016219,AKPL,Machhapuchchhre Securities Limited,KALASH STOCK MARKET PVT. LTD.,55,258.9,14239.5,2025-07-06 14:02:21.928883
2025-07-06,27794,2025070604016220,AKPL,Machhapuchchhre Securities Limited,Property Wiard Limited,35,258.3,9040.5,2025-07-06 14:02:22.405931
2025-07-06,27793,2025070604016221,AKPL,Dipshikha Dhitopatra Karobar Co. Pvt Ltd.,Property Wiard Limited,57,258.0,14706.0,2025-07-06 14:02:22.406206
2025-07-06,27792,2025070604016222,AKPL,Machhapuchchhre Securities Limited,Property Wiard Limited,2908,258.0,750264.0,2025-07-06 14:02:22.406335
2025-07-06,27747,2025070604016235,AKPL,Machhapuchchhre Securities Limited,Aryatara Investment & Securities,30,258.0,7740.0,2025-07-06 14:02:37.159749
2025-07-06,27729,2025070604016245,AKPL,Machhapuchchhre Securities Limited,KALASH STOCK MARKET PVT. LTD.,62,258.0,15996.0,2025-07-06 14:02:40.982700
2025-07-06,27728,2025070604016246,AKPL,Trisul Securities & Invt. Ltd.,KALASH STOCK MARKET PVT. LTD.,50,258.0,12900.0,2025-07-06 14:02:40.983293
2025-07-06,27727,2025070604016247,AKPL,Trisul Securities & Invt. Ltd.,KALASH STOCK MARKET PVT. LTD.,238,258.0,61404.0,2025-07-06 14:02:40.983675
2025-07-06,27515,2025070604016318,AKPL,Trisul Securities & Invt. Ltd.,Property Wiard Limited,262,258.0,67596.0,2025-07-06 14:03:16.597555
2025-07-06,27514,2025070604016319,AKPL,Vision Securities Pvt. Ltd,Property Wiard Limited,100,258.0,25800.0,2025-07-06 14:03:16.597878
2025-07-06,27452,2025070604016333,AKPL,Shree Krishna Securities Ltd.,Property Wiard Limited,638,258.0,164604.0,2025-07-06 14:03:28.574183
2025-07-06,27333,2025070604016371,AKPL,Shree Krishna Securities Ltd.,Property Wiard Limited,2300,258.0,593400.0,2025-07-06 14:03:50.718732
2025-07-06,27183,2025070604016426,AKPL,Shree Krishna Securities Ltd.,Sri Hari Securities Pvt. Ltd.,36,258.0,9288.0,2025-07-06 14:04:17.327212
2025-07-06,27056,2025070604016451,AKPL,Shree Krishna Securities Ltd.,Vision Securities Pvt. Ltd,10,258.0,2580.0,2025-07-06 14:04:36.501457
2025-07-06,26976,2025070604016473,AKPL,Shree Krishna Securities Ltd.,Property Wiard Limited,16,258.0,4128.0,2025-07-06 14:04:53.940935
2025-07-06,26975,2025070604016474,AKPL,Shree Krishna Securities Ltd.,Property Wiard Limited,784,258.0,202272.0,2025-07-06 14:04:53.941257
2025-07-06,26141,2025070604016725,AKPL,Sunrise Securities Limited,Property Wiard Limited,1000,257.7,257700.0,2025-07-06 14:07:27.456755
2025-07-06,26140,2025070604016726,AKPL,Sagarmatha Securities Private Limited,Property Wiard Limited,3239,257.6,834366.4,2025-07-06 14:07:27.457365
2025-07-06,26073,2025070604016755,AKPL,Agrawal Securities (PVT) Ltd.,Property Wiard Limited,20,257.5,5150.0,2025-07-06 14:07:42.509360
2025-07-06,26072,2025070604016756,AKPL,Secured Securities Ltd.,Property Wiard Limited,500,257.5,128750.0,2025-07-06 14:07:42.509967
2025-07-06,26071,2025070604016757,AKPL,Naasa Securities Co. Ltd.,Property Wiard Limited,1500,257.4,386100.0,2025-07-06 14:07:42.510441
2025-07-06,26070,2025070604016758,AKPL,Online Securities Pvt. Ltd.,Property Wiard Limited,50,257.2,12860.0,2025-07-06 14:07:42.510938
2025-07-06,26069,2025070604016759,AKPL,Naasa Securities Co. Ltd.,Property Wiard Limited,22,257.2,5658.4,2025-07-06 14:07:42.511467
2025-07-06,26068,2025070604016760,AKPL,Sumeru Securities Pvt. Ltd.,Property Wiard Limited,100,257.1,25710.0,2025-07-06 14:07:42.512004
2025-07-06,26067,2025070604016761,AKPL,Vision Securities Pvt. Ltd,Property Wiard Limited,500,257.1,128550.0,2025-07-06 14:07:42.512434
2025-07-06,26066,2025070604016762,AKPL,South Asian Bulls Pvt. Ltd.,Property Wiard Limited,100,257.1,25710.0,2025-07-06 14:07:42.512907
2025-07-06,26065,2025070604016763,AKPL,ABC Securities Private Limited,Property Wiard Limited,200,257.0,51400.0,2025-07-06 14:07:42.513456
2025-07-06,26064,2025070604016764,AKPL,Aryatara Investment & Securities,Property Wiard Limited,30,257.0,7710.0,2025-07-06 14:07:42.513990
2025-07-06,26063,2025070604016765,AKPL,Malla & Malla Stock Broking Company Pvt. Limited,Property Wiard Limited,100,257.0,25700.0,2025-07-06 14:07:42.514567
2025-07-06,26062,2025070604016766,AKPL,Investment Management Nepal Pvt. Ltd.,Property Wiard Limited,1000,257.0,257000.0,2025-07-06 14:07:42.515123
2025-07-06,26061,2025070604016767,AKPL,ABC Securities Private Limited,Property Wiard Limited,250,257.0,64250.0,2025-07-06 14:07:42.515656
2025-07-06,26060,2025070604016768,AKPL,Bhrikuti Stock Broking Co. Pvt. Ltd.,Property Wiard Limited,1000,257.0,257000.0,2025-07-06 14:07:42.516238
2025-07-06,26059,2025070604016769,AKPL,Trisul Securities & Invt. Ltd.,Property Wiard Limited,300,257.0,77100.0,2025-07-06 14:07:42.516758
2025-07-06,26058,2025070604016770,AKPL,ABC Securities Private Limited,Property Wiard Limited,50,257.0,12850.0,2025-07-06 14:07:42.517306
2025-07-06,26057,2025070604016771,AKPL,Oxford Securities Pvt. Ltd.,Property Wiard Limited,39,257.0,10023.0,2025-07-06 14:07:42.517880
2025-07-06,25945,2025070604016800,AKPL,Oxford Securities Pvt. Ltd.,Property Wiard Limited,161,257.0,41377.0,2025-07-06 14:08:04.610523
2025-07-06,25944,2025070604016801,AKPL,Primo Securities (PVT) Ltd.,Property Wiard Limited,100,257.0,25700.0,2025-07-06 14:08:04.611076
2025-07-06,25943,2025070604016802,AKPL,Asian Securities Private Ltd.,Property Wiard Limited,250,257.0,64250.0,2025-07-06 14:08:04.611567
2025-07-06,25942,2025070604016803,AKPL,Kohinoor Investment & Securities Pvt. Ltd.,Property Wiard Limited,10,257.0,2570.0,2025-07-06 14:08:04.611958
2025-07-06,25941,2025070604016804,AKPL,Online Securities Pvt. Ltd.,Property Wiard Limited,78,257.0,20046.0,2025-07-06 14:08:04.612356
2025-07-06,25940,2025070604016805,AKPL,Imperial Securities Company Pvt. Ltd.,Property Wiard Limited,500,257.0,128500.0,2025-07-06 14:08:04.612731
2025-07-06,25939,2025070604016806,AKPL,Capital Max Securities Ltd,Property Wiard Limited,500,257.0,128500.0,2025-07-06 14:08:04.613129
2025-07-06,25938,2025070604016807,AKPL,Agrawal Securities (PVT) Ltd.,Property Wiard Limited,100,257.0,25700.0,2025-07-06 14:08:04.613508
2025-07-06,25937,2025070604016808,AKPL,KALASH STOCK MARKET PVT. LTD.,Property Wiard Limited,100,257.0,25700.0,2025-07-06 14:08:04.613848
2025-07-06,25936,2025070604016809,AKPL,ABC Securities Private Limited,Property Wiard Limited,100,257.0,25700.0,2025-07-06 14:08:04.614240
2025-07-06,25935,2025070604016810,AKPL,Vision Securities Pvt. Ltd,Property Wiard Limited,50,257.0,12850.0,2025-07-06 14:08:04.614652
2025-07-06,25934,2025070604016811,AKPL,Dynamic Money Managers Securities Pvt. Ltd.,Property Wiard Limited,51,257.0,13107.0,2025-07-06 14:08:04.615037
2025-07-06,25584,2025070604016944,AKPL,Naasa Securities Co. Ltd.,Midas Stock Broking Company Private Limited,150,257.1,38565.0,2025-07-06 14:09:21.790581
2025-07-06,25554,2025070604016950,AKPL,Sani Securities Company Ltd.,Investment Management Nepal Pvt. Ltd.,10,257.9,2579.0,2025-07-06 14:09:27.604736
2025-07-06,25263,2025070604017040,AKPL,Vision Securities Pvt. Ltd,Investment Management Nepal Pvt. Ltd.,90,257.9,23211.0,2025-07-06 14:10:19.917171
2025-07-06,25262,2025070604017041,AKPL,Vision Securities Pvt. Ltd,Midas Stock Broking Company Private Limited,180,258.0,46440.0,2025-07-06 14:10:19.917695
2025-07-06,25250,2025070604017047,AKPL,Dynamic Money Managers Securities Pvt. Ltd.,Property Wiard Limited,199,257.0,51143.0,2025-07-06 14:10:22.113397
2025-07-06,25249,2025070604017048,AKPL,KALASH STOCK MARKET PVT. LTD.,Property Wiard Limited,291,257.0,74787.0,2025-07-06 14:10:22.113997
2025-07-06,25163,2025070604017068,AKPL,Machhapuchchhre Securities Limited,Midas Stock Broking Company Private Limited,10,258.0,2580.0,2025-07-06 14:10:36.447135
2025-07-06,25035,2025070604017089,AKPL,BHOLE GANESH SECURITIES LTD,Property Wiard Limited,410,257.0,105370.0,2025-07-06 14:10:55.224517
2025-07-06,24699,2025070604017173,AKPL,BHOLE GANESH SECURITIES LTD,Blue Chip Securities Ltd,190,257.0,48830.0,2025-07-06 14:11:52.741892
2025-07-06,24549,2025070604017204,AKPL,KALASH STOCK MARKET PVT. LTD.,Blue Chip Securities Ltd,10,257.0,2570.0,2025-07-06 14:12:07.664465
2025-07-06,24473,2025070604017227,AKPL,Investment Management Nepal Pvt. Ltd.,Dipshikha Dhitopatra Karobar Co. Pvt Ltd.,70,256.6,17962.0,2025-07-06 14:12:19.924959
2025-07-06,24375,2025070604017252,AKPL,Investment Management Nepal Pvt. Ltd.,Naasa Securities Co. Ltd.,930,256.6,238638.0,2025-07-06 14:12:43.326198
2025-07-06,24374,2025070604017253,AKPL,Ashutosh Brokerage & Securities (PVT) Ltd.,Naasa Securities Co. Ltd.,70,256.5,17955.0,2025-07-06 14:12:43.326623
2025-07-06,24277,2025070604017304,AKPL,Ashutosh Brokerage & Securities (PVT) Ltd.,Naasa Securities Co. Ltd.,930,256.5,238545.0,2025-07-06 14:12:59.514407
2025-07-06,24276,2025070604017305,AKPL,Imperial Securities Company Pvt. Ltd.,Naasa Securities Co. Ltd.,70,256.5,17955.0,2025-07-06 14:12:59.514727
2025-07-06,24212,2025070604017332,AKPL,Agrawal Securities (PVT) Ltd.,Naasa Securities Co. Ltd.,150,256.7,38505.0,2025-07-06 14:13:11.648867
2025-07-06,24211,2025070604017333,AKPL,Imperial Securities Company Pvt. Ltd.,Naasa Securities Co. Ltd.,85,256.5,21802.5,2025-07-06 14:13:11.649157
2025-07-06,24210,2025070604017334,AKPL,Imperial Securities Company Pvt. Ltd.,Naasa Securities Co. Ltd.,200,256.2,51240.0,2025-07-06 14:13:11.649283
2025-07-06,24209,2025070604017335,AKPL,Agrawal Securities (PVT) Ltd.,Naasa Securities Co. Ltd.,100,256.1,25610.0,2025-07-06 14:13:11.649408
2025-07-06,24208,2025070604017336,AKPL,Agrawal Securities (PVT) Ltd.,Naasa Securities Co. Ltd.,465,256.1,119086.5,2025-07-06 14:13:11.649527
2025-07-06,24139,2025070604017375,AKPL,Agrawal Securities (PVT) Ltd.,Naasa Securities Co. Ltd.,35,256.1,8963.5,2025-07-06 14:13:19.777372
2025-07-06,24138,2025070604017376,AKPL,Nepal Investment And Securities Trading Private Limited,Naasa Securities Co. Ltd.,300,256.0,76800.0,2025-07-06 14:13:19.777688
2025-07-06,24137,2025070604017377,AKPL,Nepal Stock House (PVT) Ltd.,Naasa Securities Co. Ltd.,1000,256.0,256000.0,2025-07-06 14:13:19.777808
2025-07-06,24136,2025070604017378,AKPL,Premier Securities Company Ltd.,Naasa Securities Co. Ltd.,200,256.0,51200.0,2025-07-06 14:13:19.777930
2025-07-06,24135,2025070604017379,AKPL,Premier Securities Company Ltd.,Naasa Securities Co. Ltd.,1000,256.0,256000.0,2025-07-06 14:13:19.778048
2025-07-06,24134,2025070604017380,AKPL,Malla & Malla Stock Broking Company Pvt. Limited,Naasa Securities Co. Ltd.,300,256.0,76800.0,2025-07-06 14:13:19.778180
2025-07-06,24133,2025070604017381,AKPL,Trademow Securities Private Limited,Naasa Securities Co. Ltd.,500,256.0,128000.0,2025-07-06 14:13:19.778302
2025-07-06,24132,2025070604017382,AKPL,Primo Securities (PVT) Ltd.,Naasa Securities Co. Ltd.,48,256.0,12288.0,2025-07-06 14:13:19.778422
2025-07-06,24131,2025070604017383,AKPL,KALASH STOCK MARKET PVT. LTD.,Naasa Securities Co. Ltd.,1500,256.0,384000.0,2025-07-06 14:13:19.778533
2025-07-06,24130,2025070604017384,AKPL,Thrive Brokerage House Pvt. Ltd,Naasa Securities Co. Ltd.,1000,256.0,256000.0,2025-07-06 14:13:19.778644
2025-07-06,24129,2025070604017385,AKPL,Online Securities Pvt. Ltd.,Naasa Securities Co. Ltd.,500,256.0,128000.0,2025-07-06 14:13:19.778773
2025-07-06,24128,2025070604017386,AKPL,Malla & Malla Stock Broking Company Pvt. Limited,Naasa Securities Co. Ltd.,100,256.0,25600.0,2025-07-06 14:13:19.778887
2025-07-06,24127,2025070604017387,AKPL,Linch Stock Market Ltd.,Naasa Securities Co. Ltd.,100,256.0,25600.0,2025-07-06 14:13:19.778999
2025-07-06,24126,2025070604017388,AKPL,Malla & Malla Stock Broking Company Pvt. Limited,Naasa Securities Co. Ltd.,100,256.0,25600.0,2025-07-06 14:13:19.779108
2025-07-06,24125,2025070604017389,AKPL,Aakashbhairab Securities Ltd.,Naasa Securities Co. Ltd.,300,256.0,76800.0,2025-07-06 14:13:19.779219
2025-07-06,24124,2025070604017390,AKPL,Sundhara Securities Limited,Naasa Securities Co. Ltd.,100,256.0,25600.0,2025-07-06 14:13:19.779335
2025-07-06,24123,2025070604017391,AKPL,Imperial Securities Company Pvt. Ltd.,Naasa Securities Co. Ltd.,100,256.0,25600.0,2025-07-06 14:13:19.779466
2025-07-06,24122,2025070604017392,AKPL,Investment Management Nepal Pvt. Ltd.,Naasa Securities Co. Ltd.,1000,256.0,256000.0,2025-07-06 14:13:19.779576
2025-07-06,24121,2025070604017393,AKPL,Dipshikha Dhitopatra Karobar Co. Pvt Ltd.,Naasa Securities Co. Ltd.,100,256.0,25600.0,2025-07-06 14:13:19.779683
2025-07-06,24120,2025070604017394,AKPL,Dipshikha Dhitopatra Karobar Co. Pvt Ltd.,Naasa Securities Co. Ltd.,100,256.0,25600.0,2025-07-06 14:13:19.779793
2025-07-06,24119,2025070604017395,AKPL,Naasa Securities Co. Ltd.,Naasa Securities Co. Ltd.,500,256.0,128000.0,2025-07-06 14:13:19.779899
2025-07-06,24118,2025070604017396,AKPL,Nepal Investment And Securities Trading Private Limited,Naasa Securities Co. Ltd.,50,256.0,12800.0,2025-07-06 14:13:19.780007
2025-07-06,24117,2025070604017397,AKPL,Premier Securities Company Ltd.,Naasa Securities Co. Ltd.,1000,256.0,256000.0,2025-07-06 14:13:19.780112
2025-07-06,24116,2025070604017398,AKPL,Kohinoor Investment & Securities Pvt. Ltd.,Naasa Securities Co. Ltd.,67,256.0,17152.0,2025-07-06 14:13:19.780218
2025-07-06,23910,2025070604017533,AKPL,Sani Securities Company Ltd.,Online Securities Pvt. Ltd.,440,256.1,112684.0,2025-07-06 14:13:38.553916
2025-07-06,23450,2025070604017698,AKPL,Sunrise Securities Limited,Blue Chip Securities Ltd,2300,257.0,591100.0,2025-07-06 14:15:00.798296
2025-07-06,23449,2025070604017699,AKPL,Sunrise Securities Limited,South Asian Bulls Pvt. Ltd.,200,257.0,51400.0,2025-07-06 14:15:00.799014
2025-07-06,23390,2025070604017719,AKPL,Agrawal Securities (PVT) Ltd.,Imperial Securities Company Pvt. Ltd.,150,256.2,38430.0,2025-07-06 14:15:12.425562
2025-07-06,23389,2025070604017720,AKPL,Sani Securities Company Ltd.,Imperial Securities Company Pvt. Ltd.,1510,256.1,386711.0,2025-07-06 14:15:12.425854
2025-07-06,23388,2025070604017721,AKPL,Kumari Securities Private Limited,Imperial Securities Company Pvt. Ltd.,150,256.1,38415.0,2025-07-06 14:15:12.426009
2025-07-06,23387,2025070604017722,AKPL,Nepal Investment And Securities Trading Private Limited,Imperial Securities Company Pvt. Ltd.,190,256.1,48659.0,2025-07-06 14:15:12.426128
2025-07-06,23097,2025070604017832,AKPL,Kohinoor Investment & Securities Pvt. Ltd.,Sweta Securities Private Limited,33,256.0,8448.0,2025-07-06 14:16:04.853044
2025-07-06,23096,2025070604017833,AKPL,Naasa Securities Co. Ltd.,Sweta Securities Private Limited,10,256.0,2560.0,2025-07-06 14:16:04.853106
2025-07-06,23095,2025070604017834,AKPL,Deevyaa Securities & Stock House Pvt. Ltd,Sweta Securities Private Limited,1000,256.0,256000.0,2025-07-06 14:16:04.853130
2025-07-06,23094,2025070604017835,AKPL,Agrawal Securities (PVT) Ltd.,Sweta Securities Private Limited,100,256.0,25600.0,2025-07-06 14:16:04.853154
2025-07-06,23093,2025070604017836,AKPL,Premier Securities Company Ltd.,Sweta Securities Private Limited,100,255.8,25580.0,2025-07-06 14:16:04.853187
2025-07-06,23092,2025070604017837,AKPL,Siprabi Securities Pvt. Ltd.,Sweta Securities Private Limited,1000,255.8,255800.0,2025-07-06 14:16:04.853218
2025-07-06,23091,2025070604017838,AKPL,Primo Securities (PVT) Ltd.,Sweta Securities Private Limited,500,255.8,127900.0,2025-07-06 14:16:04.853245
2025-07-06,23090,2025070604017839,AKPL,Linch Stock Market Ltd.,Sweta Securities Private Limited,200,255.6,51120.0,2025-07-06 14:16:04.853271
2025-07-06,23089,2025070604017840,AKPL,Sri Hari Securities Pvt. Ltd.,Sweta Securities Private Limited,57,255.5,14563.5,2025-07-06 14:16:04.853325
2025-07-06,22738,2025070604017952,AKPL,Naasa Securities Co. Ltd.,Trisul Securities & Invt. Ltd.,100,256.1,25610.0,2025-07-06 14:17:07.174759
2025-07-06,22666,2025070604017984,AKPL,Naasa Securities Co. Ltd.,Hatemalo Financial Services Private Limited,100,256.1,25610.0,2025-07-06 14:17:18.492257
2025-07-06,22330,2025070604018117,AKPL,Sunrise Securities Limited,Opal Securities Investment (PVT) Ltd.,100,255.7,25570.0,2025-07-06 14:18:25.907577
2025-07-06,22028,2025070604018223,AKPL,Dakshinkali Investment & Securities Pvt. Ltd.,J.F. Securites (PVT) Ltd.,10,255.9,2559.0,2025-07-06 14:19:16.966981
2025-07-06,22027,2025070604018224,AKPL,South Asian Bulls Pvt. Ltd.,J.F. Securites (PVT) Ltd.,100,255.8,25580.0,2025-07-06 14:19:16.967550
2025-07-06,22026,2025070604018225,AKPL,SUN SECURITIES PVT LTD,J.F. Securites (PVT) Ltd.,190,255.8,48602.0,2025-07-06 14:19:16.967909
2025-07-06,21870,2025070604018333,AKPL,SUN SECURITIES PVT LTD,J.F. Securites (PVT) Ltd.,300,255.8,76740.0,2025-07-06 14:19:37.071252
2025-07-06,21748,2025070604018387,AKPL,SUN SECURITIES PVT LTD,Sani Securities Company Ltd.,200,255.8,51160.0,2025-07-06 14:20:00.035912
2025-07-06,21303,2025070604018566,AKPL,SUN SECURITIES PVT LTD,Nepal Stock House (PVT) Ltd.,310,255.8,79298.0,2025-07-06 14:21:06.461814
2025-07-06,21302,2025070604018567,AKPL,Agrawal Securities (PVT) Ltd.,Nepal Stock House (PVT) Ltd.,100,255.8,25580.0,2025-07-06 14:21:06.462122
2025-07-06,21301,2025070604018568,AKPL,Magnet Securities and Investment Company Private Limited,Nepal Stock House (PVT) Ltd.,500,255.8,127900.0,2025-07-06 14:21:06.462240
2025-07-06,21300,2025070604018569,AKPL,Sunrise Securities Limited,Nepal Stock House (PVT) Ltd.,190,255.7,48583.0,2025-07-06 14:21:06.462374
2025-07-06,20888,2025070604018675,AKPL,Secured Securities Ltd.,South Asian Bulls Pvt. Ltd.,92,257.0,23644.0,2025-07-06 14:22:12.070973
2025-07-06,20887,2025070604018676,AKPL,Secured Securities Ltd.,Imperial Securities Company Pvt. Ltd.,108,257.0,27756.0,2025-07-06 14:22:12.071284
2025-07-06,19922,2025070604019012,AKPL,Agrawal Securities (PVT) Ltd.,Vision Securities Pvt. Ltd,100,256.5,25650.0,2025-07-06 14:24:34.597099
2025-07-06,19831,2025070604019034,AKPL,Trisul Securities & Invt. Ltd.,Imperial Securities Company Pvt. Ltd.,292,257.0,75044.0,2025-07-06 14:24:49.751216
2025-07-06,19830,2025070604019035,AKPL,Trisul Securities & Invt. Ltd.,Stoxkarts Securities Limited,398,257.0,102286.0,2025-07-06 14:24:49.751862
2025-07-06,19770,2025070604019058,AKPL,Sumeru Securities Pvt. Ltd.,Stoxkarts Securities Limited,102,257.0,26214.0,2025-07-06 14:24:59.925087
2025-07-06,19769,2025070604019059,AKPL,Sumeru Securities Pvt. Ltd.,Naasa Securities Co. Ltd.,80,257.0,20560.0,2025-07-06 14:24:59.925382
2025-07-06,19739,2025070604019063,AKPL,Sumeru Securities Pvt. Ltd.,Agrawal Securities (PVT) Ltd.,300,257.0,77100.0,2025-07-06 14:25:05.989793
2025-07-06,19329,2025070604019214,AKPL,Sumeru Securities Pvt. Ltd.,Naasa Securities Co. Ltd.,33,257.0,8481.0,2025-07-06 14:26:15.488673
2025-07-06,19139,2025070604019253,AKPL,Hatemalo Financial Services Private Limited,Dakshinkali Investment & Securities Pvt. Ltd.,150,257.9,38685.0,2025-07-06 14:26:53.935917
2025-07-06,19138,2025070604019254,AKPL,Hatemalo Financial Services Private Limited,Sri Hari Securities Pvt. Ltd.,350,257.9,90265.0,2025-07-06 14:26:53.936247
2025-07-06,18956,2025070604019309,AKPL,Imperial Securities Company Pvt. Ltd.,Sri Hari Securities Pvt. Ltd.,15,257.9,3868.5,2025-07-06 14:27:26.285148
2025-07-06,18345,2025070604019482,AKPL,Sri Hari Securities Pvt. Ltd.,ABC Securities Private Limited,33,256.6,8467.8,2025-07-06 14:29:19.153269
2025-07-06,18142,2025070604019537,AKPL,Secured Securities Ltd.,Vision Securities Pvt. Ltd,10,257.0,2570.0,2025-07-06 14:29:58.517817
2025-07-06,17234,2025070604019816,AKPL,South Asian Bulls Pvt. Ltd.,Neev Securities Pvt. Ltd.,33,256.8,8474.4,2025-07-06 14:32:32.091953
2025-07-06,16875,2025070604019904,AKPL,Agrawal Securities (PVT) Ltd.,Dipshikha Dhitopatra Karobar Co. Pvt Ltd.,20,256.9,5138.0,2025-07-06 14:33:29.571896
2025-07-06,16789,2025070604019943,AKPL,South Asian Bulls Pvt. Ltd.,Dipshikha Dhitopatra Karobar Co. Pvt Ltd.,80,256.8,20544.0,2025-07-06 14:33:42.673082
2025-07-06,16432,2025070604020067,AKPL,South Asian Bulls Pvt. Ltd.,Trishakti Securities Public Limited,358,256.8,91934.4,2025-07-06 14:34:55.877924
2025-07-06,16289,2025070604020105,AKPL,South Asian Bulls Pvt. Ltd.,Vision Securities Pvt. Ltd,500,256.8,128400.0,2025-07-06 14:35:23.633040
2025-07-06,16237,2025070604020125,AKPL,Linch Stock Market Ltd.,Vision Securities Pvt. Ltd,27,257.0,6939.0,2025-07-06 14:35:31.725618
2025-07-06,16236,2025070604020126,AKPL,Linch Stock Market Ltd.,Capital Hub P. Ltd,73,257.0,18761.0,2025-07-06 14:35:31.725931
2025-07-06,15994,2025070604020187,AKPL,Agrawal Securities (PVT) Ltd.,Trisul Securities & Invt. Ltd.,100,256.9,25690.0,2025-07-06 14:36:15.319474
2025-07-06,15936,2025070604020201,AKPL,South Asian Bulls Pvt. Ltd.,Trisul Securities & Invt. Ltd.,180,256.9,46242.0,2025-07-06 14:36:25.938404
2025-07-06,15760,2025070604020253,AKPL,South Asian Bulls Pvt. Ltd.,Online Securities Pvt. Ltd.,20,256.9,5138.0,2025-07-06 14:36:56.991420
2025-07-06,15565,2025070604020324,AKPL,Agrawal Securities (PVT) Ltd.,Capital Hub P. Ltd,100,257.0,25700.0,2025-07-06 14:37:24.103573
2025-07-06,15526,2025070604020344,AKPL,Imperial Securities Company Pvt. Ltd.,Capital Hub P. Ltd,20,257.0,5140.0,2025-07-06 14:37:30.159426
2025-07-06,15391,2025070604020369,AKPL,Nabil Stock Dealer Ltd.,Capital Hub P. Ltd,200,257.0,51400.0,2025-07-06 14:37:54.338900
2025-07-06,15308,2025070604020391,AKPL,Sumeru Securities Pvt. Ltd.,Capital Hub P. Ltd,100,257.0,25700.0,2025-07-06 14:38:06.199756
2025-07-06,14966,2025070604020524,AKPL,Agrawal Securities (PVT) Ltd.,APPLE SECURITIES PRIVATE LIMITED,100,256.9,25690.0,2025-07-06 14:39:03.453498
2025-07-06,14965,2025070604020525,AKPL,South Asian Bulls Pvt. Ltd.,APPLE SECURITIES PRIVATE LIMITED,1179,256.8,302767.2,2025-07-06 14:39:03.453558
2025-07-06,14964,2025070604020526,AKPL,South Asian Bulls Pvt. Ltd.,APPLE SECURITIES PRIVATE LIMITED,821,256.8,210832.8,2025-07-06 14:39:03.453588
2025-07-06,14659,2025070604020646,AKPL,Agrawal Securities (PVT) Ltd.,Thrive Brokerage House Pvt. Ltd,20,256.9,5138.0,2025-07-06 14:39:52.742184
2025-07-06,14647,2025070604020651,AKPL,South Asian Bulls Pvt. Ltd.,Midas Stock Broking Company Private Limited,500,256.8,128400.0,2025-07-06 14:39:55.192188
2025-07-06,14459,2025070604020753,AKPL,Kalika Securities Pvt. Ltd.,Thrive Brokerage House Pvt. Ltd,30,256.9,7707.0,2025-07-06 14:40:24.037808
2025-07-06,14443,2025070604020758,AKPL,South Asian Bulls Pvt. Ltd.,Imperial Securities Company Pvt. Ltd.,538,256.8,138158.4,2025-07-06 14:40:28.258251
2025-07-06,14275,2025070604020813,AKPL,Trisul Securities & Invt. Ltd.,Thrive Brokerage House Pvt. Ltd,50,256.9,12845.0,2025-07-06 14:40:53.180017
2025-07-06,14184,2025070604020839,AKPL,South Asian Bulls Pvt. Ltd.,Naasa Securities Co. Ltd.,141,256.8,36208.8,2025-07-06 14:41:04.187080
2025-07-06,14183,2025070604020840,AKPL,Sri Hari Securities Pvt. Ltd.,Naasa Securities Co. Ltd.,67,256.6,17192.2,2025-07-06 14:41:04.187462
2025-07-06,14182,2025070604020841,AKPL,Agrawal Securities (PVT) Ltd.,Naasa Securities Co. Ltd.,20,256.5,5130.0,2025-07-06 14:41:04.187617
2025-07-06,14181,2025070604020842,AKPL,Citizens Share Broker Limited,Naasa Securities Co. Ltd.,1000,256.1,256100.0,2025-07-06 14:41:04.187749
2025-07-06,14180,2025070604020843,AKPL,Citizens Share Broker Limited,Naasa Securities Co. Ltd.,500,256.1,128050.0,2025-07-06 14:41:04.187880
2025-07-06,14179,2025070604020844,AKPL,Dipshikha Dhitopatra Karobar Co. Pvt Ltd.,Naasa Securities Co. Ltd.,150,256.0,38400.0,2025-07-06 14:41:04.188045
2025-07-06,14178,2025070604020845,AKPL,J.F. Securites (PVT) Ltd.,Naasa Securities Co. Ltd.,500,256.0,128000.0,2025-07-06 14:41:04.188203
2025-07-06,14177,2025070604020846,AKPL,Cristal Kanchanjanga Securites Pvt. Ltd.,Naasa Securities Co. Ltd.,200,256.0,51200.0,2025-07-06 14:41:04.188365
2025-07-06,14176,2025070604020847,AKPL,Cristal Kanchanjanga Securites Pvt. Ltd.,Naasa Securities Co. Ltd.,1000,256.0,256000.0,2025-07-06 14:41:04.188547
2025-07-06,14175,2025070604020848,AKPL,Premier Securities Company Ltd.,Naasa Securities Co. Ltd.,200,256.0,51200.0,2025-07-06 14:41:04.188718
2025-07-06,14174,2025070604020849,AKPL,Linch Stock Market Ltd.,Naasa Securities Co. Ltd.,100,256.0,25600.0,2025-07-06 14:41:04.188874
2025-07-06,14173,2025070604020850,AKPL,Naasa Securities Co. Ltd.,Naasa Securities Co. Ltd.,58,256.0,14848.0,2025-07-06 14:41:04.189091
2025-07-06,14172,2025070604020851,AKPL,Online Securities Pvt. Ltd.,Naasa Securities Co. Ltd.,250,256.0,64000.0,2025-07-06 14:41:04.189295
2025-07-06,14171,2025070604020852,AKPL,Asian Securities Private Ltd.,Naasa Securities Co. Ltd.,100,256.0,25600.0,2025-07-06 14:41:04.189462
2025-07-06,14170,2025070604020853,AKPL,Opal Securities Investment (PVT) Ltd.,Naasa Securities Co. Ltd.,140,256.0,35840.0,2025-07-06 14:41:04.189621
2025-07-06,14169,2025070604020854,AKPL,Secured Securities Ltd.,Naasa Securities Co. Ltd.,250,256.0,64000.0,2025-07-06 14:41:04.189755
2025-07-06,14168,2025070604020855,AKPL,Naasa Securities Co. Ltd.,Naasa Securities Co. Ltd.,196,256.0,50176.0,2025-07-06 14:41:04.189940
2025-07-06,14167,2025070604020856,AKPL,Citizens Share Broker Limited,Naasa Securities Co. Ltd.,128,256.0,32768.0,2025-07-06 14:41:04.190116
2025-07-06,14085,2025070604020894,AKPL,Deevyaa Securities & Stock House Pvt. Ltd,Naasa Securities Co. Ltd.,300,256.2,76860.0,2025-07-06 14:41:16.360189
2025-07-06,14084,2025070604020895,AKPL,Citizens Share Broker Limited,Naasa Securities Co. Ltd.,272,256.0,69632.0,2025-07-06 14:41:16.360525
2025-07-06,14083,2025070604020896,AKPL,Secured Securities Ltd.,Naasa Securities Co. Ltd.,275,256.0,70400.0,2025-07-06 14:41:16.360663
2025-07-06,14082,2025070604020897,AKPL,Sani Securities Company Ltd.,Naasa Securities Co. Ltd.,200,256.0,51200.0,2025-07-06 14:41:16.360789
2025-07-06,13834,2025070604020984,AKPL,Agrawal Securities (PVT) Ltd.,Kohinoor Investment & Securities Pvt. Ltd.,300,256.0,76800.0,2025-07-06 14:41:48.100094
2025-07-06,13652,2025070604021055,AKPL,Agrawal Securities (PVT) Ltd.,Kohinoor Investment & Securities Pvt. Ltd.,200,256.0,51200.0,2025-07-06 14:42:11.310797
2025-07-06,13465,2025070604021112,AKPL,Machhapuchchhre Securities Limited,Opal Securities Investment (PVT) Ltd.,10,256.8,2568.0,2025-07-06 14:42:41.431032
2025-07-06,13338,2025070604021143,AKPL,Online Securities Pvt. Ltd.,Aryatara Investment & Securities,100,256.0,25600.0,2025-07-06 14:42:58.247940
2025-07-06,13337,2025070604021144,AKPL,Nepal Investment And Securities Trading Private Limited,Aryatara Investment & Securities,60,256.0,15360.0,2025-07-06 14:42:58.248582
2025-07-06,13216,2025070604021190,AKPL,Online Securities Pvt. Ltd.,Naasa Securities Co. Ltd.,790,256.0,202240.0,2025-07-06 14:43:14.071574
2025-07-06,12824,2025070604021306,AKPL,Linch Stock Market Ltd.,Opal Securities Investment (PVT) Ltd.,100,256.1,25610.0,2025-07-06 14:44:04.564782
2025-07-06,12823,2025070604021307,AKPL,Agrawal Securities (PVT) Ltd.,Opal Securities Investment (PVT) Ltd.,90,256.0,23040.0,2025-07-06 14:44:04.565083
2025-07-06,12521,2025070604021406,AKPL,Secured Securities Ltd.,Sri Hari Securities Pvt. Ltd.,15,256.8,3852.0,2025-07-06 14:44:30.784829
2025-07-06,12463,2025070604021418,AKPL,Primo Securities (PVT) Ltd.,Sri Hari Securities Pvt. Ltd.,150,256.8,38520.0,2025-07-06 14:44:36.660343
2025-07-06,12162,2025070604021522,AKPL,SUN SECURITIES PVT LTD,Bhrikuti Stock Broking Co. Pvt. Ltd.,10,256.1,2561.0,2025-07-06 14:45:10.909628
2025-07-06,12161,2025070604021523,AKPL,Agrawal Securities (PVT) Ltd.,Bhrikuti Stock Broking Co. Pvt. Ltd.,90,256.0,23040.0,2025-07-06 14:45:10.910304
2025-07-06,11962,2025070604021554,AKPL,Agrawal Securities (PVT) Ltd.,Secured Securities Ltd.,320,256.0,81920.0,2025-07-06 14:45:29.770958
2025-07-06,11961,2025070604021555,AKPL,Dynamic Money Managers Securities Pvt. Ltd.,Secured Securities Ltd.,100,256.0,25600.0,2025-07-06 14:45:29.771325
2025-07-06,11960,2025070604021556,AKPL,Oxford Securities Pvt. Ltd.,Secured Securities Ltd.,500,256.0,128000.0,2025-07-06 14:45:29.771464
2025-07-06,11959,2025070604021557,AKPL,Market Securities & Exchange (PVT) Ltd.,Secured Securities Ltd.,27,256.0,6912.0,2025-07-06 14:45:29.771598
2025-07-06,11958,2025070604021558,AKPL,Dipshikha Dhitopatra Karobar Co. Pvt Ltd.,Secured Securities Ltd.,100,256.0,25600.0,2025-07-06 14:45:29.771729
2025-07-06,11957,2025070604021559,AKPL,Premier Securities Company Ltd.,Secured Securities Ltd.,50,256.0,12800.0,2025-07-06 14:45:29.771858
2025-07-06,11879,2025070604021585,AKPL,Agrawal Securities (PVT) Ltd.,Secured Securities Ltd.,300,256.0,76800.0,2025-07-06 14:45:39.163395
2025-07-06,11861,2025070604021593,AKPL,Malla & Malla Stock Broking Company Pvt. Limited,Secured Securities Ltd.,500,256.0,128000.0,2025-07-06 14:45:42.122130
2025-07-06,11694,2025070604021661,AKPL,Agrawal Securities (PVT) Ltd.,Secured Securities Ltd.,103,256.0,26368.0,2025-07-06 14:46:02.451229
2025-07-06,11555,2025070604021710,AKPL,Agrawal Securities (PVT) Ltd.,Trishakti Securities Public Limited,97,256.2,24851.4,2025-07-06 14:46:21.516514
2025-07-06,11554,2025070604021711,AKPL,Swarna Laxmi Securities Pvt. Ltd.,Trishakti Securities Public Limited,200,256.0,51200.0,2025-07-06 14:46:21.516818
2025-07-06,11553,2025070604021712,AKPL,Vision Securities Pvt. Ltd,Trishakti Securities Public Limited,400,256.0,102400.0,2025-07-06 14:46:21.516958
2025-07-06,11552,2025070604021713,AKPL,Agrawal Securities (PVT) Ltd.,Trishakti Securities Public Limited,50,255.9,12795.0,2025-07-06 14:46:21.517124
2025-07-06,11551,2025070604021714,AKPL,Deevyaa Securities & Stock House Pvt. Ltd,Trishakti Securities Public Limited,200,255.9,51180.0,2025-07-06 14:46:21.517267
2025-07-06,11550,2025070604021715,AKPL,Dipshikha Dhitopatra Karobar Co. Pvt Ltd.,Trishakti Securities Public Limited,30,255.8,7674.0,2025-07-06 14:46:21.517428
2025-07-06,11549,2025070604021716,AKPL,Sunrise Securities Limited,Trishakti Securities Public Limited,1023,255.7,261581.1,2025-07-06 14:46:21.517560
2025-07-06,11317,2025070604021797,AKPL,Sharepro Securities Private Limited,Vision Securities Pvt. Ltd,60,255.8,15348.0,2025-07-06 14:46:48.583190
2025-07-06,11111,2025070604021855,AKPL,Premier Securities Company Ltd.,Sri Hari Securities Pvt. Ltd.,50,256.8,12840.0,2025-07-06 14:47:13.044340
2025-07-06,11055,2025070604021874,AKPL,Malla & Malla Stock Broking Company Pvt. Limited,Kalika Securities Pvt. Ltd.,125,256.0,32000.0,2025-07-06 14:47:17.610301
2025-07-06,10858,2025070604021968,AKPL,Online Securities Pvt. Ltd.,Kalika Securities Pvt. Ltd.,200,256.0,51200.0,2025-07-06 14:47:35.493918
2025-07-06,10826,2025070604021975,AKPL,Online Securities Pvt. Ltd.,Trishakti Securities Public Limited,100,255.9,25590.0,2025-07-06 14:47:41.350413
2025-07-06,10668,2025070604022035,AKPL,Sumeru Securities Pvt. Ltd.,Kalika Securities Pvt. Ltd.,175,256.0,44800.0,2025-07-06 14:47:58.490116
2025-07-06,10667,2025070604022036,AKPL,Sumeru Securities Pvt. Ltd.,Online Securities Pvt. Ltd.,10,256.0,2560.0,2025-07-06 14:47:58.490490
2025-07-06,10666,2025070604022037,AKPL,Sumeru Securities Pvt. Ltd.,Primo Securities (PVT) Ltd.,50,256.0,12800.0,2025-07-06 14:47:58.490854
2025-07-06,10665,2025070604022038,AKPL,Sumeru Securities Pvt. Ltd.,Linch Stock Market Ltd.,200,256.0,51200.0,2025-07-06 14:47:58.491149
2025-07-06,10428,2025070604022122,AKPL,Agrawal Securities (PVT) Ltd.,Linch Stock Market Ltd.,250,256.0,64000.0,2025-07-06 14:48:21.483806
2025-07-06,10044,2025070604022251,AKPL,Sweta Securities Private Limited,Arun Securities (PVT) Ltd.,1500,255.9,383850.0,2025-07-06 14:48:57.548125
2025-07-06,10043,2025070604022252,AKPL,Sweta Securities Private Limited,Arun Securities (PVT) Ltd.,100,255.9,25590.0,2025-07-06 14:48:57.548438
2025-07-06,10000,2025070604022259,AKPL,Sunrise Securities Limited,Linch Stock Market Ltd.,550,256.0,140800.0,2025-07-06 14:48:59.700441
2025-07-06,9999,2025070604022260,AKPL,Sunrise Securities Limited,Nepal Stock House (PVT) Ltd.,137,256.0,35072.0,2025-07-06 14:48:59.700738
2025-07-06,9901,2025070604022284,AKPL,Sweta Securities Private Limited,Nepal Stock House (PVT) Ltd.,1000,255.9,255900.0,2025-07-06 14:49:10.168644
2025-07-06,9822,2025070604022302,AKPL,Agrawal Securities (PVT) Ltd.,Nepal Stock House (PVT) Ltd.,250,256.0,64000.0,2025-07-06 14:49:20.436020
2025-07-06,9749,2025070604022329,AKPL,Sunrise Securities Limited,Nepal Stock House (PVT) Ltd.,610,256.0,156160.0,2025-07-06 14:49:33.786871
2025-07-06,8462,2025070604022792,AKPL,Online Securities Pvt. Ltd.,Agrawal Securities (PVT) Ltd.,100,256.0,25600.0,2025-07-06 14:51:52.354269
2025-07-06,8461,2025070604022793,AKPL,Trisul Securities & Invt. Ltd.,Agrawal Securities (PVT) Ltd.,50,256.0,12800.0,2025-07-06 14:51:52.354970
2025-07-06,8460,2025070604022794,AKPL,Dipshikha Dhitopatra Karobar Co. Pvt Ltd.,Agrawal Securities (PVT) Ltd.,100,256.0,25600.0,2025-07-06 14:51:52.355413
2025-07-06,8459,2025070604022795,AKPL,Sumeru Securities Pvt. Ltd.,Agrawal Securities (PVT) Ltd.,50,256.0,12800.0,2025-07-06 14:51:52.355836
2025-07-06,8458,2025070604022796,AKPL,Naasa Securities Co. Ltd.,Agrawal Securities (PVT) Ltd.,10,256.0,2560.0,2025-07-06 14:51:52.356247
2025-07-06,8081,2025070604022948,AKPL,Sweta Securities Private Limited,Linch Stock Market Ltd.,400,255.9,102360.0,2025-07-06 14:52:24.310616
2025-07-06,8080,2025070604022949,AKPL,Sweta Securities Private Limited,Linch Stock Market Ltd.,150,255.9,38385.0,2025-07-06 14:52:24.310967
2025-07-06,8039,2025070604022959,AKPL,Sweta Securities Private Limited,Imperial Securities Company Pvt. Ltd.,500,255.9,127950.0,2025-07-06 14:52:29.180951
2025-07-06,7966,2025070604022988,AKPL,KALASH STOCK MARKET PVT. LTD.,Agrawal Securities (PVT) Ltd.,30,256.0,7680.0,2025-07-06 14:52:31.964487
2025-07-06,7675,2025070604023114,AKPL,Shree Krishna Securities Ltd.,Agrawal Securities (PVT) Ltd.,160,256.0,40960.0,2025-07-06 14:52:58.529987
2025-07-06,7330,2025070604023288,AKPL,Sweta Securities Private Limited,Creative Securities Pvt Ltd,200,256.5,51300.0,2025-07-06 14:53:26.111083
2025-07-06,7297,2025070604023297,AKPL,Shree Krishna Securities Ltd.,Secured Securities Ltd.,216,256.0,55296.0,2025-07-06 14:53:28.990579
2025-07-06,7146,2025070604023327,AKPL,Imperial Securities Company Pvt. Ltd.,Kalika Securities Pvt. Ltd.,30,256.2,7686.0,2025-07-06 14:53:40.792997
2025-07-06,6850,2025070604023436,AKPL,Imperial Securities Company Pvt. Ltd.,Imperial Securities Company Pvt. Ltd.,170,256.2,43554.0,2025-07-06 14:54:02.529706
2025-07-06,6849,2025070604023437,AKPL,Shree Krishna Securities Ltd.,Imperial Securities Company Pvt. Ltd.,230,256.0,58880.0,2025-07-06 14:54:02.530038
2025-07-06,6779,2025070604023453,AKPL,SUN SECURITIES PVT LTD,Creative Securities Pvt Ltd,10,256.5,2565.0,2025-07-06 14:54:08.526016
2025-07-06,6633,2025070604023506,AKPL,Shree Krishna Securities Ltd.,Kohinoor Investment & Securities Pvt. Ltd.,500,256.0,128000.0,2025-07-06 14:54:18.068377
2025-07-06,5855,2025070604023763,AKPL,Vision Securities Pvt. Ltd,Creative Securities Pvt Ltd,90,256.5,23085.0,2025-07-06 14:55:21.320775
2025-07-06,5854,2025070604023764,AKPL,Vision Securities Pvt. Ltd,Vision Securities Pvt. Ltd,30,256.5,7695.0,2025-07-06 14:55:21.321376
2025-07-06,5853,2025070604023765,AKPL,Vision Securities Pvt. Ltd,Dakshinkali Investment & Securities Pvt. Ltd.,200,256.5,51300.0,2025-07-06 14:55:21.321785
2025-07-06,5577,2025070604023849,AKPL,Vision Securities Pvt. Ltd,Swarna Laxmi Securities Pvt. Ltd.,180,256.5,46170.0,2025-07-06 14:55:42.157563
2025-07-06,5432,2025070604023914,AKPL,Dipshikha Dhitopatra Karobar Co. Pvt Ltd.,Swarna Laxmi Securities Pvt. Ltd.,100,256.5,25650.0,2025-07-06 14:55:53.919764
2025-07-06,5332,2025070604023970,AKPL,J.F. Securites (PVT) Ltd.,Nepal Stock House (PVT) Ltd.,300,256.2,76860.0,2025-07-06 14:55:59.417740
2025-07-06,5159,2025070604024005,AKPL,Kumari Securities Private Limited,Nepal Stock House (PVT) Ltd.,95,256.2,24339.0,2025-07-06 14:56:09.470552
