Date,S.N.,contract_id,symbol,buyer_broker,seller_broker,volume,price,amount,transaction_time
2025-07-06,87198,2025070601000053,NBL,Sani Securities Company Ltd.,Siprabi Securities Pvt. Ltd.,30,263.0,7890.0,2025-07-06 11:00:52.138993
2025-07-06,87043,2025070601000082,NBL,Sani Securities Company Ltd.,Siprabi Securities Pvt. Ltd.,70,263.0,18410.0,2025-07-06 11:01:31.420280
2025-07-06,87030,2025070601000083,NBL,Market Securities & Exchange (PVT) Ltd.,Siprabi Securities Pvt. Ltd.,100,265.0,26500.0,2025-07-06 11:01:35.126787
2025-07-06,85696,2025070601000318,NBL,SUN SECURITIES PVT LTD,Siprabi Securities Pvt. Ltd.,400,265.0,106000.0,2025-07-06 11:06:27.558754
2025-07-06,85695,2025070601000319,NBL,SUN SECURITIES PVT LTD,Secured Securities Ltd.,40,265.0,10600.0,2025-07-06 11:06:27.558910
2025-07-06,85694,2025070601000320,NBL,SUN SECURITIES PVT LTD,Linch Stock Market Ltd.,60,265.0,15900.0,2025-07-06 11:06:27.559006
2025-07-06,83373,2025070601000842,NBL,Online Securities Pvt. Ltd.,Siprabi Securities Pvt. Ltd.,100,262.0,26200.0,2025-07-06 11:13:02.471135
2025-07-06,83372,2025070601000843,NBL,Swarna Laxmi Securities Pvt. Ltd.,Siprabi Securities Pvt. Ltd.,1000,262.0,262000.0,2025-07-06 11:13:02.471371
2025-07-06,82454,2025070601001069,NBL,Vision Securities Pvt. Ltd,Arun Securities (PVT) Ltd.,50,262.0,13100.0,2025-07-06 11:15:00.494132
2025-07-06,82443,2025070601001070,NBL,J.F. Securites (PVT) Ltd.,Arun Securities (PVT) Ltd.,30,262.0,7860.0,2025-07-06 11:15:02.257906
2025-07-06,82195,2025070601001122,NBL,Sani Securities Company Ltd.,Bhrikuti Stock Broking Co. Pvt. Ltd.,50,261.9,13095.0,2025-07-06 11:15:40.794098
2025-07-06,82188,2025070601001126,NBL,Sumeru Securities Pvt. Ltd.,Arun Securities (PVT) Ltd.,20,262.0,5240.0,2025-07-06 11:15:41.248475
2025-07-06,82187,2025070601001127,NBL,Sumeru Securities Pvt. Ltd.,Siprabi Securities Pvt. Ltd.,500,262.0,131000.0,2025-07-06 11:15:41.248570
2025-07-06,82151,2025070601001138,NBL,Sumeru Securities Pvt. Ltd.,Nepal Stock House (PVT) Ltd.,200,261.4,52280.0,2025-07-06 11:15:47.379558
2025-07-06,82150,2025070601001139,NBL,Neev Securities Pvt. Ltd.,Nepal Stock House (PVT) Ltd.,500,261.3,130650.0,2025-07-06 11:15:47.379698
2025-07-06,82149,2025070601001140,NBL,Naasa Securities Co. Ltd.,Nepal Stock House (PVT) Ltd.,194,261.0,50634.0,2025-07-06 11:15:47.379809
2025-07-06,81219,2025070601001385,NBL,Naasa Securities Co. Ltd.,Bhrikuti Stock Broking Co. Pvt. Ltd.,50,261.0,13050.0,2025-07-06 11:18:02.012721
2025-07-06,81108,2025070601001412,NBL,Naasa Securities Co. Ltd.,Dynamic Money Managers Securities Pvt. Ltd.,15,261.0,3915.0,2025-07-06 11:18:19.709584
2025-07-06,81092,2025070601001418,NBL,Naasa Securities Co. Ltd.,Online Securities Pvt. Ltd.,241,261.0,62901.0,2025-07-06 11:18:25.392623
2025-07-06,81091,2025070601001419,NBL,Sani Securities Company Ltd.,Online Securities Pvt. Ltd.,10,261.0,2610.0,2025-07-06 11:18:25.392731
2025-07-06,80859,2025070601001466,NBL,Linch Stock Market Ltd.,Online Securities Pvt. Ltd.,49,261.0,12789.0,2025-07-06 11:19:04.925348
2025-07-06,80559,2025070601001534,NBL,J.F. Securites (PVT) Ltd.,Midas Stock Broking Company Private Limited,10,261.9,2619.0,2025-07-06 11:19:53.477564
2025-07-06,80558,2025070601001535,NBL,J.F. Securites (PVT) Ltd.,Shree Krishna Securities Ltd.,10,262.0,2620.0,2025-07-06 11:19:53.477703
2025-07-06,80263,2025070601001585,NBL,ABC Securities Private Limited,Shree Krishna Securities Ltd.,75,262.0,19650.0,2025-07-06 11:20:44.025115
2025-07-06,80262,2025070601001586,NBL,ABC Securities Private Limited,Siprabi Securities Pvt. Ltd.,300,262.0,78600.0,2025-07-06 11:20:44.025253
2025-07-06,80261,2025070601001587,NBL,ABC Securities Private Limited,J.F. Securites (PVT) Ltd.,11,262.0,2882.0,2025-07-06 11:20:44.025302
2025-07-06,80260,2025070601001588,NBL,ABC Securities Private Limited,Siprabi Securities Pvt. Ltd.,114,262.0,29868.0,2025-07-06 11:20:44.025345
2025-07-06,79974,2025070601001654,NBL,Naasa Securities Co. Ltd.,Siprabi Securities Pvt. Ltd.,250,262.0,65500.0,2025-07-06 11:21:35.977976
2025-07-06,78580,2025070601001978,NBL,Naasa Securities Co. Ltd.,Siprabi Securities Pvt. Ltd.,10,262.0,2620.0,2025-07-06 11:25:28.063105
2025-07-06,78440,2025070601002008,NBL,Online Securities Pvt. Ltd.,Siprabi Securities Pvt. Ltd.,29,262.0,7598.0,2025-07-06 11:25:58.915915
2025-07-06,78252,2025070601002050,NBL,Sani Securities Company Ltd.,Siprabi Securities Pvt. Ltd.,97,262.0,25414.0,2025-07-06 11:26:38.060418
2025-07-06,77677,2025070601002188,NBL,Sani Securities Company Ltd.,Global IME Securities Limited,10,261.8,2618.0,2025-07-06 11:28:35.821790
2025-07-06,77611,2025070601002202,NBL,Sani Securities Company Ltd.,Global IME Securities Limited,10,261.6,2616.0,2025-07-06 11:28:46.849982
2025-07-06,77567,2025070601002208,NBL,Deevyaa Securities & Stock House Pvt. Ltd,Global IME Securities Limited,110,261.5,28765.0,2025-07-06 11:29:00.093436
2025-07-06,77390,2025070601002265,NBL,Deevyaa Securities & Stock House Pvt. Ltd,Kohinoor Investment & Securities Pvt. Ltd.,190,261.5,49685.0,2025-07-06 11:29:33.434238
2025-07-06,77389,2025070601002266,NBL,Deevyaa Securities & Stock House Pvt. Ltd,Kohinoor Investment & Securities Pvt. Ltd.,300,261.5,78450.0,2025-07-06 11:29:33.434400
2025-07-06,77388,2025070601002267,NBL,Aryatara Investment & Securities,Kohinoor Investment & Securities Pvt. Ltd.,50,261.5,13075.0,2025-07-06 11:29:33.434485
2025-07-06,77387,2025070601002268,NBL,Market Securities & Exchange (PVT) Ltd.,Kohinoor Investment & Securities Pvt. Ltd.,500,261.3,130650.0,2025-07-06 11:29:33.434569
2025-07-06,77386,2025070601002269,NBL,Dynamic Money Managers Securities Pvt. Ltd.,Kohinoor Investment & Securities Pvt. Ltd.,1000,261.2,261200.0,2025-07-06 11:29:33.434648
2025-07-06,77385,2025070601002270,NBL,Market Securities & Exchange (PVT) Ltd.,Kohinoor Investment & Securities Pvt. Ltd.,100,261.1,26110.0,2025-07-06 11:29:33.434729
2025-07-06,77384,2025070601002271,NBL,Premier Securities Company Ltd.,Kohinoor Investment & Securities Pvt. Ltd.,772,261.1,201569.2,2025-07-06 11:29:33.434807
2025-07-06,77383,2025070601002272,NBL,ABC Securities Private Limited,Kohinoor Investment & Securities Pvt. Ltd.,500,261.0,130500.0,2025-07-06 11:29:33.434891
2025-07-06,77382,2025070601002273,NBL,Linch Stock Market Ltd.,Kohinoor Investment & Securities Pvt. Ltd.,501,261.0,130761.0,2025-07-06 11:29:33.434969
2025-07-06,77381,2025070601002274,NBL,Aryatara Investment & Securities,Kohinoor Investment & Securities Pvt. Ltd.,87,261.0,22707.0,2025-07-06 11:29:33.435058
2025-07-06,76769,2025070601002431,NBL,Investment Management Nepal Pvt. Ltd.,Siprabi Securities Pvt. Ltd.,19,262.0,4978.0,2025-07-06 11:31:07.412888
2025-07-06,76672,2025070601002455,NBL,Aryatara Investment & Securities,Kumari Securities Private Limited,10,261.0,2610.0,2025-07-06 11:31:28.020443
2025-07-06,75883,2025070601002678,NBL,Aryatara Investment & Securities,Malla & Malla Stock Broking Company Pvt. Limited,58,261.0,15138.0,2025-07-06 11:33:53.338922
2025-07-06,75503,2025070601002763,NBL,Deevyaa Securities & Stock House Pvt. Ltd,Siprabi Securities Pvt. Ltd.,481,262.0,126022.0,2025-07-06 11:34:57.153308
2025-07-06,75502,2025070601002764,NBL,Deevyaa Securities & Stock House Pvt. Ltd,Siprabi Securities Pvt. Ltd.,19,262.0,4978.0,2025-07-06 11:34:57.153464
2025-07-06,74264,2025070601003135,NBL,Agrawal Securities (PVT) Ltd.,Sri Hari Securities Pvt. Ltd.,300,261.2,78360.0,2025-07-06 11:38:44.747340
2025-07-06,72605,2025070601003625,NBL,Trisul Securities & Invt. Ltd.,Siprabi Securities Pvt. Ltd.,301,262.0,78862.0,2025-07-06 11:43:04.688883
2025-07-06,72604,2025070601003626,NBL,Trisul Securities & Invt. Ltd.,Deevyaa Securities & Stock House Pvt. Ltd,20,262.0,5240.0,2025-07-06 11:43:04.689092
2025-07-06,72603,2025070601003627,NBL,Trisul Securities & Invt. Ltd.,J.F. Securites (PVT) Ltd.,29,262.0,7598.0,2025-07-06 11:43:04.689158
2025-07-06,72237,2025070601003717,NBL,Linch Stock Market Ltd.,J.F. Securites (PVT) Ltd.,109,262.0,28558.0,2025-07-06 11:44:03.482568
2025-07-06,72236,2025070601003718,NBL,Linch Stock Market Ltd.,Linch Stock Market Ltd.,100,262.0,26200.0,2025-07-06 11:44:03.482717
2025-07-06,72235,2025070601003719,NBL,Linch Stock Market Ltd.,Asian Securities Private Ltd.,291,262.0,76242.0,2025-07-06 11:44:03.482788
2025-07-06,72124,2025070601003748,NBL,Aryatara Investment & Securities,Asian Securities Private Ltd.,309,262.0,80958.0,2025-07-06 11:44:23.192053
2025-07-06,72123,2025070601003749,NBL,Aryatara Investment & Securities,Aryatara Investment & Securities,100,262.0,26200.0,2025-07-06 11:44:23.192220
2025-07-06,72122,2025070601003750,NBL,Aryatara Investment & Securities,Siprabi Securities Pvt. Ltd.,436,262.0,114232.0,2025-07-06 11:44:23.192290
2025-07-06,72019,2025070601003801,NBL,Midas Stock Broking Company Private Limited,Siprabi Securities Pvt. Ltd.,98,262.0,25676.0,2025-07-06 11:44:40.518044
2025-07-06,71970,2025070601003828,NBL,Sumeru Securities Pvt. Ltd.,Siprabi Securities Pvt. Ltd.,300,262.0,78600.0,2025-07-06 11:44:48.900602
2025-07-06,71824,2025070601003861,NBL,Agrawal Securities (PVT) Ltd.,Siprabi Securities Pvt. Ltd.,666,262.0,174492.0,2025-07-06 11:45:11.746497
2025-07-06,71823,2025070601003862,NBL,Agrawal Securities (PVT) Ltd.,Imperial Securities Company Pvt. Ltd.,304,262.0,79648.0,2025-07-06 11:45:11.746815
2025-07-06,71511,2025070601003969,NBL,Agrawal Securities (PVT) Ltd.,Kumari Securities Private Limited,30,262.0,7860.0,2025-07-06 11:46:00.980739
2025-07-06,71510,2025070601003970,NBL,Miyo Securities Pvt Ltd,Kumari Securities Private Limited,20,262.0,5240.0,2025-07-06 11:46:00.980920
2025-07-06,71454,2025070601003988,NBL,Agrawal Securities (PVT) Ltd.,Investment Management Nepal Pvt. Ltd.,18,261.4,4705.2,2025-07-06 11:46:15.528855
2025-07-06,70824,2025070601004133,NBL,Agrawal Securities (PVT) Ltd.,Himalayan Brokerage Company Limited,624,261.4,163113.6,2025-07-06 11:47:54.873757
2025-07-06,70071,2025070601004336,NBL,Sumeru Securities Pvt. Ltd.,Online Securities Pvt. Ltd.,110,261.5,28765.0,2025-07-06 11:49:49.840811
2025-07-06,70070,2025070601004337,NBL,Agrawal Securities (PVT) Ltd.,Online Securities Pvt. Ltd.,140,261.4,36596.0,2025-07-06 11:49:49.841158
2025-07-06,69623,2025070601004431,NBL,Agrawal Securities (PVT) Ltd.,Kumari Securities Private Limited,100,262.0,26200.0,2025-07-06 11:51:14.995335
2025-07-06,69041,2025070601004622,NBL,Secured Securities Ltd.,South Asian Bulls Pvt. Ltd.,40,262.4,10496.0,2025-07-06 11:53:08.317929
2025-07-06,68919,2025070601004667,NBL,Secured Securities Ltd.,Kumari Securities Private Limited,129,262.4,33849.6,2025-07-06 11:53:28.515778
2025-07-06,68729,2025070601004710,NBL,Secured Securities Ltd.,ABC Securities Private Limited,500,262.4,131200.0,2025-07-06 11:54:00.254479
2025-07-06,67556,2025070601004981,NBL,Secured Securities Ltd.,Vision Securities Pvt. Ltd,81,262.4,21254.4,2025-07-06 11:57:38.402589
2025-07-06,67555,2025070601004982,NBL,Agrawal Securities (PVT) Ltd.,Vision Securities Pvt. Ltd,900,262.3,236070.0,2025-07-06 11:57:38.402956
2025-07-06,66946,2025070601005134,NBL,Nepal Investment And Securities Trading Private Limited,Vision Securities Pvt. Ltd,219,261.5,57268.5,2025-07-06 11:59:55.987573
2025-07-06,66232,2025070601005281,NBL,Nepal Investment And Securities Trading Private Limited,Online Securities Pvt. Ltd.,31,261.5,8106.5,2025-07-06 12:02:02.294488
2025-07-06,66231,2025070601005282,NBL,Agrawal Securities (PVT) Ltd.,Online Securities Pvt. Ltd.,218,261.4,56985.2,2025-07-06 12:02:02.294692
2025-07-06,66230,2025070601005283,NBL,Kumari Securities Private Limited,Online Securities Pvt. Ltd.,200,261.3,52260.0,2025-07-06 12:02:02.294767
2025-07-06,66229,2025070601005284,NBL,Agrawal Securities (PVT) Ltd.,Online Securities Pvt. Ltd.,51,261.2,13321.2,2025-07-06 12:02:02.294839
2025-07-06,65514,2025070601005428,NBL,Swarna Laxmi Securities Pvt. Ltd.,Naasa Securities Co. Ltd.,72,261.3,18813.6,2025-07-06 12:04:08.747078
2025-07-06,62900,2025070601006017,NBL,Naasa Securities Co. Ltd.,Investment Management Nepal Pvt. Ltd.,30,262.0,7860.0,2025-07-06 12:11:48.610938
2025-07-06,62077,2025070601006214,NBL,Dipshikha Dhitopatra Karobar Co. Pvt Ltd.,Premier Securities Company Ltd.,393,261.5,102769.5,2025-07-06 12:14:44.034616
2025-07-06,61941,2025070601006256,NBL,Capital Max Securities Ltd,Kalika Securities Pvt. Ltd.,34,261.4,8887.6,2025-07-06 12:15:15.418782
2025-07-06,61911,2025070601006262,NBL,Swarna Laxmi Securities Pvt. Ltd.,Naasa Securities Co. Ltd.,428,261.3,111836.4,2025-07-06 12:15:25.263873
2025-07-06,61910,2025070601006263,NBL,Agrawal Securities (PVT) Ltd.,Naasa Securities Co. Ltd.,23,261.2,6007.6,2025-07-06 12:15:25.264113
2025-07-06,61556,2025070601006327,NBL,Dipshikha Dhitopatra Karobar Co. Pvt Ltd.,Kalika Securities Pvt. Ltd.,107,261.3,27959.1,2025-07-06 12:16:36.819055
2025-07-06,60680,2025070601006564,NBL,Aryatara Investment & Securities,Nepal Stock House (PVT) Ltd.,30,261.5,7845.0,2025-07-06 12:19:24.134442
2025-07-06,60679,2025070601006565,NBL,Agrawal Securities (PVT) Ltd.,Nepal Stock House (PVT) Ltd.,470,261.3,122811.0,2025-07-06 12:19:24.134673
2025-07-06,60324,2025070601006630,NBL,Aryatara Investment & Securities,Naasa Securities Co. Ltd.,20,261.5,5230.0,2025-07-06 12:20:20.583457
2025-07-06,59001,2025070601006916,NBL,Shree Krishna Securities Ltd.,Naasa Securities Co. Ltd.,25,261.5,6537.5,2025-07-06 12:24:27.644422
2025-07-06,58849,2025070601006972,NBL,Shree Krishna Securities Ltd.,Naasa Securities Co. Ltd.,17,261.5,4445.5,2025-07-06 12:24:58.784047
2025-07-06,57946,2025070601007202,NBL,Siprabi Securities Pvt. Ltd.,NIMB Stock Markets Limited,51,261.5,13336.5,2025-07-06 12:27:49.221749
2025-07-06,57693,2025070601007243,NBL,Siprabi Securities Pvt. Ltd.,Naasa Securities Co. Ltd.,12,261.5,3138.0,2025-07-06 12:28:42.004629
2025-07-06,57670,2025070601007249,NBL,J.F. Securites (PVT) Ltd.,Investment Management Nepal Pvt. Ltd.,50,262.0,13100.0,2025-07-06 12:28:47.707943
2025-07-06,57661,2025070601007251,NBL,Asian Securities Private Ltd.,Investment Management Nepal Pvt. Ltd.,70,262.0,18340.0,2025-07-06 12:28:49.401566
2025-07-06,57660,2025070601007252,NBL,Asian Securities Private Ltd.,Nepal Investment And Securities Trading Private Limited,153,262.0,40086.0,2025-07-06 12:28:49.401815
2025-07-06,57659,2025070601007253,NBL,Asian Securities Private Ltd.,Online Securities Pvt. Ltd.,99,262.0,25938.0,2025-07-06 12:28:49.401895
2025-07-06,57658,2025070601007254,NBL,Asian Securities Private Ltd.,Sri Hari Securities Pvt. Ltd.,200,262.0,52400.0,2025-07-06 12:28:49.401969
2025-07-06,57657,2025070601007255,NBL,Asian Securities Private Ltd.,Trishakti Securities Public Limited,500,262.0,131000.0,2025-07-06 12:28:49.402054
2025-07-06,57656,2025070601007256,NBL,Asian Securities Private Ltd.,Bhrikuti Stock Broking Co. Pvt. Ltd.,500,262.4,131200.0,2025-07-06 12:28:49.402132
2025-07-06,57655,2025070601007257,NBL,Asian Securities Private Ltd.,Trisul Securities & Invt. Ltd.,6343,262.5,1665037.5,2025-07-06 12:28:49.402210
2025-07-06,57654,2025070601007258,NBL,Asian Securities Private Ltd.,Oxford Securities Pvt. Ltd.,15,262.5,3937.5,2025-07-06 12:28:49.402287
2025-07-06,56967,2025070601007458,NBL,Shree Krishna Securities Ltd.,Sipla Securities Private Limited,12,261.6,3139.2,2025-07-06 12:31:02.224247
2025-07-06,55868,2025070601007783,NBL,Shree Krishna Securities Ltd.,Sani Securities Company Ltd.,57,263.0,14991.0,2025-07-06 12:34:56.741127
2025-07-06,55849,2025070601007787,NBL,Nepal Investment And Securities Trading Private Limited,Sani Securities Company Ltd.,143,263.0,37609.0,2025-07-06 12:35:04.734232
2025-07-06,55535,2025070601007865,NBL,Nepal Investment And Securities Trading Private Limited,Online Securities Pvt. Ltd.,30,263.0,7890.0,2025-07-06 12:36:00.872119
2025-07-06,55462,2025070601007876,NBL,Nepal Investment And Securities Trading Private Limited,Kohinoor Investment & Securities Pvt. Ltd.,27,263.0,7101.0,2025-07-06 12:36:14.098844
2025-07-06,54852,2025070601008091,NBL,Imperial Securities Company Pvt. Ltd.,Kohinoor Investment & Securities Pvt. Ltd.,473,263.0,124399.0,2025-07-06 12:38:12.959015
2025-07-06,54429,2025070601008208,NBL,Miyo Securities Pvt Ltd,Sumeru Securities Pvt. Ltd.,10,263.9,2639.0,2025-07-06 12:39:29.758009
2025-07-06,54428,2025070601008209,NBL,Miyo Securities Pvt Ltd,Siprabi Securities Pvt. Ltd.,100,263.9,26390.0,2025-07-06 12:39:29.758248
2025-07-06,54427,2025070601008210,NBL,Miyo Securities Pvt Ltd,Linch Stock Market Ltd.,200,264.0,52800.0,2025-07-06 12:39:29.758346
2025-07-06,54426,2025070601008211,NBL,Miyo Securities Pvt Ltd,Dipshikha Dhitopatra Karobar Co. Pvt Ltd.,147,264.0,38808.0,2025-07-06 12:39:29.758429
2025-07-06,54425,2025070601008212,NBL,Miyo Securities Pvt Ltd,Naasa Securities Co. Ltd.,38,264.0,10032.0,2025-07-06 12:39:29.758510
2025-07-06,54424,2025070601008213,NBL,Miyo Securities Pvt Ltd,Blue Chip Securities Ltd,505,264.0,133320.0,2025-07-06 12:39:29.758586
2025-07-06,53248,2025070601008537,NBL,Cristal Kanchanjanga Securites Pvt. Ltd.,Sundhara Securities Limited,1000,263.0,263000.0,2025-07-06 12:42:39.764085
2025-07-06,51633,2025070601009019,NBL,Aryatara Investment & Securities,Sweta Securities Private Limited,10,262.9,2629.0,2025-07-06 12:47:03.031808
2025-07-06,51632,2025070601009020,NBL,Aryatara Investment & Securities,Bhrikuti Stock Broking Co. Pvt. Ltd.,50,263.5,13175.0,2025-07-06 12:47:03.032053
2025-07-06,51631,2025070601009021,NBL,Aryatara Investment & Securities,Blue Chip Securities Ltd,1463,264.0,386232.0,2025-07-06 12:47:03.032142
2025-07-06,51625,2025070601009026,NBL,Aryatara Investment & Securities,Naasa Securities Co. Ltd.,10,264.0,2640.0,2025-07-06 12:47:04.457915
2025-07-06,51515,2025070601009054,NBL,Aryatara Investment & Securities,Citizens Share Broker Limited,10,264.0,2640.0,2025-07-06 12:47:22.745980
2025-07-06,50765,2025070601009219,NBL,Aryatara Investment & Securities,Dipshikha Dhitopatra Karobar Co. Pvt Ltd.,11,264.0,2904.0,2025-07-06 12:49:34.277592
2025-07-06,50244,2025070601009364,NBL,Sundhara Securities Limited,Malla & Malla Stock Broking Company Pvt. Limited,500,264.4,132200.0,2025-07-06 12:51:10.540173
2025-07-06,50243,2025070601009365,NBL,Sundhara Securities Limited,Thrive Brokerage House Pvt. Ltd,200,264.4,52880.0,2025-07-06 12:51:10.540506
2025-07-06,50242,2025070601009366,NBL,Sundhara Securities Limited,Kumari Securities Private Limited,10,264.4,2644.0,2025-07-06 12:51:10.540611
2025-07-06,50048,2025070601009443,NBL,Naasa Securities Co. Ltd.,Himalayan Brokerage Company Limited,30,264.5,7935.0,2025-07-06 12:51:48.052398
2025-07-06,50047,2025070601009444,NBL,Vision Securities Pvt. Ltd,Himalayan Brokerage Company Limited,40,264.5,10580.0,2025-07-06 12:51:48.078965
2025-07-06,49971,2025070601009477,NBL,Sumeru Securities Pvt. Ltd.,Himalayan Brokerage Company Limited,75,264.5,19837.5,2025-07-06 12:52:04.704867
2025-07-06,49905,2025070601009489,NBL,Naasa Securities Co. Ltd.,Himalayan Brokerage Company Limited,155,264.5,40997.5,2025-07-06 12:52:13.351134
2025-07-06,49904,2025070601009490,NBL,Naasa Securities Co. Ltd.,Sumeru Securities Pvt. Ltd.,10,264.5,2645.0,2025-07-06 12:52:13.351357
2025-07-06,49903,2025070601009491,NBL,Naasa Securities Co. Ltd.,Online Securities Pvt. Ltd.,50,264.8,13240.0,2025-07-06 12:52:13.351449
2025-07-06,49902,2025070601009492,NBL,Naasa Securities Co. Ltd.,Naasa Securities Co. Ltd.,500,264.9,132450.0,2025-07-06 12:52:13.351534
2025-07-06,49901,2025070601009493,NBL,Naasa Securities Co. Ltd.,South Asian Bulls Pvt. Ltd.,40,264.9,10596.0,2025-07-06 12:52:13.351620
2025-07-06,49900,2025070601009494,NBL,Naasa Securities Co. Ltd.,Linch Stock Market Ltd.,40,265.0,10600.0,2025-07-06 12:52:13.351704
2025-07-06,49899,2025070601009495,NBL,Naasa Securities Co. Ltd.,Sundhara Securities Limited,78,265.0,20670.0,2025-07-06 12:52:13.351793
2025-07-06,49898,2025070601009496,NBL,Naasa Securities Co. Ltd.,Sweta Securities Private Limited,17,265.0,4505.0,2025-07-06 12:52:13.351883
2025-07-06,49840,2025070601009513,NBL,Aryatara Investment & Securities,Sweta Securities Private Limited,83,265.0,21995.0,2025-07-06 12:52:21.817083
2025-07-06,49839,2025070601009514,NBL,Aryatara Investment & Securities,Kohinoor Investment & Securities Pvt. Ltd.,10,265.0,2650.0,2025-07-06 12:52:21.817301
2025-07-06,49838,2025070601009515,NBL,Aryatara Investment & Securities,Asian Securities Private Ltd.,250,265.0,66250.0,2025-07-06 12:52:21.817388
2025-07-06,49837,2025070601009516,NBL,Aryatara Investment & Securities,Kumari Securities Private Limited,10,265.0,2650.0,2025-07-06 12:52:21.817474
2025-07-06,49836,2025070601009517,NBL,Aryatara Investment & Securities,Deevyaa Securities & Stock House Pvt. Ltd,93,265.0,24645.0,2025-07-06 12:52:21.817589
2025-07-06,48941,2025070601009762,NBL,South Asian Bulls Pvt. Ltd.,Deevyaa Securities & Stock House Pvt. Ltd,335,265.0,88775.0,2025-07-06 12:54:53.905272
2025-07-06,48940,2025070601009763,NBL,South Asian Bulls Pvt. Ltd.,Linch Stock Market Ltd.,50,265.0,13250.0,2025-07-06 12:54:53.905453
2025-07-06,48704,2025070601009842,NBL,Agrawal Securities (PVT) Ltd.,Linch Stock Market Ltd.,50,265.0,13250.0,2025-07-06 12:55:44.792189
2025-07-06,48703,2025070601009843,NBL,Agrawal Securities (PVT) Ltd.,Malla & Malla Stock Broking Company Pvt. Limited,100,265.0,26500.0,2025-07-06 12:55:44.792440
2025-07-06,48702,2025070601009844,NBL,Agrawal Securities (PVT) Ltd.,Dakshinkali Investment & Securities Pvt. Ltd.,200,265.0,53000.0,2025-07-06 12:55:44.792561
2025-07-06,48701,2025070601009845,NBL,Agrawal Securities (PVT) Ltd.,Arun Securities (PVT) Ltd.,41,265.0,10865.0,2025-07-06 12:55:44.792642
2025-07-06,48700,2025070601009846,NBL,Agrawal Securities (PVT) Ltd.,Bhrikuti Stock Broking Co. Pvt. Ltd.,20,265.0,5300.0,2025-07-06 12:55:44.792720
2025-07-06,48699,2025070601009847,NBL,Agrawal Securities (PVT) Ltd.,Sri Hari Securities Pvt. Ltd.,89,265.0,23585.0,2025-07-06 12:55:44.792796
2025-07-06,48428,2025070601009916,NBL,Agrawal Securities (PVT) Ltd.,Sri Hari Securities Pvt. Ltd.,11,265.0,2915.0,2025-07-06 12:56:27.512989
2025-07-06,48427,2025070601009917,NBL,Agrawal Securities (PVT) Ltd.,Thrive Brokerage House Pvt. Ltd,142,265.0,37630.0,2025-07-06 12:56:27.513234
2025-07-06,48426,2025070601009918,NBL,Agrawal Securities (PVT) Ltd.,Cristal Kanchanjanga Securites Pvt. Ltd.,10,265.0,2650.0,2025-07-06 12:56:27.513339
2025-07-06,48425,2025070601009919,NBL,Agrawal Securities (PVT) Ltd.,Ashutosh Brokerage & Securities (PVT) Ltd.,36,265.0,9540.0,2025-07-06 12:56:27.513418
2025-07-06,48359,2025070601009929,NBL,Naasa Securities Co. Ltd.,Ashutosh Brokerage & Securities (PVT) Ltd.,13,265.0,3445.0,2025-07-06 12:56:40.077408
2025-07-06,47604,2025070601010154,NBL,Sani Securities Company Ltd.,Imperial Securities Company Pvt. Ltd.,232,264.1,61271.2,2025-07-06 12:58:43.098179
2025-07-06,46494,2025070601010454,NBL,Sumeru Securities Pvt. Ltd.,Ashutosh Brokerage & Securities (PVT) Ltd.,51,265.0,13515.0,2025-07-06 13:02:27.316394
2025-07-06,46493,2025070601010455,NBL,Sumeru Securities Pvt. Ltd.,Sewa Securities Pvt. Ltd.,120,265.0,31800.0,2025-07-06 13:02:27.316601
2025-07-06,46492,2025070601010456,NBL,Sumeru Securities Pvt. Ltd.,Linch Stock Market Ltd.,50,265.0,13250.0,2025-07-06 13:02:27.316685
2025-07-06,46491,2025070601010457,NBL,Sumeru Securities Pvt. Ltd.,Midas Stock Broking Company Private Limited,100,265.0,26500.0,2025-07-06 13:02:27.316770
2025-07-06,46490,2025070601010458,NBL,Sumeru Securities Pvt. Ltd.,Linch Stock Market Ltd.,49,265.0,12985.0,2025-07-06 13:02:27.316856
2025-07-06,45611,2025070601010757,NBL,Miyo Securities Pvt Ltd,Capital Max Securities Ltd,1000,264.3,264300.0,2025-07-06 13:05:14.340465
2025-07-06,45610,2025070601010758,NBL,Vision Securities Pvt. Ltd,Capital Max Securities Ltd,2000,264.2,528400.0,2025-07-06 13:05:14.340679
2025-07-06,45609,2025070601010759,NBL,Dipshikha Dhitopatra Karobar Co. Pvt Ltd.,Capital Max Securities Ltd,150,264.2,39630.0,2025-07-06 13:05:14.340770
2025-07-06,45608,2025070601010760,NBL,Sani Securities Company Ltd.,Capital Max Securities Ltd,768,264.1,202828.8,2025-07-06 13:05:14.340855
2025-07-06,45607,2025070601010761,NBL,Primo Securities (PVT) Ltd.,Capital Max Securities Ltd,1000,264.1,264100.0,2025-07-06 13:05:14.340938
2025-07-06,45606,2025070601010762,NBL,Kalika Securities Pvt. Ltd.,Capital Max Securities Ltd,390,264.1,102999.0,2025-07-06 13:05:14.341032
2025-07-06,45605,2025070601010763,NBL,Siprabi Securities Pvt. Ltd.,Capital Max Securities Ltd,992,264.1,261987.2,2025-07-06 13:05:14.341224
2025-07-06,44700,2025070601010958,NBL,Neev Securities Pvt. Ltd.,Dipshikha Dhitopatra Karobar Co. Pvt Ltd.,30,264.9,7947.0,2025-07-06 13:07:57.833400
2025-07-06,44699,2025070601010959,NBL,Neev Securities Pvt. Ltd.,Linch Stock Market Ltd.,251,265.0,66515.0,2025-07-06 13:07:57.833670
2025-07-06,44698,2025070601010960,NBL,Neev Securities Pvt. Ltd.,Naasa Securities Co. Ltd.,10,265.0,2650.0,2025-07-06 13:07:57.833759
2025-07-06,44697,2025070601010961,NBL,Neev Securities Pvt. Ltd.,Sani Securities Company Ltd.,45,265.0,11925.0,2025-07-06 13:07:57.833846
2025-07-06,44696,2025070601010962,NBL,Neev Securities Pvt. Ltd.,J.F. Securites (PVT) Ltd.,150,265.0,39750.0,2025-07-06 13:07:57.833935
2025-07-06,44695,2025070601010963,NBL,Neev Securities Pvt. Ltd.,Secured Securities Ltd.,500,265.0,132500.0,2025-07-06 13:07:57.834021
2025-07-06,44395,2025070601011048,NBL,Arun Securities (PVT) Ltd.,Naasa Securities Co. Ltd.,170,264.3,44931.0,2025-07-06 13:08:44.878547
2025-07-06,44394,2025070601011049,NBL,MILKY WAY SHARE BROKER COMPANY LTD ,Naasa Securities Co. Ltd.,30,264.2,7926.0,2025-07-06 13:08:44.878932
2025-07-06,44187,2025070601011069,NBL,MILKY WAY SHARE BROKER COMPANY LTD ,Linch Stock Market Ltd.,270,264.2,71334.0,2025-07-06 13:09:17.164038
2025-07-06,44186,2025070601011070,NBL,Neev Securities Pvt. Ltd.,Linch Stock Market Ltd.,532,264.2,140554.4,2025-07-06 13:09:17.164450
2025-07-06,44185,2025070601011071,NBL,Primo Securities (PVT) Ltd.,Linch Stock Market Ltd.,198,264.1,52291.8,2025-07-06 13:09:17.164713
2025-07-06,43933,2025070601011128,NBL,Primo Securities (PVT) Ltd.,Online Securities Pvt. Ltd.,50,264.1,13205.0,2025-07-06 13:10:00.109383
2025-07-06,43777,2025070601011175,NBL,Primo Securities (PVT) Ltd.,Linch Stock Market Ltd.,500,264.1,132050.0,2025-07-06 13:10:32.616232
2025-07-06,43300,2025070601011304,NBL,Sumeru Securities Pvt. Ltd.,Malla & Malla Stock Broking Company Pvt. Limited,200,265.0,53000.0,2025-07-06 13:12:17.357649
2025-07-06,43299,2025070601011305,NBL,Sumeru Securities Pvt. Ltd.,Secured Securities Ltd.,100,265.0,26500.0,2025-07-06 13:12:17.357692
2025-07-06,43298,2025070601011306,NBL,Sumeru Securities Pvt. Ltd.,Imperial Securities Company Pvt. Ltd.,500,265.0,132500.0,2025-07-06 13:12:17.357717
2025-07-06,43297,2025070601011307,NBL,Sumeru Securities Pvt. Ltd.,Sweta Securities Private Limited,100,265.0,26500.0,2025-07-06 13:12:17.357752
2025-07-06,43296,2025070601011308,NBL,Sumeru Securities Pvt. Ltd.,Sumeru Securities Pvt. Ltd.,10,265.4,2654.0,2025-07-06 13:12:17.357780
2025-07-06,43295,2025070601011309,NBL,Sumeru Securities Pvt. Ltd.,Dipshikha Dhitopatra Karobar Co. Pvt Ltd.,20,265.4,5308.0,2025-07-06 13:12:17.357807
2025-07-06,43294,2025070601011310,NBL,Sumeru Securities Pvt. Ltd.,Agrawal Securities (PVT) Ltd.,100,265.5,26550.0,2025-07-06 13:12:17.357831
2025-07-06,43293,2025070601011311,NBL,Sumeru Securities Pvt. Ltd.,Imperial Securities Company Pvt. Ltd.,50,265.5,13275.0,2025-07-06 13:12:17.357856
2025-07-06,43292,2025070601011312,NBL,Sumeru Securities Pvt. Ltd.,Kumari Securities Private Limited,10,265.7,2657.0,2025-07-06 13:12:17.357883
2025-07-06,43291,2025070601011313,NBL,Sumeru Securities Pvt. Ltd.,Dynamic Money Managers Securities Pvt. Ltd.,500,265.8,132900.0,2025-07-06 13:12:17.357909
2025-07-06,43290,2025070601011314,NBL,Sumeru Securities Pvt. Ltd.,Sewa Securities Pvt. Ltd.,10,265.9,2659.0,2025-07-06 13:12:17.357933
2025-07-06,43165,2025070601011335,NBL,Sumeru Securities Pvt. Ltd.,Sewa Securities Pvt. Ltd.,1400,265.9,372260.0,2025-07-06 13:12:31.418148
2025-07-06,42933,2025070601011376,NBL,Neev Securities Pvt. Ltd.,Sumeru Securities Pvt. Ltd.,100,265.5,26550.0,2025-07-06 13:13:13.441518
2025-07-06,42932,2025070601011377,NBL,Neev Securities Pvt. Ltd.,Sewa Securities Pvt. Ltd.,664,265.9,176557.6,2025-07-06 13:13:13.441763
2025-07-06,42152,2025070601011577,NBL,Naasa Securities Co. Ltd.,Dynamic Money Managers Securities Pvt. Ltd.,10,265.8,2658.0,2025-07-06 13:16:28.787482
2025-07-06,41056,2025070601011874,NBL,Ashutosh Brokerage & Securities (PVT) Ltd.,Dynamic Money Managers Securities Pvt. Ltd.,10,265.8,2658.0,2025-07-06 13:20:55.603082
2025-07-06,40563,2025070601011997,NBL,Online Securities Pvt. Ltd.,Thrive Brokerage House Pvt. Ltd,16,264.2,4227.2,2025-07-06 13:22:51.855174
2025-07-06,40457,2025070601012006,NBL,SUN SECURITIES PVT LTD,Dipshikha Dhitopatra Karobar Co. Pvt Ltd.,10,265.7,2657.0,2025-07-06 13:23:18.004538
2025-07-06,40456,2025070601012007,NBL,SUN SECURITIES PVT LTD,Dynamic Money Managers Securities Pvt. Ltd.,380,265.8,101004.0,2025-07-06 13:23:18.004840
2025-07-06,40455,2025070601012008,NBL,SUN SECURITIES PVT LTD,Dipshikha Dhitopatra Karobar Co. Pvt Ltd.,110,265.8,29238.0,2025-07-06 13:23:18.004959
2025-07-06,40146,2025070601012082,NBL,SUN SECURITIES PVT LTD,Dipshikha Dhitopatra Karobar Co. Pvt Ltd.,90,265.8,23922.0,2025-07-06 13:24:15.177248
2025-07-06,40145,2025070601012083,NBL,SUN SECURITIES PVT LTD,Himalayan Securities Limited,200,265.8,53160.0,2025-07-06 13:24:15.177704
2025-07-06,40144,2025070601012084,NBL,SUN SECURITIES PVT LTD,Sani Securities Company Ltd.,210,265.8,55818.0,2025-07-06 13:24:15.177988
2025-07-06,39443,2025070601012237,NBL,SUN SECURITIES PVT LTD,Sani Securities Company Ltd.,20,265.8,5316.0,2025-07-06 13:26:41.619335
2025-07-06,37360,2025070601012773,NBL,Dynamic Money Managers Securities Pvt. Ltd.,Deevyaa Securities & Stock House Pvt. Ltd,50,265.0,13250.0,2025-07-06 13:33:46.298290
2025-07-06,37272,2025070601012790,NBL,Online Securities Pvt. Ltd.,Shree Krishna Securities Ltd.,484,264.2,127872.8,2025-07-06 13:34:11.135498
2025-07-06,37271,2025070601012791,NBL,Thrive Brokerage House Pvt. Ltd,Shree Krishna Securities Ltd.,500,264.2,132100.0,2025-07-06 13:34:11.135775
2025-07-06,37270,2025070601012792,NBL,Siprabi Securities Pvt. Ltd.,Shree Krishna Securities Ltd.,10,264.1,2641.0,2025-07-06 13:34:11.135876
2025-07-06,37269,2025070601012793,NBL,Sharepro Securities Private Limited,Shree Krishna Securities Ltd.,2496,264.1,659193.6,2025-07-06 13:34:11.135972
2025-07-06,37161,2025070601012817,NBL,Sharepro Securities Private Limited,Shree Krishna Securities Ltd.,10,264.1,2641.0,2025-07-06 13:34:36.252070
2025-07-06,35262,2025070601013293,NBL,Agrawal Securities (PVT) Ltd.,Naasa Securities Co. Ltd.,255,264.2,67371.0,2025-07-06 13:41:25.398252
2025-07-06,35152,2025070601013324,NBL,Naasa Securities Co. Ltd.,Deevyaa Securities & Stock House Pvt. Ltd,19,265.0,5035.0,2025-07-06 13:41:49.393749
2025-07-06,33647,2025070601013732,NBL,Dipshikha Dhitopatra Karobar Co. Pvt Ltd.,Deevyaa Securities & Stock House Pvt. Ltd,131,265.0,34715.0,2025-07-06 13:47:04.961504
2025-07-06,33646,2025070601013733,NBL,Dipshikha Dhitopatra Karobar Co. Pvt Ltd.,J.F. Securites (PVT) Ltd.,21,265.0,5565.0,2025-07-06 13:47:04.961981
2025-07-06,33645,2025070601013734,NBL,Dipshikha Dhitopatra Karobar Co. Pvt Ltd.,Neev Securities Pvt. Ltd.,36,265.0,9540.0,2025-07-06 13:47:04.962342
2025-07-06,31687,2025070601014217,NBL,NIMB Stock Markets Limited,Neev Securities Pvt. Ltd.,71,264.3,18765.3,2025-07-06 13:51:57.540367
2025-07-06,31594,2025070601014233,NBL,NIMB Stock Markets Limited,Imperial Securities Company Pvt. Ltd.,788,264.3,208268.4,2025-07-06 13:52:07.869970
2025-07-06,31274,2025070601014318,NBL,NIMB Stock Markets Limited,Premier Securities Company Ltd.,72,264.3,19029.6,2025-07-06 13:52:54.023787
2025-07-06,30650,2025070601014480,NBL,NIMB Stock Markets Limited,Dakshinkali Investment & Securities Pvt. Ltd.,60,264.3,15858.0,2025-07-06 13:54:25.874490
2025-07-06,30561,2025070601014495,NBL,Agrawal Securities (PVT) Ltd.,Dakshinkali Investment & Securities Pvt. Ltd.,17,264.2,4491.4,2025-07-06 13:54:37.975019
2025-07-06,30492,2025070601014511,NBL,Malla & Malla Stock Broking Company Pvt. Limited,Neev Securities Pvt. Ltd.,17,265.0,4505.0,2025-07-06 13:54:48.886976
2025-07-06,30491,2025070601014512,NBL,Malla & Malla Stock Broking Company Pvt. Limited,Opal Securities Investment (PVT) Ltd.,24,265.0,6360.0,2025-07-06 13:54:48.887237
2025-07-06,30490,2025070601014513,NBL,Malla & Malla Stock Broking Company Pvt. Limited,Naasa Securities Co. Ltd.,20,265.0,5300.0,2025-07-06 13:54:48.887339
2025-07-06,30489,2025070601014514,NBL,Malla & Malla Stock Broking Company Pvt. Limited,Trishakti Securities Public Limited,31,265.0,8215.0,2025-07-06 13:54:48.887443
2025-07-06,30488,2025070601014515,NBL,Malla & Malla Stock Broking Company Pvt. Limited,Kalika Securities Pvt. Ltd.,242,265.0,64130.0,2025-07-06 13:54:48.887578
2025-07-06,30487,2025070601014516,NBL,Malla & Malla Stock Broking Company Pvt. Limited,ABC Securities Private Limited,50,265.0,13250.0,2025-07-06 13:54:48.887710
2025-07-06,30127,2025070601014615,NBL,Malla & Malla Stock Broking Company Pvt. Limited,Sipla Securities Private Limited,916,265.0,242740.0,2025-07-06 13:55:56.705500
2025-07-06,30126,2025070601014616,NBL,Aryatara Investment & Securities,Sipla Securities Private Limited,50,265.0,13250.0,2025-07-06 13:55:56.705964
2025-07-06,30048,2025070601014652,NBL,Agrawal Securities (PVT) Ltd.,Sipla Securities Private Limited,10,265.0,2650.0,2025-07-06 13:56:09.986466
2025-07-06,30027,2025070601014662,NBL,Sewa Securities Pvt. Ltd.,Sipla Securities Private Limited,24,265.0,6360.0,2025-07-06 13:56:13.040468
2025-07-06,29136,2025070601014877,NBL,Sewa Securities Pvt. Ltd.,Sumeru Securities Pvt. Ltd.,76,265.0,20140.0,2025-07-06 13:58:32.838041
2025-07-06,29135,2025070601014878,NBL,Agrawal Securities (PVT) Ltd.,Sumeru Securities Pvt. Ltd.,50,265.0,13250.0,2025-07-06 13:58:32.838532
2025-07-06,28288,2025070601015069,NBL,Sewa Securities Pvt. Ltd.,Trisul Securities & Invt. Ltd.,200,264.3,52860.0,2025-07-06 14:00:59.653565
2025-07-06,28012,2025070601015136,NBL,Sewa Securities Pvt. Ltd.,South Asian Bulls Pvt. Ltd.,400,264.3,105720.0,2025-07-06 14:01:45.568334
2025-07-06,27546,2025070601015245,NBL,Sewa Securities Pvt. Ltd.,Cristal Kanchanjanga Securites Pvt. Ltd.,300,264.3,79290.0,2025-07-06 14:03:14.370315
2025-07-06,27545,2025070601015246,NBL,Agrawal Securities (PVT) Ltd.,Cristal Kanchanjanga Securites Pvt. Ltd.,200,264.2,52840.0,2025-07-06 14:03:14.370594
2025-07-06,27459,2025070601015276,NBL,Primo Securities (PVT) Ltd.,Sumeru Securities Pvt. Ltd.,71,265.0,18815.0,2025-07-06 14:03:27.257237
2025-07-06,27207,2025070601015368,NBL,Agrawal Securities (PVT) Ltd.,Trishakti Securities Public Limited,28,264.2,7397.6,2025-07-06 14:04:12.517472
2025-07-06,27206,2025070601015369,NBL,Imperial Securities Company Pvt. Ltd.,Trishakti Securities Public Limited,437,264.2,115455.4,2025-07-06 14:04:12.517821
2025-07-06,27045,2025070601015411,NBL,Naasa Securities Co. Ltd.,Sumeru Securities Pvt. Ltd.,303,265.0,80295.0,2025-07-06 14:04:40.296313
2025-07-06,27044,2025070601015412,NBL,Naasa Securities Co. Ltd.,Trishakti Securities Public Limited,155,265.0,41075.0,2025-07-06 14:04:40.296601
2025-07-06,26763,2025070601015482,NBL,Malla & Malla Stock Broking Company Pvt. Limited,Trishakti Securities Public Limited,145,265.0,38425.0,2025-07-06 14:05:27.584686
2025-07-06,26762,2025070601015483,NBL,Malla & Malla Stock Broking Company Pvt. Limited,Blue Chip Securities Ltd,200,265.0,53000.0,2025-07-06 14:05:27.584953
2025-07-06,26761,2025070601015484,NBL,Malla & Malla Stock Broking Company Pvt. Limited,Sani Securities Company Ltd.,10,265.0,2650.0,2025-07-06 14:05:27.585090
2025-07-06,26505,2025070601015561,NBL,Malla & Malla Stock Broking Company Pvt. Limited,Sumeru Securities Pvt. Ltd.,1500,265.0,397500.0,2025-07-06 14:06:15.554062
2025-07-06,26394,2025070601015599,NBL,Malla & Malla Stock Broking Company Pvt. Limited,Deevyaa Securities & Stock House Pvt. Ltd,500,265.0,132500.0,2025-07-06 14:06:34.650478
2025-07-06,26271,2025070601015636,NBL,Malla & Malla Stock Broking Company Pvt. Limited,Market Securities & Exchange (PVT) Ltd.,15,265.0,3975.0,2025-07-06 14:07:01.744159
2025-07-06,26189,2025070601015665,NBL,Malla & Malla Stock Broking Company Pvt. Limited,SHUBHAKAMANA SECURITIES PVT. LTD,500,265.0,132500.0,2025-07-06 14:07:19.393074
2025-07-06,25970,2025070601015737,NBL,Malla & Malla Stock Broking Company Pvt. Limited,ABC Securities Private Limited,630,265.0,166950.0,2025-07-06 14:08:00.309564
2025-07-06,25865,2025070601015761,NBL,NIMB Stock Markets Limited,ABC Securities Private Limited,10,265.0,2650.0,2025-07-06 14:08:21.782077
2025-07-06,24709,2025070601016133,NBL,Imperial Securities Company Pvt. Ltd.,Dynamic Money Managers Securities Pvt. Ltd.,63,264.2,16644.6,2025-07-06 14:11:50.506411
2025-07-06,24708,2025070601016134,NBL,Sharepro Securities Private Limited,Dynamic Money Managers Securities Pvt. Ltd.,537,264.1,141821.7,2025-07-06 14:11:50.506975
2025-07-06,24403,2025070601016226,NBL,Sharepro Securities Private Limited,Imperial Securities Company Pvt. Ltd.,1598,264.1,422031.8,2025-07-06 14:12:38.140874
2025-07-06,24263,2025070601016263,NBL,Sharepro Securities Private Limited,Vision Securities Pvt. Ltd,500,264.1,132050.0,2025-07-06 14:13:01.515909
2025-07-06,23986,2025070601016307,NBL,Sharepro Securities Private Limited,Kohinoor Investment & Securities Pvt. Ltd.,80,264.1,21128.0,2025-07-06 14:13:30.993572
2025-07-06,23864,2025070601016329,NBL,Malla & Malla Stock Broking Company Pvt. Limited,Kohinoor Investment & Securities Pvt. Ltd.,68,264.8,18006.4,2025-07-06 14:13:49.213585
2025-07-06,22920,2025070601016564,NBL,Sharepro Securities Private Limited,Dipshikha Dhitopatra Karobar Co. Pvt Ltd.,20,264.1,5282.0,2025-07-06 14:16:31.166203
2025-07-06,21501,2025070601016943,NBL,Sharepro Securities Private Limited,Sri Hari Securities Pvt. Ltd.,500,264.1,132050.0,2025-07-06 14:20:39.716812
2025-07-06,20991,2025070601017097,NBL,Sharepro Securities Private Limited,Dakshinkali Investment & Securities Pvt. Ltd.,1000,264.1,264100.0,2025-07-06 14:21:54.257305
2025-07-06,20971,2025070601017102,NBL,Primo Securities (PVT) Ltd.,Deevyaa Securities & Stock House Pvt. Ltd,32,264.3,8457.6,2025-07-06 14:21:57.694769
2025-07-06,20327,2025070601017282,NBL,Sri Hari Securities Pvt. Ltd.,Deevyaa Securities & Stock House Pvt. Ltd,168,264.3,44402.4,2025-07-06 14:23:42.020908
2025-07-06,19872,2025070601017407,NBL,Sharepro Securities Private Limited,Aryatara Investment & Securities,400,264.1,105640.0,2025-07-06 14:24:43.633946
2025-07-06,19660,2025070601017458,NBL,Sharepro Securities Private Limited,Naasa Securities Co. Ltd.,270,264.2,71334.0,2025-07-06 14:25:17.645153
2025-07-06,19463,2025070601017494,NBL,Sharepro Securities Private Limited,Creative Securities Pvt Ltd,730,264.2,192866.0,2025-07-06 14:25:43.453839
2025-07-06,19462,2025070601017495,NBL,Sharepro Securities Private Limited,Creative Securities Pvt Ltd,770,264.1,203357.0,2025-07-06 14:25:43.454161
2025-07-06,19444,2025070601017502,NBL,Sharepro Securities Private Limited,Creative Securities Pvt Ltd,1500,264.1,396150.0,2025-07-06 14:25:48.477571
2025-07-06,19409,2025070601017512,NBL,Sharepro Securities Private Limited,Creative Securities Pvt Ltd,589,264.1,155554.9,2025-07-06 14:25:55.506160
2025-07-06,19408,2025070601017513,NBL,J.F. Securites (PVT) Ltd.,Creative Securities Pvt Ltd,911,264.1,240595.1,2025-07-06 14:25:55.506433
2025-07-06,19381,2025070601017520,NBL,J.F. Securites (PVT) Ltd.,Creative Securities Pvt Ltd,500,264.1,132050.0,2025-07-06 14:26:01.562005
2025-07-06,18892,2025070601017668,NBL,J.F. Securites (PVT) Ltd.,Sri Hari Securities Pvt. Ltd.,500,264.1,132050.0,2025-07-06 14:27:38.835854
2025-07-06,18349,2025070601017849,NBL,ABC Securities Private Limited,Malla & Malla Stock Broking Company Pvt. Limited,30,264.2,7926.0,2025-07-06 14:29:18.236477
2025-07-06,18348,2025070601017850,NBL,J.F. Securites (PVT) Ltd.,Malla & Malla Stock Broking Company Pvt. Limited,270,264.1,71307.0,2025-07-06 14:29:18.237045
2025-07-06,18279,2025070601017863,NBL,J.F. Securites (PVT) Ltd.,Dynamic Money Managers Securities Pvt. Ltd.,51,264.1,13469.1,2025-07-06 14:29:28.765881
2025-07-06,16891,2025070601018276,NBL,J.F. Securites (PVT) Ltd.,Sri Hari Securities Pvt. Ltd.,96,264.1,25353.6,2025-07-06 14:33:24.716983
2025-07-06,16808,2025070601018292,NBL,J.F. Securites (PVT) Ltd.,Oxford Securities Pvt. Ltd.,672,264.1,177475.2,2025-07-06 14:33:38.856404
2025-07-06,16807,2025070601018293,NBL,Agrawal Securities (PVT) Ltd.,Oxford Securities Pvt. Ltd.,300,264.0,79200.0,2025-07-06 14:33:38.856453
2025-07-06,16806,2025070601018294,NBL,K.B.L. Securities Limited ,Oxford Securities Pvt. Ltd.,28,264.0,7392.0,2025-07-06 14:33:38.856487
2025-07-06,16707,2025070601018316,NBL,K.B.L. Securities Limited ,Vision Securities Pvt. Ltd,38,264.0,10032.0,2025-07-06 14:33:58.798518
2025-07-06,16094,2025070601018478,NBL,Capital Max Securities Ltd,Trisul Securities & Invt. Ltd.,24,264.2,6340.8,2025-07-06 14:35:58.247508
2025-07-06,15199,2025070601018764,NBL,Capital Max Securities Ltd,Kalika Securities Pvt. Ltd.,100,264.2,26420.0,2025-07-06 14:38:30.188270
2025-07-06,15198,2025070601018765,NBL,ABC Securities Private Limited,Kalika Securities Pvt. Ltd.,30,264.1,7923.0,2025-07-06 14:38:30.188589
2025-07-06,15197,2025070601018766,NBL,K.B.L. Securities Limited ,Kalika Securities Pvt. Ltd.,85,264.0,22440.0,2025-07-06 14:38:30.188735
2025-07-06,14650,2025070601018881,NBL,K.B.L. Securities Limited ,ABC Securities Private Limited,83,264.0,21912.0,2025-07-06 14:39:53.956240
2025-07-06,14065,2025070601019011,NBL,Secured Securities Ltd.,N.M.B. SECURITIES LIMITED,1200,264.1,316920.0,2025-07-06 14:41:19.778624
2025-07-06,13286,2025070601019223,NBL,Sri Hari Securities Pvt. Ltd.,Siprabi Securities Pvt. Ltd.,277,264.1,73155.7,2025-07-06 14:43:05.051806
2025-07-06,12988,2025070601019319,NBL,Sri Hari Securities Pvt. Ltd.,ABC Securities Private Limited,23,264.1,6074.3,2025-07-06 14:43:41.073338
2025-07-06,12785,2025070601019371,NBL,K.B.L. Securities Limited ,Kohinoor Investment & Securities Pvt. Ltd.,90,264.0,23760.0,2025-07-06 14:44:06.971057
2025-07-06,12202,2025070601019536,NBL,K.B.L. Securities Limited ,Oxford Securities Pvt. Ltd.,10,264.0,2640.0,2025-07-06 14:45:06.794302
2025-07-06,12201,2025070601019537,NBL,K.B.L. Securities Limited ,Naasa Securities Co. Ltd.,50,264.0,13200.0,2025-07-06 14:45:07.078639
2025-07-06,12076,2025070601019554,NBL,K.B.L. Securities Limited ,Vision Securities Pvt. Ltd,116,264.0,30624.0,2025-07-06 14:45:18.440581
2025-07-06,12075,2025070601019555,NBL,Naasa Securities Co. Ltd.,Vision Securities Pvt. Ltd,153,264.0,40392.0,2025-07-06 14:45:18.440864
2025-07-06,11606,2025070601019697,NBL,Oxford Securities Pvt. Ltd.,ABC Securities Private Limited,50,264.1,13205.0,2025-07-06 14:46:13.204948
2025-07-06,11505,2025070601019722,NBL,Naasa Securities Co. Ltd.,Aryatara Investment & Securities,100,264.0,26400.0,2025-07-06 14:46:24.783286
2025-07-06,11499,2025070601019726,NBL,Naasa Securities Co. Ltd.,Sipla Securities Private Limited,100,264.0,26400.0,2025-07-06 14:46:25.797523
2025-07-06,11196,2025070601019780,NBL,Ashutosh Brokerage & Securities (PVT) Ltd.,ABC Securities Private Limited,43,264.1,11356.3,2025-07-06 14:47:01.999954
2025-07-06,10823,2025070601019863,NBL,Naasa Securities Co. Ltd.,Vision Securities Pvt. Ltd,347,264.0,91608.0,2025-07-06 14:47:41.577485
2025-07-06,10822,2025070601019864,NBL,Imperial Securities Company Pvt. Ltd.,Vision Securities Pvt. Ltd,100,264.0,26400.0,2025-07-06 14:47:41.577769
2025-07-06,10821,2025070601019865,NBL,Nepal Stock House (PVT) Ltd.,Vision Securities Pvt. Ltd,40,264.0,10560.0,2025-07-06 14:47:41.577886
2025-07-06,10820,2025070601019866,NBL,Sani Securities Company Ltd.,Vision Securities Pvt. Ltd,1890,264.0,498960.0,2025-07-06 14:47:41.578005
2025-07-06,10819,2025070601019867,NBL,Sani Securities Company Ltd.,Vision Securities Pvt. Ltd,1890,264.0,498960.0,2025-07-06 14:47:41.578123
2025-07-06,10818,2025070601019868,NBL,Sani Securities Company Ltd.,Vision Securities Pvt. Ltd,1890,264.0,498960.0,2025-07-06 14:47:41.578252
2025-07-06,10817,2025070601019869,NBL,Sani Securities Company Ltd.,Vision Securities Pvt. Ltd,1890,264.0,498960.0,2025-07-06 14:47:41.578373
2025-07-06,10816,2025070601019870,NBL,Sweta Securities Private Limited,Vision Securities Pvt. Ltd,250,264.0,66000.0,2025-07-06 14:47:41.578482
2025-07-06,10815,2025070601019871,NBL,Deevyaa Securities & Stock House Pvt. Ltd,Vision Securities Pvt. Ltd,355,264.0,93720.0,2025-07-06 14:47:41.578604
2025-07-06,10814,2025070601019872,NBL,Imperial Securities Company Pvt. Ltd.,Vision Securities Pvt. Ltd,10,263.3,2633.0,2025-07-06 14:47:41.578728
2025-07-06,10813,2025070601019873,NBL,Sharepro Securities Private Limited,Vision Securities Pvt. Ltd,2000,263.2,526400.0,2025-07-06 14:47:41.578842
2025-07-06,10812,2025070601019874,NBL,Sharepro Securities Private Limited,Vision Securities Pvt. Ltd,9338,263.1,2456827.8,2025-07-06 14:47:41.578963
2025-07-06,10034,2025070601020042,NBL,Elite Stock House Limited,Deevyaa Securities & Stock House Pvt. Ltd,30,264.0,7920.0,2025-07-06 14:48:58.245892
2025-07-06,8604,2025070601020401,NBL,Online Securities Pvt. Ltd.,SUN SECURITIES PVT LTD,30,264.2,7926.0,2025-07-06 14:51:35.934928
2025-07-06,8008,2025070601020528,NBL,Elite Stock House Limited,Online Securities Pvt. Ltd.,50,264.1,13205.0,2025-07-06 14:52:30.734575
2025-07-06,8007,2025070601020529,NBL,Dipshikha Dhitopatra Karobar Co. Pvt Ltd.,Online Securities Pvt. Ltd.,100,264.0,26400.0,2025-07-06 14:52:30.735105
2025-07-06,8006,2025070601020530,NBL,Vision Securities Pvt. Ltd,Online Securities Pvt. Ltd.,50,264.0,13200.0,2025-07-06 14:52:30.735432
2025-07-06,7859,2025070601020567,NBL,Vision Securities Pvt. Ltd,Thrive Brokerage House Pvt. Ltd,100,264.0,26400.0,2025-07-06 14:52:42.630103
2025-07-06,7823,2025070601020580,NBL,Asian Securities Private Ltd.,SUN SECURITIES PVT LTD,970,264.2,256274.0,2025-07-06 14:52:45.186191
2025-07-06,7284,2025070601020691,NBL,Vision Securities Pvt. Ltd,Linch Stock Market Ltd.,300,264.0,79200.0,2025-07-06 14:53:30.101548
2025-07-06,6866,2025070601020768,NBL,NIMB Stock Markets Limited,Capital Max Securities Ltd,10,264.2,2642.0,2025-07-06 14:54:01.950341
2025-07-06,6570,2025070601020834,NBL,Asian Securities Private Ltd.,Capital Max Securities Ltd,90,264.2,23778.0,2025-07-06 14:54:21.888794
2025-07-06,6569,2025070601020835,NBL,Asian Securities Private Ltd.,Naasa Securities Co. Ltd.,10,264.2,2642.0,2025-07-06 14:54:21.889102
2025-07-06,5023,2025070601021291,NBL,ABC Securities Private Limited,Deevyaa Securities & Stock House Pvt. Ltd,18,264.1,4753.8,2025-07-06 14:56:18.677076
2025-07-06,4939,2025070601021318,NBL,ABC Securities Private Limited,Neev Securities Pvt. Ltd.,22,264.1,5810.2,2025-07-06 14:56:24.898469
2025-07-06,4938,2025070601021319,NBL,N.M.B. SECURITIES LIMITED,Neev Securities Pvt. Ltd.,78,264.1,20599.8,2025-07-06 14:56:24.898747
2025-07-06,3043,2025070601021773,NBL,Bhrikuti Stock Broking Co. Pvt. Ltd.,Shree Krishna Securities Ltd.,20,264.3,5286.0,2025-07-06 14:58:13.112411
2025-07-06,1937,2025070601022023,NBL,N.M.B. SECURITIES LIMITED,Naasa Securities Co. Ltd.,306,264.1,80814.6,2025-07-06 14:59:05.872510
2025-07-06,1820,2025070601022043,NBL,Capital Max Securities Ltd,Shree Krishna Securities Ltd.,65,264.3,17179.5,2025-07-06 14:59:09.539625
2025-07-06,1763,2025070601022060,NBL,ABC Securities Private Limited,Shree Krishna Securities Ltd.,20,264.3,5286.0,2025-07-06 14:59:11.950908
2025-07-06,1524,2025070601022105,NBL,N.M.B. SECURITIES LIMITED,Kohinoor Investment & Securities Pvt. Ltd.,32,264.1,8451.2,2025-07-06 14:59:19.716501
2025-07-06,411,2025070601022356,NBL,Secured Securities Ltd.,Naasa Securities Co. Ltd.,1000,264.2,264200.0,2025-07-06 14:59:51.545551
2025-07-06,350,2025070601022362,NBL,Secured Securities Ltd.,SHUBHAKAMANA SECURITIES PVT. LTD,200,264.2,52840.0,2025-07-06 14:59:53.296308
2025-07-06,207,2025070601022390,NBL,N.M.B. SECURITIES LIMITED,Nepal Stock House (PVT) Ltd.,250,264.1,66025.0,2025-07-06 14:59:57.256993
