Date,S.N.,Contract ID,Symbol,Buyer Broker,Seller Broker,volume,rate,amount,transaction_time
2025-07-06,86988,2025070603000166,NLIC,Dynamic Money Managers Securities Pvt. Ltd.,Aryatara Investment & Securities,10,802.0,8020.0,2025-07-06 11:01:49.928831
2025-07-06,86835,2025070603000223,NLIC,Naasa Securities Co. Ltd.,Thrive Brokerage House Pvt. Ltd,10,801.0,8010.0,2025-07-06 11:02:29.380568
2025-07-06,86525,2025070603000346,NLIC,Sweta Securities Private Limited,Thrive Brokerage House Pvt. Ltd,50,799.0,39950.0,2025-07-06 11:03:37.880913
2025-07-06,86388,2025070603000396,NLIC,Online Securities Pvt. Ltd.,Thrive Brokerage House Pvt. Ltd,40,799.0,31960.0,2025-07-06 11:04:07.869140
2025-07-06,86387,2025070603000397,NLIC,Online Securities Pvt. Ltd.,Trishakti Securities Public Limited,285,799.0,227715.0,2025-07-06 11:04:07.869224
2025-07-06,86251,2025070603000440,NLIC,Cristal Kanchanjanga Securites Pvt. Ltd.,Agrawal Securities (PVT) Ltd.,100,798.0,79800.0,2025-07-06 11:04:38.977778
2025-07-06,85523,2025070603000671,NLIC,Midas Stock Broking Company Private Limited,Trisul Securities & Invt. Ltd.,100,797.0,79700.0,2025-07-06 11:07:05.947444
2025-07-06,85485,2025070603000684,NLIC,Bhrikuti Stock Broking Co. Pvt. Ltd.,MILKY WAY SHARE BROKER COMPANY LTD ,100,797.0,79700.0,2025-07-06 11:07:11.423877
2025-07-06,85363,2025070603000712,NLIC,South Asian Bulls Pvt. Ltd.,KALASH STOCK MARKET PVT. LTD.,100,797.0,79700.0,2025-07-06 11:07:34.148546
2025-07-06,85349,2025070603000719,NLIC,South Asian Bulls Pvt. Ltd.,Opal Securities Investment (PVT) Ltd.,150,797.0,119550.0,2025-07-06 11:07:36.513133
2025-07-06,84171,2025070603001040,NLIC,Neev Securities Pvt. Ltd.,Sweta Securities Private Limited,29,788.1,22854.9,2025-07-06 11:11:04.328311
2025-07-06,83965,2025070603001102,NLIC,Neev Securities Pvt. Ltd.,KALASH STOCK MARKET PVT. LTD.,171,788.1,134765.1,2025-07-06 11:11:33.797183
2025-07-06,83964,2025070603001103,NLIC,Oxford Securities Pvt. Ltd.,KALASH STOCK MARKET PVT. LTD.,29,788.1,22854.9,2025-07-06 11:11:33.797307
2025-07-06,83702,2025070603001189,NLIC,Cristal Kanchanjanga Securites Pvt. Ltd.,MILKY WAY SHARE BROKER COMPANY LTD ,265,788.2,208873.0,2025-07-06 11:12:10.508682
2025-07-06,83701,2025070603001190,NLIC,Aryatara Investment & Securities,MILKY WAY SHARE BROKER COMPANY LTD ,500,788.0,394000.0,2025-07-06 11:12:10.508869
2025-07-06,83614,2025070603001213,NLIC,Midas Stock Broking Company Private Limited,MILKY WAY SHARE BROKER COMPANY LTD ,100,786.0,78600.0,2025-07-06 11:12:24.546364
2025-07-06,83613,2025070603001214,NLIC,Imperial Securities Company Pvt. Ltd.,MILKY WAY SHARE BROKER COMPANY LTD ,20,786.0,15720.0,2025-07-06 11:12:24.546526
2025-07-06,83612,2025070603001215,NLIC,Midas Stock Broking Company Private Limited,MILKY WAY SHARE BROKER COMPANY LTD ,100,785.0,78500.0,2025-07-06 11:12:24.546605
2025-07-06,83549,2025070603001238,NLIC,Naasa Securities Co. Ltd.,South Asian Bulls Pvt. Ltd.,44,783.0,34452.0,2025-07-06 11:12:35.243912
2025-07-06,83471,2025070603001268,NLIC,Naasa Securities Co. Ltd.,Secured Securities Ltd.,10,783.0,7830.0,2025-07-06 11:12:46.103364
2025-07-06,83166,2025070603001366,NLIC,Capital Max Securities Ltd,Vision Securities Pvt. Ltd,51,789.0,40239.0,2025-07-06 11:13:29.878456
2025-07-06,83062,2025070603001392,NLIC,Capital Max Securities Ltd,Naasa Securities Co. Ltd.,11,789.0,8679.0,2025-07-06 11:13:45.385093
2025-07-06,83007,2025070603001415,NLIC,Sani Securities Company Ltd.,Bhrikuti Stock Broking Co. Pvt. Ltd.,20,790.0,15800.0,2025-07-06 11:13:53.764163
2025-07-06,82963,2025070603001434,NLIC,Sani Securities Company Ltd.,Dynamic Money Managers Securities Pvt. Ltd.,180,790.0,142200.0,2025-07-06 11:14:00.859117
2025-07-06,82894,2025070603001454,NLIC,Kohinoor Investment & Securities Pvt. Ltd.,Dynamic Money Managers Securities Pvt. Ltd.,320,790.0,252800.0,2025-07-06 11:14:07.989271
2025-07-06,82707,2025070603001491,NLIC,Capital Max Securities Ltd,Sani Securities Company Ltd.,24,789.0,18936.0,2025-07-06 11:14:30.799188
2025-07-06,82514,2025070603001554,NLIC,Capital Max Securities Ltd,Primo Securities (PVT) Ltd.,12,789.0,9468.0,2025-07-06 11:14:54.948386
2025-07-06,82457,2025070603001563,NLIC,Naasa Securities Co. Ltd.,KALASH STOCK MARKET PVT. LTD.,300,789.0,236700.0,2025-07-06 11:15:00.467879
2025-07-06,82456,2025070603001564,NLIC,Naasa Securities Co. Ltd.,Cristal Kanchanjanga Securites Pvt. Ltd.,180,790.0,142200.0,2025-07-06 11:15:00.468034
2025-07-06,82455,2025070603001565,NLIC,Naasa Securities Co. Ltd.,Opal Securities Investment (PVT) Ltd.,20,790.0,15800.0,2025-07-06 11:15:00.468094
2025-07-06,81499,2025070603001794,NLIC,Online Securities Pvt. Ltd.,MILKY WAY SHARE BROKER COMPANY LTD ,108,784.1,84682.8,2025-07-06 11:17:20.379872
2025-07-06,81498,2025070603001795,NLIC,Secured Securities Ltd.,MILKY WAY SHARE BROKER COMPANY LTD ,200,784.0,156800.0,2025-07-06 11:17:20.380061
2025-07-06,81497,2025070603001796,NLIC,Naasa Securities Co. Ltd.,MILKY WAY SHARE BROKER COMPANY LTD ,46,783.0,36018.0,2025-07-06 11:17:20.380133
2025-07-06,81496,2025070603001797,NLIC,Capital Max Securities Ltd,MILKY WAY SHARE BROKER COMPANY LTD ,100,783.0,78300.0,2025-07-06 11:17:20.380199
2025-07-06,81495,2025070603001798,NLIC,Siprabi Securities Pvt. Ltd.,MILKY WAY SHARE BROKER COMPANY LTD ,20,782.1,15642.0,2025-07-06 11:17:20.380264
2025-07-06,81494,2025070603001799,NLIC,Vision Securities Pvt. Ltd,MILKY WAY SHARE BROKER COMPANY LTD ,25,782.0,19550.0,2025-07-06 11:17:20.380328
2025-07-06,81493,2025070603001800,NLIC,Cristal Kanchanjanga Securites Pvt. Ltd.,MILKY WAY SHARE BROKER COMPANY LTD ,1000,782.0,782000.0,2025-07-06 11:17:20.380390
2025-07-06,81492,2025070603001801,NLIC,Agrawal Securities (PVT) Ltd.,MILKY WAY SHARE BROKER COMPANY LTD ,400,782.0,312800.0,2025-07-06 11:17:20.380452
2025-07-06,81426,2025070603001821,NLIC,Malla & Malla Stock Broking Company Pvt. Limited,MILKY WAY SHARE BROKER COMPANY LTD ,70,781.1,54677.0,2025-07-06 11:17:31.419182
2025-07-06,81425,2025070603001822,NLIC,Dakshinkali Investment & Securities Pvt. Ltd.,MILKY WAY SHARE BROKER COMPANY LTD ,130,781.1,101543.0,2025-07-06 11:17:31.419370
2025-07-06,81418,2025070603001826,NLIC,Dakshinkali Investment & Securities Pvt. Ltd.,Sri Hari Securities Pvt. Ltd.,19,781.1,14840.9,2025-07-06 11:17:32.276640
2025-07-06,81365,2025070603001832,NLIC,Aryatara Investment & Securities,MILKY WAY SHARE BROKER COMPANY LTD ,100,782.0,78200.0,2025-07-06 11:17:41.927717
2025-07-06,81063,2025070603001897,NLIC,Vision Securities Pvt. Ltd,Aryatara Investment & Securities,55,788.0,43340.0,2025-07-06 11:18:29.971989
2025-07-06,80050,2025070603002127,NLIC,Premier Securities Company Ltd.,Imperial Securities Company Pvt. Ltd.,36,789.0,28404.0,2025-07-06 11:21:23.793735
2025-07-06,80049,2025070603002128,NLIC,Premier Securities Company Ltd.,MILKY WAY SHARE BROKER COMPANY LTD ,226,789.8,178494.8,2025-07-06 11:21:23.793885
2025-07-06,80048,2025070603002129,NLIC,Premier Securities Company Ltd.,Vision Securities Pvt. Ltd,51,789.9,40284.9,2025-07-06 11:21:23.793954
2025-07-06,80047,2025070603002130,NLIC,Premier Securities Company Ltd.,Aryatara Investment & Securities,127,789.9,100317.3,2025-07-06 11:21:23.794021
2025-07-06,78690,2025070603002411,NLIC,Online Securities Pvt. Ltd.,Imperial Securities Company Pvt. Ltd.,100,782.1,78210.0,2025-07-06 11:25:15.385657
2025-07-06,78392,2025070603002489,NLIC,Neev Securities Pvt. Ltd.,Midas Stock Broking Company Private Limited,50,782.1,39105.0,2025-07-06 11:26:11.942142
2025-07-06,78228,2025070603002518,NLIC,Neev Securities Pvt. Ltd.,Vision Securities Pvt. Ltd,137,782.1,107147.7,2025-07-06 11:26:42.477058
2025-07-06,78043,2025070603002553,NLIC,NIMB Stock Markets Limited,Agrawal Securities (PVT) Ltd.,30,787.5,23625.0,2025-07-06 11:27:17.604773
2025-07-06,77497,2025070603002643,NLIC,ABC Securities Private Limited,Agrawal Securities (PVT) Ltd.,95,787.5,74812.5,2025-07-06 11:29:15.103364
2025-07-06,77496,2025070603002644,NLIC,ABC Securities Private Limited,Linch Stock Market Ltd.,11,787.5,8662.5,2025-07-06 11:29:15.103712
2025-07-06,77495,2025070603002645,NLIC,ABC Securities Private Limited,Swarna Laxmi Securities Pvt. Ltd.,50,787.9,39395.0,2025-07-06 11:29:15.103944
2025-07-06,77494,2025070603002646,NLIC,ABC Securities Private Limited,Sri Hari Securities Pvt. Ltd.,44,788.0,34672.0,2025-07-06 11:29:15.104194
2025-07-06,77460,2025070603002650,NLIC,Shree Krishna Securities Ltd.,Sri Hari Securities Pvt. Ltd.,99,788.0,78012.0,2025-07-06 11:29:20.774585
2025-07-06,77292,2025070603002682,NLIC,Imperial Securities Company Pvt. Ltd.,Asian Securities Private Ltd.,36,787.9,28364.4,2025-07-06 11:29:48.577288
2025-07-06,77291,2025070603002683,NLIC,Imperial Securities Company Pvt. Ltd.,Sri Hari Securities Pvt. Ltd.,657,788.0,517716.0,2025-07-06 11:29:48.577562
2025-07-06,77290,2025070603002684,NLIC,Imperial Securities Company Pvt. Ltd.,Shree Krishna Securities Ltd.,100,788.0,78800.0,2025-07-06 11:29:48.577642
2025-07-06,77289,2025070603002685,NLIC,Imperial Securities Company Pvt. Ltd.,Imperial Securities Company Pvt. Ltd.,1324,788.0,1043312.0,2025-07-06 11:29:48.577716
2025-07-06,77288,2025070603002686,NLIC,Imperial Securities Company Pvt. Ltd.,Imperial Securities Company Pvt. Ltd.,155,788.0,122140.0,2025-07-06 11:29:48.577791
2025-07-06,77248,2025070603002696,NLIC,Imperial Securities Company Pvt. Ltd.,Bhrikuti Stock Broking Co. Pvt. Ltd.,80,788.0,63040.0,2025-07-06 11:29:58.241952
2025-07-06,77057,2025070603002736,NLIC,Trishakti Securities Public Limited,Sundhara Securities Limited,20,788.1,15762.0,2025-07-06 11:30:28.626019
2025-07-06,76937,2025070603002755,NLIC,Miyo Securities Pvt Ltd,Agrawal Securities (PVT) Ltd.,1,772.4,772.4,2025-07-06 11:30:41.880703
2025-07-06,76928,2025070603002761,NLIC,Trishakti Securities Public Limited,Online Securities Pvt. Ltd.,80,788.1,63048.0,2025-07-06 11:30:44.353083
2025-07-06,76790,2025070603002793,NLIC,Vision Securities Pvt. Ltd,Online Securities Pvt. Ltd.,300,786.0,235800.0,2025-07-06 11:31:01.941956
2025-07-06,76485,2025070603002850,NLIC,Sani Securities Company Ltd.,Online Securities Pvt. Ltd.,20,786.0,15720.0,2025-07-06 11:31:59.323826
2025-07-06,76484,2025070603002851,NLIC,Sani Securities Company Ltd.,Creative Securities Pvt Ltd,60,786.0,47160.0,2025-07-06 11:31:59.324219
2025-07-06,76438,2025070603002863,NLIC,Sharepro Securities Private Limited,Creative Securities Pvt Ltd,40,786.0,31440.0,2025-07-06 11:32:06.812346
2025-07-06,76437,2025070603002864,NLIC,Sharepro Securities Private Limited,Property Wiard Limited,950,788.0,748600.0,2025-07-06 11:32:06.812412
2025-07-06,76436,2025070603002865,NLIC,Sharepro Securities Private Limited,Trishakti Securities Public Limited,510,788.0,401880.0,2025-07-06 11:32:06.812439
2025-07-06,76265,2025070603002906,NLIC,Sharepro Securities Private Limited,Trisul Securities & Invt. Ltd.,22,785.0,17270.0,2025-07-06 11:32:31.962928
2025-07-06,76178,2025070603002925,NLIC,Sharepro Securities Private Limited,Property Wiard Limited,50,785.0,39250.0,2025-07-06 11:32:49.722801
2025-07-06,76043,2025070603002949,NLIC,Sharepro Securities Private Limited,Cristal Kanchanjanga Securites Pvt. Ltd.,200,785.0,157000.0,2025-07-06 11:33:17.715464
2025-07-06,76030,2025070603002953,NLIC,Imperial Securities Company Pvt. Ltd.,Neev Securities Pvt. Ltd.,10,786.0,7860.0,2025-07-06 11:33:20.480985
2025-07-06,75931,2025070603002978,NLIC,Infinity Securities Limited,Trishakti Securities Public Limited,100,788.0,78800.0,2025-07-06 11:33:46.434337
2025-07-06,75156,2025070603003196,NLIC,Investment Management Nepal Pvt. Ltd.,Trishakti Securities Public Limited,105,788.0,82740.0,2025-07-06 11:36:05.050095
2025-07-06,75155,2025070603003197,NLIC,Investment Management Nepal Pvt. Ltd.,Asian Securities Private Ltd.,95,788.0,74860.0,2025-07-06 11:36:05.050318
2025-07-06,74773,2025070603003294,NLIC,Dynamic Money Managers Securities Pvt. Ltd.,Aryatara Investment & Securities,56,787.9,44122.4,2025-07-06 11:37:16.732124
2025-07-06,74772,2025070603003295,NLIC,Dynamic Money Managers Securities Pvt. Ltd.,Asian Securities Private Ltd.,105,788.0,82740.0,2025-07-06 11:37:16.732546
2025-07-06,74771,2025070603003296,NLIC,Dynamic Money Managers Securities Pvt. Ltd.,Premier Securities Company Ltd.,164,788.0,129232.0,2025-07-06 11:37:16.732791
2025-07-06,74770,2025070603003297,NLIC,Dynamic Money Managers Securities Pvt. Ltd.,Sweta Securities Private Limited,135,788.0,106380.0,2025-07-06 11:37:16.733092
2025-07-06,74769,2025070603003298,NLIC,Dynamic Money Managers Securities Pvt. Ltd.,Sumeru Securities Pvt. Ltd.,40,788.0,31520.0,2025-07-06 11:37:16.733415
2025-07-06,74693,2025070603003311,NLIC,Premier Securities Company Ltd.,Sumeru Securities Pvt. Ltd.,50,788.0,39400.0,2025-07-06 11:37:30.043949
2025-07-06,74380,2025070603003386,NLIC,Sharepro Securities Private Limited,Kumari Securities Private Limited,10,786.6,7866.0,2025-07-06 11:38:25.628830
2025-07-06,74302,2025070603003398,NLIC,Vision Securities Pvt. Ltd,Sundhara Securities Limited,12,787.0,9444.0,2025-07-06 11:38:39.110108
2025-07-06,74291,2025070603003404,NLIC,Vision Securities Pvt. Ltd,Malla & Malla Stock Broking Company Pvt. Limited,37,788.0,29156.0,2025-07-06 11:38:40.850859
2025-07-06,74193,2025070603003430,NLIC,Sharepro Securities Private Limited,Dynamic Money Managers Securities Pvt. Ltd.,111,788.1,87479.1,2025-07-06 11:38:52.853289
2025-07-06,74192,2025070603003431,NLIC,Sharepro Securities Private Limited,Vision Securities Pvt. Ltd,770,789.0,607530.0,2025-07-06 11:38:52.853348
2025-07-06,74191,2025070603003432,NLIC,Sharepro Securities Private Limited,MILKY WAY SHARE BROKER COMPANY LTD ,500,789.8,394900.0,2025-07-06 11:38:52.853377
2025-07-06,74190,2025070603003433,NLIC,Sharepro Securities Private Limited,Opal Securities Investment (PVT) Ltd.,32,789.9,25276.8,2025-07-06 11:38:52.853403
2025-07-06,74189,2025070603003434,NLIC,Sharepro Securities Private Limited,South Asian Bulls Pvt. Ltd.,11,789.9,8688.9,2025-07-06 11:38:52.853429
2025-07-06,74188,2025070603003435,NLIC,Sharepro Securities Private Limited,Cristal Kanchanjanga Securites Pvt. Ltd.,1820,790.0,1437800.0,2025-07-06 11:38:52.853465
2025-07-06,74187,2025070603003436,NLIC,Sharepro Securities Private Limited,Shree Krishna Securities Ltd.,29,790.0,22910.0,2025-07-06 11:38:52.853509
2025-07-06,74186,2025070603003437,NLIC,Sharepro Securities Private Limited,Naasa Securities Co. Ltd.,36,790.0,28440.0,2025-07-06 11:38:52.853547
2025-07-06,74185,2025070603003438,NLIC,Sharepro Securities Private Limited,Vision Securities Pvt. Ltd,11,790.0,8690.0,2025-07-06 11:38:52.853570
2025-07-06,74184,2025070603003439,NLIC,Sharepro Securities Private Limited,Opal Securities Investment (PVT) Ltd.,501,790.0,395790.0,2025-07-06 11:38:52.853594
2025-07-06,74183,2025070603003440,NLIC,Sharepro Securities Private Limited,Imperial Securities Company Pvt. Ltd.,179,790.0,141410.0,2025-07-06 11:38:52.853617
2025-07-06,74006,2025070603003490,NLIC,Sharepro Securities Private Limited,Imperial Securities Company Pvt. Ltd.,218,790.0,172220.0,2025-07-06 11:39:21.127702
2025-07-06,73991,2025070603003492,NLIC,Naasa Securities Co. Ltd.,Imperial Securities Company Pvt. Ltd.,60,790.0,47400.0,2025-07-06 11:39:23.223406
2025-07-06,73424,2025070603003643,NLIC,Sumeru Securities Pvt. Ltd.,Agrawal Securities (PVT) Ltd.,630,789.0,497070.0,2025-07-06 11:40:45.802585
2025-07-06,73314,2025070603003667,NLIC,SUN SECURITIES PVT LTD,Agrawal Securities (PVT) Ltd.,1370,789.0,1080930.0,2025-07-06 11:41:04.234957
2025-07-06,72773,2025070603003798,NLIC,Sweta Securities Private Limited,Siprabi Securities Pvt. Ltd.,50,789.0,39450.0,2025-07-06 11:42:31.623467
2025-07-06,72594,2025070603003854,NLIC,Sharepro Securities Private Limited,Vision Securities Pvt. Ltd,48,788.4,37843.2,2025-07-06 11:43:06.389209
2025-07-06,72278,2025070603003940,NLIC,Pragyan Securities (PVT) Ltd.,Nepal Investment And Securities Trading Private Limited,12,789.0,9468.0,2025-07-06 11:43:54.590960
2025-07-06,72277,2025070603003941,NLIC,Online Securities Pvt. Ltd.,Nepal Investment And Securities Trading Private Limited,15,789.0,11835.0,2025-07-06 11:43:54.591389
2025-07-06,71973,2025070603004003,NLIC,Sharepro Securities Private Limited,Kalika Securities Pvt. Ltd.,100,788.3,78830.0,2025-07-06 11:44:47.870265
2025-07-06,71744,2025070603004072,NLIC,Sharepro Securities Private Limited,Linch Stock Market Ltd.,10,788.2,7882.0,2025-07-06 11:45:28.301740
2025-07-06,71467,2025070603004134,NLIC,Vision Securities Pvt. Ltd,Premier Securities Company Ltd.,110,788.0,86680.0,2025-07-06 11:46:12.536485
2025-07-06,71438,2025070603004143,NLIC,Dipshikha Dhitopatra Karobar Co. Pvt Ltd.,Linch Stock Market Ltd.,140,788.2,110348.0,2025-07-06 11:46:18.733934
2025-07-06,71349,2025070603004173,NLIC,Agrawal Securities (PVT) Ltd.,Kalika Securities Pvt. Ltd.,16,788.3,12612.8,2025-07-06 11:46:35.423122
2025-07-06,71216,2025070603004212,NLIC,Agrawal Securities (PVT) Ltd.,Agrawal Securities (PVT) Ltd.,34,788.3,26802.2,2025-07-06 11:46:50.491357
2025-07-06,71215,2025070603004213,NLIC,Vision Securities Pvt. Ltd,Agrawal Securities (PVT) Ltd.,41,788.0,32308.0,2025-07-06 11:46:50.491549
2025-07-06,71214,2025070603004214,NLIC,Kalika Securities Pvt. Ltd.,Agrawal Securities (PVT) Ltd.,100,788.0,78800.0,2025-07-06 11:46:50.491634
2025-07-06,71213,2025070603004215,NLIC,Capital Max Securities Ltd,Agrawal Securities (PVT) Ltd.,15,788.0,11820.0,2025-07-06 11:46:50.491720
2025-07-06,71212,2025070603004216,NLIC,Naasa Securities Co. Ltd.,Agrawal Securities (PVT) Ltd.,10,788.0,7880.0,2025-07-06 11:46:50.491813
2025-07-06,70481,2025070603004409,NLIC,Nepal Stock House (PVT) Ltd.,Dipshikha Dhitopatra Karobar Co. Pvt Ltd.,22,787.1,17316.2,2025-07-06 11:48:42.994383
2025-07-06,70375,2025070603004438,NLIC,Siprabi Securities Pvt. Ltd.,Imperial Securities Company Pvt. Ltd.,60,788.0,47280.0,2025-07-06 11:49:01.874472
2025-07-06,70344,2025070603004450,NLIC,Nepal Stock House (PVT) Ltd.,Online Securities Pvt. Ltd.,78,787.1,61393.8,2025-07-06 11:49:07.484578
2025-07-06,70343,2025070603004451,NLIC,Sharepro Securities Private Limited,Online Securities Pvt. Ltd.,922,787.0,725614.0,2025-07-06 11:49:07.484897
2025-07-06,70106,2025070603004515,NLIC,Investment Management Nepal Pvt. Ltd.,Imperial Securities Company Pvt. Ltd.,200,788.0,157600.0,2025-07-06 11:49:45.574805
2025-07-06,69884,2025070603004581,NLIC,Sharepro Securities Private Limited,KALASH STOCK MARKET PVT. LTD.,80,787.0,62960.0,2025-07-06 11:50:26.887303
2025-07-06,69449,2025070603004711,NLIC,Imperial Securities Company Pvt. Ltd.,Dipshikha Dhitopatra Karobar Co. Pvt Ltd.,15,786.0,11790.0,2025-07-06 11:51:50.322499
2025-07-06,69375,2025070603004729,NLIC,Cristal Kanchanjanga Securites Pvt. Ltd.,Vision Securities Pvt. Ltd,300,786.1,235830.0,2025-07-06 11:52:03.944231
2025-07-06,69320,2025070603004737,NLIC,Cristal Kanchanjanga Securites Pvt. Ltd.,KALASH STOCK MARKET PVT. LTD.,200,786.1,157220.0,2025-07-06 11:52:14.169795
2025-07-06,69319,2025070603004738,NLIC,Imperial Securities Company Pvt. Ltd.,KALASH STOCK MARKET PVT. LTD.,115,786.0,90390.0,2025-07-06 11:52:14.170060
2025-07-06,69034,2025070603004819,NLIC,Imperial Securities Company Pvt. Ltd.,Aryatara Investment & Securities,50,786.0,39300.0,2025-07-06 11:53:09.939075
2025-07-06,68936,2025070603004832,NLIC,Sharepro Securities Private Limited,Imperial Securities Company Pvt. Ltd.,89,786.1,69962.9,2025-07-06 11:53:26.642586
2025-07-06,68935,2025070603004833,NLIC,Sharepro Securities Private Limited,Siprabi Securities Pvt. Ltd.,50,786.9,39345.0,2025-07-06 11:53:26.642796
2025-07-06,68692,2025070603004918,NLIC,Sharepro Securities Private Limited,Aryatara Investment & Securities,101,787.0,79487.0,2025-07-06 11:54:08.468203
2025-07-06,68691,2025070603004919,NLIC,Imperial Securities Company Pvt. Ltd.,Aryatara Investment & Securities,399,784.3,312935.7,2025-07-06 11:54:08.468422
2025-07-06,68626,2025070603004941,NLIC,Naasa Securities Co. Ltd.,Aryatara Investment & Securities,100,785.0,78500.0,2025-07-06 11:54:21.681849
2025-07-06,68625,2025070603004942,NLIC,Imperial Securities Company Pvt. Ltd.,Aryatara Investment & Securities,41,784.3,32156.3,2025-07-06 11:54:21.682100
2025-07-06,68311,2025070603005025,NLIC,Nepal Investment And Securities Trading Private Limited,Aryatara Investment & Securities,40,786.0,31440.0,2025-07-06 11:55:22.246278
2025-07-06,68020,2025070603005114,NLIC,Online Securities Pvt. Ltd.,APPLE SECURITIES PRIVATE LIMITED,108,784.4,84715.2,2025-07-06 11:56:33.702587
2025-07-06,68019,2025070603005115,NLIC,Imperial Securities Company Pvt. Ltd.,APPLE SECURITIES PRIVATE LIMITED,392,784.3,307445.6,2025-07-06 11:56:33.703000
2025-07-06,67926,2025070603005161,NLIC,Imperial Securities Company Pvt. Ltd.,SUN SECURITIES PVT LTD,35,784.3,27450.5,2025-07-06 11:56:48.399577
2025-07-06,67511,2025070603005312,NLIC,Imperial Securities Company Pvt. Ltd.,Pragyan Securities (PVT) Ltd.,600,784.3,470580.0,2025-07-06 11:57:50.444633
2025-07-06,67504,2025070603005314,NLIC,Vision Securities Pvt. Ltd,Aryatara Investment & Securities,10,786.0,7860.0,2025-07-06 11:57:51.534089
2025-07-06,67503,2025070603005315,NLIC,Vision Securities Pvt. Ltd,Vision Securities Pvt. Ltd,30,788.0,23640.0,2025-07-06 11:57:51.534334
2025-07-06,67147,2025070603005435,NLIC,Secured Securities Ltd.,Sumeru Securities Pvt. Ltd.,16,784.5,12552.0,2025-07-06 11:59:00.529625
2025-07-06,66725,2025070603005597,NLIC,Imperial Securities Company Pvt. Ltd.,Linch Stock Market Ltd.,16,784.3,12548.8,2025-07-06 12:00:42.366193
2025-07-06,66388,2025070603005722,NLIC,Imperial Securities Company Pvt. Ltd.,Online Securities Pvt. Ltd.,10,784.3,7843.0,2025-07-06 12:01:46.159989
2025-07-06,66263,2025070603005753,NLIC,Imperial Securities Company Pvt. Ltd.,Malla & Malla Stock Broking Company Pvt. Limited,50,784.3,39215.0,2025-07-06 12:01:57.864085
2025-07-06,66071,2025070603005840,NLIC,Vision Securities Pvt. Ltd,Dipshikha Dhitopatra Karobar Co. Pvt Ltd.,60,784.5,47070.0,2025-07-06 12:02:29.938013
2025-07-06,66070,2025070603005841,NLIC,Imperial Securities Company Pvt. Ltd.,Dipshikha Dhitopatra Karobar Co. Pvt Ltd.,40,784.3,31372.0,2025-07-06 12:02:29.938223
2025-07-06,65303,2025070603006128,NLIC,Kohinoor Investment & Securities Pvt. Ltd.,Kohinoor Investment & Securities Pvt. Ltd.,10,784.4,7844.0,2025-07-06 12:04:43.443585
2025-07-06,65302,2025070603006129,NLIC,Sani Securities Company Ltd.,Kohinoor Investment & Securities Pvt. Ltd.,29,784.4,22747.6,2025-07-06 12:04:43.443841
2025-07-06,64712,2025070603006365,NLIC,Sani Securities Company Ltd.,Cristal Kanchanjanga Securites Pvt. Ltd.,20,784.4,15688.0,2025-07-06 12:06:09.307951
2025-07-06,63468,2025070603006920,NLIC,Sweta Securities Private Limited,Midas Stock Broking Company Private Limited,10,785.0,7850.0,2025-07-06 12:10:00.871120
2025-07-06,63467,2025070603006921,NLIC,Sweta Securities Private Limited,Online Securities Pvt. Ltd.,10,785.0,7850.0,2025-07-06 12:10:00.871336
2025-07-06,63365,2025070603006946,NLIC,Sani Securities Company Ltd.,Online Securities Pvt. Ltd.,26,785.0,20410.0,2025-07-06 12:10:20.872172
2025-07-06,63364,2025070603006947,NLIC,Sani Securities Company Ltd.,Capital Max Securities Ltd,25,785.0,19625.0,2025-07-06 12:10:20.872622
2025-07-06,63346,2025070603006958,NLIC,Market Securities & Exchange (PVT) Ltd.,Capital Max Securities Ltd,50,785.0,39250.0,2025-07-06 12:10:27.913111
2025-07-06,63146,2025070603007014,NLIC,Trisul Securities & Invt. Ltd.,Capital Max Securities Ltd,30,785.0,23550.0,2025-07-06 12:11:05.874798
2025-07-06,62755,2025070603007163,NLIC,Sani Securities Company Ltd.,Naasa Securities Co. Ltd.,11,785.0,8635.0,2025-07-06 12:12:22.384374
2025-07-06,62504,2025070603007234,NLIC,Siprabi Securities Pvt. Ltd.,Dakshinkali Investment & Securities Pvt. Ltd.,16,784.7,12555.2,2025-07-06 12:13:17.711290
2025-07-06,62299,2025070603007305,NLIC,Cristal Kanchanjanga Securites Pvt. Ltd.,Dakshinkali Investment & Securities Pvt. Ltd.,384,784.4,301209.6,2025-07-06 12:13:54.907563
2025-07-06,62057,2025070603007391,NLIC,Cristal Kanchanjanga Securites Pvt. Ltd.,Sweta Securities Private Limited,34,784.4,26669.6,2025-07-06 12:14:48.627016
2025-07-06,61266,2025070603007622,NLIC,Capital Max Securities Ltd,Aryatara Investment & Securities,50,786.0,39300.0,2025-07-06 12:17:35.817343
2025-07-06,61265,2025070603007623,NLIC,Capital Max Securities Ltd,Nepal Investment And Securities Trading Private Limited,500,787.0,393500.0,2025-07-06 12:17:35.817555
2025-07-06,61264,2025070603007624,NLIC,Capital Max Securities Ltd,Kumari Securities Private Limited,52,787.9,40970.8,2025-07-06 12:17:35.817651
2025-07-06,61263,2025070603007625,NLIC,Capital Max Securities Ltd,Asian Securities Private Ltd.,198,788.0,156024.0,2025-07-06 12:17:35.817741
2025-07-06,57687,2025070603008703,NLIC,Malla & Malla Stock Broking Company Pvt. Limited,Aryatara Investment & Securities,20,787.5,15750.0,2025-07-06 12:28:42.921313
2025-07-06,57057,2025070603008852,NLIC,Asian Securities Private Ltd.,Vision Securities Pvt. Ltd,10,786.0,7860.0,2025-07-06 12:30:53.820618
2025-07-06,56798,2025070603008932,NLIC,Sharepro Securities Private Limited,Aryatara Investment & Securities,12,787.5,9450.0,2025-07-06 12:31:34.674330
2025-07-06,56797,2025070603008933,NLIC,Sharepro Securities Private Limited,Creative Securities Pvt Ltd,151,787.5,118912.5,2025-07-06 12:31:34.674569
2025-07-06,56796,2025070603008934,NLIC,Sharepro Securities Private Limited,Sweta Securities Private Limited,57,787.9,44910.3,2025-07-06 12:31:34.674670
2025-07-06,56795,2025070603008935,NLIC,Sharepro Securities Private Limited,Nepal Investment And Securities Trading Private Limited,20,788.0,15760.0,2025-07-06 12:31:34.674772
2025-07-06,56794,2025070603008936,NLIC,Sharepro Securities Private Limited,Asian Securities Private Ltd.,100,788.0,78800.0,2025-07-06 12:31:34.674870
2025-07-06,56793,2025070603008937,NLIC,Sharepro Securities Private Limited,Arun Securities (PVT) Ltd.,300,788.0,236400.0,2025-07-06 12:31:34.674967
2025-07-06,56792,2025070603008938,NLIC,Sharepro Securities Private Limited,Dipshikha Dhitopatra Karobar Co. Pvt Ltd.,10,788.0,7880.0,2025-07-06 12:31:34.675087
2025-07-06,56791,2025070603008939,NLIC,Sharepro Securities Private Limited,Nepal Investment And Securities Trading Private Limited,83,789.0,65487.0,2025-07-06 12:31:34.675249
2025-07-06,56790,2025070603008940,NLIC,Sharepro Securities Private Limited,Naasa Securities Co. Ltd.,10,789.0,7890.0,2025-07-06 12:31:34.675403
2025-07-06,56789,2025070603008941,NLIC,Sharepro Securities Private Limited,Imperial Securities Company Pvt. Ltd.,43,790.0,33970.0,2025-07-06 12:31:34.675530
2025-07-06,56788,2025070603008942,NLIC,Sharepro Securities Private Limited,Agrawal Securities (PVT) Ltd.,100,790.0,79000.0,2025-07-06 12:31:34.675641
2025-07-06,56787,2025070603008943,NLIC,Sharepro Securities Private Limited,K.B.L. Securities Limited ,100,790.0,79000.0,2025-07-06 12:31:34.675844
2025-07-06,56786,2025070603008944,NLIC,Sharepro Securities Private Limited,Sani Securities Company Ltd.,50,790.0,39500.0,2025-07-06 12:31:34.676035
2025-07-06,56785,2025070603008945,NLIC,Sharepro Securities Private Limited,Trishakti Securities Public Limited,150,790.0,118500.0,2025-07-06 12:31:34.676168
2025-07-06,56784,2025070603008946,NLIC,Sharepro Securities Private Limited,Dipshikha Dhitopatra Karobar Co. Pvt Ltd.,50,790.0,39500.0,2025-07-06 12:31:34.676265
2025-07-06,56783,2025070603008947,NLIC,Sharepro Securities Private Limited,Asian Securities Private Ltd.,17,790.0,13430.0,2025-07-06 12:31:34.676359
2025-07-06,56782,2025070603008948,NLIC,Sharepro Securities Private Limited,Sumeru Securities Pvt. Ltd.,100,790.0,79000.0,2025-07-06 12:31:34.676476
2025-07-06,56781,2025070603008949,NLIC,Sharepro Securities Private Limited,Linch Stock Market Ltd.,10,790.0,7900.0,2025-07-06 12:31:34.676573
2025-07-06,56780,2025070603008950,NLIC,Sharepro Securities Private Limited,Asian Securities Private Ltd.,137,790.0,108230.0,2025-07-06 12:31:34.676731
2025-07-06,56647,2025070603008986,NLIC,Sharepro Securities Private Limited,Asian Securities Private Ltd.,63,790.0,49770.0,2025-07-06 12:31:56.793047
2025-07-06,56646,2025070603008987,NLIC,Sharepro Securities Private Limited,Imperial Securities Company Pvt. Ltd.,33,790.0,26070.0,2025-07-06 12:31:56.793340
2025-07-06,56645,2025070603008988,NLIC,Sharepro Securities Private Limited,Imperial Securities Company Pvt. Ltd.,14,791.0,11074.0,2025-07-06 12:31:56.793445
2025-07-06,56644,2025070603008989,NLIC,Sharepro Securities Private Limited,Linch Stock Market Ltd.,20,792.0,15840.0,2025-07-06 12:31:56.793544
2025-07-06,56643,2025070603008990,NLIC,Sharepro Securities Private Limited,Sani Securities Company Ltd.,169,792.0,133848.0,2025-07-06 12:31:56.793637
2025-07-06,56642,2025070603008991,NLIC,Sharepro Securities Private Limited,Trisul Securities & Invt. Ltd.,2000,792.0,1584000.0,2025-07-06 12:31:56.793744
2025-07-06,56641,2025070603008992,NLIC,Sharepro Securities Private Limited,Sumeru Securities Pvt. Ltd.,60,792.0,47520.0,2025-07-06 12:31:56.793851
2025-07-06,56640,2025070603008993,NLIC,Sharepro Securities Private Limited,K.B.L. Securities Limited ,110,792.0,87120.0,2025-07-06 12:31:56.793943
2025-07-06,56581,2025070603009001,NLIC,Sharepro Securities Private Limited,APPLE SECURITIES PRIVATE LIMITED,31,793.0,24583.0,2025-07-06 12:32:11.927384
2025-07-06,53644,2025070603009781,NLIC,Sipla Securities Private Limited,Sipla Securities Private Limited,1,778.0,778.0,2025-07-06 12:41:37.957572
2025-07-06,53385,2025070603009842,NLIC,Aryatara Investment & Securities,APPLE SECURITIES PRIVATE LIMITED,469,793.0,371917.0,2025-07-06 12:42:14.519568
2025-07-06,53384,2025070603009843,NLIC,Aryatara Investment & Securities,Online Securities Pvt. Ltd.,13,793.0,10309.0,2025-07-06 12:42:14.519802
2025-07-06,53383,2025070603009844,NLIC,Aryatara Investment & Securities,Asian Securities Private Ltd.,18,793.0,14274.0,2025-07-06 12:42:14.519898
2025-07-06,53274,2025070603009883,NLIC,Dipshikha Dhitopatra Karobar Co. Pvt Ltd.,Asian Securities Private Ltd.,182,793.0,144326.0,2025-07-06 12:42:35.118438
2025-07-06,53273,2025070603009884,NLIC,Dipshikha Dhitopatra Karobar Co. Pvt Ltd.,J.F. Securites (PVT) Ltd.,18,793.0,14274.0,2025-07-06 12:42:35.118669
2025-07-06,52959,2025070603009991,NLIC,Deevyaa Securities & Stock House Pvt. Ltd,J.F. Securites (PVT) Ltd.,42,793.0,33306.0,2025-07-06 12:43:24.929772
2025-07-06,52958,2025070603009992,NLIC,Deevyaa Securities & Stock House Pvt. Ltd,Agrawal Securities (PVT) Ltd.,958,793.0,759694.0,2025-07-06 12:43:24.929999
2025-07-06,51453,2025070603010374,NLIC,Trishakti Securities Public Limited,Hatemalo Financial Services Private Limited,100,792.9,79290.0,2025-07-06 12:47:34.399507
2025-07-06,51161,2025070603010445,NLIC,Nepal Stock House (PVT) Ltd.,Agrawal Securities (PVT) Ltd.,19,793.0,15067.0,2025-07-06 12:48:23.802668
2025-07-06,50639,2025070603010560,NLIC,Bhrikuti Stock Broking Co. Pvt. Ltd.,Sundhara Securities Limited,130,790.3,102739.0,2025-07-06 12:50:03.228467
2025-07-06,50546,2025070603010587,NLIC,Capital Max Securities Ltd,Sani Securities Company Ltd.,40,792.0,31680.0,2025-07-06 12:50:20.732229
2025-07-06,50545,2025070603010588,NLIC,Capital Max Securities Ltd,Agrawal Securities (PVT) Ltd.,23,793.0,18239.0,2025-07-06 12:50:20.732670
2025-07-06,50544,2025070603010589,NLIC,Capital Max Securities Ltd,Aryatara Investment & Securities,50,793.0,39650.0,2025-07-06 12:50:20.732962
2025-07-06,50543,2025070603010590,NLIC,Capital Max Securities Ltd,Naasa Securities Co. Ltd.,25,794.0,19850.0,2025-07-06 12:50:20.733278
2025-07-06,50542,2025070603010591,NLIC,Capital Max Securities Ltd,Linch Stock Market Ltd.,10,794.0,7940.0,2025-07-06 12:50:20.733657
2025-07-06,50541,2025070603010592,NLIC,Capital Max Securities Ltd,Deevyaa Securities & Stock House Pvt. Ltd,300,794.0,238200.0,2025-07-06 12:50:20.734049
2025-07-06,50540,2025070603010593,NLIC,Capital Max Securities Ltd,Deevyaa Securities & Stock House Pvt. Ltd,100,794.0,79400.0,2025-07-06 12:50:20.734394
2025-07-06,50539,2025070603010594,NLIC,Capital Max Securities Ltd,Imperial Securities Company Pvt. Ltd.,250,794.0,198500.0,2025-07-06 12:50:20.734757
2025-07-06,50538,2025070603010595,NLIC,Capital Max Securities Ltd,Siprabi Securities Pvt. Ltd.,50,794.7,39735.0,2025-07-06 12:50:20.735184
2025-07-06,50537,2025070603010596,NLIC,Capital Max Securities Ltd,Trishakti Securities Public Limited,100,795.0,79500.0,2025-07-06 12:50:20.735548
2025-07-06,50536,2025070603010597,NLIC,Capital Max Securities Ltd,Naasa Securities Co. Ltd.,25,795.0,19875.0,2025-07-06 12:50:20.735908
2025-07-06,50535,2025070603010598,NLIC,Capital Max Securities Ltd,Premier Securities Company Ltd.,50,795.0,39750.0,2025-07-06 12:50:20.736278
2025-07-06,50534,2025070603010599,NLIC,Capital Max Securities Ltd,Ashutosh Brokerage & Securities (PVT) Ltd.,177,795.0,140715.0,2025-07-06 12:50:20.736597
2025-07-06,50069,2025070603010712,NLIC,Sharepro Securities Private Limited,Ashutosh Brokerage & Securities (PVT) Ltd.,300,795.0,238500.0,2025-07-06 12:51:44.988247
2025-07-06,49435,2025070603010838,NLIC,Nepal Stock House (PVT) Ltd.,Nepal Investment And Securities Trading Private Limited,10,793.9,7939.0,2025-07-06 12:53:28.761245
2025-07-06,49317,2025070603010874,NLIC,Sri Hari Securities Pvt. Ltd.,Nepal Investment And Securities Trading Private Limited,30,793.9,23817.0,2025-07-06 12:53:53.432278
2025-07-06,48285,2025070603011155,NLIC,Bhrikuti Stock Broking Co. Pvt. Ltd.,K.B.L. Securities Limited ,70,790.3,55321.0,2025-07-06 12:56:53.235317
2025-07-06,48284,2025070603011156,NLIC,Premier Securities Company Ltd.,K.B.L. Securities Limited ,10,790.2,7902.0,2025-07-06 12:56:53.235440
2025-07-06,48283,2025070603011157,NLIC,Miyo Securities Pvt Ltd,K.B.L. Securities Limited ,180,790.2,142236.0,2025-07-06 12:56:53.235508
2025-07-06,48282,2025070603011158,NLIC,Imperial Securities Company Pvt. Ltd.,K.B.L. Securities Limited ,60,790.2,47412.0,2025-07-06 12:56:53.235572
2025-07-06,48281,2025070603011159,NLIC,Aakashbhairab Securities Ltd.,K.B.L. Securities Limited ,730,790.1,576773.0,2025-07-06 12:56:53.235637
2025-07-06,48240,2025070603011162,NLIC,Capital Max Securities Ltd,Nepal Investment And Securities Trading Private Limited,171,793.9,135756.9,2025-07-06 12:57:03.040457
2025-07-06,48239,2025070603011163,NLIC,Capital Max Securities Ltd,Linch Stock Market Ltd.,50,794.0,39700.0,2025-07-06 12:57:03.040722
2025-07-06,48238,2025070603011164,NLIC,Capital Max Securities Ltd,Ashutosh Brokerage & Securities (PVT) Ltd.,23,795.0,18285.0,2025-07-06 12:57:03.040820
2025-07-06,48237,2025070603011165,NLIC,Capital Max Securities Ltd,Nepal Stock House (PVT) Ltd.,100,795.0,79500.0,2025-07-06 12:57:03.040917
2025-07-06,48236,2025070603011166,NLIC,Capital Max Securities Ltd,Agrawal Securities (PVT) Ltd.,40,795.0,31800.0,2025-07-06 12:57:03.041010
2025-07-06,48235,2025070603011167,NLIC,Capital Max Securities Ltd,Vision Securities Pvt. Ltd,30,795.0,23850.0,2025-07-06 12:57:03.041111
2025-07-06,48234,2025070603011168,NLIC,Capital Max Securities Ltd,Imperial Securities Company Pvt. Ltd.,30,795.0,23850.0,2025-07-06 12:57:03.041232
2025-07-06,48233,2025070603011169,NLIC,Capital Max Securities Ltd,Deevyaa Securities & Stock House Pvt. Ltd,50,795.0,39750.0,2025-07-06 12:57:03.041327
2025-07-06,47819,2025070603011248,NLIC,Naasa Securities Co. Ltd.,Dipshikha Dhitopatra Karobar Co. Pvt Ltd.,11,795.0,8745.0,2025-07-06 12:58:07.516117
2025-07-06,46409,2025070603011665,NLIC,Sani Securities Company Ltd.,Sri Hari Securities Pvt. Ltd.,100,791.0,79100.0,2025-07-06 13:02:40.196246
2025-07-06,46408,2025070603011666,NLIC,Aakashbhairab Securities Ltd.,Sri Hari Securities Pvt. Ltd.,270,790.1,213327.0,2025-07-06 13:02:40.196482
2025-07-06,46407,2025070603011667,NLIC,Sani Securities Company Ltd.,Sri Hari Securities Pvt. Ltd.,10,790.0,7900.0,2025-07-06 13:02:40.196588
2025-07-06,46406,2025070603011668,NLIC,Secured Securities Ltd.,Sri Hari Securities Pvt. Ltd.,100,790.0,79000.0,2025-07-06 13:02:40.196686
2025-07-06,46405,2025070603011669,NLIC,Kumari Securities Private Limited,Sri Hari Securities Pvt. Ltd.,30,790.0,23700.0,2025-07-06 13:02:40.196784
2025-07-06,46404,2025070603011670,NLIC,Miyo Securities Pvt Ltd,Sri Hari Securities Pvt. Ltd.,200,790.0,158000.0,2025-07-06 13:02:40.196884
2025-07-06,45527,2025070603011892,NLIC,Trisul Securities & Invt. Ltd.,Sri Hari Securities Pvt. Ltd.,40,790.0,31600.0,2025-07-06 13:05:26.914795
2025-07-06,45521,2025070603011896,NLIC,Nepal Stock House (PVT) Ltd.,Trisul Securities & Invt. Ltd.,1500,789.9,1184850.0,2025-07-06 13:05:27.920740
2025-07-06,45520,2025070603011897,NLIC,Imperial Securities Company Pvt. Ltd.,Trisul Securities & Invt. Ltd.,1500,788.0,1182000.0,2025-07-06 13:05:27.921203
2025-07-06,45487,2025070603011906,NLIC,Sundhara Securities Limited,Sri Hari Securities Pvt. Ltd.,69,790.0,54510.0,2025-07-06 13:05:35.737705
2025-07-06,45447,2025070603011915,NLIC,Global IME Securities Limited,Sri Hari Securities Pvt. Ltd.,51,790.0,40290.0,2025-07-06 13:05:46.588586
2025-07-06,44503,2025070603012170,NLIC,Property Wiard Limited,Aryatara Investment & Securities,50,789.0,39450.0,2025-07-06 13:08:29.709154
2025-07-06,44461,2025070603012172,NLIC,Nepal Stock House (PVT) Ltd.,Sri Hari Securities Pvt. Ltd.,130,790.0,102700.0,2025-07-06 13:08:33.663105
2025-07-06,44460,2025070603012173,NLIC,Nepal Stock House (PVT) Ltd.,Naasa Securities Co. Ltd.,27,790.0,21330.0,2025-07-06 13:08:33.663577
2025-07-06,44459,2025070603012174,NLIC,Nepal Stock House (PVT) Ltd.,Kalika Securities Pvt. Ltd.,14,790.0,11060.0,2025-07-06 13:08:33.663866
2025-07-06,44458,2025070603012175,NLIC,Nepal Stock House (PVT) Ltd.,Vision Securities Pvt. Ltd,500,791.0,395500.0,2025-07-06 13:08:33.664175
2025-07-06,44375,2025070603012201,NLIC,Nepal Stock House (PVT) Ltd.,Linch Stock Market Ltd.,40,791.0,31640.0,2025-07-06 13:08:48.856453
2025-07-06,43912,2025070603012372,NLIC,Nepal Stock House (PVT) Ltd.,Sagarmatha Securities Private Limited,60,791.0,47460.0,2025-07-06 13:10:04.789879
2025-07-06,43911,2025070603012373,NLIC,Property Wiard Limited,Sagarmatha Securities Private Limited,250,789.0,197250.0,2025-07-06 13:10:04.789945
2025-07-06,43910,2025070603012374,NLIC,Neev Securities Pvt. Ltd.,Sagarmatha Securities Private Limited,90,788.1,70929.0,2025-07-06 13:10:04.789976
2025-07-06,43830,2025070603012397,NLIC,Neev Securities Pvt. Ltd.,Sagarmatha Securities Private Limited,260,788.1,204906.0,2025-07-06 13:10:20.848480
2025-07-06,43829,2025070603012398,NLIC,Imperial Securities Company Pvt. Ltd.,Sagarmatha Securities Private Limited,40,788.0,31520.0,2025-07-06 13:10:20.848554
2025-07-06,43613,2025070603012470,NLIC,Imperial Securities Company Pvt. Ltd.,Midas Stock Broking Company Private Limited,12,788.0,9456.0,2025-07-06 13:11:06.612882
2025-07-06,43550,2025070603012482,NLIC,Imperial Securities Company Pvt. Ltd.,Dipshikha Dhitopatra Karobar Co. Pvt Ltd.,36,788.0,28368.0,2025-07-06 13:11:23.729822
2025-07-06,43351,2025070603012509,NLIC,Imperial Securities Company Pvt. Ltd.,Sani Securities Company Ltd.,25,788.0,19700.0,2025-07-06 13:12:07.345259
2025-07-06,43007,2025070603012590,NLIC,Primo Securities (PVT) Ltd.,Kohinoor Investment & Securities Pvt. Ltd.,125,790.9,98862.5,2025-07-06 13:13:05.242964
2025-07-06,43006,2025070603012591,NLIC,Primo Securities (PVT) Ltd.,Sri Hari Securities Pvt. Ltd.,500,791.0,395500.0,2025-07-06 13:13:05.243231
2025-07-06,42728,2025070603012659,NLIC,K.B.L. Securities Limited ,Siprabi Securities Pvt. Ltd.,1,775.2,775.2,2025-07-06 13:13:58.704706
2025-07-06,41476,2025070603012930,NLIC,Opal Securities Investment (PVT) Ltd.,Online Securities Pvt. Ltd.,20,788.2,15764.0,2025-07-06 13:19:05.689672
2025-07-06,41475,2025070603012931,NLIC,Nepal Stock House (PVT) Ltd.,Online Securities Pvt. Ltd.,27,788.1,21278.7,2025-07-06 13:19:05.690207
2025-07-06,41310,2025070603012975,NLIC,Nabil Stock Dealer Ltd.,Midas Stock Broking Company Private Limited,12,791.0,9492.0,2025-07-06 13:19:49.151646
2025-07-06,40974,2025070603013066,NLIC,Nepal Stock House (PVT) Ltd.,Sewa Securities Pvt. Ltd.,25,788.1,19702.5,2025-07-06 13:21:18.807031
2025-07-06,40267,2025070603013232,NLIC,Naasa Securities Co. Ltd.,Sani Securities Company Ltd.,10,790.0,7900.0,2025-07-06 13:23:49.685812
2025-07-06,40090,2025070603013260,NLIC,Kumari Securities Private Limited,Imperial Securities Company Pvt. Ltd.,36,788.2,28375.2,2025-07-06 13:24:24.708076
2025-07-06,40080,2025070603013261,NLIC,Neev Securities Pvt. Ltd.,Sani Securities Company Ltd.,90,790.0,71100.0,2025-07-06 13:24:26.784095
2025-07-06,40079,2025070603013262,NLIC,Neev Securities Pvt. Ltd.,J.F. Securites (PVT) Ltd.,10,790.0,7900.0,2025-07-06 13:24:26.784705
2025-07-06,39979,2025070603013275,NLIC,Kumari Securities Private Limited,Dipshikha Dhitopatra Karobar Co. Pvt Ltd.,30,788.2,23646.0,2025-07-06 13:24:51.925872
2025-07-06,39810,2025070603013315,NLIC,Kohinoor Investment & Securities Pvt. Ltd.,Vision Securities Pvt. Ltd,20,790.0,15800.0,2025-07-06 13:25:31.241599
2025-07-06,39355,2025070603013474,NLIC,Kumari Securities Private Limited,Capital Max Securities Ltd,34,788.2,26798.8,2025-07-06 13:26:59.468456
2025-07-06,39354,2025070603013475,NLIC,Nepal Stock House (PVT) Ltd.,Capital Max Securities Ltd,266,788.1,209634.6,2025-07-06 13:26:59.468494
2025-07-06,38615,2025070603013601,NLIC,Nepal Stock House (PVT) Ltd.,Imperial Securities Company Pvt. Ltd.,26,788.1,20490.6,2025-07-06 13:29:14.806706
2025-07-06,38346,2025070603013630,NLIC,Nepal Stock House (PVT) Ltd.,Market Securities & Exchange (PVT) Ltd.,156,788.1,122943.6,2025-07-06 13:30:14.589332
2025-07-06,38345,2025070603013631,NLIC,Nepal Stock House (PVT) Ltd.,Market Securities & Exchange (PVT) Ltd.,10,788.1,7881.0,2025-07-06 13:30:14.589645
2025-07-06,37975,2025070603013694,NLIC,Nepal Stock House (PVT) Ltd.,Vision Securities Pvt. Ltd,15,788.1,11821.5,2025-07-06 13:31:29.403247
2025-07-06,37657,2025070603013770,NLIC,ABC Securities Private Limited,Naasa Securities Co. Ltd.,10,789.1,7891.0,2025-07-06 13:32:25.418786
2025-07-06,37446,2025070603013808,NLIC,Trishakti Securities Public Limited,N.M.B. SECURITIES LIMITED,61,789.0,48129.0,2025-07-06 13:33:24.381920
2025-07-06,37445,2025070603013809,NLIC,Trishakti Securities Public Limited,Naasa Securities Co. Ltd.,14,789.1,11047.4,2025-07-06 13:33:24.382433
2025-07-06,37444,2025070603013810,NLIC,Trishakti Securities Public Limited,Aryatara Investment & Securities,50,789.9,39495.0,2025-07-06 13:33:24.382760
2025-07-06,37443,2025070603013811,NLIC,Trishakti Securities Public Limited,Naasa Securities Co. Ltd.,5,790.0,3950.0,2025-07-06 13:33:24.383002
2025-07-06,37405,2025070603013824,NLIC,Sewa Securities Pvt. Ltd.,Trishakti Securities Public Limited,10,788.2,7882.0,2025-07-06 13:33:35.474596
2025-07-06,37404,2025070603013825,NLIC,MILKY WAY SHARE BROKER COMPANY LTD ,Trishakti Securities Public Limited,48,788.2,37833.6,2025-07-06 13:33:35.475104
2025-07-06,37143,2025070603013879,NLIC,MILKY WAY SHARE BROKER COMPANY LTD ,Pragyan Securities (PVT) Ltd.,120,788.2,94584.0,2025-07-06 13:34:43.606364
2025-07-06,36802,2025070603013972,NLIC,MILKY WAY SHARE BROKER COMPANY LTD ,Agrawal Securities (PVT) Ltd.,300,788.2,236460.0,2025-07-06 13:35:42.667056
2025-07-06,36032,2025070603014102,NLIC,MILKY WAY SHARE BROKER COMPANY LTD ,Cristal Kanchanjanga Securites Pvt. Ltd.,14,788.2,11034.8,2025-07-06 13:38:32.259769
2025-07-06,35593,2025070603014186,NLIC,MILKY WAY SHARE BROKER COMPANY LTD ,Sri Hari Securities Pvt. Ltd.,18,788.2,14187.6,2025-07-06 13:40:12.809226
2025-07-06,35592,2025070603014187,NLIC,MILKY WAY SHARE BROKER COMPANY LTD ,Sri Hari Securities Pvt. Ltd.,400,788.2,315280.0,2025-07-06 13:40:12.809498
2025-07-06,35591,2025070603014188,NLIC,MILKY WAY SHARE BROKER COMPANY LTD ,Sri Hari Securities Pvt. Ltd.,200,788.2,157640.0,2025-07-06 13:40:12.809610
2025-07-06,35590,2025070603014189,NLIC,Nepal Stock House (PVT) Ltd.,Sri Hari Securities Pvt. Ltd.,1032,788.1,813319.2,2025-07-06 13:40:12.809720
2025-07-06,35589,2025070603014190,NLIC,Kalika Securities Pvt. Ltd.,Sri Hari Securities Pvt. Ltd.,250,788.0,197000.0,2025-07-06 13:40:12.809830
2025-07-06,35588,2025070603014191,NLIC,Siprabi Securities Pvt. Ltd.,Sri Hari Securities Pvt. Ltd.,200,788.0,157600.0,2025-07-06 13:40:12.809948
2025-07-06,35587,2025070603014192,NLIC,Imperial Securities Company Pvt. Ltd.,Sri Hari Securities Pvt. Ltd.,100,788.0,78800.0,2025-07-06 13:40:12.810094
2025-07-06,35586,2025070603014193,NLIC,Shree Krishna Securities Ltd.,Sri Hari Securities Pvt. Ltd.,35,788.0,27580.0,2025-07-06 13:40:12.810230
2025-07-06,35254,2025070603014294,NLIC,Asian Securities Private Ltd.,Agrawal Securities (PVT) Ltd.,30,786.0,23580.0,2025-07-06 13:41:27.521557
2025-07-06,35253,2025070603014295,NLIC,Dakshinkali Investment & Securities Pvt. Ltd.,Agrawal Securities (PVT) Ltd.,70,786.0,55020.0,2025-07-06 13:41:27.522079
2025-07-06,35252,2025070603014296,NLIC,Siprabi Securities Pvt. Ltd.,Agrawal Securities (PVT) Ltd.,75,786.0,58950.0,2025-07-06 13:41:27.522404
2025-07-06,34852,2025070603014360,NLIC,Siprabi Securities Pvt. Ltd.,Naasa Securities Co. Ltd.,72,786.0,56592.0,2025-07-06 13:42:57.052624
2025-07-06,34848,2025070603014361,NLIC,Siprabi Securities Pvt. Ltd.,Sri Hari Securities Pvt. Ltd.,53,786.0,41658.0,2025-07-06 13:42:57.225282
2025-07-06,34847,2025070603014362,NLIC,Linch Stock Market Ltd.,Sri Hari Securities Pvt. Ltd.,14,785.0,10990.0,2025-07-06 13:42:57.225520
2025-07-06,34846,2025070603014363,NLIC,Premier Securities Company Ltd.,Sri Hari Securities Pvt. Ltd.,45,785.0,35325.0,2025-07-06 13:42:57.225631
2025-07-06,34845,2025070603014364,NLIC,Dynamic Money Managers Securities Pvt. Ltd.,Sri Hari Securities Pvt. Ltd.,150,785.0,117750.0,2025-07-06 13:42:57.225735
2025-07-06,34844,2025070603014365,NLIC,Kohinoor Investment & Securities Pvt. Ltd.,Sri Hari Securities Pvt. Ltd.,40,785.0,31400.0,2025-07-06 13:42:57.225859
2025-07-06,34843,2025070603014366,NLIC,Dakshinkali Investment & Securities Pvt. Ltd.,Sri Hari Securities Pvt. Ltd.,50,785.0,39250.0,2025-07-06 13:42:57.226009
2025-07-06,34842,2025070603014367,NLIC,Nabil Stock Dealer Ltd.,Sri Hari Securities Pvt. Ltd.,200,785.0,157000.0,2025-07-06 13:42:57.226177
2025-07-06,34823,2025070603014375,NLIC,Midas Stock Broking Company Private Limited,Sri Hari Securities Pvt. Ltd.,10,785.0,7850.0,2025-07-06 13:43:00.579343
2025-07-06,33913,2025070603014565,NLIC,Naasa Securities Co. Ltd.,Sri Hari Securities Pvt. Ltd.,50,785.0,39250.0,2025-07-06 13:46:18.043748
2025-07-06,33570,2025070603014638,NLIC,Investment Management Nepal Pvt. Ltd.,Dipshikha Dhitopatra Karobar Co. Pvt Ltd.,200,784.7,156940.0,2025-07-06 13:47:20.067347
2025-07-06,33521,2025070603014652,NLIC,ABC Securities Private Limited,Aakashbhairab Securities Ltd.,200,784.6,156920.0,2025-07-06 13:47:32.461321
2025-07-06,33520,2025070603014653,NLIC,Online Securities Pvt. Ltd.,Aakashbhairab Securities Ltd.,230,784.3,180389.0,2025-07-06 13:47:32.461384
2025-07-06,33519,2025070603014654,NLIC,Shree Krishna Securities Ltd.,Aakashbhairab Securities Ltd.,651,784.2,510514.2,2025-07-06 13:47:32.461409
2025-07-06,33518,2025070603014655,NLIC,Sani Securities Company Ltd.,Aakashbhairab Securities Ltd.,2000,783.0,1566000.0,2025-07-06 13:47:32.461436
2025-07-06,33517,2025070603014656,NLIC,Naasa Securities Co. Ltd.,Aakashbhairab Securities Ltd.,12,783.0,9396.0,2025-07-06 13:47:32.461459
2025-07-06,33516,2025070603014657,NLIC,Vision Securities Pvt. Ltd,Aakashbhairab Securities Ltd.,55,782.0,43010.0,2025-07-06 13:47:32.461483
2025-07-06,33515,2025070603014658,NLIC,Opal Securities Investment (PVT) Ltd.,Aakashbhairab Securities Ltd.,500,782.0,391000.0,2025-07-06 13:47:32.461507
2025-07-06,33514,2025070603014659,NLIC,Nepal Investment And Securities Trading Private Limited,Aakashbhairab Securities Ltd.,20,782.0,15640.0,2025-07-06 13:47:32.461528
2025-07-06,33513,2025070603014660,NLIC,Trishakti Securities Public Limited,Aakashbhairab Securities Ltd.,30,782.0,23460.0,2025-07-06 13:47:32.461551
2025-07-06,33512,2025070603014661,NLIC,Dakshinkali Investment & Securities Pvt. Ltd.,Aakashbhairab Securities Ltd.,51,782.0,39882.0,2025-07-06 13:47:32.461575
2025-07-06,33511,2025070603014662,NLIC,Creative Securities Pvt Ltd,Aakashbhairab Securities Ltd.,30,782.0,23460.0,2025-07-06 13:47:32.461632
2025-07-06,33510,2025070603014663,NLIC,Premier Securities Company Ltd.,Aakashbhairab Securities Ltd.,78,780.2,60855.6,2025-07-06 13:47:32.461671
2025-07-06,33509,2025070603014664,NLIC,ABC Securities Private Limited,Aakashbhairab Securities Ltd.,200,780.2,156040.0,2025-07-06 13:47:32.461694
2025-07-06,33508,2025070603014665,NLIC,Naasa Securities Co. Ltd.,Aakashbhairab Securities Ltd.,50,780.0,39000.0,2025-07-06 13:47:32.461718
2025-07-06,33507,2025070603014666,NLIC,Kalika Securities Pvt. Ltd.,Aakashbhairab Securities Ltd.,100,780.0,78000.0,2025-07-06 13:47:32.461741
2025-07-06,33506,2025070603014667,NLIC,Neev Securities Pvt. Ltd.,Aakashbhairab Securities Ltd.,20,780.0,15600.0,2025-07-06 13:47:32.461766
2025-07-06,33505,2025070603014668,NLIC,Agrawal Securities (PVT) Ltd.,Aakashbhairab Securities Ltd.,50,780.0,39000.0,2025-07-06 13:47:32.461788
2025-07-06,33504,2025070603014669,NLIC,Sumeru Securities Pvt. Ltd.,Aakashbhairab Securities Ltd.,1000,780.0,780000.0,2025-07-06 13:47:32.461809
2025-07-06,33503,2025070603014670,NLIC,Cristal Kanchanjanga Securites Pvt. Ltd.,Aakashbhairab Securities Ltd.,1300,780.0,1014000.0,2025-07-06 13:47:32.461833
2025-07-06,33502,2025070603014671,NLIC,Sumeru Securities Pvt. Ltd.,Aakashbhairab Securities Ltd.,50,780.0,39000.0,2025-07-06 13:47:32.461857
2025-07-06,33377,2025070603014681,NLIC,Market Securities & Exchange (PVT) Ltd.,Sweta Securities Private Limited,50,780.0,39000.0,2025-07-06 13:47:59.906672
2025-07-06,33157,2025070603014713,NLIC,Creative Securities Pvt Ltd,Opal Securities Investment (PVT) Ltd.,50,780.1,39005.0,2025-07-06 13:48:38.983352
2025-07-06,33156,2025070603014714,NLIC,Secured Securities Ltd.,Opal Securities Investment (PVT) Ltd.,100,780.1,78010.0,2025-07-06 13:48:38.983918
2025-07-06,33155,2025070603014715,NLIC,South Asian Bulls Pvt. Ltd.,Opal Securities Investment (PVT) Ltd.,100,780.0,78000.0,2025-07-06 13:48:38.984381
2025-07-06,32686,2025070603014810,NLIC,Thrive Brokerage House Pvt. Ltd,Kumari Securities Private Limited,200,780.0,156000.0,2025-07-06 13:49:51.544601
2025-07-06,32407,2025070603014846,NLIC,Vision Securities Pvt. Ltd,Imperial Securities Company Pvt. Ltd.,10,780.1,7801.0,2025-07-06 13:50:18.529640
2025-07-06,32237,2025070603014882,NLIC,Vision Securities Pvt. Ltd,Bhrikuti Stock Broking Co. Pvt. Ltd.,99,780.1,77229.9,2025-07-06 13:50:45.835437
2025-07-06,32140,2025070603014899,NLIC,Vision Securities Pvt. Ltd,Sani Securities Company Ltd.,22,780.1,17162.2,2025-07-06 13:51:00.096974
2025-07-06,31945,2025070603014917,NLIC,Vision Securities Pvt. Ltd,Online Securities Pvt. Ltd.,36,780.1,28083.6,2025-07-06 13:51:27.768770
2025-07-06,31275,2025070603015099,NLIC,Himalayan Securities Limited,R.B.B. Securities Company Ltd,120,781.2,93744.0,2025-07-06 13:52:53.800487
2025-07-06,31251,2025070603015100,NLIC,Imperial Securities Company Pvt. Ltd.,Roadshow securities limited,10,783.0,7830.0,2025-07-06 13:52:58.463564
2025-07-06,30959,2025070603015169,NLIC,Vision Securities Pvt. Ltd,Creative Securities Pvt Ltd,10,780.1,7801.0,2025-07-06 13:53:40.489778
2025-07-06,30817,2025070603015198,NLIC,Vision Securities Pvt. Ltd,Online Securities Pvt. Ltd.,23,780.1,17942.3,2025-07-06 13:54:02.295701
2025-07-06,30816,2025070603015199,NLIC,Creative Securities Pvt Ltd,Online Securities Pvt. Ltd.,14,780.1,10921.4,2025-07-06 13:54:02.296200
2025-07-06,30815,2025070603015200,NLIC,Thrive Brokerage House Pvt. Ltd,Online Securities Pvt. Ltd.,300,780.0,234000.0,2025-07-06 13:54:02.296529
2025-07-06,30814,2025070603015201,NLIC,Vision Securities Pvt. Ltd,Online Securities Pvt. Ltd.,500,780.0,390000.0,2025-07-06 13:54:02.296828
2025-07-06,30813,2025070603015202,NLIC,Agrawal Securities (PVT) Ltd.,Online Securities Pvt. Ltd.,500,780.0,390000.0,2025-07-06 13:54:02.297138
2025-07-06,30784,2025070603015219,NLIC,Infinity Securities Limited,Online Securities Pvt. Ltd.,50,780.0,39000.0,2025-07-06 13:54:06.574771
2025-07-06,30339,2025070603015341,NLIC,Himalayan Securities Limited,Agrawal Securities (PVT) Ltd.,10,779.5,7795.0,2025-07-06 13:55:19.312564
2025-07-06,30170,2025070603015367,NLIC,Cristal Kanchanjanga Securites Pvt. Ltd.,Aryatara Investment & Securities,100,779.9,77990.0,2025-07-06 13:55:50.005462
2025-07-06,30169,2025070603015368,NLIC,Cristal Kanchanjanga Securites Pvt. Ltd.,Online Securities Pvt. Ltd.,900,780.0,702000.0,2025-07-06 13:55:50.006054
2025-07-06,30029,2025070603015390,NLIC,Himalayan Securities Limited,Aryatara Investment & Securities,10,779.5,7795.0,2025-07-06 13:56:11.995498
2025-07-06,30016,2025070603015391,NLIC,Vision Securities Pvt. Ltd,Online Securities Pvt. Ltd.,13,780.0,10140.0,2025-07-06 13:56:13.648750
2025-07-06,30015,2025070603015392,NLIC,Vision Securities Pvt. Ltd,Dipshikha Dhitopatra Karobar Co. Pvt Ltd.,30,780.0,23400.0,2025-07-06 13:56:13.649248
2025-07-06,29545,2025070603015468,NLIC,Himalayan Securities Limited,Bhrikuti Stock Broking Co. Pvt. Ltd.,50,779.5,38975.0,2025-07-06 13:57:30.043907
2025-07-06,29481,2025070603015482,NLIC,Opal Securities Investment (PVT) Ltd.,Bhrikuti Stock Broking Co. Pvt. Ltd.,17,779.5,13251.5,2025-07-06 13:57:40.739796
2025-07-06,29411,2025070603015494,NLIC,Dynamic Money Managers Securities Pvt. Ltd.,Vision Securities Pvt. Ltd,30,779.4,23382.0,2025-07-06 13:57:52.717607
2025-07-06,29410,2025070603015495,NLIC,South Asian Bulls Pvt. Ltd.,Vision Securities Pvt. Ltd,427,779.0,332633.0,2025-07-06 13:57:52.718209
2025-07-06,29409,2025070603015496,NLIC,Imperial Securities Company Pvt. Ltd.,Vision Securities Pvt. Ltd,43,779.0,33497.0,2025-07-06 13:57:52.718665
2025-07-06,29223,2025070603015546,NLIC,Siprabi Securities Pvt. Ltd.,Himalayan Brokerage Company Limited,100,781.0,78100.0,2025-07-06 13:58:19.492655
2025-07-06,29070,2025070603015566,NLIC,Imperial Securities Company Pvt. Ltd.,Shree Krishna Securities Ltd.,57,779.0,44403.0,2025-07-06 13:58:42.964819
2025-07-06,29069,2025070603015567,NLIC,Linch Stock Market Ltd.,Shree Krishna Securities Ltd.,10,779.0,7790.0,2025-07-06 13:58:42.965343
2025-07-06,29014,2025070603015582,NLIC,NIMB Stock Markets Limited,Shree Krishna Securities Ltd.,10,778.1,7781.0,2025-07-06 13:58:53.019182
2025-07-06,29013,2025070603015583,NLIC,Online Securities Pvt. Ltd.,Shree Krishna Securities Ltd.,240,778.0,186720.0,2025-07-06 13:58:53.019447
2025-07-06,29012,2025070603015584,NLIC,Thrive Brokerage House Pvt. Ltd,Shree Krishna Securities Ltd.,100,777.3,77730.0,2025-07-06 13:58:53.019576
2025-07-06,29011,2025070603015585,NLIC,Naasa Securities Co. Ltd.,Shree Krishna Securities Ltd.,40,777.2,31088.0,2025-07-06 13:58:53.019679
2025-07-06,29010,2025070603015586,NLIC,Midas Stock Broking Company Private Limited,Shree Krishna Securities Ltd.,100,776.0,77600.0,2025-07-06 13:58:53.019793
2025-07-06,29009,2025070603015587,NLIC,Imperial Securities Company Pvt. Ltd.,Shree Krishna Securities Ltd.,2443,776.0,1895768.0,2025-07-06 13:58:53.019892
2025-07-06,28896,2025070603015627,NLIC,Opal Securities Investment (PVT) Ltd.,Himalayan Brokerage Company Limited,10,781.0,7810.0,2025-07-06 13:59:16.288590
2025-07-06,28590,2025070603015725,NLIC,Global IME Securities Limited,Kohinoor Investment & Securities Pvt. Ltd.,12,779.0,9348.0,2025-07-06 14:00:06.124779
2025-07-06,28326,2025070603015798,NLIC,Sani Securities Company Ltd.,Vision Securities Pvt. Ltd,400,780.0,312000.0,2025-07-06 14:00:49.671925
2025-07-06,28325,2025070603015799,NLIC,Sani Securities Company Ltd.,Himalayan Brokerage Company Limited,690,781.0,538890.0,2025-07-06 14:00:49.672184
2025-07-06,27217,2025070603016065,NLIC,Sharepro Securities Private Limited,Deevyaa Securities & Stock House Pvt. Ltd,10,780.0,7800.0,2025-07-06 14:04:09.566503
2025-07-06,27216,2025070603016066,NLIC,Dakshinkali Investment & Securities Pvt. Ltd.,Deevyaa Securities & Stock House Pvt. Ltd,40,780.0,31200.0,2025-07-06 14:04:09.567116
2025-07-06,27199,2025070603016069,NLIC,Dakshinkali Investment & Securities Pvt. Ltd.,Kohinoor Investment & Securities Pvt. Ltd.,10,780.0,7800.0,2025-07-06 14:04:14.508144
2025-07-06,26736,2025070603016152,NLIC,Vision Securities Pvt. Ltd,Imperial Securities Company Pvt. Ltd.,15,781.8,11727.0,2025-07-06 14:05:31.144259
2025-07-06,26735,2025070603016153,NLIC,Vision Securities Pvt. Ltd,Imperial Securities Company Pvt. Ltd.,30,782.0,23460.0,2025-07-06 14:05:31.144577
2025-07-06,26734,2025070603016154,NLIC,Vision Securities Pvt. Ltd,Sani Securities Company Ltd.,58,782.0,45356.0,2025-07-06 14:05:31.144735
2025-07-06,25706,2025070603016328,NLIC,Vision Securities Pvt. Ltd,Premier Securities Company Ltd.,30,780.3,23409.0,2025-07-06 14:08:58.895933
2025-07-06,25495,2025070603016383,NLIC,Vision Securities Pvt. Ltd,Sipla Securities Private Limited,70,780.3,54621.0,2025-07-06 14:09:37.132983
2025-07-06,25288,2025070603016439,NLIC,Global IME Securities Limited,Vision Securities Pvt. Ltd,11,780.2,8582.2,2025-07-06 14:10:13.865062
2025-07-06,25226,2025070603016454,NLIC,Global IME Securities Limited,Sipla Securities Private Limited,10,780.2,7802.0,2025-07-06 14:10:28.317333
2025-07-06,24931,2025070603016510,NLIC,Imperial Securities Company Pvt. Ltd.,Opal Securities Investment (PVT) Ltd.,20,782.0,15640.0,2025-07-06 14:11:13.005278
2025-07-06,24930,2025070603016511,NLIC,Imperial Securities Company Pvt. Ltd.,Aryatara Investment & Securities,30,782.0,23460.0,2025-07-06 14:11:13.005805
2025-07-06,24495,2025070603016572,NLIC,Sumeru Securities Pvt. Ltd.,Aryatara Investment & Securities,31,782.0,24242.0,2025-07-06 14:12:17.386169
2025-07-06,24494,2025070603016573,NLIC,Sumeru Securities Pvt. Ltd.,Vision Securities Pvt. Ltd,14,782.9,10960.6,2025-07-06 14:12:17.386495
2025-07-06,23964,2025070603016639,NLIC,Sewa Securities Pvt. Ltd.,Neev Securities Pvt. Ltd.,38,780.3,29651.4,2025-07-06 14:13:35.213997
2025-07-06,23182,2025070603016765,NLIC,Sewa Securities Pvt. Ltd.,Online Securities Pvt. Ltd.,41,780.3,31992.3,2025-07-06 14:15:46.668843
2025-07-06,22866,2025070603016819,NLIC,Sewa Securities Pvt. Ltd.,Neev Securities Pvt. Ltd.,20,780.3,15606.0,2025-07-06 14:16:41.518841
2025-07-06,22494,2025070603016898,NLIC,Sewa Securities Pvt. Ltd.,Nepal Investment And Securities Trading Private Limited,11,780.3,8583.3,2025-07-06 14:17:54.691413
2025-07-06,22112,2025070603016951,NLIC,Sewa Securities Pvt. Ltd.,Oxford Securities Pvt. Ltd.,48,780.3,37454.4,2025-07-06 14:19:04.589496
2025-07-06,20862,2025070603017160,NLIC,Premier Securities Company Ltd.,Capital Max Securities Ltd,36,780.4,28094.4,2025-07-06 14:22:17.612474
2025-07-06,20437,2025070603017264,NLIC,Premier Securities Company Ltd.,Imperial Securities Company Pvt. Ltd.,36,780.4,28094.4,2025-07-06 14:23:27.685121
2025-07-06,20035,2025070603017370,NLIC,Premier Securities Company Ltd.,Naasa Securities Co. Ltd.,11,780.4,8584.4,2025-07-06 14:24:29.923304
2025-07-06,19940,2025070603017384,NLIC,Premier Securities Company Ltd.,Naasa Securities Co. Ltd.,17,780.4,13266.8,2025-07-06 14:24:32.959832
2025-07-06,19939,2025070603017385,NLIC,Sewa Securities Pvt. Ltd.,Naasa Securities Co. Ltd.,148,780.3,115484.4,2025-07-06 14:24:32.960107
2025-07-06,19818,2025070603017402,NLIC,Sewa Securities Pvt. Ltd.,Siprabi Securities Pvt. Ltd.,30,780.3,23409.0,2025-07-06 14:24:52.212009
2025-07-06,19413,2025070603017469,NLIC,Sewa Securities Pvt. Ltd.,Oxford Securities Pvt. Ltd.,14,780.3,10924.2,2025-07-06 14:25:54.483202
2025-07-06,19257,2025070603017492,NLIC,Naasa Securities Co. Ltd.,Ashutosh Brokerage & Securities (PVT) Ltd.,100,780.4,78040.0,2025-07-06 14:26:28.745716
2025-07-06,19256,2025070603017493,NLIC,Sewa Securities Pvt. Ltd.,Ashutosh Brokerage & Securities (PVT) Ltd.,650,780.3,507195.0,2025-07-06 14:26:28.746237
2025-07-06,19255,2025070603017494,NLIC,Global IME Securities Limited,Ashutosh Brokerage & Securities (PVT) Ltd.,1967,780.2,1534653.4,2025-07-06 14:26:28.746596
2025-07-06,19254,2025070603017495,NLIC,Premier Securities Company Ltd.,Ashutosh Brokerage & Securities (PVT) Ltd.,100,780.1,78010.0,2025-07-06 14:26:28.746946
2025-07-06,19253,2025070603017496,NLIC,Infinity Securities Limited,Ashutosh Brokerage & Securities (PVT) Ltd.,1683,780.0,1312740.0,2025-07-06 14:26:28.747290
2025-07-06,19199,2025070603017503,NLIC,Infinity Securities Limited,Ashutosh Brokerage & Securities (PVT) Ltd.,317,780.0,247260.0,2025-07-06 14:26:39.809648
2025-07-06,19198,2025070603017504,NLIC,Premier Securities Company Ltd.,Ashutosh Brokerage & Securities (PVT) Ltd.,50,780.0,39000.0,2025-07-06 14:26:39.809941
2025-07-06,19197,2025070603017505,NLIC,Malla & Malla Stock Broking Company Pvt. Limited,Ashutosh Brokerage & Securities (PVT) Ltd.,20,780.0,15600.0,2025-07-06 14:26:39.810059
2025-07-06,19196,2025070603017506,NLIC,Dipshikha Dhitopatra Karobar Co. Pvt Ltd.,Ashutosh Brokerage & Securities (PVT) Ltd.,20,780.0,15600.0,2025-07-06 14:26:39.810167
2025-07-06,19195,2025070603017507,NLIC,Imperial Securities Company Pvt. Ltd.,Ashutosh Brokerage & Securities (PVT) Ltd.,20,780.0,15600.0,2025-07-06 14:26:39.810284
2025-07-06,19090,2025070603017537,NLIC,Naasa Securities Co. Ltd.,Ashutosh Brokerage & Securities (PVT) Ltd.,73,780.0,56940.0,2025-07-06 14:27:03.174694
2025-07-06,18901,2025070603017567,NLIC,Naasa Securities Co. Ltd.,Bhrikuti Stock Broking Co. Pvt. Ltd.,27,780.1,21062.7,2025-07-06 14:27:36.622006
2025-07-06,18546,2025070603017622,NLIC,Sri Hari Securities Pvt. Ltd.,Aryatara Investment & Securities,10,780.0,7800.0,2025-07-06 14:28:35.559127
2025-07-06,18496,2025070603017634,NLIC,Naasa Securities Co. Ltd.,Sundhara Securities Limited,100,780.0,78000.0,2025-07-06 14:28:45.875603
2025-07-06,18423,2025070603017652,NLIC,Sundhara Securities Limited,Nepal Stock House (PVT) Ltd.,100,779.2,77920.0,2025-07-06 14:29:05.469988
2025-07-06,18422,2025070603017653,NLIC,Nepal Stock House (PVT) Ltd.,Nepal Stock House (PVT) Ltd.,300,779.1,233730.0,2025-07-06 14:29:05.470302
2025-07-06,18283,2025070603017676,NLIC,Nepal Stock House (PVT) Ltd.,R.B.B. Securities Company Ltd,250,779.1,194775.0,2025-07-06 14:29:27.388388
2025-07-06,18211,2025070603017703,NLIC,Sani Securities Company Ltd.,Sundhara Securities Limited,125,780.0,97500.0,2025-07-06 14:29:42.796964
2025-07-06,18047,2025070603017733,NLIC,Sani Securities Company Ltd.,Aryatara Investment & Securities,100,780.0,78000.0,2025-07-06 14:30:19.817930
2025-07-06,18015,2025070603017748,NLIC,Agrawal Securities (PVT) Ltd.,Agrawal Securities (PVT) Ltd.,3000,780.1,2340300.0,2025-07-06 14:30:24.502115
2025-07-06,17957,2025070603017758,NLIC,Sani Securities Company Ltd.,Dipshikha Dhitopatra Karobar Co. Pvt Ltd.,100,780.0,78000.0,2025-07-06 14:30:37.024695
2025-07-06,17801,2025070603017784,NLIC,Sani Securities Company Ltd.,Bhrikuti Stock Broking Co. Pvt. Ltd.,67,780.0,52260.0,2025-07-06 14:31:10.090404
2025-07-06,17081,2025070603017914,NLIC,Sani Securities Company Ltd.,R.B.B. Securities Company Ltd,400,780.0,312000.0,2025-07-06 14:32:53.960627
2025-07-06,16718,2025070603017993,NLIC,Vision Securities Pvt. Ltd,Imperial Securities Company Pvt. Ltd.,50,780.9,39045.0,2025-07-06 14:33:53.730771
2025-07-06,16594,2025070603018022,NLIC,Sumeru Securities Pvt. Ltd.,Imperial Securities Company Pvt. Ltd.,10,780.9,7809.0,2025-07-06 14:34:16.026174
2025-07-06,16408,2025070603018065,NLIC,Investment Management Nepal Pvt. Ltd.,Imperial Securities Company Pvt. Ltd.,40,780.9,31236.0,2025-07-06 14:35:02.174838
2025-07-06,16407,2025070603018066,NLIC,Investment Management Nepal Pvt. Ltd.,Oxford Securities Pvt. Ltd.,10,781.0,7810.0,2025-07-06 14:35:02.175398
2025-07-06,16321,2025070603018092,NLIC,Capital Max Securities Ltd,Arun Securities (PVT) Ltd.,16,780.9,12494.4,2025-07-06 14:35:16.896455
2025-07-06,16318,2025070603018095,NLIC,Kumari Securities Private Limited,Arun Securities (PVT) Ltd.,80,780.8,62464.0,2025-07-06 14:35:17.266292
2025-07-06,16242,2025070603018104,NLIC,Dakshinkali Investment & Securities Pvt. Ltd.,Arun Securities (PVT) Ltd.,124,780.8,96819.2,2025-07-06 14:35:30.414997
2025-07-06,16157,2025070603018116,NLIC,Dakshinkali Investment & Securities Pvt. Ltd.,Naasa Securities Co. Ltd.,100,780.8,78080.0,2025-07-06 14:35:47.907840
2025-07-06,16141,2025070603018118,NLIC,Dakshinkali Investment & Securities Pvt. Ltd.,Primo Securities (PVT) Ltd.,72,780.8,56217.6,2025-07-06 14:35:52.116090
2025-07-06,16133,2025070603018119,NLIC,Dakshinkali Investment & Securities Pvt. Ltd.,Dynamic Money Managers Securities Pvt. Ltd.,204,780.8,159283.2,2025-07-06 14:35:54.036477
2025-07-06,15901,2025070603018162,NLIC,Sani Securities Company Ltd.,Vision Securities Pvt. Ltd,43,780.0,33540.0,2025-07-06 14:36:35.453376
2025-07-06,15553,2025070603018237,NLIC,Sani Securities Company Ltd.,Dipshikha Dhitopatra Karobar Co. Pvt Ltd.,10,780.0,7800.0,2025-07-06 14:37:26.835641
2025-07-06,15411,2025070603018273,NLIC,Sani Securities Company Ltd.,Vision Securities Pvt. Ltd,155,780.0,120900.0,2025-07-06 14:37:49.150407
2025-07-06,15410,2025070603018274,NLIC,Investment Management Nepal Pvt. Ltd.,Vision Securities Pvt. Ltd,45,780.0,35100.0,2025-07-06 14:37:49.150999
2025-07-06,15402,2025070603018281,NLIC,Opal Securities Investment (PVT) Ltd.,Imperial Securities Company Pvt. Ltd.,20,780.8,15616.0,2025-07-06 14:37:50.374702
2025-07-06,15335,2025070603018292,NLIC,Opal Securities Investment (PVT) Ltd.,Primo Securities (PVT) Ltd.,36,780.0,28080.0,2025-07-06 14:37:59.714909
2025-07-06,15318,2025070603018296,NLIC,Opal Securities Investment (PVT) Ltd.,Kohinoor Investment & Securities Pvt. Ltd.,64,780.0,49920.0,2025-07-06 14:38:03.650071
2025-07-06,15317,2025070603018297,NLIC,Premier Securities Company Ltd.,Kohinoor Investment & Securities Pvt. Ltd.,86,779.2,67011.2,2025-07-06 14:38:03.650212
2025-07-06,14785,2025070603018409,NLIC,Swarna Laxmi Securities Pvt. Ltd.,Imperial Securities Company Pvt. Ltd.,30,780.0,23400.0,2025-07-06 14:39:31.646945
2025-07-06,14746,2025070603018419,NLIC,Naasa Securities Co. Ltd.,Imperial Securities Company Pvt. Ltd.,125,780.0,97500.0,2025-07-06 14:39:37.590868
2025-07-06,14366,2025070603018482,NLIC,Primo Securities (PVT) Ltd.,Imperial Securities Company Pvt. Ltd.,18,780.0,14040.0,2025-07-06 14:40:39.513064
2025-07-06,13364,2025070603018706,NLIC,Premier Securities Company Ltd.,Secured Securities Ltd.,14,779.2,10908.8,2025-07-06 14:42:55.577381
2025-07-06,13363,2025070603018707,NLIC,Nepal Stock House (PVT) Ltd.,Secured Securities Ltd.,450,779.1,350595.0,2025-07-06 14:42:55.578046
2025-07-06,13362,2025070603018708,NLIC,Vision Securities Pvt. Ltd,Secured Securities Ltd.,266,779.0,207214.0,2025-07-06 14:42:55.578428
2025-07-06,13228,2025070603018729,NLIC,Naasa Securities Co. Ltd.,Imperial Securities Company Pvt. Ltd.,50,780.0,39000.0,2025-07-06 14:43:12.381495
2025-07-06,12851,2025070603018816,NLIC,Vision Securities Pvt. Ltd,Capital Max Securities Ltd,100,779.0,77900.0,2025-07-06 14:43:57.786531
2025-07-06,12639,2025070603018890,NLIC,Vision Securities Pvt. Ltd,Linch Stock Market Ltd.,32,779.0,24928.0,2025-07-06 14:44:19.619501
2025-07-06,12424,2025070603018944,NLIC,Naasa Securities Co. Ltd.,Imperial Securities Company Pvt. Ltd.,50,780.0,39000.0,2025-07-06 14:44:42.773786
2025-07-06,12269,2025070603018978,NLIC,Vision Securities Pvt. Ltd,Imperial Securities Company Pvt. Ltd.,30,779.0,23370.0,2025-07-06 14:44:59.984983
2025-07-06,12182,2025070603018991,NLIC,Vision Securities Pvt. Ltd,Imperial Securities Company Pvt. Ltd.,30,779.0,23370.0,2025-07-06 14:45:09.106303
2025-07-06,12171,2025070603018996,NLIC,Vision Securities Pvt. Ltd,Imperial Securities Company Pvt. Ltd.,20,780.0,15600.0,2025-07-06 14:45:10.353646
2025-07-06,11587,2025070603019094,NLIC,Secured Securities Ltd.,Imperial Securities Company Pvt. Ltd.,100,780.0,78000.0,2025-07-06 14:46:15.455150
2025-07-06,10638,2025070603019281,NLIC,Vision Securities Pvt. Ltd,Imperial Securities Company Pvt. Ltd.,42,779.0,32718.0,2025-07-06 14:48:00.350574
2025-07-06,10637,2025070603019282,NLIC,Dynamic Money Managers Securities Pvt. Ltd.,Imperial Securities Company Pvt. Ltd.,13,779.0,10127.0,2025-07-06 14:48:00.350837
2025-07-06,10636,2025070603019283,NLIC,Kohinoor Investment & Securities Pvt. Ltd.,Imperial Securities Company Pvt. Ltd.,30,779.0,23370.0,2025-07-06 14:48:00.350962
2025-07-06,10635,2025070603019284,NLIC,Kohinoor Investment & Securities Pvt. Ltd.,Imperial Securities Company Pvt. Ltd.,30,779.0,23370.0,2025-07-06 14:48:00.351098
2025-07-06,10592,2025070603019291,NLIC,Sani Securities Company Ltd.,Imperial Securities Company Pvt. Ltd.,24,779.0,18696.0,2025-07-06 14:48:06.423328
2025-07-06,10158,2025070603019407,NLIC,Sani Securities Company Ltd.,Midas Stock Broking Company Private Limited,24,779.0,18696.0,2025-07-06 14:48:45.893438
2025-07-06,9847,2025070603019478,NLIC,Aryatara Investment & Securities,Sani Securities Company Ltd.,15,778.2,11673.0,2025-07-06 14:49:16.420804
2025-07-06,9846,2025070603019479,NLIC,Cristal Kanchanjanga Securites Pvt. Ltd.,Sani Securities Company Ltd.,330,778.0,256740.0,2025-07-06 14:49:16.421061
2025-07-06,9691,2025070603019534,NLIC,Cristal Kanchanjanga Securites Pvt. Ltd.,Sani Securities Company Ltd.,170,778.0,132260.0,2025-07-06 14:49:38.976284
2025-07-06,9690,2025070603019535,NLIC,Online Securities Pvt. Ltd.,Sani Securities Company Ltd.,140,778.0,108920.0,2025-07-06 14:49:38.976563
2025-07-06,9689,2025070603019536,NLIC,Neev Securities Pvt. Ltd.,Sani Securities Company Ltd.,30,778.0,23340.0,2025-07-06 14:49:38.976684
2025-07-06,9688,2025070603019537,NLIC,ABC Securities Private Limited,Sani Securities Company Ltd.,190,778.0,147820.0,2025-07-06 14:49:38.976799
2025-07-06,9308,2025070603019606,NLIC,ABC Securities Private Limited,Linch Stock Market Ltd.,60,778.0,46680.0,2025-07-06 14:50:19.705700
2025-07-06,7886,2025070603019906,NLIC,ABC Securities Private Limited,J.F. Securites (PVT) Ltd.,74,778.0,57572.0,2025-07-06 14:52:40.659198
2025-07-06,7677,2025070603019945,NLIC,ABC Securities Private Limited,Naasa Securities Co. Ltd.,50,778.0,38900.0,2025-07-06 14:52:58.498153
2025-07-06,7671,2025070603019946,NLIC,ABC Securities Private Limited,Shree Krishna Securities Ltd.,13,778.0,10114.0,2025-07-06 14:52:59.559182
2025-07-06,7165,2025070603020037,NLIC,ABC Securities Private Limited,Imperial Securities Company Pvt. Ltd.,100,778.0,77800.0,2025-07-06 14:53:39.171709
2025-07-06,6750,2025070603020094,NLIC,ABC Securities Private Limited,Sani Securities Company Ltd.,13,778.0,10114.0,2025-07-06 14:54:10.681819
2025-07-06,6749,2025070603020095,NLIC,J.F. Securites (PVT) Ltd.,Sani Securities Company Ltd.,27,778.0,21006.0,2025-07-06 14:54:10.682097
2025-07-06,6627,2025070603020145,NLIC,Cristal Kanchanjanga Securites Pvt. Ltd.,Nabil Stock Dealer Ltd.,50,779.5,38975.0,2025-07-06 14:54:18.511621
2025-07-06,6626,2025070603020146,NLIC,Cristal Kanchanjanga Securites Pvt. Ltd.,Naasa Securities Co. Ltd.,150,779.5,116925.0,2025-07-06 14:54:18.511903
2025-07-06,6625,2025070603020147,NLIC,Cristal Kanchanjanga Securites Pvt. Ltd.,Imperial Securities Company Pvt. Ltd.,311,780.0,242580.0,2025-07-06 14:54:18.512042
2025-07-06,6624,2025070603020148,NLIC,Cristal Kanchanjanga Securites Pvt. Ltd.,Roadshow securities limited,40,780.0,31200.0,2025-07-06 14:54:18.512172
2025-07-06,6623,2025070603020149,NLIC,Cristal Kanchanjanga Securites Pvt. Ltd.,Deevyaa Securities & Stock House Pvt. Ltd,85,780.0,66300.0,2025-07-06 14:54:18.512318
2025-07-06,6622,2025070603020150,NLIC,Cristal Kanchanjanga Securites Pvt. Ltd.,Imperial Securities Company Pvt. Ltd.,50,780.0,39000.0,2025-07-06 14:54:18.512444
2025-07-06,6621,2025070603020151,NLIC,Cristal Kanchanjanga Securites Pvt. Ltd.,Naasa Securities Co. Ltd.,28,780.0,21840.0,2025-07-06 14:54:18.512569
2025-07-06,6620,2025070603020152,NLIC,Cristal Kanchanjanga Securites Pvt. Ltd.,Neev Securities Pvt. Ltd.,20,780.0,15600.0,2025-07-06 14:54:18.512690
2025-07-06,6619,2025070603020153,NLIC,Cristal Kanchanjanga Securites Pvt. Ltd.,J.F. Securites (PVT) Ltd.,50,780.0,39000.0,2025-07-06 14:54:18.512812
2025-07-06,6618,2025070603020154,NLIC,Cristal Kanchanjanga Securites Pvt. Ltd.,Sewa Securities Pvt. Ltd.,550,780.0,429000.0,2025-07-06 14:54:18.512928
2025-07-06,6617,2025070603020155,NLIC,Cristal Kanchanjanga Securites Pvt. Ltd.,Vision Securities Pvt. Ltd,100,780.0,78000.0,2025-07-06 14:54:18.513052
2025-07-06,6616,2025070603020156,NLIC,Cristal Kanchanjanga Securites Pvt. Ltd.,Naasa Securities Co. Ltd.,266,780.0,207480.0,2025-07-06 14:54:18.513168
2025-07-06,6201,2025070603020241,NLIC,J.F. Securites (PVT) Ltd.,Naasa Securities Co. Ltd.,12,778.0,9336.0,2025-07-06 14:54:53.938438
2025-07-06,6198,2025070603020242,NLIC,J.F. Securites (PVT) Ltd.,J.F. Securites (PVT) Ltd.,13,778.0,10114.0,2025-07-06 14:54:54.373009
2025-07-06,6028,2025070603020300,NLIC,Sipla Securities Private Limited,Naasa Securities Co. Ltd.,25,779.5,19487.5,2025-07-06 14:55:08.177482
2025-07-06,5177,2025070603020431,NLIC,Sipla Securities Private Limited,Siprabi Securities Pvt. Ltd.,33,779.5,25723.5,2025-07-06 14:56:07.125962
2025-07-06,5174,2025070603020432,NLIC,Sipla Securities Private Limited,Nabil Stock Dealer Ltd.,42,779.5,32739.0,2025-07-06 14:56:07.537688
2025-07-06,5067,2025070603020446,NLIC,Sumeru Securities Pvt. Ltd.,Dakshinkali Investment & Securities Pvt. Ltd.,70,779.0,54530.0,2025-07-06 14:56:16.481770
2025-07-06,5066,2025070603020447,NLIC,Premier Securities Company Ltd.,Dakshinkali Investment & Securities Pvt. Ltd.,12,779.0,9348.0,2025-07-06 14:56:16.482037
2025-07-06,4729,2025070603020511,NLIC,Kohinoor Investment & Securities Pvt. Ltd.,Opal Securities Investment (PVT) Ltd.,20,778.1,15562.0,2025-07-06 14:56:36.976951
2025-07-06,3580,2025070603020728,NLIC,Nepal Investment And Securities Trading Private Limited,Dakshinkali Investment & Securities Pvt. Ltd.,25,779.0,19475.0,2025-07-06 14:57:47.570930
2025-07-06,3269,2025070603020836,NLIC,Sani Securities Company Ltd.,Dakshinkali Investment & Securities Pvt. Ltd.,70,779.0,54530.0,2025-07-06 14:58:02.132210
2025-07-06,3223,2025070603020859,NLIC,Vision Securities Pvt. Ltd,Ashutosh Brokerage & Securities (PVT) Ltd.,350,778.2,272370.0,2025-07-06 14:58:03.992305
2025-07-06,3222,2025070603020860,NLIC,ABC Securities Private Limited,Ashutosh Brokerage & Securities (PVT) Ltd.,237,778.1,184409.7,2025-07-06 14:58:03.992640
2025-07-06,3221,2025070603020861,NLIC,J.F. Securites (PVT) Ltd.,Ashutosh Brokerage & Securities (PVT) Ltd.,50,778.0,38900.0,2025-07-06 14:58:03.992776
2025-07-06,3220,2025070603020862,NLIC,Imperial Securities Company Pvt. Ltd.,Ashutosh Brokerage & Securities (PVT) Ltd.,85,778.0,66130.0,2025-07-06 14:58:03.992922
2025-07-06,3219,2025070603020863,NLIC,Naasa Securities Co. Ltd.,Ashutosh Brokerage & Securities (PVT) Ltd.,220,778.0,171160.0,2025-07-06 14:58:03.993046
2025-07-06,3096,2025070603020887,NLIC,Imperial Securities Company Pvt. Ltd.,Ashutosh Brokerage & Securities (PVT) Ltd.,80,778.0,62240.0,2025-07-06 14:58:11.196084
2025-07-06,2901,2025070603020938,NLIC,Dakshinkali Investment & Securities Pvt. Ltd.,Ashutosh Brokerage & Securities (PVT) Ltd.,50,778.0,38900.0,2025-07-06 14:58:19.772483
2025-07-06,2831,2025070603020952,NLIC,Bhrikuti Stock Broking Co. Pvt. Ltd.,Ashutosh Brokerage & Securities (PVT) Ltd.,201,778.0,156378.0,2025-07-06 14:58:23.241381
2025-07-06,2445,2025070603021021,NLIC,Vision Securities Pvt. Ltd,Sagarmatha Securities Private Limited,10,777.0,7770.0,2025-07-06 14:58:42.452641
2025-07-06,1834,2025070603021134,NLIC,Secured Securities Ltd.,Imperial Securities Company Pvt. Ltd.,35,777.9,27226.5,2025-07-06 14:59:09.291309
2025-07-06,1618,2025070603021181,NLIC,Secured Securities Ltd.,Deevyaa Securities & Stock House Pvt. Ltd,100,777.0,77700.0,2025-07-06 14:59:16.603941
2025-07-06,1617,2025070603021182,NLIC,Naasa Securities Co. Ltd.,Deevyaa Securities & Stock House Pvt. Ltd,25,777.0,19425.0,2025-07-06 14:59:16.604222
2025-07-06,1616,2025070603021183,NLIC,Sani Securities Company Ltd.,Deevyaa Securities & Stock House Pvt. Ltd,10,777.0,7770.0,2025-07-06 14:59:16.604356
2025-07-06,1615,2025070603021184,NLIC,Cristal Kanchanjanga Securites Pvt. Ltd.,Deevyaa Securities & Stock House Pvt. Ltd,1000,777.0,777000.0,2025-07-06 14:59:16.604472
2025-07-06,1614,2025070603021185,NLIC,Thrive Brokerage House Pvt. Ltd,Deevyaa Securities & Stock House Pvt. Ltd,27,777.0,20979.0,2025-07-06 14:59:16.604583
2025-07-06,1613,2025070603021186,NLIC,Online Securities Pvt. Ltd.,Deevyaa Securities & Stock House Pvt. Ltd,38,777.0,29526.0,2025-07-06 14:59:16.604700
2025-07-06,1592,2025070603021194,NLIC,Premier Securities Company Ltd.,Bhrikuti Stock Broking Co. Pvt. Ltd.,100,777.1,77710.0,2025-07-06 14:59:17.998183
2025-07-06,1591,2025070603021195,NLIC,Online Securities Pvt. Ltd.,Bhrikuti Stock Broking Co. Pvt. Ltd.,20,777.0,15540.0,2025-07-06 14:59:17.998433
2025-07-06,1407,2025070603021227,NLIC,Naasa Securities Co. Ltd.,Ashutosh Brokerage & Securities (PVT) Ltd.,10,778.0,7780.0,2025-07-06 14:59:23.790917
2025-07-06,1101,2025070603021296,NLIC,Agrawal Securities (PVT) Ltd.,Ashutosh Brokerage & Securities (PVT) Ltd.,632,778.0,491696.0,2025-07-06 14:59:32.617818
2025-07-06,1100,2025070603021297,NLIC,Agrawal Securities (PVT) Ltd.,Dakshinkali Investment & Securities Pvt. Ltd.,23,779.0,17917.0,2025-07-06 14:59:32.617854
2025-07-06,1099,2025070603021298,NLIC,Agrawal Securities (PVT) Ltd.,Kumari Securities Private Limited,30,779.0,23370.0,2025-07-06 14:59:32.617878
2025-07-06,1098,2025070603021299,NLIC,Agrawal Securities (PVT) Ltd.,Siprabi Securities Pvt. Ltd.,10,779.0,7790.0,2025-07-06 14:59:32.617904
2025-07-06,1097,2025070603021300,NLIC,Agrawal Securities (PVT) Ltd.,South Asian Bulls Pvt. Ltd.,30,779.4,23382.0,2025-07-06 14:59:32.617934
2025-07-06,1096,2025070603021301,NLIC,Agrawal Securities (PVT) Ltd.,Nabil Stock Dealer Ltd.,18,779.5,14031.0,2025-07-06 14:59:32.617957
2025-07-06,1095,2025070603021302,NLIC,Agrawal Securities (PVT) Ltd.,Nepal Stock House (PVT) Ltd.,20,780.0,15600.0,2025-07-06 14:59:32.617981
2025-07-06,1094,2025070603021303,NLIC,Agrawal Securities (PVT) Ltd.,Sundhara Securities Limited,16,780.0,12480.0,2025-07-06 14:59:32.618004
2025-07-06,1093,2025070603021304,NLIC,Agrawal Securities (PVT) Ltd.,Oxford Securities Pvt. Ltd.,50,780.0,39000.0,2025-07-06 14:59:32.618034
2025-07-06,1092,2025070603021305,NLIC,Agrawal Securities (PVT) Ltd.,Sewa Securities Pvt. Ltd.,550,780.0,429000.0,2025-07-06 14:59:32.618056
2025-07-06,1091,2025070603021306,NLIC,Agrawal Securities (PVT) Ltd.,Sundhara Securities Limited,16,780.0,12480.0,2025-07-06 14:59:32.618080
2025-07-06,1090,2025070603021307,NLIC,Agrawal Securities (PVT) Ltd.,Market Securities & Exchange (PVT) Ltd.,600,780.0,468000.0,2025-07-06 14:59:32.618103
2025-07-06,123,2025070603021497,NLIC,Online Securities Pvt. Ltd.,Dipshikha Dhitopatra Karobar Co. Pvt Ltd.,65,777.6,50544.0,2025-07-06 14:59:58.395331
2025-07-06,122,2025070603021498,NLIC,Online Securities Pvt. Ltd.,Online Securities Pvt. Ltd.,200,779.9,155980.0,2025-07-06 14:59:58.395588
2025-07-06,121,2025070603021499,NLIC,Online Securities Pvt. Ltd.,Capital Max Securities Ltd,12,780.0,9360.0,2025-07-06 14:59:58.395718
2025-07-06,120,2025070603021500,NLIC,Online Securities Pvt. Ltd.,Oxford Securities Pvt. Ltd.,190,781.0,148390.0,2025-07-06 14:59:58.395827
2025-07-06,119,2025070603021501,NLIC,Online Securities Pvt. Ltd.,Asian Securities Private Ltd.,100,781.0,78100.0,2025-07-06 14:59:58.395942
2025-07-06,118,2025070603021502,NLIC,Online Securities Pvt. Ltd.,Naasa Securities Co. Ltd.,30,781.0,23430.0,2025-07-06 14:59:58.396078
