Date,S.N.,contract_id,symbol,buyer_broker,seller_broker,volume,price,amount,transaction_time
2025-07-06,86915,2025070604000112,RHPL,Naasa Securities Co. Ltd.,Kohinoor Investment & Securities Pvt. Ltd.,76,375.0,28500.0,2025-07-06 11:02:05.916182
2025-07-06,85371,2025070604000567,RHPL,Sani Securities Company Ltd.,Online Securities Pvt. Ltd.,10,375.0,3750.0,2025-07-06 11:07:33.388625
2025-07-06,84857,2025070604000722,RHPL,Nepal Stock House (PVT) Ltd.,Imperial Securities Company Pvt. Ltd.,10,373.0,3730.0,2025-07-06 11:09:00.027144
2025-07-06,84648,2025070604000777,RHPL,Opal Securities Investment (PVT) Ltd.,Aryatara Investment & Securities,20,372.0,7440.0,2025-07-06 11:09:39.383893
2025-07-06,84518,2025070604000805,RHPL,Agrawal Securities (PVT) Ltd.,Imperial Securities Company Pvt. Ltd.,40,373.0,14920.0,2025-07-06 11:10:08.257726
2025-07-06,84467,2025070604000822,RHPL,Agrawal Securities (PVT) Ltd.,Vision Securities Pvt. Ltd,20,375.0,7500.0,2025-07-06 11:10:15.302768
2025-07-06,83715,2025070604001046,RHPL,Agrawal Securities (PVT) Ltd.,Online Securities Pvt. Ltd.,50,372.1,18605.0,2025-07-06 11:12:09.171553
2025-07-06,83609,2025070604001080,RHPL,Opal Securities Investment (PVT) Ltd.,Online Securities Pvt. Ltd.,20,372.0,7440.0,2025-07-06 11:12:25.258656
2025-07-06,82774,2025070604001282,RHPL,Opal Securities Investment (PVT) Ltd.,Vision Securities Pvt. Ltd,40,372.0,14880.0,2025-07-06 11:14:21.644789
2025-07-06,81304,2025070604001666,RHPL,Premier Securities Company Ltd.,Asian Securities Private Ltd.,20,371.2,7424.0,2025-07-06 11:17:52.932485
2025-07-06,81303,2025070604001667,RHPL,Imperial Securities Company Pvt. Ltd.,Asian Securities Private Ltd.,60,371.1,22266.0,2025-07-06 11:17:52.932548
2025-07-06,81000,2025070604001785,RHPL,Imperial Securities Company Pvt. Ltd.,Sri Hari Securities Pvt. Ltd.,40,371.1,14844.0,2025-07-06 11:18:42.175721
2025-07-06,80999,2025070604001786,RHPL,Naasa Securities Co. Ltd.,Sri Hari Securities Pvt. Ltd.,32,370.1,11843.2,2025-07-06 11:18:42.175854
2025-07-06,80998,2025070604001787,RHPL,Global IME Securities Limited,Sri Hari Securities Pvt. Ltd.,100,370.1,37010.0,2025-07-06 11:18:42.175918
2025-07-06,80997,2025070604001788,RHPL,Neev Securities Pvt. Ltd.,Sri Hari Securities Pvt. Ltd.,148,370.0,54760.0,2025-07-06 11:18:42.175981
2025-07-06,80707,2025070604001901,RHPL,Neev Securities Pvt. Ltd.,Linch Stock Market Ltd.,50,370.0,18500.0,2025-07-06 11:19:27.182895
2025-07-06,79397,2025070604002334,RHPL,Sweta Securities Private Limited,Aryatara Investment & Securities,30,370.1,11103.0,2025-07-06 11:23:18.132562
2025-07-06,78433,2025070604002559,RHPL,Sweta Securities Private Limited,Opal Securities Investment (PVT) Ltd.,20,370.1,7402.0,2025-07-06 11:26:01.987511
2025-07-06,77982,2025070604002729,RHPL,Kohinoor Investment & Securities Pvt. Ltd.,Premier Securities Company Ltd.,70,370.2,25914.0,2025-07-06 11:27:31.211409
2025-07-06,77286,2025070604002942,RHPL,Secured Securities Ltd.,Naasa Securities Co. Ltd.,10,371.0,3710.0,2025-07-06 11:29:48.951044
2025-07-06,76973,2025070604003040,RHPL,Opal Securities Investment (PVT) Ltd.,Oxford Securities Pvt. Ltd.,20,370.4,7408.0,2025-07-06 11:30:37.077182
2025-07-06,76907,2025070604003057,RHPL,Agrawal Securities (PVT) Ltd.,Premier Securities Company Ltd.,10,373.0,3730.0,2025-07-06 11:30:48.027295
2025-07-06,76857,2025070604003065,RHPL,Agrawal Securities (PVT) Ltd.,Premier Securities Company Ltd.,10,373.0,3730.0,2025-07-06 11:30:55.139157
2025-07-06,76504,2025070604003152,RHPL,Sweta Securities Private Limited,Premier Securities Company Ltd.,50,373.0,18650.0,2025-07-06 11:31:55.722253
2025-07-06,76503,2025070604003153,RHPL,Sweta Securities Private Limited,Sani Securities Company Ltd.,50,373.0,18650.0,2025-07-06 11:31:55.722407
2025-07-06,75201,2025070604003545,RHPL,Online Securities Pvt. Ltd.,Sani Securities Company Ltd.,100,373.0,37300.0,2025-07-06 11:35:53.860397
2025-07-06,74840,2025070604003630,RHPL,N.M.B. SECURITIES LIMITED,Sani Securities Company Ltd.,500,373.0,186500.0,2025-07-06 11:37:01.616973
2025-07-06,74676,2025070604003692,RHPL,Sweta Securities Private Limited,Sani Securities Company Ltd.,70,373.0,26110.0,2025-07-06 11:37:33.759290
2025-07-06,74292,2025070604003791,RHPL,Swarna Laxmi Securities Pvt. Ltd.,Global IME Securities Limited,40,371.8,14872.0,2025-07-06 11:38:40.683670
2025-07-06,74095,2025070604003840,RHPL,Agrawal Securities (PVT) Ltd.,Sani Securities Company Ltd.,830,373.0,309590.0,2025-07-06 11:39:05.582205
2025-07-06,74062,2025070604003847,RHPL,Agrawal Securities (PVT) Ltd.,Linch Stock Market Ltd.,20,374.0,7480.0,2025-07-06 11:39:11.640758
2025-07-06,74061,2025070604003848,RHPL,Agrawal Securities (PVT) Ltd.,Cristal Kanchanjanga Securites Pvt. Ltd.,40,374.0,14960.0,2025-07-06 11:39:11.640886
2025-07-06,74048,2025070604003852,RHPL,Agrawal Securities (PVT) Ltd.,Aryatara Investment & Securities,10,374.5,3745.0,2025-07-06 11:39:16.671453
2025-07-06,74047,2025070604003853,RHPL,Agrawal Securities (PVT) Ltd.,Aryatara Investment & Securities,10,374.5,3745.0,2025-07-06 11:39:16.671655
2025-07-06,74004,2025070604003859,RHPL,Agrawal Securities (PVT) Ltd.,Vision Securities Pvt. Ltd,10,375.0,3750.0,2025-07-06 11:39:21.720162
2025-07-06,73844,2025070604003903,RHPL,Aryatara Investment & Securities,Opal Securities Investment (PVT) Ltd.,30,372.2,11166.0,2025-07-06 11:39:44.003182
2025-07-06,73391,2025070604004015,RHPL,Midas Stock Broking Company Private Limited,Vision Securities Pvt. Ltd,120,375.0,45000.0,2025-07-06 11:40:52.342796
2025-07-06,71636,2025070604004454,RHPL,Trisul Securities & Invt. Ltd.,Naasa Securities Co. Ltd.,30,374.0,11220.0,2025-07-06 11:45:44.886044
2025-07-06,71411,2025070604004501,RHPL,Secured Securities Ltd.,Dakshinkali Investment & Securities Pvt. Ltd.,50,373.0,18650.0,2025-07-06 11:46:23.546607
2025-07-06,70585,2025070604004728,RHPL,Online Securities Pvt. Ltd.,Naasa Securities Co. Ltd.,50,373.0,18650.0,2025-07-06 11:48:31.002383
2025-07-06,70145,2025070604004857,RHPL,Aryatara Investment & Securities,Online Securities Pvt. Ltd.,70,372.1,26047.0,2025-07-06 11:49:38.764395
2025-07-06,70144,2025070604004858,RHPL,Trisul Securities & Invt. Ltd.,Online Securities Pvt. Ltd.,30,372.1,11163.0,2025-07-06 11:49:38.764605
2025-07-06,70143,2025070604004859,RHPL,Bhrikuti Stock Broking Co. Pvt. Ltd.,Online Securities Pvt. Ltd.,500,372.0,186000.0,2025-07-06 11:49:38.764727
2025-07-06,70142,2025070604004860,RHPL,Online Securities Pvt. Ltd.,Online Securities Pvt. Ltd.,400,372.0,148800.0,2025-07-06 11:49:38.764824
2025-07-06,70069,2025070604004877,RHPL,Secured Securities Ltd.,Naasa Securities Co. Ltd.,30,373.0,11190.0,2025-07-06 11:49:49.911944
2025-07-06,69477,2025070604005040,RHPL,Online Securities Pvt. Ltd.,Primo Securities (PVT) Ltd.,1000,372.3,372300.0,2025-07-06 11:51:46.247609
2025-07-06,69078,2025070604005135,RHPL,Online Securities Pvt. Ltd.,Primo Securities (PVT) Ltd.,500,372.3,186150.0,2025-07-06 11:52:58.116460
2025-07-06,68358,2025070604005353,RHPL,Imperial Securities Company Pvt. Ltd.,Investment Management Nepal Pvt. Ltd.,50,373.0,18650.0,2025-07-06 11:55:08.269439
2025-07-06,67748,2025070604005486,RHPL,Online Securities Pvt. Ltd.,Asian Securities Private Ltd.,500,372.3,186150.0,2025-07-06 11:57:16.545452
2025-07-06,67747,2025070604005487,RHPL,Online Securities Pvt. Ltd.,Asian Securities Private Ltd.,1000,372.3,372300.0,2025-07-06 11:57:16.545761
2025-07-06,67746,2025070604005488,RHPL,Online Securities Pvt. Ltd.,Asian Securities Private Ltd.,300,372.0,111600.0,2025-07-06 11:57:16.545959
2025-07-06,67745,2025070604005489,RHPL,Online Securities Pvt. Ltd.,Asian Securities Private Ltd.,50,372.0,18600.0,2025-07-06 11:57:16.546155
2025-07-06,67744,2025070604005490,RHPL,Opal Securities Investment (PVT) Ltd.,Asian Securities Private Ltd.,20,372.0,7440.0,2025-07-06 11:57:16.546361
2025-07-06,67743,2025070604005491,RHPL,Agrawal Securities (PVT) Ltd.,Asian Securities Private Ltd.,350,371.9,130165.0,2025-07-06 11:57:16.546572
2025-07-06,67742,2025070604005492,RHPL,Swarna Laxmi Securities Pvt. Ltd.,Asian Securities Private Ltd.,60,371.8,22308.0,2025-07-06 11:57:16.546763
2025-07-06,67741,2025070604005493,RHPL,Aryatara Investment & Securities,Asian Securities Private Ltd.,25,371.8,9295.0,2025-07-06 11:57:16.546948
2025-07-06,67740,2025070604005494,RHPL,Kumari Securities Private Limited,Asian Securities Private Ltd.,100,371.6,37160.0,2025-07-06 11:57:16.547140
2025-07-06,67739,2025070604005495,RHPL,Deevyaa Securities & Stock House Pvt. Ltd,Asian Securities Private Ltd.,100,371.4,37140.0,2025-07-06 11:57:16.547355
2025-07-06,67738,2025070604005496,RHPL,Online Securities Pvt. Ltd.,Asian Securities Private Ltd.,1000,371.1,371100.0,2025-07-06 11:57:16.547537
2025-07-06,67737,2025070604005497,RHPL,Agrawal Securities (PVT) Ltd.,Asian Securities Private Ltd.,100,370.5,37050.0,2025-07-06 11:57:16.547723
2025-07-06,67736,2025070604005498,RHPL,Naasa Securities Co. Ltd.,Asian Securities Private Ltd.,450,370.5,166725.0,2025-07-06 11:57:16.547917
2025-07-06,67735,2025070604005499,RHPL,Dipshikha Dhitopatra Karobar Co. Pvt Ltd.,Asian Securities Private Ltd.,100,370.5,37050.0,2025-07-06 11:57:16.548089
2025-07-06,67734,2025070604005500,RHPL,Opal Securities Investment (PVT) Ltd.,Asian Securities Private Ltd.,20,370.4,7408.0,2025-07-06 11:57:16.548276
2025-07-06,67733,2025070604005501,RHPL,Kohinoor Investment & Securities Pvt. Ltd.,Asian Securities Private Ltd.,30,370.2,11106.0,2025-07-06 11:57:16.548476
2025-07-06,67732,2025070604005502,RHPL,Imperial Securities Company Pvt. Ltd.,Asian Securities Private Ltd.,90,370.1,33309.0,2025-07-06 11:57:16.548657
2025-07-06,67731,2025070604005503,RHPL,Trishakti Securities Public Limited,Asian Securities Private Ltd.,60,370.1,22206.0,2025-07-06 11:57:16.548835
2025-07-06,67730,2025070604005504,RHPL,Neev Securities Pvt. Ltd.,Asian Securities Private Ltd.,645,370.0,238650.0,2025-07-06 11:57:16.549008
2025-07-06,67639,2025070604005523,RHPL,Neev Securities Pvt. Ltd.,Asian Securities Private Ltd.,1157,370.0,428090.0,2025-07-06 11:57:30.618238
2025-07-06,67638,2025070604005524,RHPL,Aryatara Investment & Securities,Asian Securities Private Ltd.,200,370.0,74000.0,2025-07-06 11:57:30.618427
2025-07-06,67637,2025070604005525,RHPL,Global IME Securities Limited,Asian Securities Private Ltd.,100,370.0,37000.0,2025-07-06 11:57:30.618523
2025-07-06,67636,2025070604005526,RHPL,Asian Securities Private Ltd.,Asian Securities Private Ltd.,200,370.0,74000.0,2025-07-06 11:57:30.618611
2025-07-06,67635,2025070604005527,RHPL,Sani Securities Company Ltd.,Asian Securities Private Ltd.,100,370.0,37000.0,2025-07-06 11:57:30.618699
2025-07-06,67634,2025070604005528,RHPL,Aryatara Investment & Securities,Asian Securities Private Ltd.,200,370.0,74000.0,2025-07-06 11:57:30.618784
2025-07-06,67633,2025070604005529,RHPL,NIMB Stock Markets Limited,Asian Securities Private Ltd.,230,370.0,85100.0,2025-07-06 11:57:30.618868
2025-07-06,67632,2025070604005530,RHPL,Kohinoor Investment & Securities Pvt. Ltd.,Asian Securities Private Ltd.,50,370.0,18500.0,2025-07-06 11:57:30.618950
2025-07-06,67631,2025070604005531,RHPL,Sani Securities Company Ltd.,Asian Securities Private Ltd.,150,370.0,55500.0,2025-07-06 11:57:30.619081
2025-07-06,67630,2025070604005532,RHPL,N.M.B. SECURITIES LIMITED,Asian Securities Private Ltd.,100,370.0,37000.0,2025-07-06 11:57:30.619173
2025-07-06,67629,2025070604005533,RHPL,Naasa Securities Co. Ltd.,Asian Securities Private Ltd.,250,370.0,92500.0,2025-07-06 11:57:30.619256
2025-07-06,67628,2025070604005534,RHPL,Primo Securities (PVT) Ltd.,Asian Securities Private Ltd.,50,370.0,18500.0,2025-07-06 11:57:30.619334
2025-07-06,67627,2025070604005535,RHPL,SUN SECURITIES PVT LTD,Asian Securities Private Ltd.,50,370.0,18500.0,2025-07-06 11:57:30.619416
2025-07-06,67626,2025070604005536,RHPL,Bhrikuti Stock Broking Co. Pvt. Ltd.,Asian Securities Private Ltd.,500,370.0,185000.0,2025-07-06 11:57:30.619499
2025-07-06,67625,2025070604005537,RHPL,Agrawal Securities (PVT) Ltd.,Asian Securities Private Ltd.,300,370.0,111000.0,2025-07-06 11:57:30.619578
2025-07-06,67624,2025070604005538,RHPL,Neev Securities Pvt. Ltd.,Asian Securities Private Ltd.,140,370.0,51800.0,2025-07-06 11:57:30.619652
2025-07-06,67623,2025070604005539,RHPL,Dipshikha Dhitopatra Karobar Co. Pvt Ltd.,Asian Securities Private Ltd.,100,370.0,37000.0,2025-07-06 11:57:30.619738
2025-07-06,67622,2025070604005540,RHPL,Dipshikha Dhitopatra Karobar Co. Pvt Ltd.,Asian Securities Private Ltd.,1000,370.0,370000.0,2025-07-06 11:57:30.619788
2025-07-06,67621,2025070604005541,RHPL,Online Securities Pvt. Ltd.,Asian Securities Private Ltd.,123,370.0,45510.0,2025-07-06 11:57:30.619843
2025-07-06,66814,2025070604005690,RHPL,Oxford Securities Pvt. Ltd.,Ashutosh Brokerage & Securities (PVT) Ltd.,40,369.2,14768.0,2025-07-06 12:00:20.395075
2025-07-06,65905,2025070604005943,RHPL,Agrawal Securities (PVT) Ltd.,Bhrikuti Stock Broking Co. Pvt. Ltd.,15,374.0,5610.0,2025-07-06 12:02:59.235175
2025-07-06,64616,2025070604006213,RHPL,Trishakti Securities Public Limited,Opal Securities Investment (PVT) Ltd.,50,371.0,18550.0,2025-07-06 12:06:27.554602
2025-07-06,64615,2025070604006214,RHPL,Aryatara Investment & Securities,Opal Securities Investment (PVT) Ltd.,50,371.0,18550.0,2025-07-06 12:06:27.555030
2025-07-06,64235,2025070604006310,RHPL,Agrawal Securities (PVT) Ltd.,Kohinoor Investment & Securities Pvt. Ltd.,25,371.3,9282.5,2025-07-06 12:07:36.368603
2025-07-06,63864,2025070604006372,RHPL,Infinity Securities Limited,Imperial Securities Company Pvt. Ltd.,70,370.7,25949.0,2025-07-06 12:08:28.786547
2025-07-06,63834,2025070604006388,RHPL,Oxford Securities Pvt. Ltd.,Kohinoor Investment & Securities Pvt. Ltd.,45,371.0,16695.0,2025-07-06 12:08:33.228208
2025-07-06,63782,2025070604006396,RHPL,Oxford Securities Pvt. Ltd.,Primo Securities (PVT) Ltd.,80,371.0,29680.0,2025-07-06 12:08:41.936601
2025-07-06,63693,2025070604006418,RHPL,Oxford Securities Pvt. Ltd.,Naasa Securities Co. Ltd.,20,371.0,7420.0,2025-07-06 12:09:01.963860
2025-07-06,63216,2025070604006524,RHPL,Oxford Securities Pvt. Ltd.,Arun Securities (PVT) Ltd.,27,371.0,10017.0,2025-07-06 12:10:58.954486
2025-07-06,63051,2025070604006581,RHPL,Sani Securities Company Ltd.,Online Securities Pvt. Ltd.,50,372.0,18600.0,2025-07-06 12:11:25.716327
2025-07-06,62400,2025070604006754,RHPL,J.F. Securites (PVT) Ltd.,Siprabi Securities Pvt. Ltd.,134,373.0,49982.0,2025-07-06 12:13:39.815661
2025-07-06,61504,2025070604006998,RHPL,Agrawal Securities (PVT) Ltd.,Siprabi Securities Pvt. Ltd.,36,373.0,13428.0,2025-07-06 12:16:48.463030
2025-07-06,61503,2025070604006999,RHPL,Nepal Stock House (PVT) Ltd.,Naasa Securities Co. Ltd.,400,371.2,148480.0,2025-07-06 12:16:48.709470
2025-07-06,61471,2025070604007000,RHPL,Agrawal Securities (PVT) Ltd.,Bhrikuti Stock Broking Co. Pvt. Ltd.,10,374.0,3740.0,2025-07-06 12:16:53.526481
2025-07-06,61072,2025070604007078,RHPL,Kumari Securities Private Limited,Bhrikuti Stock Broking Co. Pvt. Ltd.,75,374.0,28050.0,2025-07-06 12:18:16.506950
2025-07-06,61071,2025070604007079,RHPL,Kumari Securities Private Limited,Naasa Securities Co. Ltd.,25,374.0,9350.0,2025-07-06 12:18:16.507118
2025-07-06,60134,2025070604007367,RHPL,Imperial Securities Company Pvt. Ltd.,Kalika Securities Pvt. Ltd.,50,372.0,18600.0,2025-07-06 12:21:05.997829
2025-07-06,60132,2025070604007369,RHPL,Premier Securities Company Ltd.,Naasa Securities Co. Ltd.,100,374.0,37400.0,2025-07-06 12:21:06.542349
2025-07-06,59680,2025070604007502,RHPL,Premier Securities Company Ltd.,Naasa Securities Co. Ltd.,100,374.0,37400.0,2025-07-06 12:22:35.318655
2025-07-06,59419,2025070604007574,RHPL,Premier Securities Company Ltd.,Kalika Securities Pvt. Ltd.,30,372.1,11163.0,2025-07-06 12:23:25.054809
2025-07-06,59177,2025070604007663,RHPL,Premier Securities Company Ltd.,Thrive Brokerage House Pvt. Ltd,10,372.1,3721.0,2025-07-06 12:23:58.713502
2025-07-06,57470,2025070604008156,RHPL,J.F. Securites (PVT) Ltd.,Sagarmatha Securities Private Limited,80,374.0,29920.0,2025-07-06 12:29:24.862407
2025-07-06,57251,2025070604008197,RHPL,Premier Securities Company Ltd.,Sagarmatha Securities Private Limited,800,374.0,299200.0,2025-07-06 12:30:18.133053
2025-07-06,56520,2025070604008387,RHPL,Aryatara Investment & Securities,Vision Securities Pvt. Ltd,50,372.2,18610.0,2025-07-06 12:32:27.674893
2025-07-06,56120,2025070604008496,RHPL,Aryatara Investment & Securities,Aryatara Investment & Securities,10,372.2,3722.0,2025-07-06 12:34:07.122253
2025-07-06,55817,2025070604008578,RHPL,Aryatara Investment & Securities,Naasa Securities Co. Ltd.,50,372.2,18610.0,2025-07-06 12:35:08.333295
2025-07-06,55690,2025070604008594,RHPL,Aryatara Investment & Securities,Sundhara Securities Limited,50,372.2,18610.0,2025-07-06 12:35:37.274368
2025-07-06,52190,2025070604009416,RHPL,Trisul Securities & Invt. Ltd.,Kohinoor Investment & Securities Pvt. Ltd.,500,373.5,186750.0,2025-07-06 12:45:29.951237
2025-07-06,51643,2025070604009524,RHPL,Aryatara Investment & Securities,Trishakti Securities Public Limited,50,374.0,18700.0,2025-07-06 12:47:00.969256
2025-07-06,51642,2025070604009525,RHPL,Aryatara Investment & Securities,Sagarmatha Securities Private Limited,90,374.0,33660.0,2025-07-06 12:47:00.969604
2025-07-06,51527,2025070604009548,RHPL,Trisul Securities & Invt. Ltd.,Pragyan Securities (PVT) Ltd.,500,373.5,186750.0,2025-07-06 12:47:19.312101
2025-07-06,51237,2025070604009617,RHPL,Sani Securities Company Ltd.,Sagarmatha Securities Private Limited,150,374.0,56100.0,2025-07-06 12:48:13.846861
2025-07-06,50727,2025070604009721,RHPL,Market Securities & Exchange (PVT) Ltd.,Sagarmatha Securities Private Limited,30,374.0,11220.0,2025-07-06 12:49:44.082398
2025-07-06,50726,2025070604009722,RHPL,Market Securities & Exchange (PVT) Ltd.,Kohinoor Investment & Securities Pvt. Ltd.,470,374.0,175780.0,2025-07-06 12:49:44.082608
2025-07-06,50580,2025070604009757,RHPL,Sani Securities Company Ltd.,Sri Hari Securities Pvt. Ltd.,167,373.1,62307.7,2025-07-06 12:50:15.790054
2025-07-06,50167,2025070604009848,RHPL,Swarna Laxmi Securities Pvt. Ltd.,Kohinoor Investment & Securities Pvt. Ltd.,30,374.0,11220.0,2025-07-06 12:51:21.688886
2025-07-06,50166,2025070604009849,RHPL,Swarna Laxmi Securities Pvt. Ltd.,Sri Hari Securities Pvt. Ltd.,30,374.0,11220.0,2025-07-06 12:51:21.689276
2025-07-06,49671,2025070604009966,RHPL,Sani Securities Company Ltd.,Nepal Investment And Securities Trading Private Limited,50,373.1,18655.0,2025-07-06 12:52:55.173382
2025-07-06,48985,2025070604010161,RHPL,Opal Securities Investment (PVT) Ltd.,Sri Hari Securities Pvt. Ltd.,10,374.0,3740.0,2025-07-06 12:54:43.113822
2025-07-06,48823,2025070604010205,RHPL,Sani Securities Company Ltd.,Sewa Securities Pvt. Ltd.,40,373.1,14924.0,2025-07-06 12:55:17.516455
2025-07-06,48786,2025070604010210,RHPL,Sani Securities Company Ltd.,Naasa Securities Co. Ltd.,173,373.1,64546.3,2025-07-06 12:55:28.469471
2025-07-06,48785,2025070604010211,RHPL,Aryatara Investment & Securities,Naasa Securities Co. Ltd.,50,373.0,18650.0,2025-07-06 12:55:28.469866
2025-07-06,48361,2025070604010321,RHPL,Market Securities & Exchange (PVT) Ltd.,Naasa Securities Co. Ltd.,100,373.0,37300.0,2025-07-06 12:56:39.747865
2025-07-06,46578,2025070604010771,RHPL,Online Securities Pvt. Ltd.,Neev Securities Pvt. Ltd.,10,372.2,3722.0,2025-07-06 13:02:05.911936
2025-07-06,45974,2025070604010889,RHPL,Sweta Securities Private Limited,Kalika Securities Pvt. Ltd.,20,372.5,7450.0,2025-07-06 13:03:54.197506
2025-07-06,45924,2025070604010897,RHPL,Agrawal Securities (PVT) Ltd.,Naasa Securities Co. Ltd.,10,373.0,3730.0,2025-07-06 13:04:03.736243
2025-07-06,45855,2025070604010911,RHPL,Sweta Securities Private Limited,Naasa Securities Co. Ltd.,100,373.0,37300.0,2025-07-06 13:04:23.411215
2025-07-06,45727,2025070604010933,RHPL,Online Securities Pvt. Ltd.,Kalika Securities Pvt. Ltd.,50,372.2,18610.0,2025-07-06 13:04:51.782478
2025-07-06,45492,2025070604011024,RHPL,Sani Securities Company Ltd.,Imperial Securities Company Pvt. Ltd.,100,372.3,37230.0,2025-07-06 13:05:34.658307
2025-07-06,45491,2025070604011025,RHPL,Online Securities Pvt. Ltd.,Imperial Securities Company Pvt. Ltd.,400,372.2,148880.0,2025-07-06 13:05:34.658754
2025-07-06,45094,2025070604011157,RHPL,Online Securities Pvt. Ltd.,Naasa Securities Co. Ltd.,40,372.2,14888.0,2025-07-06 13:06:47.703890
2025-07-06,45093,2025070604011158,RHPL,Aakashbhairab Securities Ltd.,Naasa Securities Co. Ltd.,200,372.2,74440.0,2025-07-06 13:06:47.704120
2025-07-06,45092,2025070604011159,RHPL,Aryatara Investment & Securities,Naasa Securities Co. Ltd.,50,372.2,18610.0,2025-07-06 13:06:47.704213
2025-07-06,45091,2025070604011160,RHPL,Premier Securities Company Ltd.,Naasa Securities Co. Ltd.,60,372.1,22326.0,2025-07-06 13:06:47.704298
2025-07-06,45090,2025070604011161,RHPL,Siprabi Securities Pvt. Ltd.,Naasa Securities Co. Ltd.,180,372.1,66978.0,2025-07-06 13:06:47.704394
2025-07-06,45089,2025070604011162,RHPL,Sani Securities Company Ltd.,Naasa Securities Co. Ltd.,470,372.0,174840.0,2025-07-06 13:06:47.704480
2025-07-06,44742,2025070604011286,RHPL,ABC Securities Private Limited,Siprabi Securities Pvt. Ltd.,70,372.9,26103.0,2025-07-06 13:07:49.657072
2025-07-06,44741,2025070604011287,RHPL,ABC Securities Private Limited,Naasa Securities Co. Ltd.,67,373.0,24991.0,2025-07-06 13:07:49.657480
2025-07-06,44740,2025070604011288,RHPL,ABC Securities Private Limited,Bhrikuti Stock Broking Co. Pvt. Ltd.,50,373.0,18650.0,2025-07-06 13:07:49.657750
2025-07-06,43841,2025070604011489,RHPL,ABC Securities Private Limited,Asian Securities Private Ltd.,13,373.0,4849.0,2025-07-06 13:10:19.829976
2025-07-06,43840,2025070604011490,RHPL,Aakashbhairab Securities Ltd.,Asian Securities Private Ltd.,57,373.0,21261.0,2025-07-06 13:10:19.830429
2025-07-06,43835,2025070604011491,RHPL,Aakashbhairab Securities Ltd.,Sri Hari Securities Pvt. Ltd.,243,373.0,90639.0,2025-07-06 13:10:20.357579
2025-07-06,43834,2025070604011492,RHPL,Creative Securities Pvt Ltd,Sri Hari Securities Pvt. Ltd.,50,373.0,18650.0,2025-07-06 13:10:20.357983
2025-07-06,43647,2025070604011553,RHPL,Dipshikha Dhitopatra Karobar Co. Pvt Ltd.,Aryatara Investment & Securities,80,372.1,29768.0,2025-07-06 13:10:58.521282
2025-07-06,43646,2025070604011554,RHPL,Aryatara Investment & Securities,Aryatara Investment & Securities,20,372.1,7442.0,2025-07-06 13:10:58.521489
2025-07-06,43143,2025070604011755,RHPL,Aryatara Investment & Securities,Investment Management Nepal Pvt. Ltd.,10,372.1,3721.0,2025-07-06 13:12:36.157098
2025-07-06,43142,2025070604011756,RHPL,Sani Securities Company Ltd.,Investment Management Nepal Pvt. Ltd.,90,372.0,33480.0,2025-07-06 13:12:36.157386
2025-07-06,43141,2025070604011757,RHPL,Indira securities pvt. ltd,Investment Management Nepal Pvt. Ltd.,100,372.0,37200.0,2025-07-06 13:12:36.157476
2025-07-06,43102,2025070604011767,RHPL,Indira securities pvt. ltd,Sundhara Securities Limited,100,372.0,37200.0,2025-07-06 13:12:42.689052
2025-07-06,43101,2025070604011768,RHPL,Naasa Securities Co. Ltd.,Sundhara Securities Limited,140,372.0,52080.0,2025-07-06 13:12:42.689498
2025-07-06,43005,2025070604011804,RHPL,Naasa Securities Co. Ltd.,Investment Management Nepal Pvt. Ltd.,200,372.0,74400.0,2025-07-06 13:13:05.301747
2025-07-06,42678,2025070604011931,RHPL,Naasa Securities Co. Ltd.,Aryatara Investment & Securities,660,372.0,245520.0,2025-07-06 13:14:09.955249
2025-07-06,42616,2025070604011944,RHPL,Sweta Securities Private Limited,Aryatara Investment & Securities,25,371.5,9287.5,2025-07-06 13:14:30.234771
2025-07-06,42615,2025070604011945,RHPL,MILKY WAY SHARE BROKER COMPANY LTD ,Aryatara Investment & Securities,100,371.5,37150.0,2025-07-06 13:14:30.235020
2025-07-06,42614,2025070604011946,RHPL,Deevyaa Securities & Stock House Pvt. Ltd,Aryatara Investment & Securities,100,371.4,37140.0,2025-07-06 13:14:30.235145
2025-07-06,42613,2025070604011947,RHPL,Agrawal Securities (PVT) Ltd.,Aryatara Investment & Securities,15,371.3,5569.5,2025-07-06 13:14:30.235248
2025-07-06,42175,2025070604012072,RHPL,Agrawal Securities (PVT) Ltd.,Sani Securities Company Ltd.,15,371.3,5569.5,2025-07-06 13:16:25.818200
2025-07-06,42174,2025070604012073,RHPL,Thrive Brokerage House Pvt. Ltd,Sani Securities Company Ltd.,25,371.3,9282.5,2025-07-06 13:16:25.818465
2025-07-06,42104,2025070604012095,RHPL,Thrive Brokerage House Pvt. Ltd,Sani Securities Company Ltd.,10,371.3,3713.0,2025-07-06 13:16:42.982867
2025-07-06,41726,2025070604012207,RHPL,Imperial Securities Company Pvt. Ltd.,Aryatara Investment & Securities,70,371.5,26005.0,2025-07-06 13:18:15.846394
2025-07-06,41198,2025070604012345,RHPL,Online Securities Pvt. Ltd.,ABC Securities Private Limited,20,371.6,7432.0,2025-07-06 13:20:22.143492
2025-07-06,41197,2025070604012346,RHPL,Imperial Securities Company Pvt. Ltd.,ABC Securities Private Limited,30,371.5,11145.0,2025-07-06 13:20:22.143954
2025-07-06,41196,2025070604012347,RHPL,Naasa Securities Co. Ltd.,ABC Securities Private Limited,30,371.5,11145.0,2025-07-06 13:20:22.144267
2025-07-06,41195,2025070604012348,RHPL,Nepal Stock House (PVT) Ltd.,ABC Securities Private Limited,20,371.4,7428.0,2025-07-06 13:20:22.144607
2025-07-06,41083,2025070604012363,RHPL,Nepal Stock House (PVT) Ltd.,Magnet Securities and Investment Company Private Limited,20,372.0,7440.0,2025-07-06 13:20:51.670748
2025-07-06,39978,2025070604012652,RHPL,Nepal Stock House (PVT) Ltd.,Imperial Securities Company Pvt. Ltd.,10,371.6,3716.0,2025-07-06 13:24:52.980043
2025-07-06,39652,2025070604012759,RHPL,Nepal Stock House (PVT) Ltd.,Asian Securities Private Ltd.,10,371.6,3716.0,2025-07-06 13:26:04.272447
2025-07-06,39651,2025070604012760,RHPL,Deevyaa Securities & Stock House Pvt. Ltd,Asian Securities Private Ltd.,100,371.5,37150.0,2025-07-06 13:26:04.272660
2025-07-06,39650,2025070604012761,RHPL,Nepal Stock House (PVT) Ltd.,Asian Securities Private Ltd.,80,371.4,29712.0,2025-07-06 13:26:04.272750
2025-07-06,39649,2025070604012762,RHPL,Thrive Brokerage House Pvt. Ltd,Asian Securities Private Ltd.,15,371.3,5569.5,2025-07-06 13:26:04.272874
2025-07-06,39648,2025070604012763,RHPL,Thrive Brokerage House Pvt. Ltd,Asian Securities Private Ltd.,222,371.3,82428.6,2025-07-06 13:26:04.272959
2025-07-06,39647,2025070604012764,RHPL,Nepal Stock House (PVT) Ltd.,Asian Securities Private Ltd.,566,371.2,210099.2,2025-07-06 13:26:04.273043
2025-07-06,38936,2025070604012952,RHPL,Nepal Stock House (PVT) Ltd.,Online Securities Pvt. Ltd.,34,371.2,12620.8,2025-07-06 13:28:15.858154
2025-07-06,38935,2025070604012953,RHPL,Aryatara Investment & Securities,Online Securities Pvt. Ltd.,100,371.1,37110.0,2025-07-06 13:28:15.858530
2025-07-06,38934,2025070604012954,RHPL,Aryatara Investment & Securities,Online Securities Pvt. Ltd.,30,371.1,11133.0,2025-07-06 13:28:15.858790
2025-07-06,38933,2025070604012955,RHPL,Aryatara Investment & Securities,Online Securities Pvt. Ltd.,16,371.0,5936.0,2025-07-06 13:28:15.859049
2025-07-06,38523,2025070604013047,RHPL,Kumari Securities Private Limited,Aryatara Investment & Securities,30,373.0,11190.0,2025-07-06 13:29:35.628225
2025-07-06,35936,2025070604013787,RHPL,Naasa Securities Co. Ltd.,Trishakti Securities Public Limited,177,371.5,65755.5,2025-07-06 13:38:56.746750
2025-07-06,35264,2025070604013978,RHPL,Naasa Securities Co. Ltd.,Online Securities Pvt. Ltd.,10,371.5,3715.0,2025-07-06 13:41:24.361388
2025-07-06,33629,2025070604014510,RHPL,Naasa Securities Co. Ltd.,Premier Securities Company Ltd.,80,372.0,29760.0,2025-07-06 13:47:07.403435
2025-07-06,32687,2025070604014824,RHPL,Naasa Securities Co. Ltd.,Bhrikuti Stock Broking Co. Pvt. Ltd.,20,372.0,7440.0,2025-07-06 13:49:51.352174
2025-07-06,31807,2025070604015104,RHPL,Naasa Securities Co. Ltd.,Kohinoor Investment & Securities Pvt. Ltd.,60,371.7,22302.0,2025-07-06 13:51:38.068085
2025-07-06,31038,2025070604015388,RHPL,MILKY WAY SHARE BROKER COMPANY LTD ,Premier Securities Company Ltd.,30,371.8,11154.0,2025-07-06 13:53:28.377755
2025-07-06,28731,2025070604016004,RHPL,MILKY WAY SHARE BROKER COMPANY LTD ,Nepal Stock House (PVT) Ltd.,20,371.8,7436.0,2025-07-06 13:59:43.664476
2025-07-06,28730,2025070604016005,RHPL,Online Securities Pvt. Ltd.,Nepal Stock House (PVT) Ltd.,20,371.8,7436.0,2025-07-06 13:59:43.664711
2025-07-06,28729,2025070604016006,RHPL,Naasa Securities Co. Ltd.,Nepal Stock House (PVT) Ltd.,10,371.7,3717.0,2025-07-06 13:59:43.664822
2025-07-06,27473,2025070604016328,RHPL,Online Securities Pvt. Ltd.,Dakshinkali Investment & Securities Pvt. Ltd.,80,372.0,29760.0,2025-07-06 14:03:24.706554
2025-07-06,27178,2025070604016429,RHPL,Aryatara Investment & Securities,Dynamic Money Managers Securities Pvt. Ltd.,70,372.5,26075.0,2025-07-06 14:04:18.752078
2025-07-06,27177,2025070604016430,RHPL,Aryatara Investment & Securities,Investment Management Nepal Pvt. Ltd.,20,372.5,7450.0,2025-07-06 14:04:18.752327
2025-07-06,27176,2025070604016431,RHPL,Aryatara Investment & Securities,J.F. Securites (PVT) Ltd.,500,372.8,186400.0,2025-07-06 14:04:18.752425
2025-07-06,27175,2025070604016432,RHPL,Aryatara Investment & Securities,ABC Securities Private Limited,40,372.9,14916.0,2025-07-06 14:04:18.752541
2025-07-06,27174,2025070604016433,RHPL,Aryatara Investment & Securities,Trisul Securities & Invt. Ltd.,370,372.9,137973.0,2025-07-06 14:04:18.752636
2025-07-06,27087,2025070604016443,RHPL,Online Securities Pvt. Ltd.,Trishakti Securities Public Limited,50,372.0,18600.0,2025-07-06 14:04:32.665468
2025-07-06,26657,2025070604016561,RHPL,Online Securities Pvt. Ltd.,Dipshikha Dhitopatra Karobar Co. Pvt Ltd.,10,372.0,3720.0,2025-07-06 14:05:46.974689
2025-07-06,26290,2025070604016658,RHPL,Secured Securities Ltd.,J.F. Securites (PVT) Ltd.,30,372.8,11184.0,2025-07-06 14:06:54.470535
2025-07-06,26075,2025070604016754,RHPL,Online Securities Pvt. Ltd.,Aryatara Investment & Securities,500,371.8,185900.0,2025-07-06 14:07:41.977819
2025-07-06,25784,2025070604016867,RHPL,Naasa Securities Co. Ltd.,Aryatara Investment & Securities,230,371.7,85491.0,2025-07-06 14:08:41.783114
2025-07-06,25783,2025070604016868,RHPL,Linch Stock Market Ltd.,Aryatara Investment & Securities,60,371.6,22296.0,2025-07-06 14:08:41.783391
2025-07-06,25782,2025070604016869,RHPL,Naasa Securities Co. Ltd.,Aryatara Investment & Securities,210,371.5,78015.0,2025-07-06 14:08:41.783486
2025-07-06,25503,2025070604016965,RHPL,Naasa Securities Co. Ltd.,Trisul Securities & Invt. Ltd.,70,371.4,25998.0,2025-07-06 14:09:35.171796
2025-07-06,24748,2025070604017158,RHPL,Agrawal Securities (PVT) Ltd.,Dipshikha Dhitopatra Karobar Co. Pvt Ltd.,10,371.5,3715.0,2025-07-06 14:11:41.641412
2025-07-06,24393,2025070604017249,RHPL,Agrawal Securities (PVT) Ltd.,Dynamic Money Managers Securities Pvt. Ltd.,70,371.5,26005.0,2025-07-06 14:12:39.067801
2025-07-06,24232,2025070604017319,RHPL,Agrawal Securities (PVT) Ltd.,Linch Stock Market Ltd.,120,371.5,44580.0,2025-07-06 14:13:08.005518
2025-07-06,24231,2025070604017320,RHPL,Online Securities Pvt. Ltd.,Linch Stock Market Ltd.,250,371.5,92875.0,2025-07-06 14:13:08.005862
2025-07-06,24230,2025070604017321,RHPL,Naasa Securities Co. Ltd.,Linch Stock Market Ltd.,30,371.4,11142.0,2025-07-06 14:13:08.006057
2025-07-06,24229,2025070604017322,RHPL,Online Securities Pvt. Ltd.,Linch Stock Market Ltd.,250,371.4,92850.0,2025-07-06 14:13:08.006185
2025-07-06,24228,2025070604017323,RHPL,Online Securities Pvt. Ltd.,Linch Stock Market Ltd.,500,371.3,185650.0,2025-07-06 14:13:08.006294
2025-07-06,24227,2025070604017324,RHPL,ABC Securities Private Limited,Linch Stock Market Ltd.,110,371.3,40843.0,2025-07-06 14:13:08.006433
2025-07-06,24226,2025070604017325,RHPL,Online Securities Pvt. Ltd.,Linch Stock Market Ltd.,60,371.2,22272.0,2025-07-06 14:13:08.006557
2025-07-06,24225,2025070604017326,RHPL,Online Securities Pvt. Ltd.,Linch Stock Market Ltd.,250,371.2,92800.0,2025-07-06 14:13:08.006689
2025-07-06,24224,2025070604017327,RHPL,Nepal Stock House (PVT) Ltd.,Linch Stock Market Ltd.,10,371.1,3711.0,2025-07-06 14:13:08.006807
2025-07-06,24223,2025070604017328,RHPL,Sani Securities Company Ltd.,Linch Stock Market Ltd.,200,371.1,74220.0,2025-07-06 14:13:08.006917
2025-07-06,24222,2025070604017329,RHPL,Imperial Securities Company Pvt. Ltd.,Linch Stock Market Ltd.,220,371.1,81642.0,2025-07-06 14:13:08.007018
2025-07-06,24114,2025070604017400,RHPL,Imperial Securities Company Pvt. Ltd.,Linch Stock Market Ltd.,30,371.1,11133.0,2025-07-06 14:13:20.082143
2025-07-06,24113,2025070604017401,RHPL,Aryatara Investment & Securities,Linch Stock Market Ltd.,34,371.0,12614.0,2025-07-06 14:13:20.082403
2025-07-06,24112,2025070604017402,RHPL,Online Securities Pvt. Ltd.,Linch Stock Market Ltd.,500,371.0,185500.0,2025-07-06 14:13:20.082510
2025-07-06,24111,2025070604017403,RHPL,Investment Management Nepal Pvt. Ltd.,Linch Stock Market Ltd.,10,371.0,3710.0,2025-07-06 14:13:20.082622
2025-07-06,24110,2025070604017404,RHPL,Deevyaa Securities & Stock House Pvt. Ltd,Linch Stock Market Ltd.,1000,371.0,371000.0,2025-07-06 14:13:20.082755
2025-07-06,24109,2025070604017405,RHPL,Aryatara Investment & Securities,Linch Stock Market Ltd.,100,371.0,37100.0,2025-07-06 14:13:20.082869
2025-07-06,24108,2025070604017406,RHPL,ABC Securities Private Limited,Linch Stock Market Ltd.,50,371.0,18550.0,2025-07-06 14:13:20.082960
2025-07-06,24107,2025070604017407,RHPL,Linch Stock Market Ltd.,Linch Stock Market Ltd.,100,371.0,37100.0,2025-07-06 14:13:20.083054
2025-07-06,24106,2025070604017408,RHPL,Vision Securities Pvt. Ltd,Linch Stock Market Ltd.,210,371.0,77910.0,2025-07-06 14:13:20.083190
2025-07-06,24105,2025070604017409,RHPL,Indira securities pvt. ltd,Linch Stock Market Ltd.,966,371.0,358386.0,2025-07-06 14:13:20.083344
2025-07-06,23773,2025070604017589,RHPL,Online Securities Pvt. Ltd.,Imperial Securities Company Pvt. Ltd.,50,372.0,18600.0,2025-07-06 14:14:01.733011
2025-07-06,23771,2025070604017590,RHPL,Indira securities pvt. ltd,Naasa Securities Co. Ltd.,27,371.0,10017.0,2025-07-06 14:14:02.251020
2025-07-06,23472,2025070604017688,RHPL,Nepal Stock House (PVT) Ltd.,Imperial Securities Company Pvt. Ltd.,30,371.0,11130.0,2025-07-06 14:14:54.505594
2025-07-06,23327,2025070604017748,RHPL,Naasa Securities Co. Ltd.,Ashutosh Brokerage & Securities (PVT) Ltd.,100,370.8,37080.0,2025-07-06 14:15:21.392116
2025-07-06,23102,2025070604017829,RHPL,Nepal Stock House (PVT) Ltd.,Ashutosh Brokerage & Securities (PVT) Ltd.,20,370.8,7416.0,2025-07-06 14:16:03.634407
2025-07-06,23101,2025070604017830,RHPL,Infinity Securities Limited,Ashutosh Brokerage & Securities (PVT) Ltd.,130,370.7,48191.0,2025-07-06 14:16:03.634846
2025-07-06,23100,2025070604017831,RHPL,Aryatara Investment & Securities,Ashutosh Brokerage & Securities (PVT) Ltd.,50,370.3,18515.0,2025-07-06 14:16:03.635224
2025-07-06,22812,2025070604017928,RHPL,Aryatara Investment & Securities,Naasa Securities Co. Ltd.,50,370.3,18515.0,2025-07-06 14:16:55.797654
2025-07-06,22811,2025070604017929,RHPL,Agrawal Securities (PVT) Ltd.,Naasa Securities Co. Ltd.,20,370.2,7404.0,2025-07-06 14:16:55.798109
2025-07-06,22615,2025070604018010,RHPL,Agrawal Securities (PVT) Ltd.,Cristal Kanchanjanga Securites Pvt. Ltd.,110,370.2,40722.0,2025-07-06 14:17:29.849762
2025-07-06,22131,2025070604018173,RHPL,Nepal Stock House (PVT) Ltd.,Vision Securities Pvt. Ltd,20,370.4,7408.0,2025-07-06 14:18:59.830353
2025-07-06,22130,2025070604018174,RHPL,Online Securities Pvt. Ltd.,Vision Securities Pvt. Ltd,50,370.3,18515.0,2025-07-06 14:18:59.830774
2025-07-06,21942,2025070604018283,RHPL,Online Securities Pvt. Ltd.,Opal Securities Investment (PVT) Ltd.,200,370.3,74060.0,2025-07-06 14:19:30.301029
2025-07-06,21941,2025070604018284,RHPL,Nepal Stock House (PVT) Ltd.,Opal Securities Investment (PVT) Ltd.,20,370.3,7406.0,2025-07-06 14:19:30.301544
2025-07-06,21940,2025070604018285,RHPL,Agrawal Securities (PVT) Ltd.,Opal Securities Investment (PVT) Ltd.,20,370.2,7404.0,2025-07-06 14:19:30.301827
2025-07-06,21939,2025070604018286,RHPL,INDEX SECURITIES LIMITED,Opal Securities Investment (PVT) Ltd.,294,370.2,108838.8,2025-07-06 14:19:30.302115
2025-07-06,21938,2025070604018287,RHPL,Aryatara Investment & Securities,Opal Securities Investment (PVT) Ltd.,100,370.2,37020.0,2025-07-06 14:19:30.302493
2025-07-06,21937,2025070604018288,RHPL,Deevyaa Securities & Stock House Pvt. Ltd,Opal Securities Investment (PVT) Ltd.,200,370.1,74020.0,2025-07-06 14:19:30.302862
2025-07-06,21936,2025070604018289,RHPL,Aryatara Investment & Securities,Opal Securities Investment (PVT) Ltd.,30,370.1,11103.0,2025-07-06 14:19:30.303193
2025-07-06,21935,2025070604018290,RHPL,Capital Max Securities Ltd,Opal Securities Investment (PVT) Ltd.,280,370.1,103628.0,2025-07-06 14:19:30.303600
2025-07-06,21934,2025070604018291,RHPL,Aryatara Investment & Securities,Opal Securities Investment (PVT) Ltd.,100,370.0,37000.0,2025-07-06 14:19:30.303992
2025-07-06,21933,2025070604018292,RHPL,Infinity Securities Limited,Opal Securities Investment (PVT) Ltd.,200,370.0,74000.0,2025-07-06 14:19:30.304338
2025-07-06,21932,2025070604018293,RHPL,Aryatara Investment & Securities,Opal Securities Investment (PVT) Ltd.,100,370.0,37000.0,2025-07-06 14:19:30.304698
2025-07-06,21931,2025070604018294,RHPL,Dipshikha Dhitopatra Karobar Co. Pvt Ltd.,Opal Securities Investment (PVT) Ltd.,901,370.0,333370.0,2025-07-06 14:19:30.305055
2025-07-06,21582,2025070604018472,RHPL,Nepal Stock House (PVT) Ltd.,Imperial Securities Company Pvt. Ltd.,20,370.1,7402.0,2025-07-06 14:20:21.719133
2025-07-06,21581,2025070604018473,RHPL,Dipshikha Dhitopatra Karobar Co. Pvt Ltd.,Imperial Securities Company Pvt. Ltd.,99,370.0,36630.0,2025-07-06 14:20:21.719342
2025-07-06,21580,2025070604018474,RHPL,Oxford Securities Pvt. Ltd.,Imperial Securities Company Pvt. Ltd.,331,370.0,122470.0,2025-07-06 14:20:21.719431
2025-07-06,21424,2025070604018526,RHPL,Oxford Securities Pvt. Ltd.,Sumeru Securities Pvt. Ltd.,169,370.0,62530.0,2025-07-06 14:20:48.841845
2025-07-06,21423,2025070604018527,RHPL,J.F. Securites (PVT) Ltd.,Sumeru Securities Pvt. Ltd.,10,370.0,3700.0,2025-07-06 14:20:48.842086
2025-07-06,21422,2025070604018528,RHPL,Imperial Securities Company Pvt. Ltd.,Sumeru Securities Pvt. Ltd.,135,370.0,49950.0,2025-07-06 14:20:48.842177
2025-07-06,21421,2025070604018529,RHPL,Oxford Securities Pvt. Ltd.,Sumeru Securities Pvt. Ltd.,35,370.0,12950.0,2025-07-06 14:20:48.842277
2025-07-06,21420,2025070604018530,RHPL,Siprabi Securities Pvt. Ltd.,Sumeru Securities Pvt. Ltd.,100,370.0,37000.0,2025-07-06 14:20:48.842370
2025-07-06,21419,2025070604018531,RHPL,Malla & Malla Stock Broking Company Pvt. Limited,Sumeru Securities Pvt. Ltd.,100,370.0,37000.0,2025-07-06 14:20:48.842450
2025-07-06,21418,2025070604018532,RHPL,Dipshikha Dhitopatra Karobar Co. Pvt Ltd.,Sumeru Securities Pvt. Ltd.,20,370.0,7400.0,2025-07-06 14:20:48.842531
2025-07-06,21417,2025070604018533,RHPL,South Asian Bulls Pvt. Ltd.,Sumeru Securities Pvt. Ltd.,25,370.0,9250.0,2025-07-06 14:20:48.842609
2025-07-06,21416,2025070604018534,RHPL,Asian Securities Private Ltd.,Sumeru Securities Pvt. Ltd.,50,370.0,18500.0,2025-07-06 14:20:48.842688
2025-07-06,21415,2025070604018535,RHPL,Vision Securities Pvt. Ltd,Sumeru Securities Pvt. Ltd.,100,370.0,37000.0,2025-07-06 14:20:48.842780
2025-07-06,21414,2025070604018536,RHPL,Sundhara Securities Limited,Sumeru Securities Pvt. Ltd.,50,370.0,18500.0,2025-07-06 14:20:48.842859
2025-07-06,21413,2025070604018537,RHPL,Capital Max Securities Ltd,Sumeru Securities Pvt. Ltd.,100,370.0,37000.0,2025-07-06 14:20:48.842934
2025-07-06,21412,2025070604018538,RHPL,Oxford Securities Pvt. Ltd.,Sumeru Securities Pvt. Ltd.,25,370.0,9250.0,2025-07-06 14:20:48.843047
2025-07-06,21411,2025070604018539,RHPL,Sani Securities Company Ltd.,Sumeru Securities Pvt. Ltd.,100,370.0,37000.0,2025-07-06 14:20:48.843122
2025-07-06,21410,2025070604018540,RHPL,Infinity Securities Limited,Sumeru Securities Pvt. Ltd.,150,370.0,55500.0,2025-07-06 14:20:48.843198
2025-07-06,21409,2025070604018541,RHPL,Naasa Securities Co. Ltd.,Sumeru Securities Pvt. Ltd.,50,370.0,18500.0,2025-07-06 14:20:48.843272
2025-07-06,21408,2025070604018542,RHPL,Trishakti Securities Public Limited,Sumeru Securities Pvt. Ltd.,81,370.0,29970.0,2025-07-06 14:20:48.843353
2025-07-06,21093,2025070604018608,RHPL,Shree Krishna Securities Ltd.,Naasa Securities Co. Ltd.,300,370.1,111030.0,2025-07-06 14:21:36.240342
2025-07-06,21092,2025070604018609,RHPL,Trishakti Securities Public Limited,Naasa Securities Co. Ltd.,119,370.0,44030.0,2025-07-06 14:21:36.240623
2025-07-06,21091,2025070604018610,RHPL,Agrawal Securities (PVT) Ltd.,Naasa Securities Co. Ltd.,1200,370.0,444000.0,2025-07-06 14:21:36.240722
2025-07-06,21090,2025070604018611,RHPL,Thrive Brokerage House Pvt. Ltd,Naasa Securities Co. Ltd.,100,370.0,37000.0,2025-07-06 14:21:36.240802
2025-07-06,21089,2025070604018612,RHPL,Linch Stock Market Ltd.,Naasa Securities Co. Ltd.,100,370.0,37000.0,2025-07-06 14:21:36.240887
2025-07-06,21088,2025070604018613,RHPL,Malla & Malla Stock Broking Company Pvt. Limited,Naasa Securities Co. Ltd.,50,370.0,18500.0,2025-07-06 14:21:36.240962
2025-07-06,21087,2025070604018614,RHPL,Siprabi Securities Pvt. Ltd.,Naasa Securities Co. Ltd.,50,370.0,18500.0,2025-07-06 14:21:36.241079
2025-07-06,21086,2025070604018615,RHPL,Agrawal Securities (PVT) Ltd.,Naasa Securities Co. Ltd.,74,370.0,27380.0,2025-07-06 14:21:36.241359
2025-07-06,20975,2025070604018647,RHPL,Agrawal Securities (PVT) Ltd.,Linch Stock Market Ltd.,26,370.0,9620.0,2025-07-06 14:21:57.241075
2025-07-06,20974,2025070604018648,RHPL,Kumari Securities Private Limited,Linch Stock Market Ltd.,74,370.0,27380.0,2025-07-06 14:21:57.241176
2025-07-06,20026,2025070604018931,RHPL,Online Securities Pvt. Ltd.,Dakshinkali Investment & Securities Pvt. Ltd.,37,371.7,13752.9,2025-07-06 14:24:30.229026
2025-07-06,19845,2025070604019028,RHPL,Nepal Stock House (PVT) Ltd.,Capital Max Securities Ltd,20,370.2,7404.0,2025-07-06 14:24:46.520275
2025-07-06,19844,2025070604019029,RHPL,Online Securities Pvt. Ltd.,Capital Max Securities Ltd,20,370.1,7402.0,2025-07-06 14:24:46.520409
2025-07-06,18965,2025070604019308,RHPL,Nepal Stock House (PVT) Ltd.,Siprabi Securities Pvt. Ltd.,10,370.2,3702.0,2025-07-06 14:27:25.779581
2025-07-06,18561,2025070604019422,RHPL,Nepal Stock House (PVT) Ltd.,Arun Securities (PVT) Ltd.,10,370.2,3702.0,2025-07-06 14:28:31.749899
2025-07-06,18421,2025070604019467,RHPL,Online Securities Pvt. Ltd.,Midas Stock Broking Company Private Limited,10,370.1,3701.0,2025-07-06 14:29:05.871212
2025-07-06,18342,2025070604019484,RHPL,Online Securities Pvt. Ltd.,Asian Securities Private Ltd.,100,370.1,37010.0,2025-07-06 14:29:19.916789
2025-07-06,18103,2025070604019547,RHPL,Dipshikha Dhitopatra Karobar Co. Pvt Ltd.,R.B.B. Securities Company Ltd,50,371.8,18590.0,2025-07-06 14:30:07.805505
2025-07-06,18071,2025070604019559,RHPL,Online Securities Pvt. Ltd.,Arun Securities (PVT) Ltd.,30,371.0,11130.0,2025-07-06 14:30:14.265900
2025-07-06,16970,2025070604019887,RHPL,Online Securities Pvt. Ltd.,Dipshikha Dhitopatra Karobar Co. Pvt Ltd.,15,371.0,5565.0,2025-07-06 14:33:12.387101
2025-07-06,16921,2025070604019890,RHPL,Online Securities Pvt. Ltd.,Dipshikha Dhitopatra Karobar Co. Pvt Ltd.,10,370.2,3702.0,2025-07-06 14:33:20.455832
2025-07-06,16720,2025070604019976,RHPL,Online Securities Pvt. Ltd.,Linch Stock Market Ltd.,40,370.2,14808.0,2025-07-06 14:33:53.511731
2025-07-06,16719,2025070604019977,RHPL,Online Securities Pvt. Ltd.,Linch Stock Market Ltd.,160,370.2,59232.0,2025-07-06 14:33:53.511965
2025-07-06,16192,2025070604020140,RHPL,Nepal Stock House (PVT) Ltd.,Dakshinkali Investment & Securities Pvt. Ltd.,10,370.3,3703.0,2025-07-06 14:35:41.525971
2025-07-06,16191,2025070604020141,RHPL,Online Securities Pvt. Ltd.,Dakshinkali Investment & Securities Pvt. Ltd.,40,370.2,14808.0,2025-07-06 14:35:41.526196
2025-07-06,15598,2025070604020312,RHPL,Online Securities Pvt. Ltd.,Premier Securities Company Ltd.,50,370.2,18510.0,2025-07-06 14:37:16.968822
2025-07-06,15371,2025070604020374,RHPL,Agrawal Securities (PVT) Ltd.,Aryatara Investment & Securities,60,371.0,22260.0,2025-07-06 14:37:57.416256
2025-07-06,15310,2025070604020389,RHPL,Agrawal Securities (PVT) Ltd.,R.B.B. Securities Company Ltd,55,371.8,20449.0,2025-07-06 14:38:05.473648
2025-07-06,14544,2025070604020713,RHPL,Bhrikuti Stock Broking Co. Pvt. Ltd.,Bhrikuti Stock Broking Co. Pvt. Ltd.,10,371.8,3718.0,2025-07-06 14:40:12.519637
2025-07-06,14543,2025070604020714,RHPL,Bhrikuti Stock Broking Co. Pvt. Ltd.,Agrawal Securities (PVT) Ltd.,20,371.9,7438.0,2025-07-06 14:40:12.519854
2025-07-06,14514,2025070604020734,RHPL,Nepal Stock House (PVT) Ltd.,Neev Securities Pvt. Ltd.,10,371.1,3711.0,2025-07-06 14:40:16.325449
2025-07-06,14513,2025070604020735,RHPL,pahiinvestment,Neev Securities Pvt. Ltd.,60,371.0,22260.0,2025-07-06 14:40:16.325855
2025-07-06,13902,2025070604020964,RHPL,pahiinvestment,J.F. Securites (PVT) Ltd.,260,371.0,96460.0,2025-07-06 14:41:36.570448
2025-07-06,13621,2025070604021062,RHPL,Nepal Stock House (PVT) Ltd.,Trisul Securities & Invt. Ltd.,20,370.7,7414.0,2025-07-06 14:42:14.896518
2025-07-06,13242,2025070604021175,RHPL,Linch Stock Market Ltd.,J.F. Securites (PVT) Ltd.,60,371.0,22260.0,2025-07-06 14:43:10.637638
2025-07-06,13189,2025070604021198,RHPL,Premier Securities Company Ltd.,J.F. Securites (PVT) Ltd.,900,371.0,333900.0,2025-07-06 14:43:17.425931
2025-07-06,12791,2025070604021311,RHPL,Market Securities & Exchange (PVT) Ltd.,Arun Securities (PVT) Ltd.,380,370.8,140904.0,2025-07-06 14:44:05.975668
2025-07-06,12716,2025070604021338,RHPL,Market Securities & Exchange (PVT) Ltd.,Indira securities pvt. ltd,120,370.8,44496.0,2025-07-06 14:44:15.646640
2025-07-06,12715,2025070604021339,RHPL,Agrawal Securities (PVT) Ltd.,Indira securities pvt. ltd,100,370.6,37060.0,2025-07-06 14:44:15.646716
2025-07-06,12714,2025070604021340,RHPL,Nepal Stock House (PVT) Ltd.,Indira securities pvt. ltd,20,370.2,7404.0,2025-07-06 14:44:15.646762
2025-07-06,12713,2025070604021341,RHPL,South Asian Bulls Pvt. Ltd.,Indira securities pvt. ltd,200,370.2,74040.0,2025-07-06 14:44:15.646792
2025-07-06,12712,2025070604021342,RHPL,Online Securities Pvt. Ltd.,Indira securities pvt. ltd,120,370.1,44412.0,2025-07-06 14:44:15.646816
2025-07-06,12711,2025070604021343,RHPL,Nepal Stock House (PVT) Ltd.,Indira securities pvt. ltd,20,370.1,7402.0,2025-07-06 14:44:15.646840
2025-07-06,12710,2025070604021344,RHPL,Kumari Securities Private Limited,Indira securities pvt. ltd,26,370.0,9620.0,2025-07-06 14:44:15.646901
2025-07-06,12709,2025070604021345,RHPL,Naasa Securities Co. Ltd.,Indira securities pvt. ltd,394,370.0,145780.0,2025-07-06 14:44:15.646925
2025-07-06,12689,2025070604021354,RHPL,Dipshikha Dhitopatra Karobar Co. Pvt Ltd.,J.F. Securites (PVT) Ltd.,200,371.0,74200.0,2025-07-06 14:44:15.912534
2025-07-06,11304,2025070604021799,RHPL,Nepal Stock House (PVT) Ltd.,Imperial Securities Company Pvt. Ltd.,10,370.3,3703.0,2025-07-06 14:46:49.418227
2025-07-06,11303,2025070604021800,RHPL,Imperial Securities Company Pvt. Ltd.,Imperial Securities Company Pvt. Ltd.,30,370.2,11106.0,2025-07-06 14:46:49.418640
2025-07-06,10905,2025070604021957,RHPL,Nepal Stock House (PVT) Ltd.,Kalika Securities Pvt. Ltd.,50,370.3,18515.0,2025-07-06 14:47:32.292669
2025-07-06,10569,2025070604022058,RHPL,Imperial Securities Company Pvt. Ltd.,South Asian Bulls Pvt. Ltd.,70,370.2,25914.0,2025-07-06 14:48:09.851998
2025-07-06,10568,2025070604022059,RHPL,Nepal Stock House (PVT) Ltd.,South Asian Bulls Pvt. Ltd.,10,370.1,3701.0,2025-07-06 14:48:09.852246
2025-07-06,10567,2025070604022060,RHPL,Online Securities Pvt. Ltd.,South Asian Bulls Pvt. Ltd.,250,370.1,92525.0,2025-07-06 14:48:09.852342
2025-07-06,10566,2025070604022061,RHPL,Naasa Securities Co. Ltd.,South Asian Bulls Pvt. Ltd.,163,370.0,60310.0,2025-07-06 14:48:09.852422
2025-07-06,10565,2025070604022062,RHPL,Agrawal Securities (PVT) Ltd.,South Asian Bulls Pvt. Ltd.,11,370.0,4070.0,2025-07-06 14:48:09.852501
2025-07-06,10564,2025070604022063,RHPL,Imperial Securities Company Pvt. Ltd.,South Asian Bulls Pvt. Ltd.,50,370.0,18500.0,2025-07-06 14:48:09.852588
2025-07-06,10563,2025070604022064,RHPL,Oxford Securities Pvt. Ltd.,South Asian Bulls Pvt. Ltd.,398,370.0,147260.0,2025-07-06 14:48:09.852691
2025-07-06,9816,2025070604022305,RHPL,Online Securities Pvt. Ltd.,Global IME Securities Limited,40,370.2,14808.0,2025-07-06 14:49:21.866361
2025-07-06,9663,2025070604022354,RHPL,Imperial Securities Company Pvt. Ltd.,Global IME Securities Limited,30,370.2,11106.0,2025-07-06 14:49:43.354754
2025-07-06,9585,2025070604022386,RHPL,Agrawal Securities (PVT) Ltd.,Kalika Securities Pvt. Ltd.,40,370.3,14812.0,2025-07-06 14:49:50.769546
2025-07-06,9584,2025070604022387,RHPL,Agrawal Securities (PVT) Ltd.,R.B.B. Securities Company Ltd,10,370.9,3709.0,2025-07-06 14:49:50.769814
2025-07-06,9031,2025070604022596,RHPL,Agrawal Securities (PVT) Ltd.,Kohinoor Investment & Securities Pvt. Ltd.,50,370.4,18520.0,2025-07-06 14:50:50.649934
2025-07-06,9030,2025070604022597,RHPL,Imperial Securities Company Pvt. Ltd.,Kohinoor Investment & Securities Pvt. Ltd.,30,370.2,11106.0,2025-07-06 14:50:50.650177
2025-07-06,8161,2025070604022929,RHPL,Online Securities Pvt. Ltd.,Ashutosh Brokerage & Securities (PVT) Ltd.,240,370.3,88872.0,2025-07-06 14:52:19.524846
2025-07-06,8032,2025070604022960,RHPL,Online Securities Pvt. Ltd.,Global IME Securities Limited,10,370.3,3703.0,2025-07-06 14:52:29.409944
2025-07-06,8031,2025070604022961,RHPL,Imperial Securities Company Pvt. Ltd.,Global IME Securities Limited,240,370.3,88872.0,2025-07-06 14:52:29.410191
2025-07-06,7787,2025070604023047,RHPL,Oxford Securities Pvt. Ltd.,Aryatara Investment & Securities,50,370.0,18500.0,2025-07-06 14:52:48.748360
2025-07-06,7705,2025070604023094,RHPL,Oxford Securities Pvt. Ltd.,Linch Stock Market Ltd.,40,370.0,14800.0,2025-07-06 14:52:55.820720
2025-07-06,7646,2025070604023122,RHPL,Oxford Securities Pvt. Ltd.,Ashutosh Brokerage & Securities (PVT) Ltd.,512,370.0,189440.0,2025-07-06 14:53:01.929209
2025-07-06,7645,2025070604023123,RHPL,Swarna Laxmi Securities Pvt. Ltd.,Ashutosh Brokerage & Securities (PVT) Ltd.,1000,370.0,370000.0,2025-07-06 14:53:01.929665
2025-07-06,7644,2025070604023124,RHPL,Naasa Securities Co. Ltd.,Ashutosh Brokerage & Securities (PVT) Ltd.,10,370.0,3700.0,2025-07-06 14:53:01.929959
2025-07-06,7643,2025070604023125,RHPL,Trishakti Securities Public Limited,Ashutosh Brokerage & Securities (PVT) Ltd.,15,370.0,5550.0,2025-07-06 14:53:01.930255
2025-07-06,7642,2025070604023126,RHPL,Naasa Securities Co. Ltd.,Ashutosh Brokerage & Securities (PVT) Ltd.,106,370.0,39220.0,2025-07-06 14:53:01.930578
2025-07-06,7641,2025070604023127,RHPL,Oxford Securities Pvt. Ltd.,Ashutosh Brokerage & Securities (PVT) Ltd.,150,370.0,55500.0,2025-07-06 14:53:01.930875
2025-07-06,7640,2025070604023128,RHPL,Premier Securities Company Ltd.,Ashutosh Brokerage & Securities (PVT) Ltd.,20,370.0,7400.0,2025-07-06 14:53:01.931165
2025-07-06,7469,2025070604023205,RHPL,Cristal Kanchanjanga Securites Pvt. Ltd.,J.F. Securites (PVT) Ltd.,80,371.0,29680.0,2025-07-06 14:53:17.903664
2025-07-06,7468,2025070604023206,RHPL,Cristal Kanchanjanga Securites Pvt. Ltd.,NIMB Stock Markets Limited,60,371.0,22260.0,2025-07-06 14:53:17.904025
2025-07-06,7467,2025070604023207,RHPL,Cristal Kanchanjanga Securites Pvt. Ltd.,Primo Securities (PVT) Ltd.,250,371.0,92750.0,2025-07-06 14:53:17.904244
2025-07-06,7466,2025070604023208,RHPL,Cristal Kanchanjanga Securites Pvt. Ltd.,Vision Securities Pvt. Ltd,610,371.0,226310.0,2025-07-06 14:53:17.904466
2025-07-06,6846,2025070604023438,RHPL,Nepal Investment And Securities Trading Private Limited,Premier Securities Company Ltd.,1000,370.0,370000.0,2025-07-06 14:54:03.010609
2025-07-06,5361,2025070604023957,RHPL,Pragyan Securities (PVT) Ltd.,Trishakti Securities Public Limited,16,370.3,5924.8,2025-07-06 14:55:57.447620
2025-07-06,5360,2025070604023958,RHPL,Sundhara Securities Limited,Trishakti Securities Public Limited,40,370.1,14804.0,2025-07-06 14:55:57.447821
2025-07-06,5359,2025070604023959,RHPL,Aryatara Investment & Securities,Trishakti Securities Public Limited,100,370.1,37010.0,2025-07-06 14:55:57.447906
2025-07-06,5358,2025070604023960,RHPL,Agrawal Securities (PVT) Ltd.,Trishakti Securities Public Limited,44,370.0,16280.0,2025-07-06 14:55:57.447986
2025-07-06,5086,2025070604024046,RHPL,Agrawal Securities (PVT) Ltd.,J.F. Securites (PVT) Ltd.,956,370.0,353720.0,2025-07-06 14:56:14.354776
2025-07-06,5085,2025070604024047,RHPL,Indira securities pvt. ltd,J.F. Securites (PVT) Ltd.,100,370.0,37000.0,2025-07-06 14:56:14.355043
2025-07-06,5084,2025070604024048,RHPL,Online Securities Pvt. Ltd.,J.F. Securites (PVT) Ltd.,100,370.0,37000.0,2025-07-06 14:56:14.355280
2025-07-06,5022,2025070604024072,RHPL,Linch Stock Market Ltd.,J.F. Securites (PVT) Ltd.,50,370.0,18500.0,2025-07-06 14:56:18.947303
2025-07-06,4053,2025070604024462,RHPL,Cristal Kanchanjanga Securites Pvt. Ltd.,J.F. Securites (PVT) Ltd.,365,370.0,135050.0,2025-07-06 14:57:20.928238
2025-07-06,3960,2025070604024496,RHPL,Agrawal Securities (PVT) Ltd.,Naasa Securities Co. Ltd.,27,369.8,9984.6,2025-07-06 14:57:25.049445
2025-07-06,3853,2025070604024522,RHPL,Online Securities Pvt. Ltd.,J.F. Securites (PVT) Ltd.,50,370.0,18500.0,2025-07-06 14:57:32.886006
2025-07-06,3685,2025070604024563,RHPL,Agrawal Securities (PVT) Ltd.,Dipshikha Dhitopatra Karobar Co. Pvt Ltd.,10,369.8,3698.0,2025-07-06 14:57:40.283866
2025-07-06,3663,2025070604024574,RHPL,Vision Securities Pvt. Ltd,J.F. Securites (PVT) Ltd.,379,370.0,140230.0,2025-07-06 14:57:41.300809
2025-07-06,3275,2025070604024667,RHPL,Vision Securities Pvt. Ltd,Nagarik Stock Dealer ,500,370.0,185000.0,2025-07-06 14:58:02.048422
2025-07-06,2102,2025070604025090,RHPL,Garima Securities Limited,Imperial Securities Company Pvt. Ltd.,150,370.9,55635.0,2025-07-06 14:58:59.705686
2025-07-06,2101,2025070604025091,RHPL,Garima Securities Limited,Agrawal Securities (PVT) Ltd.,180,370.9,66762.0,2025-07-06 14:58:59.705907
2025-07-06,1256,2025070604025420,RHPL,Linch Stock Market Ltd.,Vision Securities Pvt. Ltd,100,371.0,37100.0,2025-07-06 14:59:29.076868
2025-07-06,35,2025070604025882,RHPL,Sundhara Securities Limited,Premier Securities Company Ltd.,50,370.9,18545.0,2025-07-06 14:59:59.421082
2025-07-06,34,2025070604025883,RHPL,Vision Securities Pvt. Ltd,Premier Securities Company Ltd.,121,370.0,44770.0,2025-07-06 14:59:59.421282
2025-07-06,33,2025070604025884,RHPL,APPLE SECURITIES PRIVATE LIMITED,Premier Securities Company Ltd.,300,370.0,111000.0,2025-07-06 14:59:59.421382
2025-07-06,32,2025070604025885,RHPL,Sri Hari Securities Pvt. Ltd.,Premier Securities Company Ltd.,200,370.0,74000.0,2025-07-06 14:59:59.421467
2025-07-06,31,2025070604025886,RHPL,Deevyaa Securities & Stock House Pvt. Ltd,Premier Securities Company Ltd.,100,370.0,37000.0,2025-07-06 14:59:59.421671
2025-07-06,30,2025070604025887,RHPL,Agrawal Securities (PVT) Ltd.,Premier Securities Company Ltd.,90,370.0,33300.0,2025-07-06 14:59:59.421769
2025-07-06,29,2025070604025888,RHPL,Dynamic Money Managers Securities Pvt. Ltd.,Premier Securities Company Ltd.,139,370.0,51430.0,2025-07-06 14:59:59.421849
